3647 5753
1452 423 1630 479 DISP.
1675 423 1769 491 IV,
1816 423 1983 479 DUB.
2028 425 2095 480 11.
3022 434 3134 490 645

270 617 296 646 α
328 593 412 650 dit
459 594 653 667 aliqua
701 593 1064 662 deliberatio,
1105 610 1231 667 quae
1269 610 1387 651 non
1432 598 1518 651 est
1561 592 1632 650 de

266 698 293 728 (ι
325 675 1105 750 substantiajustificationis,
1132 677 1228 733 sed
1257 674 1351 733 v'ia
1380 677 1445 733 in
1467 677 1631 751 justi-

269 781 295 811 α
326 757 651 815 ficationem
688 781 700 815 ε
742 758 890 814 sicut
936 765 1125 816 motus
1172 760 1369 816 localis
1407 765 1492 816 est
1539 758 1633 814 via

267 862 294 894 α
339 840 410 897 ad
438 842 955 906 illuminationem,
989 846 1045 897 et
1074 842 1338 898 alteratio
1366 840 1438 897 ad
1465 854 1632 915 gene·

271 945 298 976 α
364 922 442 977 ati
485 937 638 978 nem.
673 943 697 973 »

38 1001 240 1045 eluitur
332 939 430 1051 lad
447 937 950 1053 gonrit-mationem
983 1002 1133 1068 patet
1157 1012 1230 1052 ex
1263 1011 1438 1068 supra
1465 994 1631 1051 dictis

38 1052 223 1146 {2²2¹}ssss
266 1094 421 1132 num.
448 1079 520 1133 22
547 1101 559 1144 ;
586 1094 703 1135 non
723 1080 880 1135 enim
910 1079 1102 1134 omnis
1131 1076 1409 1133 transitus
1432 1092 1465 1132 a
1490 1092 1631 1132 con-

268 1158 454 1214 trario
480 1157 541 1213 in
569 1161 924 1216 contrarium
946 1157 1230 1215 consumit
1251 1161 1508 1228 tempus3
1532 1155 1630 1213 sed

268 1240 457 1296 solum
484 1238 713 1311 quando
759 1238 823 1295 fit
867 1242 1019 1296 inter
1046 1240 1331 1296 contraria
1362 1237 1633 1296 habentia

266 1318 550 1385 medium,
583 1324 639 1374 et
683 1337 742 1377 se
773 1320 1194 1393 permiscentia,
1226 1327 1283 1376 et
1310 1326 1372 1375 ut
1415 1320 1496 1375 sic
1542 1320 1632 1376 lo-

263 1416 533 1472 quamur,
569 1401 959 1473 refrangentia
1001 1401 1063 1456 in
1109 1400 1310 1458 eodem
1356 1399 1625 1474 subjecto.

265 1482 377 1538 Ubi
431 1484 590 1540 enim
651 1484 942 1541 contraria
997 1484 1239 1540 omnino
1296 1483 1632 1540 immediate

262 1574 656 1638 opponuntur,
702 1565 764 1621 fit
794 1567 1069 1622 transitus
1115 1567 1514 1623 instantaneus
1560 1565 1631 1622 ab

265 1663 385 1704 uno
406 1647 470 1703 in
499 1647 678 1714 aliud,
706 1648 784 1703 ita
812 1648 961 1720 quod
1004 1649 1193 1719 primo
1217 1666 1326 1703 esse
1353 1651 1521 1704 unius
1558 1647 1633 1703 sit

267 1729 524 1801 primum
554 1747 662 1783 non
701 1747 810 1784 esse
850 1731 1095 1785 alterius.
1125 1731 1195 1783 Et
1236 1730 1316 1785 ita
1338 1727 1540 1785 accidit
1568 1728 1631 1785 in

266 1810 571 1881 praesenti3
606 1827 739 1866 nam
775 1811 907 1865 licet
934 1816 1243 1882 peccatum,
1277 1816 1333 1866 et
1359 1811 1546 1884 gratia
1572 1825 1633 1866 se

265 1887 516 1944 habeant
545 1894 603 1944 ut
642 1889 936 1945 contraria
979 1890 1224 1961 positiva
1250 1896 1531 1962 quantum
1560 1888 1632 1946 ad

265 1983 480 2025 munus
520 1968 804 2025 fundandi
834 1968 974 2025 duas
1021 1970 1370 2027 mutationes
1399 1970 1633 2026 realiter

266 2050 524 2106 diversas
565 2052 731 2124 juxta
784 2050 1022 2107 modum
1067 2050 1244 2108 dubio
1293 2051 1630 2124 praecedenti

266 2133 638 2204 explicatum,
689 2137 887 2189 carent
934 2139 1131 2188 tamen
1175 2132 1336 2190 omni
1385 2130 1576 2189 medio
1614 2154 1626 2188 :

266 2214 531 2284 quocirca
590 2229 706 2269 non
756 2219 843 2270 est
894 2213 1189 2287 assignare
1233 2219 1476 2285 tempus,
1536 2218 1632 2269 aut

267 2292 525 2350 medium
551 2295 702 2350 inter
726 2295 994 2349 ultimum
1024 2311 1144 2361 esse
1167 2295 1392 2367 peccati,
1425 2300 1480 2351 et
1508 2295 1631 2367 pri-

270 2391 432 2430 mum
471 2391 594 2431 esse
632 2377 830 2449 gratiae
860 2375 1232 2450 justificantis
1266 2399 1279 2433 :
1321 2375 1419 2433 sed
1466 2376 1632 2448 culpa

271 2458 420 2515 inest
450 2463 564 2514 toto
592 2463 703 2515 tem
713 2475 848 2530 pore
870 2459 1243 2526 antecedenti,
1260 2465 1318 2516 et
1340 2461 1402 2516 in
1428 2460 1633 2516 ultimo

270 2539 550 2611 temporis
578 2538 816 2595 instanti
845 2539 1053 2595 dautur
1078 2542 1332 2611 primum
1359 2557 1480 2598 esse
1506 2556 1634 2615 gra-

267 2619 386 2685 tiae,
417 2624 474 2675 et
502 2619 757 2691 primum
782 2636 901 2677 non
921 2636 1042 2677 esse
1065 2621 1264 2694 culpae.

40 2720 235 2759 secun·
346 2703 443 2759 28.
468 2702 747 2775 Arguitur
767 2702 1031 2772 secund0,
1047 2709 1103 2760 et
1123 2704 1300 2760 simul
1323 2704 1633 2778 impugna-

73 2765 212 2867 331,
271 2786 364 2838 tur
394 2782 688 2855 responsio
718 2783 848 2840 data
876 2783 1219 2857 praecedenti
1244 2790 1584 2859 argumento
1616 2805 1628 2840 ε

38 2864 543 2937 neutum-quoniam
583 2863 896 2921 secundum
939 2872 1276 2939 praesentem
1319 2863 1631 2938 providen-

269 2946 410 3000 tiam
433 2951 720 3018 peccatum
746 2951 928 3018 potest
953 2946 1218 3004 desinere
1246 2964 1346 3020 per
1373 2949 1633 3004 ultimum

268 3027 357 3082 sui
370 3027 585 3094 esse‚ita
603 3033 662 3081 ut
677 3027 751 3082 sit
771 3044 972 3083 verum
985 3027 1175 3086 dicere
1198 3050 1211 3085 ε
1237 3029 1405 3086 Nunc
1425 3036 1634 3103 estpec-

269 3114 472 3174 catum,
501 3116 550 3162 et
577 3109 889 3163 immediate
906 3117 1029 3182 post
1056 3127 1164 3165 non
1184 3113 1288 3165 erit
1311 3129 1330 3164 .·
1355 3126 1491 3184 ergo
1505 3126 1634 3185 gra-

266 3190 346 3245 tia
367 3188 683 3263 justificans
723 3192 973 3263 impium
1018 3197 1199 3265 potest
1230 3192 1486 3265 incipere
1532 3209 1633 3265 per

263 3273 523 3328 ultimum
561 3290 669 3327 non
703 3290 830 3338 esse,
863 3275 943 3330 ita
983 3279 1045 3329 ut
1071 3273 1400 3331 verificetur
1426 3293 1438 3327 ε
1466 3273 1635 3330 Nunc

265 3371 374 3409 non
398 3361 475 3408 est
509 3356 718 3423 qratia,
750 3362 799 3409 et
829 3357 1140 3411 immediate
1179 3363 1299 3428 post
1320 3358 1425 3411 erit
1453 3373 1473 3410 .·
1497 3370 1634 3431 ergo

260 3432 588 3507 justificatio
640 3436 811 3506 impii
857 3442 1034 3508 potest
1079 3435 1207 3493 fieri
1259 3438 1323 3493 in
1351 3442 1627 3509 tempore.

269 3515 399 3569 Haec
422 3515 669 3571 secunda
696 3517 1098 3589 consequentia
1120 3522 1272 3589 patet
1305 3533 1377 3574 ex
1400 3517 1589 3589 prima
1617 3539 1630 3573 ε

269 3597 543 3668 quoniam
590 3613 715 3669 quae
767 3598 1052 3670 incipiunt
1098 3614 1199 3671 per
1246 3600 1506 3655 ultimum
1543 3602 1635 3655 sui

270 3695 378 3734 non
396 3695 524 3744 esse,
559 3676 769 3734 habent
808 3677 955 3745 fieri,
993 3686 1050 3735 et
1073 3696 1194 3736 esse
1223 3681 1287 3737 in
1330 3687 1586 3756 tempore
1615 3704 1629 3739 ε

264 3774 401 3833 ergo
419 3759 469 3814 si
497 3758 681 3833 gratia
706 3758 1023 3832 justificans
1049 3760 1299 3833 impium
1328 3769 1509 3835 potest
1538 3763 1634 3819 in-

262 3840 452 3912 cipere
500 3855 599 3912 per
627 3839 889 3894 ultimam
927 3841 1016 3893 sui
1062 3858 1173 3895 non
1213 3859 1340 3911 esse,
1373 3842 1633 3915 sequitur

261 3916 788 3993 quod-justificatio
827 3918 997 3990 impii
1042 3921 1220 3991 possit
1262 3921 1325 3978 in
1374 3928 1634 3995 tempore

262 3999 413 4057 fieri.
463 3999 667 4055 Prima
713 4015 852 4055 vero
901 3999 1081 4072 liquet
1128 4016 1201 4056 ex
1248 4001 1628 4068 antecedenti,

262 4079 397 4152 quia
447 4079 741 4153 supposita
797 4081 1067 4151 praesenti
1122 4078 1512 4152 providentia,
1568 4082 1634 4137 in

265 4161 428 4218 nulla
473 4160 778 4218 duratione
825 4166 1004 4233 potest
1046 4161 1217 4218 homo
1256 4178 1378 4218 esse
1424 4162 1634 4237 absque

264 4244 467 4318 gratia,
497 4250 553 4300 et
583 4242 793 4316 absque
822 4249 1081 4314 peccato;
1116 4243 1216 4300 sed
1244 4246 1294 4300 si
1324 4260 1441 4302 non
1464 4245 1633 4303 habet

268 4325 534 4399 gratiam,
565 4331 621 4382 et
658 4340 691 4381 e
728 4340 1006 4382 converso
1043 4346 1056 4381 :
1100 4341 1237 4400 ergo
1263 4326 1312 4381 si
1342 4333 1632 4398 peccatum

270 4414 449 4481 potest
492 4407 732 4465 deficere
778 4425 878 4482 per
928 4408 1203 4465 ultimum
1243 4410 1334 4465 sui
1379 4426 1519 4476 esse,
1552 4412 1633 4467 ita

270 4488 419 4562 quod
440 4488 643 4545 habeat
662 4507 771 4544 non
791 4506 898 4544 esse
925 4489 1237 4548 intrinsece
1263 4490 1328 4545 in
1350 4495 1627 4563 tempore,

270 4569 525 4642 sequitur
569 4569 720 4641 quod
765 4569 950 4643 gratia
992 4570 1170 4641 possit
1216 4569 1419 4627 eodem
1461 4569 1633 4629 modo

272 4650 543 4722 incipere.
569 4648 921 4706 Antecedens
944 4656 1137 4708 autem
1153 4649 1426 4707 suadetur
1448 4674 1461 4716 ;
1487 4667 1633 4724 quo-

270 4730 434 4787 niam
468 4746 539 4787 ex
576 4730 988 4803 suppositione,
1019 4729 1171 4802 quod
1219 4730 1395 4788 homo
1428 4730 1634 4788 habeat

270 4815 559 4885 peccatum
588 4811 652 4867 in
674 4811 911 4866 instanti
931 4815 997 4878 A,
1024 4825 1142 4867 non
1163 4817 1248 4868 est
1265 4812 1634 4869 necessitatus

269 4895 342 4953 ad
386 4892 846 4953 conservandum
888 4900 1179 4968 peccatum
1220 4897 1336 4952 toto
1375 4900 1634 4969 tempore

268 4976 528 5051 sequenti
563 4990 740 5047 usque
767 4975 837 5031 acl
859 4975 1083 5032 instans
1104 4976 1181 5044 B;
1208 4974 1331 5042 sed,
1357 4981 1420 5032 ut
1439 4977 1634 5050 Scrip-

270 5064 401 5115 tura
424 5055 633 5130 saepius
658 5061 872 5124 monet,
905 5060 1087 5128 potest
1112 5056 1176 5113 in
1213 5054 1468 5130 quolibet
1505 5072 1636 5114 mo-

1765 600 1966 653 mento
1992 597 2250 653 converti
2286 618 2298 653 :
2336 613 2473 671 ergo
2513 599 2707 655 taliter
2736 604 3024 672 peccatum
3053 606 3138 658 est

1762 676 1827 731 in
1874 676 2113 734 instanti
2159 680 2225 745 A,
2278 678 2427 751 quod
2492 685 2671 751 potest
2724 697 2842 737 non
2892 699 3024 738 esse
3073 683 3134 737 in

1762 762 2022 830 tempore
2062 758 2396 815 immediate
2422 762 2705 834 sequenti,
2735 763 2816 818 ita
2845 769 2903 818 ut
2933 762 3134 820 verifi-

1761 843 1940 904 cetur,
1972 839 2139 896 Nunc
2170 848 2248 897 est
2268 851 2572 915 peccatum,
2597 851 2647 897 et
2681 845 2992 901 immediate
3015 854 3134 918 post

1761 938 1832 975 no
1891 940 1918 975 e
2004 965 2017 977 .

1837 930 1994 1053 ⁷lzlu'iz⁸²
2029 1003 2367 1070 argumento
2405 1005 2711 1056 occurrunt
2756 1000 2991 1072 quidam
3041 1018 3134 1059 re·
3165 998 3331 1101 fgssffss.

1761 1077 2046 1134 centiores
2111 1079 2423 1135 Thomistae
2491 1081 2848 1139 concedendo
2908 1089 3133 1139 antece-
3199 1082 3277 1141 s‘io.

1762 1155 1921 1225 denS,
1966 1163 2024 1213 et
2053 1156 2313 1232 negando
2340 1159 2592 1230 primam
2620 1162 3086 1233 consequentiam
3118 1186 3132 1228 ;

1763 1243 2071 1294 autumant
2090 1240 2269 1306 enirn,
2295 1241 2444 1314 quod
2474 1246 2762 1313 peccatum
2791 1242 3004 1299 desinit
3033 1260 3134 1317 per

1762 1321 2039 1377 ultimum
2067 1338 2207 1389 esse,
2234 1328 2290 1379 et
2309 1324 2492 1397 gratia
2518 1324 2724 1397 incipit
2748 1341 2848 1397 per
2872 1326 3132 1398 primum

1763 1417 1913 1469 esse;
1933 1403 2011 1458 ita
2039 1408 2101 1457 ut
2123 1402 2193 1458 de
2221 1406 2442 1476 peccato
2467 1403 2795 1462 verificetur
2826 1427 2838 1461 :
2866 1406 3032 1462 Nune
3054 1415 3129 1461 est

1755 1491 2059 1558 peccatum,
2084 1492 2133 1539 et
2162 1486 2473 1541 immediate
2493 1495 2616 1559 post
2647 1505 2754 1543 non
2787 1490 2917 1543 eri-t.
2952 1491 3021 1543 Et
3046 1490 3131 1544 si·-

1763 1565 1982 1621 militer
2020 1564 2091 1621 de
2128 1566 2316 1639 gratia
2341 1567 2416 1622 sit
2442 1582 2649 1623 verum
2697 1567 2887 1625 dicere
2924 1569 3134 1626 :Nunc

1761 1654 1840 1704 est
1863 1650 2072 1718 qratia,
2104 1655 2153 1702 et
2194 1649 2507 1705 immediate
2550 1658 2715 1706 antea
2755 1670 2864 1707 non
2891 1660 3029 1710 erat.
3072 1654 3130 1709 Si

1764 1733 1956 1785 autem
2002 1728 2085 1785 eis
2112 1726 2435 1802 objiciatur,
2471 1730 2607 1787 hinc
2633 1733 2814 1804 sequi,
2862 1734 3011 1805 quod
3040 1736 3132 1792 vel

1762 1810 1948 1884 gratia
1985 1809 2150 1864 sitin
2195 1809 2395 1868 eodem
2443 1811 2682 1868 instanti
2730 1830 2859 1870 cum
2891 1822 3131 1887 peccato,

1763 1890 1857 1945 vel
1880 1889 2028 1961 quod
2059 1890 2298 1962 incipiat
2321 1892 2383 1947 in
2407 1895 2689 1964 tempore,
2723 1895 2816 1950 vel
2839 1894 2988 1966 quod
3008 1913 3135 1954 me-

1763 1971 1884 2028 diet
1910 1978 2134 2045 tempus
2163 1972 2316 2028 inter
2340 1974 2612 2030 ultimum
2653 1991 2775 2031 esse
2816 1979 3044 2049 peccati,
3079 1985 3136 2035 et

1769 2053 2027 2125 primam
2070 2069 2191 2109 esse
2217 2054 2417 2127 gratim
2448 2076 2461 2110 ε
2497 2054 2843 2128 respondent
2874 2059 3134 2133 negando

1762 2134 2079 2205 sequelam;
2106 2134 2240 2205 quia
2285 2134 2506 2201 desitio,
2554 2136 2847 2209 inquiunt,
2900 2141 3129 2211 peccati,

1764 2218 1821 2270 et
1860 2214 2127 2286 incoeptio
2162 2216 2361 2288 gratiae
2406 2232 2523 2273 non
2566 2224 2981 2276 mensurantur
3010 2222 3135 2287 ins-

1767 2294 2040 2362 tantibus,
2070 2302 2168 2353 aut
2210 2296 2469 2369 partibus
2498 2301 2772 2371 temporis
2802 2303 3003 2370 nostri,
3036 2302 3136 2360 sed

1765 2375 2118 2432 instantibus
2139 2376 2420 2435 discretis.
2460 2380 2525 2432 Et
2554 2380 2819 2451 quamvis
2846 2382 2998 2438 inter
3021 2382 3139 2453 ins·

1764 2459 1947 2515 tantia
1975 2458 2157 2514 nostri
2186 2460 2467 2530 temporis
2499 2460 2713 2517 mediet
2739 2466 2983 2535 tempus,
3040 2465 3135 2520 ni-

1764 2539 2086 2596 hilominus
2132 2539 2419 2595 instantia
2460 2539 2703 2596 discreta
2750 2549 2987 2615 possunt
3024 2544 3137 2601 sibi

1764 2618 2106 2676 immediate
2133 2618 2461 2676 succedere.
2506 2619 2671 2676 Unde
2711 2636 2828 2679 non
2854 2625 3134 2696 sequitur,

1764 2703 1857 2758 vel
1877 2700 2027 2773 quod
2053 2701 2265 2776 gratia,
2299 2706 2355 2757 et
2382 2707 2670 2774 peccatum
2699 2704 2819 2760 sint
2848 2706 2910 2761 in
2938 2706 3139 2764 eodem

1765 2784 2028 2849 instanti,
2064 2785 2157 2841 vel
2202 2782 2352 2857 quod
2397 2785 2582 2857 gratia
2631 2786 2873 2858 incipiat
2901 2789 2963 2844 in
2992 2795 3140 2847 tern-

1767 2881 1925 2939 pore,
1960 2866 2053 2922 vel
2080 2864 2329 2938 denique
2355 2865 2508 2937 quo‘d
2542 2865 2708 2923 detur
2731 2869 2962 2941 aliquod
2991 2876 3140 2928 tem-

1767 2966 1891 3023 pus,
1923 2947 2120 3019 inquo
2144 2948 2315 3005 homo
2336 2950 2409 3004 sit
2434 2948 2643 3022 absque
2667 2959 2908 3022 peccato,
2930 2959 2986 3010 et
3003 2971 3140 3028 gra-

1767 3033 1868 3088 tia.
1900 3030 2007 3087 Sed
2029 3031 2218 3087 solum
2244 3032 2522 3102 sequitur,
2549 3032 2698 3103 quod
2722 3039 2845 3104 post
2864 3035 3138 3090 ultimum

1769 3113 1999 3168 instans
2044 3109 2376 3176 discretum,
2429 3110 2491 3165 in
2537 3128 2648 3183 quo
2693 3118 2776 3167 est
2823 3113 3140 3171 intrinsece

1768 3200 2081 3268 peccatum,
2120 3193 2379 3249 succedat
2425 3193 2760 3250 immediate
2806 3194 2963 3251 aliud
3013 3196 3138 3252 ins-

1766 3281 1900 3332 tans
1923 3274 2255 3340 discretum,
2284 3274 2347 3328 in
2370 3291 2481 3347 quo
2502 3275 2576 3330 sit
2598 3275 2908 3333 intrinsece
2927 3278 3132 3351 gratia,

1765 3366 1822 3417 et
1852 3358 2003 3415 adsit
2028 3371 2144 3412 non
2167 3372 2290 3413 esse
2312 3358 2514 3429 culpae.

1843 3443 1935 3496 29.
1958 3437 2067 3495 Sed
2090 3439 2356 3509 quamvis
2375 3440 2490 3494 haec
2511 3439 2803 3511 responsio
2818 3458 2921 3498 sua
2938 3443 3137 3514 proba·
3164 3444 3327 3501 Βωίοὶτ

1767 3519 1991 3576 bilitate
2018 3533 2135 3573 non
2158 3523 2366 3583 careat,
2397 3534 2429 3574 a
2454 3518 2617 3574 nobis
2633 3519 2987 3579 admittenda
3018 3539 3133 3580 non
3148 3499 3349 3588 ωὲᾓὲῗω

1765 3604 1880 3667 est3
1898 3599 2032 3672 quia
2046 3596 2350 3652 manifeste
2368 3596 2456 3652 illi
2481 3598 2818 3656 contradicit
2841 3603 2905 3657 D.
2923 3602 3126 3660 Thom.
3170 3593 3313 3688 ὅηξὲξ

1764 3680 1831 3737 in
1851 3679 1957 3737 hoc
1974 3677 2233 3742 articulo,
2260 3678 2319 3730 in
2340 3695 2477 3750 resp.
2503 3679 2578 3733 ad
2596 3679 2651 3744 4,
2679 3678 2774 3734 ubi
2797 3682 3087 3738 concludit
3117 3705 3129 3739 :
3214 3673 3225 3686 ⁸
3315 3674 3324 3685 ’

1772 3783 1798 3814 α
1828 3762 1897 3815 Et
1923 3758 2049 3814 ideo
2072 3756 2449 3830 judicandum
2478 3764 2563 3815 est
2589 3759 2905 3817 secundum
2934 3762 3038 3820 hoc
3065 3763 3137 3821 de

1772 3865 1798 3896 «
1827 3842 1949 3915 ejus
2001 3838 2317 3896 mutatione
2376 3840 2692 3897 secundum
2742 3842 3136 3901 conditionem

1772 3944 1798 3976 (ι
1829 3926 2091 3978 motuum
2139 3921 2570 3992 temporalium,
2605 3927 2667 3976 ut
2710 3923 2927 3979 scilicet
2974 3923 3137 3982 dica-

1771 4025 1796 4056 «
1828 4017 1979 4067 muS,
2002 3999 2153 4074 quod
2176 4015 2294 4056 non
2320 4005 2402 4057 est
2430 4000 2568 4058 dare
2590 4002 2863 4058 ultimum
2889 4004 3128 4073 instans,

1772 4106 1799 4137 α
1828 4083 1892 4139 in
1911 4098 2022 4154 quo
2041 4083 2208 4153 culpa
2231 4081 2443 4149 influit,
2469 4082 2569 4139 sed
2594 4083 2867 4141 ultimum
2886 4091 3130 4158 tempuS.

1770 4185 1796 4217 α
1829 4165 1925 4218 Est
1952 4169 2142 4219 autem
2170 4161 2310 4219 dare
2359 4164 2616 4235 primum
2644 4165 2889 4231 instans,
2926 4166 2989 4222 in
3020 4184 3135 4239 quo

1770 4265 1796 4297 α
1826 4244 2013 4318 gratia
2034 4243 2183 4298 inest
2211 4264 2223 4297 ε
2249 4242 2313 4298 in
2336 4248 2451 4300 toto
2475 4249 2666 4302 autem
2696 4250 2955 4318 tempore
2985 4264 3140 4321 pree-

1771 4347 1798 4380 «
1828 4323 2048 4382 cedenti
2089 4323 2280 4380 inerat
2322 4325 2505 4397 culpa.
2548 4347 2573 4378 υ
2625 4329 2693 4382 Et
2732 4336 2914 4405 quast.
2947 4330 3039 4397 28,
3074 4331 3140 4386 de

1778 4405 1944 4465 Ver-it.
1970 4412 2079 4460 art.
2106 4405 2207 4460 ult.
2229 4405 2305 4459 ad
2334 4408 2415 4470 14,
2441 4405 2553 4461 ait:
2578 4429 2602 4459 α
2629 4405 2962 4474 Dicendum,
2988 4409 3139 4481 quod

1769 4508 1795 4540 α
1830 4503 1949 4544 non
1975 4491 2058 4542 est
2081 4485 2337 4558 accipere
2361 4486 2635 4542 ultimum
2659 4487 2900 4556 instanS,
2934 4491 2997 4546 in
3026 4508 3138 4565 quo

1769 4593 1796 4626 «
1828 4572 1995 4644 culpa
2022 4571 2148 4636 fuit,
2179 4569 2278 4628 sed
2306 4570 2582 4625 ultimum
2610 4575 2859 4643 tempus,
2904 4594 2929 4625 »
2965 4576 3034 4629 Et
3076 4578 3139 4630 in

1763 4652 1819 4719 4,
1845 4652 1979 4707 dist.
2012 4653 2094 4717 17,
2115 4657 2298 4731 quast.
2336 4653 2380 4718 1,
2406 4657 2516 4706 art.
2537 4651 2593 4716 5,
2614 4658 2774 4727 quaest
2798 4654 2832 4706 2
2860 4652 2934 4706 ad
2953 4655 3006 4719 2,
3040 4655 3137 4710 in·

1763 4734 1890 4808 quit
1921 4755 1934 4790 z
1982 4756 2008 4788 α
2039 4733 2356 4790 Dicendum
2385 4737 2488 4799 est,
2521 4731 2670 4805 quod
2712 4747 2828 4788 non
2857 4740 2942 4789 est
2987 4737 3136 4792 assi-

1771 4837 1797 4869 «
1826 4830 2006 4889 gnare
2028 4814 2307 4870 ultimum
2332 4814 2575 4878 instans,
2603 4813 2667 4868 in
2692 4829 2803 4885 quo
2836 4819 2920 4870 est
2945 4815 3133 4889 culpa;

1771 4916 1797 4948 α
1827 4893 1926 4952 sed
1954 4895 2232 4967 primum,
2260 4895 2322 4951 in
2341 4909 2452 4967 quo
2473 4908 2592 4949 non
2615 4897 2700 4949 est
2723 4911 2736 4945 ε
2764 4892 2861 4950 secl
2882 4900 2966 4950 est
2989 4897 3136 4952 assi-

1772 4997 1798 5030 «
1830 4991 2011 5052 gnare
2039 4978 2297 5050 primum
2322 4976 2564 5044 instanS,
2596 4975 2789 5049 inquo
2814 4981 2899 5032 est
2922 4980 3128 5050 gratia.

1783 5078 1809 5110 α
1839 5058 1908 5112 Et
1954 5056 2239 5130 quomodo
2266 5058 2372 5115 hoc
2399 5072 2603 5113 verum
2628 5057 2722 5125 sit,
2769 5062 2921 5130 patet
2944 5073 3015 5115 ex
3041 5059 3135 5117 his
