3647 5753
1481 322 1660 378 DISP.
1703 321 1800 389 111,
1846 322 2015 378 DUB.
2057 323 2124 378 11.
3040 321 3146 377 711

294 513 453 563 nam,
478 495 577 554 sed
604 497 779 554 etiarn
808 495 1116 570 praemium
1162 496 1381 556 valoris
1415 494 1652 561 infiniti,

290 580 342 636 si
367 580 472 635 hoc
491 582 635 634 esset
662 578 933 649 possibile
966 599 978 632 :
1007 593 1143 653 ergo
1175 575 1246 634 de
1274 578 1527 651 potentia
1555 575 1661 632 ab·

290 663 481 720 soluta
527 678 644 719 non
686 661 1004 733 requiritur
1033 661 1120 734 ,ad
1166 662 1443 720 meritum
1474 658 1661 734 gratia

293 740 626 798 habitualis,
870 781 875 785 -

22 817 283 865 ”stumf-
373 822 768 896 Respondetur
789 821 1084 897 (quidquid
1101 822 1176 878 sit
1196 822 1266 879 de
1282 820 1656 890 antecedenti,

296 905 369 963 de
388 919 499 977 quo
520 902 774 960 dicemus
795 905 829 960 3
848 912 1000 978 part.
1026 905 1090 959 de
1111 908 1299 976 qratia
1325 903 1556 970 Christi,
1587 904 1664 959 ad

297 992 482 1066 quast.
510 988 587 1055 7),
626 984 775 1057 quod
823 986 1104 1052 Christus,
1131 987 1238 1044 etsi
1269 1000 1387 1043 non
1427 983 1663 1042 haberet

296 1067 545 1142 gratiam
569 1066 1191 1132 habitualem,haberet
1206 1074 1400 1124 tamen
1413 1066 1661 1140 gratiam

300 1147 556 1213 unioniS,
601 1164 725 1220 quae
775 1148 1101 1206 eminenter
1149 1149 1314 1204 illam
1360 1145 1616 1203 continet
1643 1163 1657 1198 ι

291 1230 415 1305 jam
469 1234 661 1285 autem
708 1227 922 1286 dictum
976 1235 1077 1294 est.
1110 1227 1260 1303 quod
1288 1226 1358 1284 ad
1387 1227 1663 1283 meritum

295 1309 500 1367 sufficit
521 1309 612 1365 vel
638 1309 826 1384 gratia
849 1309 1179 1376 habitualis,
1220 1310 1313 1366 vel
1337 1309 1454 1366 alia
1474 1307 1663 1364 forma

296 1391 625 1450 eminenter
671 1389 838 1446 illam
882 1390 1206 1458 continens,
1231 1387 1553 1465 cujusmodi
1578 1392 1665 1444 est

295 1474 419 1531 sola
445 1470 631 1545 gratia
660 1470 918 1528 unionis,

781 1680 1068 1734 DUBIUM
1109 1680 1176 1736 11.

306 1835 505 1892 Utrum
533 1834 691 1890 homo
718 1837 777 1890 in
799 1836 986 1904 qratia
1026 1837 1355 1890 constitutus
1390 1839 1667 1890 mercatur

560 1914 624 1970 de-
649 1916 913 1985 condiyno
933 1916 1108 1970 vitam
1126 1922 1400 1971 aeternam.

377 2078 594 2151 Duplex
624 2076 1095 2152 distinguendum
1124 2082 1209 2134 est
1234 2077 1511 2134 meritum
1537 2093 1670 2135 con-

296 2159 460 2234 digni
496 2178 509 2213 :
538 2156 696 2214 aliud
716 2158 865 2231 quod
882 2160 1107 2216 nullam
1129 2160 1399 2233 supponit
1418 2158 1667 2234 gaatiam

303 2242 733 2298 remunerantis
779 2241 988 2298 factam
1032 2242 1141 2315 ipsi
1187 2242 1437 2298 merenti
1472 2239 1670 2297 :aliud

303 2337 461 2388 vero,
488 2320 638 2395 quod
667 2321 995 2395 huJ‘usmodi
1022 2324 1270 2397 gratiam
1299 2322 1587 2396 supponit,
1612 2327 1671 2378 et

307 2405 370 2460 in
390 2417 458 2460 ea
478 2402 773 2459 fundatur.
802 2404 1067 2459 Primum
1090 2410 1347 2460 meretur
1373 2403 1443 2460 de
1468 2401 1671 2459 condi-

303 2500 418 2559 gno
455 2487 760 2559 praemium
788 2484 899 2541 sibi
926 2486 1160 2558 aequale,
1194 2501 1311 2542 non
1340 2489 1665 2556 utcumque,

305 2567 405 2624 sed
450 2567 521 2624 de
563 2567 753 2641 rigore
799 2567 1074 2640 justitiam
1103 2572 1296 2624 servat
1343 2567 1504 2624 enim
1559 2566 1672 2622 hu-

297 2647 551 2722 jusmodi
581 2648 857 2703 meritum
886 2662 1086 2704 omnes
1114 2647 1468 2705 conditiones
1491 2646 1561 2704 ad
1586 2647 1672 2703 ri-

298 2744 565 2802 gorosam
583 2727 869 2802 justitiam
894 2728 1218 2801 requisitas.
1248 2726 1571 2784 Secundum
1587 2731 1672 2784 est

299 2810 533 2886 quidem
583 2812 859 2868 meritum
906 2809 1255 2886 condignum
1310 2812 1562 2885 proprie,
1615 2816 1673 2868 et

302 2896 627 2953 formaliter
649 2900 905 2968 respectu
934 2895 1159 2967 praemii
1189 2909 1308 2951 non
1347 2894 1672 2952 excedentis

300 2978 422 3051 ejus
443 2980 701 3035 valorem
728 3002 742 3046 ;
774 2978 845 3034 ad
874 2977 979 3033 hoc
1015 2978 1176 3035 enim
1205 2977 1344 3033 satis
1370 2982 1453 3034 est
1474 2994 1671 3050 aequa-

304 3059 434 3114 litas
455 3075 587 3116 cum
634 3058 893 3130 praemio,
919 3058 1214 3129 supposita
1264 3058 1667 3131 promissione,

303 3145 358 3195 et
379 3140 759 3212 acceptatione
774 3138 937 3195 illius
956 3137 1105 3211 apud
1128 3155 1299 3211 quem
1321 3139 1534 3213 aliquis
1554 3154 1672 3196 me-

304 3228 503 3296 retur),
535 3223 672 3297 quia
698 3228 895 3279 tamen
929 3223 1199 3296 supponit
1225 3223 1495 3298 gratiam,
1527 3228 1583 3279 et
1609 3222 1673 3278 in

305 3304 408 3361 illa
443 3306 738 3372 fundatur,
774 3321 893 3362 non
921 3310 1102 3377 potest
1135 3320 1259 3361 esse
1298 3305 1576 3361 meritum
1603 3302 1674 3361 de

308 3386 497 3460 rigore
538 3387 790 3460 justitiae.
839 3388 904 3442 ln
948 3386 1215 3459 praesenti
1268 3401 1405 3462 ergo
1445 3401 1564 3443 non
1606 3384 1676 3441 de

311 3466 492 3538 priori
520 3466 745 3533 merito,
778 3467 929 3539 quod
970 3472 1228 3539 respectu
1272 3468 1373 3525 Dei
1417 3467 1481 3524 in
1509 3467 1675 3524 nulla

317 3563 458 3619 pura
495 3552 755 3604 creatura
797 3555 978 3622 potest
1016 3549 1284 3623 reperiri,
1310 3548 1409 3605 sed
1452 3548 1523 3607 de
1570 3548 1677 3606 hoc

316 3628 614 3700 posteriori
644 3627 897 3702 procedit
918 3628 1237 3687 difficultas

932 3824 1051 3894 §L

320 3985 659 4054 Communis,
684 3993 733 4040 ct
756 4003 883 4041 vera
904 3988 1172 4043 sententia
1193 3987 1461 4060 probatur
1487 3986 1681 4041 autho-

386 4069 650 4125 ritatibus
686 4087 852 4126 sacres
897 4068 1218 4144 Scripturas,
1256 4077 1306 4125 ct
1345 4071 1557 4125 ratione
1602 4068 1674 4126 D.

399 4151 449 4209 T
445 4153 611 4209 homae
636 4152 888 4226 fulcitur.

110 4331 283 4391 conctu-
376 4316 457 4371 10.
480 4314 792 4372 Dicendum
804 4319 906 4379 est,
923 4314 1221 4372 hominem
1235 4316 1603 4372 constitutum
1618 4314 1682 4371 in

161 4391 241 4427 ⁸¹⁰·
317 4397 504 4473 gratia
544 4413 647 4469 per
674 4411 848 4473 opera
867 4411 939 4452 ex
966 4396 1089 4468 ipsa
1113 4395 1300 4469 gratia
1323 4394 1685 4469 procedentia

320 4480 534 4538 mereri
556 4480 739 4535 vitam
763 4484 1042 4536 aeternam
1073 4477 1141 4535 de
1162 4478 1464 4554 condigno·
1490 4482 1686 4538 Asser-

321 4561 401 4619 tio
422 4561 539 4616 haec
566 4564 650 4617 est
669 4561 994 4618 communis
1022 4560 1174 4616 inter
1202 4560 1534 4635 Theologos,
1567 4578 1685 4622 uno

322 4641 594 4699 Durando
640 4648 892 4716 except0,
926 4659 1054 4699 cum
1107 4658 1218 4714 quo
1256 4641 1403 4700 forte
1447 4645 1688 4716 quaestio

322 4728 549 4780 tantum
591 4729 769 4797 potest
815 4740 936 4781 esse
982 4721 1053 4781 de
1093 4723 1377 4782 nomine:
1408 4722 1562 4782 unde
1585 4741 1686 4782 su-

323 4819 742 4876 pervacaneum
764 4809 910 4861 esset
931 4804 1191 4878 singulos
1215 4819 1529 4862 recensere.
1552 4806 1689 4863 Pro⁴

323 4883 491 4943 batur
513 4886 575 4943 in
599 4887 806 4961 primis
850 4903 1024 4944 sacrae
1069 4887 1382 4959 Scripturae
1422 4886 1688 4946 testimo-

324 4971 457 5037 niis,
478 4969 576 5028 ubi
617 4970 922 5029 manifeste
968 4969 1232 5039 habetur,
1254 4970 1438 5046 justos
1461 4970 1691 5031 ratione

1787 508 2028 550 suorum
2050 491 2337 551 bonorum
2365 508 2604 565 operum
2632 492 2836 567 dignos
2883 506 3005 548 esse
3037 489 3157 547 vita

1791 581 2028 641 aeterna,
2053 573 2201 647 quod
2222 580 2308 631 est
2329 572 2541 630 mereri
2573 573 2737 628 illam
2759 569 2830 628 de
2849 570 3151 644 condigno.

1792 655 2136 730 Hujusmodi
2163 660 2248 711 est
2286 653 2432 710 illud
2476 655 2616 727 Sap.
2646 654 2700 718 3,
2733 651 2831 708 ubi
2865 652 2935 708 de
2978 644 3376 739 Justisffffilffffi

1793 737 2005 794 dicitur
2039 758 2052 793 ε
2088 759 2113 790 α
2151 737 2215 792 In
2237 736 2428 808 paucis
2455 734 2667 802 vexati,
2695 735 2757 790 in
2786 732 2985 789 multis
3013 732 3157 788 bene
3193 745 3334 789 ritate.

1798 841 1825 874 α
1874 818 2274 893 disponentur;
2299 817 2573 891 quoniam
2597 819 2743 873 Deus
2766 815 3010 872 tentavit
3036 829 3151 878 e05,
3195 795 3348 847 ⁸²¹⁹·3·

1798 923 1827 956 ι
1868 909 1926 960 et
1947 902 2173 959 invenit
2213 901 2345 957 illos
2390 899 2592 975 dignos
2620 915 2697 966 se,
2733 899 2789 955 id
2817 903 2900 955 est
2923 896 3159 970 partici-

1798 1004 1826 1037 α
1872 984 2103 1058 patione
2129 983 2364 1039 virtutis
2391 999 2508 1038 suae
2551 1002 2579 1034 n
2623 980 2783 1038 addit
2811 980 3161 1037 Interlinea-
3193 972 3370 1016 lment-

1795 1066 1890 1122 lis.
1934 1067 2148 1122 Paulus
2177 1066 2316 1123 item
2359 1064 2539 1130 aad
2591 1063 2882 1121 Thes-salon
2936 1064 2982 1129 l,
3027 1077 3159 1118 cum
3200 1022 3353 1114 2⁰⁸2}

1793 1148 2198 1206 exhortaretur
2225 1148 2359 1205 illos
2386 1146 2456 1203 ad
2490 1147 2851 1212 charitatem,
2886 1143 3080 1212 fidem,
3105 1120 3364 1214 etrnelssat.

1795 1228 2135 1302 patientiam
2163 1229 2227 1285 in
2244 1225 2736 1293 tribulationibus,
2769 1243 2908 1300 quas
2933 1231 3164 1299 propter

1795 1314 1976 1369 Deum
2001 1311 2388 1384 patiebantur,
2420 1309 2613 1368 subdit
2647 1331 2660 1365 z
2697 1331 2726 1362 α
2766 1311 2838 1365 Ut
2868 1307 3029 1383 digni
3058 1309 3167 1365 ha-

1801 1417 1829 1449 «
1869 1392 2127 1451 beamini
2170 1394 2235 1450 in
2277 1409 2452 1469 regno
2493 1392 2613 1460 Dei,
2655 1408 2759 1465 pro
2795 1407 2906 1464 quo
2932 1396 2989 1447 et
3017 1390 3168 1464 pati-

1799 1495 1828 1528 «
1870 1474 2062 1542 mini;
2099 1474 2149 1532 si
2170 1480 2367 1533 tamen
2403 1475 2622 1548 justum
2658 1477 2743 1529 est
2791 1470 2939 1544 apud
2986 1473 3167 1528 Deum

1802 1579 1830 1612 α
1873 1556 2197 1615 retribuere
2219 1556 2658 1613 tribulationem
2683 1552 2794 1620 hia,
2820 1553 2917 1626 qui
2946 1569 3044 1610 vos
3069 1553 3172 1609 tri·

1802 1661 1830 1693 α
1872 1638 2094 1707 bulant,
2114 1644 2168 1697 et
2193 1639 2356 1697 vobis
2378 1639 2475 1713 qui
2495 1637 2889 1701 tribulamini,
2911 1635 3170 1710 requiem

1800 1744 1828 1776 α
1873 1721 2176 1781 nobiscum
2226 1723 2290 1779 in
2345 1737 2521 1796 regno
2569 1720 2689 1777 Dei.
2737 1741 2764 1772 n
2811 1719 2922 1776 Ubi
2953 1717 3173 1793 ponde-

1799 1802 2051 1862 randum
2080 1808 2185 1871 est,
2215 1801 2366 1876 quod
2400 1802 2549 1858 sicut
2591 1800 2912 1859 retribuere
2941 1815 3170 1874 poenam

1798 1900 1904 1957 pro
1952 1884 2194 1957 peccatis
2260 1885 2584 1958 appellatur
2637 1900 2671 1940 a
2716 1883 2896 1940 Paulo
2953 1882 3171 1955 justum

1798 1965 1951 2039 apud
1979 1968 2183 2032 Deum;
2206 1965 2288 2022 ita
2309 1966 2486 2022 etiam
2513 1980 2890 2024 remunerare
2912 1963 3122 2020 merita
3157 1984 3170 2018 z

1799 2062 1919 2105 non
1944 2046 2060 2103 nisi
2086 2047 2223 2120 quia
2245 2049 2392 2104 sicut
2412 2052 2636 2120 peccata
2657 2045 2727 2102 de
2746 2044 3030 2120 condigno
3058 2059 3175 2101 me-

1799 2133 2008 2186 rentur
2051 2145 2303 2203 poenam,
2329 2145 2444 2201 qua
2485 2147 2518 2186 a
2563 2131 2678 2186 Deo
2718 2127 3060 2202 puniuntur,
3093 2126 3173 2183 ita

1798 2211 1829 2264 J
1837 2214 2097 2267 ustorum
2120 2211 2330 2267 merita
2353 2208 2786 2275 beatitudinem,
2816 2225 2927 2282 qua
2957 2206 3027 2264 ab
3051 2208 3173 2280 ipso

1802 2293 1917 2349 Deo
1964 2296 2433 2348 remunerantur.
2488 2290 2720 2347 Similia
2766 2290 3052 2346 habentur
3101 2287 3173 2345 ad

1802 2374 2012 2430 coloss.
2050 2375 2068 2429 l
2091 2394 2103 2429 :
2128 2372 2240 2446 Qui
2258 2374 2449 2442 diynos
2473 2389 2570 2428 nos
2590 2375 2718 2445 lecit
2741 2375 2801 2428 in
2821 2379 3037 2446 portem
3058 2388 3171 2425 sor·
3198 2367 3264 2460 fd
3282 2367 3367 2459 Oq·

1801 2453 1877 2508 tis
1898 2451 2232 2518 Sanctorum
2253 2455 2315 2508 in
2341 2455 2565 2509 lumine.
2594 2455 2662 2507 Et
2682 2454 2911 2524 Apocal,
2938 2454 3007 2508 3:
3036 2450 3169 2508 Am-
3187 2427 3366 2520 &itas

1801 2533 2067 2588 bulabunt
2099 2550 2308 2588 mecum
2349 2537 2408 2588 in
2446 2533 2607 2597 albis,
2641 2534 2773 2610 quia
2812 2533 2968 2602 diyni
3013 2539 3164 2588 sunt.
3254 2519 3294 2559 ³·

1804 2614 1921 2668 Hoc
1968 2613 2158 2685 ipsum
2199 2612 2506 2668 manifeste
2554 2612 2798 2669 suadent
2831 2612 3030 2669 omnia
3066 2612 3171 2667 illa
3233 2669 3236 2672 ,

1802 2695 2152 2761 testimonia,
2177 2711 2302 2767 quaa
2320 2711 2497 2768 supra
2517 2696 2582 2752 in
2605 2696 2978 2753 annotatione
2997 2710 3170 2767 super

1803 2776 2111 2833 articulum
2135 2775 2414 2849 primum,
2445 2780 2502 2832 et
2545 2777 2755 2851 disput.
2797 2777 2842 2841 1,
2889 2794 3042 2833 num.
3073 2778 3167 2841 72,

1801 2856 2168 2922 adduximus,
2199 2856 2262 2912 in
2301 2855 2510 2931 quibus
2531 2857 2651 2916 vita
2676 2863 2890 2916 aeterna
2913 2858 3174 2932 appella-

1803 2946 1898 2997 tur
1938 2958 2152 3006 merca,
2209 2945 2265 2996 et
2303 2958 2506 2996 corona
2534 2942 2787 3012 justitia,
2839 2956 2871 2997 a
2906 2944 3021 2996 Deo
3054 2945 3177 2996 tan-

1801 3036 1975 3093 quam
1999 3038 2032 3077 a
2047 3019 2236 3094 judice
2255 3021 2544 3093 justorum
2573 3020 2801 3076 meritis
2833 3018 3124 3076 reddenda
3159 3040 3171 3074 :

1802 3102 1953 3180 quod
1974 3102 2136 3159 enim
2157 3101 2326 3158 datur
2361 3105 2421 3156 ut
2455 3116 2690 3169 merces,
2723 3106 2782 3156 ut
2809 3115 3038 3164 corona,
3071 3098 3177 3155 da-

1803 3193 1901 3244 tur
1922 3192 2195 3256 tanquam
2241 3183 2547 3255 praemium
2586 3184 2849 3258 dignum,
2882 3188 2937 3238 et
2954 3184 3174 3256 justum

1806 3283 1911 3340 pro
1949 3262 2233 3337 condigno
2275 3262 2477 3335 pretio,
2504 3270 2560 3319 et
2581 3264 2790 3320 merito
2811 3264 3047 3337 aequalis
3070 3279 3175 3319 va-

1807 3350 1949 3406 loris
1975 3363 2106 3403 cum
2128 3346 2250 3418 ipso
2274 3346 2533 3418 praemio.

1889 3424 1972 3479 11.
2019 3419 2236 3477 Deinde
2264 3418 2537 3491 probatur
2567 3419 2808 3485 ratione,
2840 3436 2952 3494 qua
2994 3420 3174 3476 utitur
3212 3427 3340 3471 Baua>

1808 3504 1873 3561 in
1895 3501 2160 3577 praesenti
2195 3503 2260 3556 D.
2291 3500 2498 3557 Thom.
2526 3517 2650 3573 quoe
2679 3506 2859 3574 potest
2889 3500 3080 3558 reduci
3105 3500 3176 3557 ad

1807 3588 1958 3643 hanc
2002 3583 2274 3642 formam.
2304 3587 2477 3638 Actus
2519 3582 2832 3656 procedens
2875 3600 2948 3640 ex
2988 3583 3178 3659 gratia

1806 3671 1892 3724 est
1920 3664 2163 3723 omnino
2192 3663 2658 3737 proportionatus
2698 3664 2764 3719 in
2801 3666 3023 3722 ratione
3051 3680 3179 3722 me-

1811 3748 1931 3815 riti,
1963 3753 2019 3805 et
2057 3747 2291 3819 aequalis
2331 3746 2562 3811 valoris,
2608 3747 2811 3803 saltem
2861 3746 2923 3802 in
2968 3747 3181 3803 virtute

1810 3847 1941 3888 cum
1982 3830 2101 3886 vita
2143 3834 2360 3885 aeterna
2391 3849 2404 3883 z
2434 3843 2569 3901 ergo
2609 3829 2900 3900 supposita
2931 3828 3180 3901 promis-

1809 3914 1972 3972 sione
1994 3912 2114 3978 Dei,
2136 3910 2247 3967 erit
2262 3911 2598 3967 meritorius
2615 3910 2775 3965 illius
2789 3910 2860 3967 de
2874 3908 3179 3984 condigno.

1812 3992 2228 4065 Consequentia
2258 3997 2422 4063 patet,
2452 3991 2590 4064 quia
2625 3991 2912 4064 supposita
2942 3992 3182 4065 promis·

1810 4077 1975 4134 sione
2010 4074 2111 4131 Dei
2138 4076 2332 4146 (quam
2362 4071 2557 4131 adesse
2583 4074 2986 4146 supponimus)
3028 4074 3181 4130 nihil

1812 4155 2129 4215 desiderari
2160 4159 2338 4227 potest
2367 4154 2436 4211 ad
2480 4155 2756 4211 meritum
2785 4154 2854 4213 de
2875 4154 3177 4230 condign0‚

1814 4236 1929 4294 nisi
1959 4235 2229 4309 praedicta
2255 4234 2569 4308 aequalitas,
2595 4251 2691 4292 seu
2717 4237 3032 4309 proportio.
3060 4240 3185 4293 An-

1814 4317 2080 4375 tecedens
2105 4333 2243 4375 vero
2277 4315 2553 4388 probatur
2587 4337 2599 4371 :
2628 4324 2750 4373 tum
2779 4318 2914 4390 quia
2942 4334 3008 4375 eo
3035 4317 3178 4390 ipso,

1812 4397 1966 4473 quod
1993 4402 2147 4454 actus
2174 4396 2438 4471 procedat
2465 4413 2497 4454 a
2531 4398 2736 4473 gratia,
2779 4398 2981 4472 accipit
3019 4399 3184 4455 valo-

1817 4496 1962 4545 rem,
2001 4483 2058 4536 et
2095 4478 2437 4554 dignitatem
2477 4478 2658 4553 ipsius
2695 4480 2927 4554 gratiam
2973 4480 3092 4537 imo
3128 4485 3186 4537 et

1815 4561 2124 4621 efficaciam
2178 4560 2525 4633 perducendi
2573 4561 2635 4617 in
2689 4561 2768 4627 id,
2813 4561 2964 4636 quod
3004 4566 3187 4635 potest

1815 4643 2003 4719 gratia
2022 4664 2034 4699 ι
2053 4642 2537 4715 quemadmodum
2554 4644 2850 4703 calefactio
2873 4644 3192 4718 procedens

1819 4723 1891 4781 ab
1920 4725 2053 4799 igne
2081 4724 2283 4797 recipit
2322 4723 2392 4780 ab
2419 4725 2524 4781 illo
2550 4725 2829 4784 virtutem
2857 4726 2927 4783 ad
2969 4725 3188 4801 produ-

1818 4804 2065 4864 cendum
2108 4821 2226 4862 non
2266 4804 2435 4864 modo
2475 4806 2723 4864 alterum
2771 4810 3043 4876 calorem,
3086 4808 3185 4864 sed

1819 4888 1996 4946 etiam
2043 4887 2290 4944 alterum
2335 4888 2527 4961 ignem
2557 4887 2851 4964 :dignitas
2889 4897 3101 4956 autem,
3133 4896 3189 4949 et

1820 4973 1987 5030 valor
2009 4970 2210 5045 gratias
2234 4971 2469 5045 aequalis
2495 4978 2597 5039 est,
2629 4972 2834 5029 saltem
2873 4973 2937 5029 in
2975 4972 3187 5040 radice,
