3647 5753
372 563 469 619 Alia

349 614 485 665 Scrip-

321 667 424 720 tprae
438 667 516 720 tes·

321 715 504 754 limonia.

338 761 490 851 Εέἓοιι.

308 2583 390 2627 DJ
402 2591 471 2634 ug.

534 371 607 426 88

532 540 595 595 in
622 540 706 596 eis
732 539 886 605 lociS,
920 538 983 594 in
1009 536 1215 610 quibus
1243 536 1446 594 asserit
1481 539 1659 593 Deum
1685 536 1892 602 tacere,

533 627 592 676 ut
656 619 951 684 faciamus,
1028 633 1275 690 quorum
1342 617 1588 692 insignis
1654 614 1898 673 habetur

531 699 733 757 Ezeck.
765 699 857 765 36,
890 713 1027 753 vers,
1051 697 1144 764 26,
1171 695 1252 751 ibi
1281 717 1294 751 ε
1325 694 1479 752 Dabo
1503 696 1651 751 vobis
1675 712 1768 751 cor
1791 712 1896 749 no·-

535 799 681 847 vum,
725 787 774 835 et
819 781 1078 851 spiritum
1121 794 1326 832 novum
1372 796 1576 850 ponam
1615 780 1674 832 in
1719 777 1896 832 medio

533 865 715 918 vestri.
741 861 1015 933 Auferam
1039 878 1130 915 cor
1166 861 1443 934 lapideum
1479 860 1544 914 de
1581 876 1745 914 carne
1770 875 1895 913 ves·-

530 951 639 1012 tra,
670 951 719 998 et
745 943 883 997 dabo
920 942 1071 997 vobis
1096 960 1187 998 cor
1206 958 1485 1006 carneum,
1511 948 1561 996 et
1581 942 1792 1013 faciam
1830 947 1893 995 ut

531 1028 589 1082 in
608 1027 888 1098 praeceptis
923 1026 1057 1078 meis
1089 1024 1395 1089 ambuletis,
1427 1031 1476 1078 et
1510 1024 1729 1095 judicia
1768 1040 1890 1078 mea

528 1106 868 1169 custodiatis
916 1111 963 1158 et
1015 1105 1331 1176 operemini.
1391 1102 1501 1158 Ubi
1559 1117 1888 1158 sermonem

526 1203 648 1243 esse
670 1184 740 1241 de
761 1184 980 1241 auxilio
1001 1182 1206 1240 efficaci
1235 1183 1412 1255 liquet
1431 1198 1503 1239 ex
1526 1182 1649 1255 ipso
1669 1182 1884 1249 effectu,

526 1268 623 1340 qui
652 1264 967 1323 certissime
994 1262 1322 1337 praedicitur
1352 1262 1601 1318 iuturus
1634 1264 1762 1317 Haec
1792 1278 1890 1317 au-

526 1353 639 1403 tem
667 1343 844 1401 verba
871 1348 1158 1416 nequeunt
1184 1342 1391 1413 aptari,
1424 1343 1538 1398 nisi
1568 1342 1790 1408 auxilio
1814 1357 1886 1397 ex

524 1424 810 1483 seellicaci
829 1449 844 1491 ;
878 1439 1012 1479 nam
1049 1423 1332 1479 auxilium
1362 1423 1530 1478 aliter
1549 1422 1745 1479 efficax
1767 1437 1884 1478 non

526 1507 713 1564 aufert
738 1521 834 1562 cor
862 1503 1172 1576 lapideum,
1206 1519 1308 1560 nec
1334 1501 1465 1559 facit
1488 1508 1549 1558 ut
1571 1502 1880 1568 faciamus;

521 1587 619 1644 sed
667 1586 852 1659 potius
888 1585 1158 1656 supponit
1199 1585 1552 1640 voluntatem
1599 1582 1883 1639 conditio-

523 1674 655 1725 nate
688 1665 1130 1723 determinatam
1171 1665 1242 1721 ad
1288 1680 1651 1732 consensum,
1696 1668 1750 1721 et
1780 1680 1881 1737 per

518 1751 683 1806 illam
733 1748 817 1816 fit,
867 1754 929 1804 ut
972 1749 1161 1820 ipsum
1201 1747 1486 1803 auxilium
1534 1746 1721 1802 faciat.
1767 1749 1881 1803 Nec

518 1830 580 1884 in
628 1828 1104 1886 Adversariorum
1152 1826 1426 1899 opinione
1480 1825 1879 1894 infallibilitas

515 1916 751 1966 eventus
778 1908 1068 1965 reducitur
1115 1906 1186 1963 ad
1225 1907 1549 1971 efficaciam,
1594 1910 1652 1972 et
1689 1906 1877 1962 virtu-

515 1995 630 2045 tem
653 1988 869 2045 divinae
894 1988 1208 2044 voluntatis
1223 1993 1589 2060 superantem
1614 1987 1878 2043 resisten-

515 2070 675 2135 tiam,
743 2072 797 2124 et
862 2065 1351 2124 defectibilitatem
1416 2071 1721 2132 creaturae;
1775 2066 1875 2123 sed

513 2150 698 2221 potius
749 2145 819 2203 ad
870 2147 1286 2218 praescientiam
1346 2145 1641 2211 divinam,
1698 2150 1754 2201 et
1803 2146 1874 2202 ad

513 2232 865 2287 voluntatem
893 2233 1162 2294 creatam,
1209 2244 1336 2301 quae
1364 2227 1710 2299 pra-,videtur
1744 2243 1874 2284 con-

507 2325 749 2367 sensum
777 2330 790 2364 :
822 2306 974 2364 unde
998 2312 1112 2363 tota
1133 2307 1524 2364 infallibilitas
1543 2313 1628 2364 est
1647 2323 1717 2363 ex
1744 2322 1874 2379 sup-

508 2392 790 2464 positione
841 2388 1078 2445 i'undata
1125 2389 1528 2448 involuntate
1572 2393 1760 2444 creata
1810 2407 1872 2446 se

506 2472 950 2531 determinante.
1021 2470 1355 2541 Oppositum
1420 2476 1610 2526 autem
1676 2476 1872 2542 aperte

505 2554 720 2627 colligit
741 2554 805 2608 D.
838 2554 1073 2625 August.
1108 2552 1166 2605 in
1189 2551 1284 2605 lib.
1312 2551 1375 2604 de
1397 2552 1604 2619 qratia,
1634 2558 1684 2604 et
1705 2551 1869 2606 libero

507 2635 760 2697 arbitrio,
792 2649 911 2704 cap.
949 2632 1032 2694 16,
1067 2628 1164 2684 ubi
1190 2629 1635 2702 diligentissime
1677 2636 1866 2685 versat

513 2718 756 2774 relatum
806 2712 1200 2770 testimonium
1246 2711 1336 2766 his
1382 2709 1621 2767 verbis:
1658 2733 1683 2762 «
1726 2714 1867 2769 Cer-

514 2819 539 2848 «
585 2802 705 2850 tum
734 2797 831 2856 est,
878 2808 980 2848 nos
1018 2806 1252 2847 servare
1292 2788 1582 2855 mandata,
1614 2791 1662 2845 si
1694 2791 1865 2847 volu-

512 2902 535 2931 «
582 2894 710 2933 mus
745 2872 883 2932 :sed
928 2873 1063 2946 quia
1117 2876 1471 2945 praeparatur
1516 2872 1784 2930 voluntas
1832 2890 1864 2931 a

510 2984 535 3012 «
581 2957 843 3021 Domino,
870 2954 939 3012 ab
965 2956 1065 3010 illo
1088 2954 1393 3026 petendum
1416 2959 1518 3020 est,
1549 2960 1609 3010 ut
1636 2959 1862 3012 tantum

509 3064 532 3092 «
578 3040 842 3103 velimuS,
891 3040 1169 3109 quantum
1221 3034 1443 3102 sufficit,
1509 3041 1569 3091 ut
1615 3035 1861 3094 volendo

508 3145 533 3173 «
577 3119 871 3176 faciamus.
923 3119 1153 3173 Certum
1204 3119 1303 3183 est,
1357 3131 1460 3172 nos
1513 3117 1676 3182 velle,
1729 3133 1860 3172 cum

506 3226 530 3254 «
577 3201 842 3256 volumus
875 3218 887 3253 :
917 3194 1014 3252 sed
1042 3196 1144 3252 ille
1180 3195 1329 3262 facit,
1376 3201 1437 3250 ut
1476 3196 1727 3252 velimus
1755 3195 1859 3254 bo-

504 3304 529 3332 «
579 3296 737 3344 num,
765 3277 834 3333 de
854 3292 966 3349 quo
991 3275 1205 3331 dictum
1226 3281 1328 3343 est,
1354 3276 1503 3348 quod
1534 3278 1702 3349 paulo
1724 3282 1858 3334 ante

502 3382 527 3412 «
573 3359 750 3431 posui,
793 3355 943 3429 quod
987 3360 1341 3428 praeparatur
1380 3355 1646 3411 voluntas
1681 3371 1713 3411 a
1742 3359 1857 3413 Do-

501 3466 525 3493 «
567 3441 762 3505 mino;
787 3437 857 3495 de
876 3454 988 3510 quo
1013 3436 1230 3494 dictum
1257 3442 1342 3493 est
1372 3437 1522 3494 Psal.
1549 3438 1642 3493 36:
1667 3442 1713 3492 A
1741 3441 1855 3497 Do·-

499 3546 523 3574 «
566 3523 729 3577 mino
788 3534 1013 3594 gressus
1073 3518 1329 3574 hominis
1394 3515 1738 3590 dirigentur,
1796 3527 1855 3577 et

498 3624 522 3654 «
567 3602 721 3657 viam
767 3600 887 3672 ejus
933 3598 1114 3664 volet;
1158 3597 1229 3653 de
1274 3612 1385 3669 quo
1426 3596 1642 3654 dictum
1669 3604 1754 3654 est
1780 3599 1851 3655 ad

497 3706 521 3734 «
567 3682 778 3754 Philip.
811 3683 867 3736 2:
894 3683 1039 3735 Deus
1058 3684 1142 3735 est
1167 3679 1266 3751 qui
1294 3684 1565 3750 operatur
1596 3680 1659 3735 in
1684 3680 1850 3737 nobis

498 3786 523 3814 «
564 3767 615 3818 et
645 3761 810 3826 velle,
854 3766 911 3816 et
949 3758 1195 3830 operari.
1231 3761 1462 3814 Certum
1503 3763 1588 3814 est
1618 3774 1719 3815 nos
1761 3759 1850 3816 fa-

498 3863 524 3893 «
565 3857 709 3906 cere,
735 3856 866 3896 cum
910 3838 1150 3893 facimus
1182 3859 1195 3894 ε
1226 3837 1322 3894 sed
1356 3839 1456 3894 ille
1489 3838 1637 3906 facit,
1672 3843 1732 3893 ut
1760 3839 1849 3896 sa-

498 3945 522 3974 «
564 3921 799 3986 ciamuS,
865 3915 1171 3990 praebendo
1223 3918 1376 3974 vires
1432 3916 1848 3974 efficacissimas

496 4024 520 4053 «
563 3998 844 4056 voluntati
871 3998 1062 4070 (pende
1091 3996 1289 4066 verba),
1332 3996 1428 4069 qui
1460 3995 1608 4051 dixit
1642 3998 1839 4055 Ezech.

494 4104 518 4133 «
561 4083 660 4136 36:
702 4079 928 4134 Faciam
971 4082 1030 4131 ut
1071 4076 1132 4132 in
1156 4074 1658 4149 justificationibus
1698 4078 1845 4133 meis

491 4186 516 4215 «
559 4162 882 4227 ambuletis,
916 4164 973 4216 et
1007 4157 1226 4231 judicia
1267 4174 1396 4213 mea
1423 4156 1755 4225 observetis,
1788 4164 1844 4216 et

490 4267 515 4297 «
557 4243 797 4300 faciatis.
831 4245 973 4296 Cum
1002 4239 1180 4295 dicit:
1219 4239 1445 4295 Faciam
1494 4245 1555 4294 ut
1600 4239 1838 4307 faciatis,

489 4347 514 4377 «
554 4325 693 4398 quid
733 4323 890 4381 aliud
936 4321 1072 4378 dicit
1098 4320 1212 4376 nisi
1248 4341 1260 4375 :
1297 4321 1570 4377 Auferam
1609 4337 1642 4377 a
1677 4321 1842 4378 vobis

490 4429 514 4457 «
556 4422 652 4464 cor
693 4404 1001 4477 lapideum,
1050 4402 1202 4459 unde
1242 4418 1359 4459 non
1406 4401 1730 4470 faciebatis;
1784 4409 1841 4461 et

489 4508 515 4537 «
555 4485 702 4543 daho
739 4484 899 4542 vobis
937 4501 1034 4542 cor
1072 4499 1364 4551 carneum,
1400 4481 1550 4539 unde
1580 4482 1840 4540 faciatis?

488 4588 513 4616 «
557 4568 659 4623 Ille
705 4566 838 4623 iacit
881 4570 944 4620 ut
991 4565 1281 4630 faciamus,
1329 4563 1420 4619 cui
1481 4562 1620 4619 dicit
1666 4562 1839 4620 homo

489 4668 514 4696 «
558 4647 706 4702 Psal.
748 4647 883 4701 140:
917 4647 1092 4709 Pone,
1115 4644 1375 4710 Domine,
1408 4641 1720 4699 custodiam
1748 4644 1836 4699 ori

486 4746 511 4775 α
554 4741 682 4782 meo
700 4748 714 4791 3
745 4723 849 4781 hoc
873 4730 957 4781 est
983 4723 1141 4780 enim
1171 4722 1514 4779 dicerezFac
1543 4726 1603 4776 ut
1627 4735 1835 4792 ponam

486 4828 510 4857 «
553 4805 866 4863 custodiam
918 4805 1006 4863 ori
1054 4820 1183 4861 meo
1233 4826 1245 4860 :
1295 4804 1444 4877 quod
1490 4801 1835 4861 beneficium

397 4890 400 4893 ’
487 4908 512 4937 «
554 4885 653 4941 Dei
695 4886 815 4959 jam
865 4885 1053 4942 fuerat
1095 4889 1492 4957 consequutus,
1542 4883 1640 4955 qui
1687 4882 1837 4939 dixit

488 4990 514 5018 «
558 4967 707 5024 Psal.
742 4970 812 5021 38
846 4988 858 5022 :
887 4966 1054 5023 Posui
1087 4964 1399 5023 custodiam
1426 4966 1512 5023 ori
1536 4981 1682 5022 meo.
1716 4985 1742 5016 n
1775 4964 1836 5019 Si

1565 367 1657 422 DE
1696 365 1967 421 GRATIA
2007 365 2347 419 EFFlCACI.

2027 537 2211 610 gratia
2250 536 2447 594 efficax
2487 553 2605 594 non
2633 538 2784 611 parit
2809 553 2881 594 ex
2907 552 2968 593 se
3000 537 3133 593 illos
3157 535 3393 595 effectus

2028 620 2098 675 ab
2120 619 2437 692 Augustino
2461 621 2685 684 relatos,
2721 636 2836 676 non
2866 625 2952 676 est
2976 636 3078 678 cur
3101 620 3271 678 homo
3290 637 3392 678 eos

2027 716 2061 757 a
2088 704 2200 758 Deo
2230 702 2489 773 postulet,
2522 701 2619 759 sed
2649 703 2834 773 potius
2869 708 2986 758 tam
3018 705 3182 770 Deus,
3212 719 3385 775 quam

2026 781 2312 837 auxilium
2354 796 2385 836 a
2427 784 2539 838 Deo
2591 780 2937 839 descendens
2982 782 3380 855 expectabunt,

2024 860 2173 933 quod
2220 862 2486 917 voluntas
2528 869 2719 918 creata
2766 878 2828 918 se
2870 862 3237 929 determinet,
3290 864 3383 920 vel

2023 941 2226 995 saltem
2266 947 2587 1013 supponent
2635 943 2818 1014 ipsam
2857 942 3248 1000 conditionate
3279 941 3383 1000 de·-

2024 1019 2415 1077 terminatam.
2466 1020 2625 1084 Quod
2671 1021 2719 1077 si
2767 1020 3109 1087 admittitur,
3161 1023 3225 1078 in
3271 1037 3385 1094 quo

2022 1097 2346 1170 resplendet
2389 1101 2494 1155 illa
2526 1099 2762 1174 energia
2789 1099 3132 1157 efficacitatis
3158 1101 3376 1175 gratiae,

2020 1195 2143 1252 quae
2172 1196 2271 1253 per
2309 1181 2661 1237 Ezechielem
2701 1182 3045 1254 praedicitur,
3078 1189 3133 1239 et
3161 1182 3230 1238 ab
3256 1185 3378 1240 Au·

2018 1260 2246 1334 gustino
2288 1259 2666 1333 praedicatur?
2702 1261 3018 1319 videantur
3056 1278 3181 1335 quae
3218 1262 3374 1319 dixi-

2018 1356 2148 1395 mus
2175 1339 2319 1413 disp.
2348 1344 2403 1404 4,
2433 1341 2561 1397 dub.
2593 1342 2648 1405 6,
2679 1345 2710 1411 g
2742 1344 2786 1409 l,
2822 1341 2917 1398 ubi
2944 1340 3218 1413 quasdam
3253 1342 3375 1398 Ad-

2018 1420 2407 1477 versariorum
2431 1421 2728 1478 evasiones
2752 1422 3163 1494 praeclusimus.
3478 1452 3509 1487 ο

2097 1504 2217 1559 132.
2262 1502 2478 1560 Deinde
2499 1502 2651 1559 idem
2679 1502 2963 1576 significat
2989 1505 3284 1576 Scriptura
3308 1506 3371 1560 in
3402 1512 3562 1564 Expen-

2013 1585 2096 1640 eis
2118 1585 2272 1649 locis,
2304 1584 2367 1639 in
2388 1583 2595 1655 quibus
2616 1585 2818 1641 asserit
2837 1585 3118 1657 Spiritum
3138 1585 3369 1642 nomini
3403 1562 3553 1655 Ἥ*

2015 1665 2240 1723 insilire
2267 1667 2328 1721 in
2357 1666 2626 1739 aliquem,
2655 1666 2897 1723 induere
2925 1667 3196 1740 aliquem,
3221 1668 3368 1724 arri·
3396 1661 3575 1756 {fflgffi‘

2013 1760 2148 1817 pere
2174 1746 2444 1818 aliquem,
2487 1752 2591 1803 etc.
2633 1746 2950 1819 important
2987 1747 3146 1803 enim
3174 1762 3253 1804 eae
3282 1749 3371 1804 lo—
3569 1743 3577 1751 ’

2009 1828 2311 1899 quutiones
2348 1827 2625 1884 efficacem
2668 1827 2767 1884 Dei
2796 1828 3115 1901 impulsum
3142 1829 3214 1885 ad
3255 1830 3370 1886 ali-

2009 1906 2145 1981 quid
2168 1907 2472 1982 agendum,
2500 1914 2560 1964 ιιι
2585 1908 2767 1965 ludio.
2794 1911 2850 1976 6,
2874 1917 2923 1964 et
2955 1911 3037 1975 14,
3061 1917 3110 1965 et
3132 1909 3364 1967 Numer.
3380 1903 3559 1997 suffio.

2012 1988 2099 2053 24,
2128 1995 2178 2042 et
2213 1990 2231 2043 1
2274 1988 2401 2058 [τερ.
2450 1990 2532 2054 ιι,
2562 1995 2612 2043 ec
2652 1987 2853 2045 Ezeck.
2887 1963 3556 2061 21‚etspecia1i-1v‘1²2mer'.

2008 2073 2093 2124 ter
2129 2070 2145 2123 l
2194 2067 2537 2141 Paralipom.
2563 2088 2686 2142 cap.
2727 2072 2808 2136 12,
2838 2067 2934 2124 ubi
2962 2068 3173 2125 dicitur
3203 2069 3367 2143 :Spi·
3385 2051 3576 2144 11:312

2006 2152 2148 2205 ritus
2174 2149 2401 2206 Domini
2429 2151 2610 2206 induit
2649 2150 2848 2207 Abia-ai
2880 2153 3187 2224 principem
3226 2154 3367 2208 inter

2006 2235 2347 2302 triqz'nta‚.et
2391 2233 2541 2288 dimit
2569 2253 2587 2286 .·
2627 2233 2733 2290 Tui
2784 2251 2973 2290 sumus
3011 2234 3215 2299 David,
3262 2242 3361 2290 etc.

2005 2311 2164 2376 Quod
2192 2313 2593 2370 testimonium
2620 2313 2699 2368 sic
2722 2313 3159 2385 interpretatur,
3185 2320 3240 2370 et
3263 2328 3366 2386 pro

2001 2392 2193 2464 gratia
2228 2409 2300 2449 ex
2339 2410 2399 2450 se
2439 2393 2647 2450 efficaci
2674 2400 2867 2450 versat
2894 2396 2956 2450 D.
2987 2397 3223 2468 August.
3257 2392 3359 2449 lib.
3392 2379 3552 2432 ΒΑΜ

2002 2469 2072 2527 de
2098 2487 2317 2544 correp.
2363 2478 2419 2528 et
2460 2479 2604 2546 grat.
2646 2490 2766 2547 cap.
2819 2475 2881 2528 14
2918 2473 3232 2548 :Nunquid
3271 2474 3363 2529 ille

1998 2558 2170 2621 posset
2205 2552 2494 2606 adversari
2532 2553 2806 2609 voluntati
2836 2552 2953 2620 Dei,
2978 2561 3025 2608 et
3048 2571 3157 2608 non
3176 2555 3362 2625 potius

1998 2633 2111 2700 ejus
2137 2633 2318 2702 facere
2344 2632 2698 2700 voluntatem,
2727 2637 2823 2712 qui
2844 2637 2903 2688 in
2923 2636 3041 2704 ejus
3060 2637 3215 2690 corde
3234 2653 3362 2708 ope-

1996 2718 2156 2766 ratus
2188 2719 2264 2766 est
2299 2729 2400 2782 per
2446 2711 2727 2784 Spiritum
2765 2732 2944 2778 suum,
2989 2731 3093 2789 quo
3136 2716 3364 2772 indutus

1995 2799 2092 2856 est,
2136 2798 2195 2846 ut
2241 2793 2341 2847 hoc
2364 2792 2520 2846 vellet
2564 2794 2756 2858 dicere,
2799 2801 2849 2848 et
2883 2795 3100 2865 facere?
3127 2794 3257 2861 Ubi,
3301 2804 3365 2853 ut

1996 2871 2174 2939 videS,
2196 2888 2311 2929 non
2336 2879 2559 2930 revocat
2584 2873 2932 2948 Augustinus
2961 2874 3359 2933 infallibilita-

1995 2961 2109 3012 tem
2157 2956 2325 3027 hujus
2363 2954 2610 3020 effectus,
2643 2962 2699 3010 et
2738 2955 3135 3031 impotentiam
3179 2959 3356 3015 resis-

1993 3035 2148 3092 tendi
2204 3036 2488 3092 voluntati
2547 3034 2761 3092 divinae
2821 3036 2883 3093 in
2937 3039 3355 3110 praescientiam

1994 3114 2112 3181 Dei,
2159 3116 2249 3171 vel
2291 3116 2355 3171 in
2401 3115 2853 3187 suppositionem
2894 3117 3076 3190 ipsius
3115 3127 3359 3178 eventus

1990 3195 2377 3253 conditionate
2418 3196 2629 3262 iuturi;
2661 3195 2757 3252 sed
2795 3197 2856 3252 in
2897 3198 3177 3270 Spiritum
3226 3203 3348 3265 Dei,

1988 3277 2085 3348 qui
2116 3276 2511 3348 potentissime
2553 3277 2616 3332 in
2656 3276 2824 3333 corde
2862 3275 3058 3335 Abisa1
3085 3288 3354 3352 operatus

1988 3363 2088 3423 est,
2116 3363 2177 3411 ut
2204 3357 2375 3413 vellet
2396 3357 2476 3413 sic
2498 3356 2704 3421 dicere,
2732 3363 2789 3414 et
2809 3356 3011 3416 facere.
3040 3361 3204 3418 Unde
3226 3379 3352 3435 per-
3460 3398 3463 3399 ν

1986 3437 2068 3511 git
2101 3439 2156 3493 S.
2191 3438 2435 3493 Doctor:
2468 3437 2609 3494 Item
2644 3439 2815 3510 paulo
2853 3448 2971 3511 post
2994 3442 3244 3514 -(nempe
3284 3444 3349 3500 in

1984 3516 2185 3573 eodem
2206 3521 2354 3589 cap.)
2381 3520 2461 3572 ait
2484 3518 2670 3573 eadem
2703 3518 2997 3592 Scriptura
3027 3542 3040 3576 ε
3071 3544 3097 3574 α
3139 3524 3351 3580 Omnes

1990 3618 2016 3650 «
2058 3598 2119 3653 hi
2147 3599 2263 3653 viri
2305 3597 2610 3655 bellatores
2646 3597 2959 3674 dirigentes
2981 3602 3158 3659 aciem
3182 3603 3351 3661 corde

1988 3698 2017 3730 «
2058 3677 2288 3749 pacifico
2328 3684 2611 3735 venerunt
2652 3680 2715 3735 in
2751 3680 3001 3746 Hebron,
3036 3688 3101 3738 ut
3130 3684 3347 3740 consti-

1988 3780 2013 3809 «
2056 3762 2282 3814 tuerent
2321 3758 2501 3814 David
2541 3775 2714 3832 super
2760 3761 2952 3818 Israel.
2992 3763 3104 3819 Sua
3150 3763 3345 3836 utique

1987 3859 2012 3889 «
2053 3838 2348 3896 voluntate
2368 3839 2461 3894 isti
2484 3841 2902 3897 constituerunt
2924 3857 3112 3915 regem
3135 3844 3336 3901 David.

1986 3938 2011 3969 «
2054 3917 2193 3980 Quis
2232 3933 2349 3973 non
2385 3917 2614 3975 videat?
2654 3918 2792 3983 Quis
2835 3919 2938 3976 hoc
2974 3925 3175 3994 neget?
3210 3925 3338 3979 Non

1984 4018 2008 4048 «
2050 3999 2209 4054 enim
2234 3999 2336 4055 hoc
2360 4014 2475 4054 non
2498 4013 2568 4054 ex
2590 3998 2805 4064 animo,
2833 4005 2928 4056 aut
2951 4016 3067 4057 non
3088 4017 3159 4058 ex
3189 4001 3338 4060 bona

1983 4099 2008 4129 «
2052 4079 2348 4135 voluntate
2376 4078 2632 4135 fecerunt
2675 4079 2843 4135 corde
2871 4079 3134 4153 pacific0;
3164 4087 3220 4139 et
3248 4088 3338 4140 ta-

1982 4180 2006 4211 «
2050 4175 2185 4216 men
2209 4160 2396 4216 hocin
2417 4161 2501 4216 eis
2520 4160 2652 4233 egit,
2669 4160 2764 4232 qui
2783 4160 2844 4216 in
2859 4160 3125 4218 cordibus
3144 4163 3339 4220 homi—

1981 4259 2007 4289 «
2049 4255 2191 4295 num
2239 4238 2388 4311 quod
2431 4239 2680 4296 voluerit
2705 4242 2834 4310 (non
2882 4243 3023 4317 quod
3042 4246 3341 4315 praescierit

1980 4340 2004 4372 «
2048 4322 2192 4393 ipsos
2220 4320 2373 4391 velle)
2416 4325 2705 4392 operatur.
2739 4321 2981 4393 Propter
3014 4322 3163 4394 quod
3192 4341 3341 4397 prze-

1979 4422 2004 4453 «
2046 4402 2207 4457 misit
2227 4401 2541 4474 Scriptura.
2567 4404 2636 4456 Et
2657 4399 2987 4459 ambulabat
3008 4403 3189 4460 David
3212 4421 3341 4478 pro-

1978 4505 2003 4535 «
2046 4481 2263 4549 ficienS,
2311 4488 2369 4539 et
2413 4480 2905 4557 magnificabatur,
2954 4488 3012 4539 et
3055 4485 3336 4543 Dominus

1978 4585 2003 4614 «
2045 4561 2409 4634 omnipotens
2434 4564 2518 4632 (en
2546 4561 2785 4617 radicem
2806 4564 2973 4618 totius
2992 4565 3260 4637 efficaciae,
3283 4573 3336 4622 et

1977 4665 2002 4695 «
2044 4642 2185 4720 quod
2220 4643 2301 4699 sio
2337 4643 2600 4698 occideret
2635 4643 2843 4714 David)
2868 4648 2992 4700 erat
3030 4660 3158 4700 cum
3206 4644 3331 4705 illo.

1976 4745 2003 4775 «
2043 4727 2121 4778 Ac
2138 4738 2238 4795 per
2259 4723 2364 4779 hoc
2388 4722 2663 4780 Dominus
2684 4724 3071 4795 omnipotens,
3096 4726 3192 4798 qui
3210 4732 3336 4783 erat

1976 4825 2001 4855 «
2043 4819 2173 4860 cum
2196 4803 2318 4869 illo,
2339 4802 2574 4861 adduxit
2591 4804 2819 4871 istos,ut
2839 4820 2972 4860 eum
2990 4821 3183 4879 regem
3205 4822 3336 4865 con·

1976 4906 2000 4937 «
2042 4885 2363 4941 stituerent.
2386 4887 2453 4939 Et
2468 4884 2753 4958 quomodo
2773 4885 3047 4942 adduxit?
3062 4889 3334 4962 Nunquid

1975 4989 2001 5020 «
2042 4965 2435 5039 corporalibus
2453 4967 2848 5025 ullisvinculis
2858 4968 3119 5043 alligavit
3134 4973 3160 5025 P
3177 4973 3336 5028 Intus

3192 5050 3327 5124 egit,
