3647 5753
489 376 600 433 536
1436 374 1531 428 DE
1570 372 2153 428 JUSTIFICATIONE
2193 374 2399 430 IMPII.

491 541 741 591 revelantur,
759 540 866 584 sicut
883 538 1037 582 dicitur
1055 538 1152 582 Job.
1169 541 1220 582 33
1235 538 1432 590 :Quando
1450 538 1574 582 irruit
1591 549 1714 592 sopor
1729 547 1853 591 snper

489 597 691 647 homines,
706 601 750 639 et
762 595 970 639 dormiunt
990 595 1032 638 in
1055 596 1218 644 lectulo.
1240 601 1337 639 tunc
1353 596 1489 649 aperit
1504 605 1627 639 aures
1640 595 1823 638 virorum
1839 610 1851 646 ;

486 657 531 698 et
545 652 743 696 erudiens
760 662 847 701 eos.
872 650 1040 695 instruit
1058 651 1334 704 disciplinam.

535 707 602 750 Ad
622 708 789 751 tertium
805 707 1039 751 dicendum.
1054 707 1161 760 quod
1179 707 1221 750 in
1236 708 1447 752 infusione
1458 706 1603 760 gratim
1619 706 1851 761 justifican-

485 764 541 808 tis
557 771 622 809 est
638 764 825 818 quaedam
845 764 1130 808 transmutatio
1147 762 1296 808 animae
1312 765 1511 816 hunricum,
1530 769 1573 809 et
1601 764 1698 808 ideo
1715 762 1851 816 requi-

485 823 592 867 ritur
610 827 742 865 motus
760 823 949 876 proprius
973 821 1121 865 animae
1159 821 1359 873 humanm,
1397 826 1442 866 ιιι
1466 823 1605 865 anima
1637 826 1851 864 moveatur

483 879 708 925 secundum
726 880 891 923 modum
909 890 1040 923 suum.
1062 879 1144 923 Sed
1165 880 1427 924 conservatio
1445 880 1589 933 gratiae
1605 884 1669 923 est
1693 879 1850 931 absque

483 935 842 986 transmutatione.
862 934 973 978 unde
990 944 1073 977 non
1092 934 1318 988 requiritur
1334 935 1488 989 aliquis
1507 940 1639 980 motus
1653 944 1705 979 ex
1731 938 1850 987 parte

482 993 649 1045 animae,
668 992 745 1037 sed
762 993 850 1036 sola
868 991 1127 1036 continuatio
1145 991 1327 1036 influxus
1345 991 1495 1036 divini.

560 1131 851 1190 Conclusio
879 1152 898 1186 :
924 1133 999 1189 Ut
1026 1131 1243 1205 impius
1268 1146 1439 1189 usum
1469 1129 1710 1189 rationis
1736 1130 1846 1185 ha-

478 1212 1023 1349 ggiatrjititstifieetur,
1077 1213 1394 1287 requiritur
1440 1216 1627 1267 motus
1674 1210 1845 1268 liberi

955 1467 1272 1512 ARTICULUS
1297 1470 1357 1512 1v

593 1580 738 1622 Utrum
762 1578 1184 1687 adjustaeficatioffim·
1199 1580 1320 1634 impii
1344 1580 1588 1634 requiratur
1614 1583 1750 1623 motus

1139 1648 1195 1680 ez.

530 1765 599 1809 Ad
615 1771 806 1821 quartum
823 1763 886 1809 sic
906 1765 1156 1818 proceditur.
1178 1765 1368 1817 videtur,
1388 1765 1497 1820 quod
1513 1765 1569 1809 ad
1582 1764 1846 1818 Jusuflcatto·

481 1832 576 1868 nem
595 1822 711 1876 impii
732 1831 813 1864 non
833 1821 1067 1874 requiratur
1084 1826 1218 1865 motus
1237 1822 1349 1866 lidei.
1370 1822 1487 1865 Sicut
1504 1822 1617 1865 euim
1631 1832 1706 1875 per
1722 1822 1847 1866 tidem

476 1879 724 1933 iustificatur
744 1881 880 1928 nome,
899 1876 957 1919 ita
976 1877 1102 1921 etiam
1119 1884 1162 1922 et
1182 1887 1253 1931 per
1271 1878 1456 1932 quaedam
1473 1879 1572 1930 alia.
1591 1878 1755 1922 scilicet
1772 1888 1847 1931 per

479 1936 684 1987 timorem,
705 1936 758 1984 de
776 1945 857 1988 quo
867 1934 1019 1980 dicitur
1038 1939 1153 1981 Ειϊι.
1172 1940 1208 1980 1:
1224 1936 1367 1980 Timor
1377 1935 1547 1979 Domini
1564 1936 1738 1989 expellit
1750 1946 1846 1990 pec·

478 1998 614 2037 catum
631 2012 642 2045 ς
674 2006 768 2037 nam
788 1992 857 2046 qui
877 1993 969 2037 sine
991 1993 1139 2039 timore
1158 2003 1241 2043 est.
1264 2004 1346 2037 non
1365 2000 1518 2046 poterit
1531 1993 1752 2047 justificari
1773 2000 1848 2040 :et

479 2050 627 2094 iterum
661 2062 732 2104 per
762 2050 1017 2098 charitatem,
1051 2050 1277 2094 secundum
1309 2050 1412 2094 illud
1441 2053 1545 2094 Luc.
1584 2055 1636 2094 ’ἵε
1660 2050 1846 2095 Dimissa

478 2113 574 2152 suut
607 2110 648 2153 ei
678 2115 845 2162 peccata
862 2108 1003 2157 multa.
1025 2111 1218 2160 quoniam
1237 2109 1385 2153 dilexit
1403 2115 1575 2153 muitum
1595 2127 1605 2152 :
1633 2114 1674 2153 et
1694 2107 1845 2152 iterum

476 2174 551 2217 per
569 2165 855 2210 humilitatem.
874 2164 1100 2208 secundum
1118 2164 1223 2208 illud
1242 2167 1336 2208 Jac.
1356 2168 1383 2208 4
1404 2183 1415 2209 ι
1436 2167 1552 2209 Deus
1574 2164 1764 2218 superbis
1782 2175 1846 2210 re·

476 2220 604 2274 sistit,
625 2223 852 2266 humilibus
867 2228 1004 2267 autem
1022 2222 1093 2266 dat
1110 2223 1283 2275 gratiam
1300 2242 1310 2267 ε
1328 2228 1371 2268 ει
1400 2229 1550 2267 iterum
1578 2232 1652 2276 per
1681 2223 1846 2269 miseri·

477 2280 676 2333 cordiam.
695 2281 921 2325 secundum
938 2281 1046 2325 illud
1069 2282 1268 2324 Proverb.
1290 2282 1364 2325 15:
1385 2284 1465 2327 Per
1495 2281 1842 2333 misericordiam,

475 2343 519 2382 et
539 2338 661 2381 tidem
682 2345 905 2391 purgantur
922 2344 1105 2390 peccata.
1124 2340 1218 2381 Non
1235 2348 1337 2391 ergo
1353 2339 1484 2392 magis
1501 2344 1634 2381 motus
1661 2338 1758 2383 tldei
1782 2349 1845 2383 re·

477 2395 655 2446 quiritur
670 2396 723 2437 ad
740 2394 1082 2447 justificationem
1102 2394 1236 2448 impii,
1257 2406 1377 2449 quam
1395 2400 1529 2440 motus
1553 2395 1845 2449 praedictarum

478 2449 690 2492 virtutum.

524 2508 564 2547 2.
585 2508 814 2550 Praeterea:
831 2507 958 2550 Actus
972 2506 1069 2550 ndei
1086 2516 1167 2549 non
1181 2507 1408 2561 requiritur
1419 2507 1473 2550 ad
1485 2506 1843 2560 justificationem,

477 2562 561 2605 nisi
579 2562 624 2605 in
643 2568 838 2614 quantum
857 2573 930 2615 per
949 2563 1070 2606 fldem
1090 2563 1210 2608 homo
1227 2565 1438 2616 cognoscit
1452 2566 1585 2607 Deum
1604 2563 1702 2607 :sed
1716 2565 1846 2607 etiam

473 2619 573 2664 aliis
592 2619 727 2661 modis
744 2625 878 2671 potest
912 2619 1031 2663 bomo
1049 2622 1181 2665 Deum
1200 2629 1464 2674 cognoscere,
1483 2619 1647 2664 scilicet
1676 2630 1750 2674 per
1766 2631 1843 2664 co-

475 2674 705 2729 gnitionem
724 2674 969 2724 naturalem.
986 2680 1029 2718 et
1047 2685 1118 2728 per
1136 2676 1286 2719 donum
1300 2676 1516 2729 sapientiae
1532 2694 1544 2719 ε
1563 2685 1663 2729 ergo
1682 2687 1763 2720 non
1781 2687 1845 2722 re·

476 2733 655 2786 quiritur
673 2737 789 2774 actus
808 2731 904 2776 ndei
923 2733 975 2775 ad
992 2732 1331 2783 justificationem
1351 2732 1481 2785 impii.

525 2794 566 2834 3.
585 2792 792 2834 Praeterea
811 2808 821 2832 :
850 2789 1019 2833 Diversi
1045 2796 1142 2834 sunt
1170 2791 1335 2834 articuli
1357 2791 1453 2834 fidei
1473 2808 1483 2841 ;
1505 2789 1542 2832 si
1571 2789 1698 2843 igitur
1728 2797 1845 2836 actus

475 2847 575 2893 ssdei
589 2846 819 2900 requiratur
830 2847 883 2891 ad
895 2846 1234 2899 justificationem
1250 2848 1549 2902 impii‚vi‹1etur
1563 2849 1672 2904 quod
1683 2856 1845 2903 oporte-

474 2910 540 2948 ret
557 2903 779 2954 bominem‚
794 2904 957 2957 quando
969 2904 1099 2957 primo
1106 2906 1369 2959 justificatur.
1382 2906 1434 2949 de
1447 2906 1640 2950 omuibus
1655 2908 1845 2951 articulis

475 2960 577 3005 ndei
595 2959 781 3012 cogitare
797 2978 807 3003 ι
826 2960 901 3003 sed
916 2960 991 3004 hoc
1009 2961 1174 3006 videtur
1191 2961 1503 3012 inconveniens.
1518 2973 1610 3006 cum
1624 2962 1721 3007 talis
1734 2966 1844 3016 cogi-

474 3019 754 3070 tatiolougam
775 3017 970 3068 temporis
998 3031 1152 3064 moram
1172 3020 1368 3075 requirat.
1397 3022 1510 3072 Ergo
1533 3021 1712 3073 videtur.
1732 3024 1843 3075 quod

471 3081 588 3119 actus
601 3076 698 3119 ssdei
720 3086 801 3118 uon
822 3076 1053 3129 requiratur
1070 3077 1122 3120 ad
1140 3076 1479 3128 justificationem
1509 3077 1642 3131 impii.

515 3134 601 3177 sed
626 3140 768 3177 contra
785 3138 864 3183 est,
885 3134 993 3186 quod
1013 3133 1167 3179 dicitur
1185 3137 1304 3179 Rom.
1322 3137 1349 3179 5
1369 3155 1380 3180 ε
1399 3136 1425 3178 J
1430 3135 1625 3179 ustificati
1654 3146 1706 3181 ex
1740 3137 1840 3191 lide,

472 3202 615 3244 pacem
634 3192 856 3236 habeamus
871 3192 923 3234 ad
952 3192 1098 3236 Deum.

525 3250 775 3303 Respondeo
794 3250 1031 3299 dicendum.
1046 3252 1156 3304 quod
1170 3251 1277 3296 sicut
1295 3251 1449 3295 dictum
1467 3258 1547 3303 est.
1561 3258 1696 3297 motus
1713 3252 1841 3297 liberi

471 3308 639 3355 arbitrii
654 3308 878 3361 requiritur
894 3307 948 3350 ad
962 3306 1302 3360 justificationem
1320 3310 1453 3363 impii,
1480 3311 1707 3355 secundum
1730 3311 1842 3366 quod

470 3376 588 3410 mens
620 3364 799 3408 hominis
829 3370 1055 3408 movetura
1073 3368 1177 3410 Deo.
1200 3366 1467 3410 Deuffuutem
1494 3374 1631 3413 movet
1659 3368 1842 3412 animam

472 3422 653 3467 bominis
670 3422 950 3467 convertendo
967 3433 1057 3466 eam
1075 3423 1128 3467 ad
1147 3423 1341 3477 scipsum,
1363 3429 1405 3469 ut
1424 3424 1577 3469 dicitur
1598 3426 1642 3469 in
1676 3428 1838 3470 Psalm.

468 3485 535 3533 84,
554 3481 780 3524 secundum
798 3481 921 3524 aliam
939 3480 1118 3531 literam,
1138 3483 1256 3525 Deus
1273 3486 1317 3525 tu
1333 3487 1581 3526 convertens
1605 3482 1842 3527 vivificabis

470 3548 574 3582 nos:
594 3544 636 3580 et
656 3538 752 3581 ideo
769 3538 820 3581 ad
837 3536 1178 3589 justificationem
1198 3538 1313 3591 impii
1332 3539 1558 3592 requiritur
1571 3546 1705 3584 motus
1729 3550 1841 3585 meu·

472 3598 542 3649 ιίε,
577 3607 658 3651 quo
676 3597 933 3641 convertitur
960 3598 1003 3639 in
1031 3599 1179 3641 Deum.
1213 3598 1349 3642 Prima
1380 3603 1518 3643 autem
1547 3599 1764 3643 conversio
1793 3599 1839 3642 in

468 3655 603 3697 Deum
623 3654 668 3696 nt
685 3664 758 3705 per
778 3654 916 3704 fldem,
936 3653 1161 3697 secundum
1180 3652 1286 3696 illud
1310 3655 1363 3697 ad
1381 3656 1510 3707 Hebe.
1530 3658 1602 3698 11:
1627 3655 1840 3699 Acceden-

468 3715 553 3754 tem
570 3710 624 3752 ad
643 3712 777 3754 Deum
805 3715 967 3763 oportet
983 3711 1171 3759 credere.
1192 3711 1288 3763 quia
1303 3716 1384 3755 est.
1402 3714 1457 3755 Et
1474 3711 1571 3757 ideo
1586 3717 1721 3755 motus
1738 3711 1836 3756 fidei

470 3766 696 3820 requiritur
714 3767 768 3810 ad
783 3766 1125 3819 Justiflcationem
1146 3766 1278 3819 impii.

519 3822 587 3865 Ad
607 3822 782 3875 primum
798 3833 897 3875 ergo
916 3823 1154 3875 dicendum,
1174 3823 1282 3875 quod
1302 3827 1438 3866 motus
1456 3823 1551 3867 ndei
1569 3834 1652 3867 non
1669 3828 1734 3868 est
1747 3834 1839 3877 per-

471 3880 618 3930 fectus,
638 3878 721 3922 nisi
741 3880 798 3923 sit
813 3879 1011 3922 charitate
1029 3878 1297 3937 informatuse
1317 3880 1426 3924 unde
1443 3880 1566 3925 simul
1581 3880 1623 3923 in
1633 3881 1839 3934 justifica-

472 3937 587 3981 tione
605 3936 720 3988 impii
738 3947 829 3979 cum
848 3942 960 3980 motu
980 3936 1076 3979 ndei
1095 3940 1158 3979 est
1174 3936 1298 3980 etiam
1319 3943 1451 3981 motus
1482 3937 1697 3983 charitatis
1719 3958 1729 3983 ε
1750 3950 1838 3984 mo-

473 3996 594 4036 vetur
609 3997 744 4034 autem
765 3991 940 4035 liberum
963 3991 1179 4034 arbitrium
1201 3991 1245 4034 in
1262 3993 1395 4036 Deum
1411 3993 1464 4036 ad
1485 3994 1575 4045 hoc.
1596 3995 1704 4046 quod
1722 3995 1763 4039 ei
1790 4006 1837 4039 se

474 4046 668 4099 subjiciat
687 4066 699 4097 ς
727 4047 834 4091 unde
852 4046 978 4090 etiam
996 4045 1202 4089 concurrit
1219 4053 1336 4091 actus
1353 4048 1514 4092 timoris
1532 4050 1688 4102 filialis,
1702 4056 1745 4095 et
1759 4062 1835 4094 ac-

473 4108 540 4146 tus
559 4102 817 4146 humilitatis.
846 4100 1060 4153 Contingit
1075 4111 1185 4145 enim
1203 4114 1341 4154 unum.
1361 4109 1403 4148 et
1420 4106 1597 4148 eundem
1623 4110 1757 4148 actum
1784 4106 1838 4149 li-

471 4159 562 4204 beri
580 4157 745 4202 arbitrii
767 4158 1024 4202 diversarum
1044 4157 1239 4202 virtutum
1258 4168 1367 4209 esse.
1387 4160 1611 4204 secundum
1629 4163 1738 4214 quod
1756 4173 1837 4207 una

471 4217 659 4270 imperat,
678 4220 722 4259 et
737 4216 821 4258 alia
842 4215 1077 4268 imperatur.
1099 4221 1217 4267 prout
1234 4215 1398 4260 scilicet
1413 4222 1529 4261 actus
1541 4224 1606 4261 est
1624 4219 1837 4263 ordinabi-

467 4274 524 4317 lis
557 4273 613 4316 ad
632 4272 821 4315 diversos
850 4273 967 4316 fines.
998 4274 1125 4315 Actus
1149 4278 1286 4317 autem
1316 4272 1614 4318 misericordiae
1643 4284 1836 4329 operatur

468 4330 581 4372 circa
612 4334 819 4380 peccatum
846 4337 917 4379 per
948 4329 1112 4372 niodum
1143 4328 1454 4380 satisfactionis
1485 4335 1528 4373 et
1558 4331 1620 4374 sic
1648 4336 1836 4385 sequitur

464 4383 834 4436 justificationem
856 4383 919 4428 vel
939 4395 1012 4437 per
1031 4386 1194 4429 modum
1219 4385 1545 4440 praeparationis,
1578 4398 1621 4430 in
1640 4394 1836 4441 quantum

464 4438 760 4485 misericordes
777 4440 1106 4485 misericordiam
1126 4440 1430 4494 consequuntur
1445 4460 1456 4493 ς
1478 4449 1521 4487 et
1536 4442 1599 4487 sic
1616 4444 1742 4488 etiam
1762 4458 1836 4500 po-

466 4504 549 4544 test
566 4497 801 4550 praecedere
814 4496 1167 4549 justificationem,
1186 4499 1252 4542 vel
1273 4498 1399 4542 etiam
1414 4498 1468 4541 ad
1493 4498 1836 4551 justificationem

467 4561 715 4597 concurrere
736 4550 861 4594 simul
879 4563 970 4595 cum
990 4552 1202 4605 praedictis
1221 4552 1459 4604 virtutibus,
1478 4557 1705 4602 secundum
1723 4561 1835 4613 quod

465 4608 756 4657 misericordia
774 4608 999 4653 includitur
1017 4610 1061 4653 in
1080 4609 1307 4654 dilectione
1324 4609 1516 4663 proximi.

514 4667 583 4709 Ad
594 4665 820 4709 secundum
837 4664 1072 4717 dicendum,
1092 4666 1202 4719 quod
1220 4676 1293 4719 per
1308 4663 1585 4723 coguitionem
1608 4672 1835 4716 naturalem

467 4725 589 4768 homo
621 4734 705 4767 non
736 4722 990 4766 convertitur
1017 4724 1060 4767 ln
1076 4726 1225 4776 Deum,
1257 4723 1302 4766 in
1320 4729 1517 4776 quantum
1542 4732 1606 4770 est
1624 4729 1836 4781 objectum

465 4780 755 4830 beatitudiuis,
768 4784 811 4823 et
825 4778 1138 4831 justificationis
1155 4792 1274 4826 causa
1294 4780 1427 4825 :unde
1445 4781 1542 4826 talis
1553 4785 1739 4837 cognitio
1751 4797 1836 4831 non

467 4841 617 4885 sufficit
633 4839 686 4884 ad
699 4836 1054 4890 justificationem.
1073 4841 1237 4884 Donum
1254 4843 1391 4883 autem
1410 4842 1628 4892 sapientiae
1655 4854 1837 4898 praesup-

467 4897 585 4949 pontt
598 4892 880 4948 cognitionem
897 4893 1010 4946 fidei,
1030 4901 1075 4939 ut
1094 4905 1145 4939 ex
1164 4894 1417 4952 supradictis
1435 4901 1558 4948 patet.

515 4950 582 4994 Ad
603 4952 769 4995 tertium
789 4949 1025 5002 dicendum.
1044 4951 1154 5006 quod
1171 4955 1278 4996 sicut
1296 4954 1439 5004 Apost.
1456 4952 1557 4996 dicit
1574 4955 1626 4998 ad
1650 4957 1769 5000 Rom.
1791 4961 1835 5001 42

464 5008 663 5055 credenti
675 5007 718 5053 in
730 5017 837 5059 eum.
855 5008 924 5060 qui
939 5008 1141 5060 justilicat
1152 5009 1336 5062 impium,
1355 5011 1608 5062 reputabitur
1619 5014 1726 5060 tides
1741 5024 1837 5068 eius

1981 535 2036 580 ad
2051 534 2521 600 justitiam.,sccundum
2545 540 2797 592 propositum
2822 541 2966 592 gratiae
2978 544 3073 588 Dei.
3095 546 3158 587 Ex
3174 555 3256 598 quo
3272 555 3349 598 pa-

1982 595 2062 642 tet,
2084 591 2194 646 quod
2214 592 2563 645 injustificatione
2581 595 2697 648 impii
2717 597 2942 650 requiritur
2957 603 3071 642 actus
3090 599 3204 651 ndei.
3221 611 3348 654 quan·

1982 652 2066 692 tum
2081 648 2149 712 ‚ad
2182 649 2275 700 boc.
2299 651 2409 704 quod
2441 652 2561 695 homo
2589 653 2731 696 credat
2758 655 2893 700 Deum
2920 655 3349 709 essejustitlcatorem

1982 704 2191 749 hominum
2217 715 2290 759 ρει·
2307 708 2549 762 mysterium
2567 709 2736 753 curisti.

2059 843 2351 902 Conclusio
2373 865 2392 903 .·
2419 846 2503 902 Ad
2527 846 2995 921 justificationem
3023 850 3193 925 impii
3232 867 3339 910 ne-

1982 926 2260 983 cessarius
2287 932 2372 984 est
2396 932 2585 985 motus
2605 927 2758 987 fidei.

2465 1113 2781 1156 ABTICULUS
2808 1116 2859 1156 V.

2035 1223 2180 1268 Utrum
2197 1223 2253 1268 ad
2260 1224 2611 1278 justificationem
2621 1228 2744 1280 impii
2761 1227 3005 1279 requiratur
3021 1230 3155 1271 motu
3168 1228 3294 1274 liberi

2416 1285 2593 1328 arbitrii
2614 1289 2660 1328 m
2678 1288 2903 1338 peccatum.

2027 1421 2093 1464 Ad
2124 1421 2310 1476 quintum
2329 1420 2392 1465 sic
2424 1424 2674 1476 proceditur.
2695 1423 2872 1467 Videtur
2889 1424 2998 1476 quod
3017 1424 3071 1467 ad
3086 1423 3342 1476 justificatio·

1980 1484 2075 1520 nem
2108 1476 2228 1529 impii
2253 1485 2337 1519 non
2363 1478 2595 1530 requiratur
2623 1484 2756 1522 motus
2782 1478 2906 1523 liberi
2939 1479 3106 1523 arbitrii
3134 1481 3179 1523 in
3208 1491 3343 1534 pecca-

1979 1537 2079 1575 tum.
2116 1533 2212 1576 Sola
2251 1531 2365 1576 enim
2407 1533 2586 1578 charitas
2624 1533 2773 1579 sufficit
2804 1535 2858 1577 ad
2897 1536 3149 1580 deletionem
3175 1538 3342 1589 pcccati,

1979 1591 2206 1634 secundum
2233 1590 2338 1634 illud
2363 1592 2490 1635 Pron.
2528 1597 2587 1635 10.
2629 1593 2833 1636 Universa
2860 1593 3012 1637 delicta
3045 1596 3178 1648 operit
3203 1595 3342 1640 cbari-

1979 1651 2071 1691 tas:
2103 1648 2178 1692 sed
2197 1649 2411 1693 eharitatis
2437 1651 2646 1704 objectum
2673 1662 2755 1694 non
2780 1656 2845 1695 est
2872 1657 3084 1704 peccatum
3109 1671 3120 1695 ε
3143 1662 3242 1705 ergo
3261 1660 3340 1696 non

1980 1704 2205 1757 requiritur
2230 1705 2286 1750 ad
2310 1707 2652 1761 justificationem
2679 1707 2793 1760 impii
2822 1712 2955 1752 motus
2975 1708 3097 1752 liberi
3115 1708 3279 1753 arbitrii
3299 1708 3341 1752 in

1977 1769 2206 1815 peccatum.

2026 1825 2066 1865 2.
2088 1825 2294 1868 Praeterea
2311 1842 2321 1866 ι
2341 1822 2420 1874 Qui
2440 1823 2485 1866 in
2501 1823 2708 1868 anteriora
2728 1823 2877 1873 tendit.
2895 1824 2950 1868 ad
2969 1825 3200 1878 posteriora
3214 1825 3344 1877 respi-

1978 1889 2074 1924 cere
2101 1892 2183 1925 non
2202 1883 2342 1932 debet,
2363 1882 2592 1926 secundum
2610 1881 2714 1925 illud
2740 1884 2889 1935 Apate.
2908 1883 2964 1924 ad
2979 1882 3166 1936 Pliile‘plu
3184 1886 3222 1925 8.
3241 1884 3341 1933 Quae

1978 1936 2146 1991 quidem
2164 1944 2274 1982 retro
2285 1944 2396 1990 sunt,
2413 1936 2692 1989 oblivisceus;
2717 1939 2770 1982 ad
2787 1949 2836 1983 ea
2857 1949 2957 1983 vero
2972 1949 3064 1992 quae
3081 1945 3173 1982 sunt
3189 1939 3341 1992 priora.

1975 1994 2206 2039 extendeus
2223 1997 2436 2050 meipsum,
2455 1997 2508 2039 ad
2533 1997 2786 2041 destinatum
2811 2006 3038 2052 persequor
3075 1998 3257 2041 bravium
3275 2009 3341 2042 su-

1977 2062 2117 2105 pernae
2141 2054 2371 2098 vocationis
2407 2054 2490 2097 Sed
2511 2053 2697 2097 tendenti
2728 2053 2990 2106 injustitiam
3010 2060 3232 2099 retrorsum
3247 2060 3345 2099 sunt

1976 2114 2143 2160 pecoeta
2162 2110 2371 2162 praeterita
2395 2119 2523 2163 :ergo
2537 2119 2681 2153 eorum
2700 2109 2824 2154 debet
2842 2109 3049 2161 oblivisci,
3075 2113 3209 2156 necin
3228 2121 3278 2155 ea
3296 2120 3344 2155 εε

1978 2163 2104 2207 debet
2126 2165 2355 2209 extendere
2374 2176 2444 2219 per
2463 2171 2616 2209 motum
2636 2165 2758 2208 liberi
2776 2165 2956 2209 arbitrii.

2025 2223 2063 2262 3.
2084 2223 2290 2264 Pru-terea
2311 2240 2322 2263 :
2342 2225 2392 2264 In
2419 2221 2720 2275 justificatione
2739 2221 2856 2274 impii
2878 2233 2957 2265 non
2978 2221 3199 2266 remittitur
3216 2233 3344 2267 unum

1978 2281 2186 2329 peccatum
2198 2277 2291 2327 siue
2305 2277 2412 2328 alio:
2429 2277 2597 2328 impium
2611 2278 2725 2320 enim
2735 2284 2799 2322 est
2810 2289 2833 2320 a
2847 2280 2937 2321 Deo
2949 2276 3161 2322 dimidiam
3171 2287 3345 2331 sperare

1977 2335 2168 2378 veniam:
2192 2335 2228 2378 si
2251 2335 2377 2387 igitur
2396 2335 2440 2378 in
2457 2335 2885 2390 justificatioueimpii
2911 2342 3068 2390 oportet
3085 2335 3266 2380 liberum
3277 2347 3346 2381 ar·

1977 2390 2148 2434 bitrium
2167 2393 2320 2436 moveri
2340 2399 2481 2435 contra
2500 2398 2726 2446 peccatum.
2741 2394 3064 2446 oporteretquod
3080 2394 3131 2438 de
3147 2393 3346 2437 omnibus

1977 2448 2157 2500 peccatis
2173 2448 2261 2491 suis
2277 2449 2492 2500 cogitaret.
2511 2449 2621 2503 quod
2636 2448 3234 2495 videturinconveniens21um
3245 2448 3345 2503 quia

1978 2504 2204 2556 requiritur
2233 2515 2424 2556 magnum
2455 2511 2613 2558 ιειιιριιε
2648 2505 2701 2548 ad
2739 2505 2971 2558 hujusmodi
3007 2507 3302 2561 cogitationem
3328 2525 3342 2550 a

1977 2563 2060 2603 tum
2079 2564 2205 2603 etiam
2218 2561 2312 2613 quia
2327 2567 2584 2614 peccatorum
2598 2572 2771 2614 quorum
2782 2567 2847 2605 est
2860 2563 2978 2605 homo
2990 2563 3161 2614 oblitus»,
3180 2563 3344 2607 veniam

1977 2614 2128 2658 lubere
2149 2625 2231 2658 non
2250 2623 2400 2668 posset.
2428 2620 2539 2670 Ergo
2570 2624 2703 2661 motus
2722 2617 2847 2662 liberi
2870 2617 3038 2662 arbitrii
3069 2617 3114 2662 iu
3132 2624 3343 2671 peccatum

1977 2681 2060 2714 non
2080 2671 2304 2724 requiritur
2322 2673 2377 2715 ad
2391 2672 2731 2725 justificationem
2745 2674 2875 2728 impii.

2025 2728 2109 2771 Sed
2123 2733 2264 2770 contra
2281 2733 2359 2779 est,
2379 2732 2488 2781 quod
2506 2731 2660 2774 dicitur
2678 2731 2721 2773 iu
2739 2732 2896 2774 Psalm.
2914 2734 2979 2775 31:
2992 2731 3093 2774 Dixi
3111 2731 3338 2776 confitebor

1974 2784 2193 2844 adversum
2220 2793 2284 2826 me
2300 2784 2550 2837 injustitiam
2567 2795 2699 2831 meam
2716 2787 2911 2839 Domino.
2929 2792 2972 2831 et
2988 2792 3031 2831 tu
3048 2788 3247 2833 remisisti
3264 2789 3338 2833 im·

1975 2843 2171 2893 pietatem
2189 2842 2346 2892 peccati
2364 2842 2463 2887 mei.

2025 2896 2275 2960 Respondeo
2295 2899 2531 2952 dicendum,
2546 2901 2656 2954 quod
2673 2900 2780 2945 sicut
2798 2912 2919 2954 supra
2937 2901 3092 2946 dictum
3106 2902 3343 2956 est,justitt-

1976 2956 2084 2995 catio
2101 2954 2217 3006 impii
2236 2960 2300 2998 est
2319 2956 2486 3006 quidam
2504 2962 2652 3009 motus,
2673 2968 2753 3011 quo
2785 2958 2956 3001 humana
2969 2966 3092 3001 meus
3119 2965 3303 3005 movetur
3318 2971 3343 3004 a

1975 3011 2066 3053 Deo
2098 3022 2122 3053 a
2140 3017 2247 3055 statu
2266 3013 2422 3065 peccati
2444 3014 2486 3057 in
2513 3019 2662 3058 statum
2679 3015 2856 3068 justitiae
2873 3033 2886 3058 ι
2906 3021 3067 3068 oportet
3084 3016 3211 3069 igitur
3234 3018 3342 3070 quod

1976 3068 2147 3112 bumana
2170 3080 2286 3113 mens
2303 3082 2349 3115 se
2367 3071 2515 3116 habeat
2532 3073 2584 3115 ad
2601 3077 2812 3125 utrumque
2824 3079 3102 3119 extremorum
3120 3076 3344 3121 secundum

1977 3132 2129 3168 motum
2148 3125 2272 3170 liberi
2290 3127 2474 3179 arbitrii,
2490 3128 2598 3171 sicut
2613 3138 2659 3172 se
2677 3128 2801 3172 habet
2818 3138 2965 3182 corpus
2984 3131 3176 3176 localiter
3193 3139 3343 3177 motum

1973 3182 2027 3225 ab
2043 3183 2184 3236 aliquo
2201 3188 2393 3228 movente
2410 3185 2462 3229 ad
2481 3184 2584 3229 duos
2602 3188 2800 3230 terminos
2826 3194 2972 3231 motus.
2993 3189 3263 3234 Manifestum
3279 3195 3344 3234 εει

1972 3243 2108 3282 autem
2134 3240 2178 3283 in
2207 3246 2317 3284 motu
2337 3242 2458 3285 locali
2478 3253 2710 3295 corporum,
2731 3244 2828 3296 quia
2845 3255 2993 3299 corpus
3012 3252 3167 3291 motum
3184 3246 3343 3292 recedit

1971 3307 1997 3339 a
2027 3297 2205 3341 termino
2234 3310 2258 3341 a
2277 3309 2372 3352 quo.
2390 3304 2434 3343 et
2458 3302 2620 3345 accedit
2637 3303 2690 3345 ad
2710 3302 2929 3346 terminum
2947 3303 3002 3347 ad
3036 3313 3156 3358 quem
3188 3322 3200 3348 ε
3233 3305 3341 3348 ιιιιᾱε

1973 3355 2149 3414 oportet,
2162 3353 2280 3417 9⁰9⁰
2299 3363 2416 3397 mens
2429 3355 2617 3407 bumana.
2638 3357 2734 3400 dum
2749 3357 3015 3410 justificatur.
3035 3369 3110 3412 per
3124 3363 3276 3403 motum
3293 3360 3344 3403 li·

1973 3407 2063 3450 beri
2081 3408 2248 3452 arbitrii
2269 3411 2472 3455 recedata
2494 3418 2674 3465 peccato.
2694 3418 2737 3456 et
2754 3414 2925 3459 accedat
2941 3414 2994 3458 ad
3016 3415 3223 3466 justitiam
3242 3434 3254 3458 .-
3273 3424 3338 3458 re·

1971 3474 2115 3509 cessus
2140 3470 2290 3518 autem.
2325 3474 2367 3513 ct
2396 3480 2587 3514 accessus
2613 3470 2656 3513 in
2683 3477 2794 3515 motu
2815 3471 2939 3517 liberi
2958 3472 3123 3516 arbitrii
3141 3473 3340 3526 accipitur

1971 3522 2199 3565 secundum
2221 3523 2538 3571 detestationem
2562 3533 2603 3572 et
2622 3528 2892 3571 desiderium.
2911 3528 3025 3571 Dicit
3041 3528 3153 3573 enim
3169 3531 3339 3583 August.

1971 3588 2094 3641 super
2110 3580 2232 3622 Joan.
2259 3589 2473 3634 exponens
2492 3583 2611 3635 illud,
2649 3585 2933 3629 Merceuarius
2947 3590 3083 3629 autem
3110 3586 3244 3639 sugit:
3271 3588 3342 3629 At-

1971 3634 2173 3699 recttones
2189 3642 2343 3681 nostrai
2362 3645 2496 3683 motus
2512 3640 2740 3685 animorum
2761 3646 2857 3686 sunt
2879 3662 2890 3686 ι
2922 3642 3083 3694 laetitia,
3109 3642 3236 3686 animi
3257 3643 3343 3687 dil·

1971 3690 2108 3741 fusim
2130 3695 2269 3743 timor,
2288 3694 2416 3738 animi
2438 3695 2532 3748 tuga
2544 3702 2634 3740 est:
2656 3698 2920 3750 progrederis
2937 3698 3086 3746 animo.
3105 3708 3195 3741 cum
3211 3708 3344 3751 appe·

1970 3751 2050 3815 ¹¹⁵?
2070 3748 2180 3802 sugis
2195 3751 2349 3804 animo,
2369 3764 2460 3796 cuni
2479 3755 2643 3798 metuis.
2662 3756 2830 3807 Oportet
2850 3757 2976 3809 igitur
2992 3757 3096 3809 quod
3115 3755 3156 3797 iu
3178 3754 3343 3807 justiu-

1970 3808 2263 3873 cattoneimpii
2284 3809 2338 3852 sit
2352 3814 2486 3854 motus
2512 3812 2634 3856 liberi
2654 3814 2820 3870 arbitrii
2848 3814 3011 3868 duplex.
3033 3816 3145 3857 Unus
3161 3824 3241 3867 quo
3262 3825 3342 3867 per

1972 3863 2228 3963 desiderium
2254 3867 2396 3912 tendat
2421 3868 2464 3911 in
2486 3870 2566 3914 Dei
2582 3870 2802 3924 justitiam,
2823 3879 2864 3917 et
2889 3871 2998 3916 alius
3015 3882 3093 3926 quo
3111 3871 3344 3919 detestetur

1968 3929 2090 3971 pecca
2113 3932 2195 3965 um.

1990 4034 1999 4042 ·
2016 3977 2084 4019 Ad
2106 3978 2280 4031 primum
2296 3991 2398 4034 ergo
2413 3983 2650 4034 dicendum,
2667 3984 2776 4036 quod
2788 3984 2841 4027 ad
2856 3983 3031 4028 eandem
3045 3984 3236 4028 virtutem
3249 3995 3342 4039 pet·-

1970 4038 2075 4099 ιιιιει
2087 4039 2280 4092 prosequi
2302 4050 2426 4083 uuum
2444 4041 2736 4094 oppositorum.
2756 4048 2801 4085 et
2818 4042 3005 4095 refugere
3022 4041 3162 4086 aliud:
3183 4044 3340 4090 etideo

1968 4097 2075 4157 sicut
2093 4093 2147 4135 ad
2166 4095 2406 4139 charitatem
2424 4097 2606 4149 pertinet
2622 4097 2800 4150 diligere
2818 4099 2968 4148 Deum.
2988 4099 3046 4141 ita
3062 4098 3186 4142 etiam
3201 4098 3340 4146 detae·

1969 4153 2049 4191 tari
2076 4158 2254 4204 peccata,
2276 4162 2350 4205 per
2368 4164 2459 4207 quae
2479 4154 2617 4198 anima
2634 4159 2846 4208 separatur
2863 4167 2886 4199 a
2903 4157 3009 4199 Deo.

2021 4208 2089 4250 Ad
2119 4209 2343 4254 secuudum
2379 4210 2618 4262 dicendum.
2639 4212 2748 4266 quod
2765 4212 2817 4255 ad
2845 4212 3076 4265 posteriora
3106 4223 3190 4257 non
3208 4212 3339 4258 debet

1969 4266 2089 4307 bomo
2119 4264 2285 4318 regredi
2317 4274 2390 4318 per
2407 4276 2615 4318 amorem
2644 4268 2719 4311 sed
2738 4275 2932 4322 quantum
2948 4268 3000 4312 ad
3022 4268 3110 4318 boc.
3133 4268 3262 4313 debet
3286 4279 3338 4314 ea

1968 4319 2179 4373 oblivisci,
2200 4326 2243 4364 ut
2259 4322 2312 4364 ad
2329 4331 2378 4365 ea
2397 4332 2479 4365 non
2495 4323 2695 4366 alliciatur
2713 4343 2724 4367 ι
2745 4325 2870 4369 debet
2887 4334 3022 4368 tamen
3039 4334 3182 4368 eorum
3200 4334 3339 4369 reeor-

1969 4378 2059 4422 dari
2067 4388 2154 4479 dper
2172 4380 2564 4431 considerationem.
2585 4386 2694 4426 ntea
2712 4382 2965 4434 detestetur;
2992 4381 3053 4425 sic
3070 4382 3184 4426 euim
3199 4383 3256 4427 ab
3271 4383 3337 4429 eis

1968 4446 2064 4480 rece
2097 4437 2143 4480 it.

2016 4494 2084 4537 Ad
2104 4495 2268 4539 tertium
2289 4494 2527 4547 dicendum.
2546 4497 2656 4550 quod
2676 4495 2920 4549 intempore
2937 4496 3198 4549 praecedeute
3212 4496 3337 4549 justi·

1968 4549 2200 4595 ficationem
2219 4557 2393 4604 oportet,
2409 4551 2519 4605 quod
2537 4552 2657 4596 homo
2675 4552 2837 4605 singula
2856 4550 3036 4605 peccata.
3056 4564 3146 4607 quae
3163 4554 3336 4598 commi-

1967 4608 2039 4657 sit,
2061 4605 2304 4659 detestetur,
2319 4619 2491 4660 quorum
2510 4609 2748 4653 memoriam
2761 4609 2909 4661 haben
2926 4615 3033 4655 etex
3051 4610 3124 4653 tali
3140 4609 3338 4655 conside·

1967 4664 2129 4709 ratione
2165 4664 2414 4717 praecedenti
2456 4666 2719 4720 subsequitur
2753 4666 2795 4709 iu
2829 4666 2967 4710 anima
2997 4666 3165 4720 quidam
3198 4673 3335 4711 motus

1968 4721 2216 4765 detestantis
2232 4722 2526 4767 universaliter
2543 4723 2679 4766 omnia
2697 4728 2861 4776 peccata
2873 4725 3104 4773 commissa.
3118 4724 3337 4778 interquae

1966 4780 2098 4824 etiam
2117 4779 2385 4823 includuntur
2401 4787 2566 4833 peccata
2583 4780 2788 4825 oblivioni
2814 4780 2992 4832 traditan
3020 4781 3115 4834 quia
3147 4782 3270 4825 bomo
3288 4783 3334 4826 in

1966 4839 2075 4880 statu
2094 4836 2169 4879 illo
2187 4843 2250 4881 est
2267 4836 2330 4880 sic
2347 4836 2589 4889 dispositus
2608 4842 2652 4881 ut
2667 4837 2793 4881 etiam
2806 4836 2858 4881 de
2877 4837 2957 4887 liis.
2975 4848 3067 4892 quae
3089 4849 3174 4883 non
3190 4840 3338 4884 memi-

1968 4892 2048 4946 nit,
2067 4900 2364 4947 contereretur.
2383 4894 2420 4939 si
2447 4894 2659 4940 memoriae
2674 4894 2871 4941 adessent
2888 4913 2899 4939 ι
2916 4900 2959 4940 ει
2976 4894 3056 4940 iste
3073 4900 3209 4941 motus
3225 4906 3336 4941 con-

1968 4950 2101 4995 currit
2117 4951 2174 4996 ad
2187 4951 2539 5005 justificationem.

3130 5075 3336 5136 Prima
