3647 5753
517 420 629 477 580

302 606 409 650 nota
436 608 472 651 3.
520 590 651 647 licet
677 590 1078 663 dispositiones
1106 595 1173 653 ad
1222 596 1705 654 introductionem
1753 595 1877 652 for-

517 685 626 725 mae
651 686 820 727 suum
841 675 1084 745 speciale
1097 692 1276 750 genus
1291 671 1801 743 causalitatis,nem
1809 691 1877 748 pe

513 750 881 824 dispositivae,
914 760 1261 816 constituant
1292 785 1306 827 ;
1337 759 1608 816 intimum
1639 766 1852 826 tamen,

512 838 569 889 et
588 834 863 890 ultimum
893 838 1100 905 locum,
1145 847 1371 899 servato
1397 840 1602 898 ordine
1625 847 1870 906 naturae,

511 913 726 970 habent
776 916 927 975 inter
966 927 1199 977 caeteras
1245 939 1459 979 causas,
1490 924 1560 977 Et
1593 922 1741 978 ratio
1767 925 1869 989 est,

510 995 785 1067 quoniam
825 1004 881 1055 et
923 999 1062 1072 ipsae
1102 999 1503 1074 dispositiones
1551 1002 1874 1058 minimum

513 1076 800 1135 influxum
853 1081 1083 1149 habent,
1139 1090 1194 1139 et
1244 1084 1432 1142 forma
1484 1085 1798 1141 minimam
1841 1100 1875 1141 a

511 1156 982 1231 dispositionibus
1011 1162 1489 1236 dependentiam;
1522 1182 1658 1222 nam
1688 1165 1873 1222 multo

511 1241 694 1314 magis
713 1240 992 1315 dependet
1021 1263 1054 1302 a
1095 1246 1364 1321 subJecto,
1392 1248 1461 1304 ab
1495 1247 1791 1316 efficiente,
1817 1254 1874 1304 et

509 1319 677 1377 asine
711 1323 1021 1395 :prioritas
1055 1334 1246 1385 autem
1271 1334 1490 1385 naturae
1512 1329 1575 1384 in
1609 1328 1861 1396 influxu,

503 1400 650 1458 sicut
670 1405 1059 1475 posterioritas
1082 1409 1144 1464 in
1172 1408 1556 1483 dependentia
1578 1410 1866 1475 consistit,

503 1488 566 1540 ut
584 1500 760 1556 supra
787 1486 1220 1547 observavimus
1253 1509 1426 1567 :ergo
1466 1491 1872 1565 dispositiones

503 1563 574 1621 ad
618 1563 869 1623 formam
917 1570 1129 1629 habent
1167 1573 1465 1640 ultimum,
1508 1579 1564 1629 et
1595 1571 1869 1629 infimum

503 1646 691 1701 locum
740 1648 892 1706 inter
919 1652 1062 1708 alias
1083 1669 1300 1711 causas,
1333 1654 1392 1710 Id
1420 1670 1557 1711 vero
1588 1655 1870 1727 praecipue

504 1723 835 1786 verificatur
862 1731 923 1788 in
954 1734 1189 1799 actibus,
1239 1736 1336 1807 qui
1367 1734 1437 1791 ad
1486 1734 1870 1791 introductio-

507 1821 641 1863 nem
660 1811 860 1882 gratias
880 1811 1246 1884 justificantis
1269 1815 1615 1887 disponunt;
1635 1814 1678 1870 ii
1708 1814 1869 1870 enim

504 1890 598 1946 vel
613 1892 801 1947 solum
829 1894 1131 1951 moraliter
1149 1894 1218 1951 ad
1235 1912 1363 1952 eam
1388 1894 1868 1952 introducendam

499 1978 873 2039 concurrunt,
906 1979 967 2029 ut
994 1981 1298 2032 autumant
1325 1979 1522 2050 plures
1547 1992 1617 2032 ex
1645 1977 1869 2033 Adver-

499 2054 717 2123 sariis;
766 2057 858 2113 vel
885 2056 933 2112 si
982 2055 1215 2132 physice
1259 2058 1592 2131 disponunt,
1629 2064 1691 2114 ut
1735 2059 1862 2115 dub.

503 2150 610 2207 seq.
642 2133 1024 2204 firmabimus,
1057 2154 1258 2195 eorum
1287 2145 1482 2196 tamen
1506 2140 1760 2196 influxus
1782 2144 1872 2197 est

502 2215 644 2271 satis
663 2217 919 2291 exiguuS,
951 2223 1006 2275 et
1052 2219 1150 2292 qui
1180 2221 1565 2278 essentialiter
1615 2220 1868 2278 minime

506 2294 882 2364 desideratur,
930 2306 990 2356 ut
1029 2305 1247 2356 constat
1296 2316 1367 2357 ex
1413 2300 1579 2358 dictis
1622 2302 1750 2358 dub.
1806 2305 1863 2360 2.

509 2377 674 2446 Unde
703 2380 953 2452 praedicti
984 2386 1138 2437 actus
1158 2383 1346 2439 solum
1377 2390 1614 2456 possunt
1641 2391 1857 2441 antece·

505 2459 643 2515 dere
685 2464 931 2534 gratiam
980 2465 1279 2535 prioritate
1330 2471 1570 2531 naturae,
1627 2483 1753 2539 quae
1793 2467 1868 2521 sit

504 2538 770 2595 omnium
796 2540 1018 2606 infima,
1036 2541 1100 2599 ‘et
1120 2548 1344 2598 tantum
1369 2544 1681 2600 secundum
1703 2545 1863 2618 quid;

504 2626 1005 2677 commensuratur
1032 2623 1191 2678 enim
1241 2623 1570 2696 hujusmodi
1594 2625 1866 2697 prioritas

502 2715 633 2757 cum
660 2700 881 2757 influxu
903 2719 1086 2759 causae
1108 2704 1171 2759 in
1193 2704 1474 2761 effectum.
1497 2705 1657 2770 Quod
1681 2707 1865 2780 magis

500 2778 739 2836 evidens
760 2782 1057 2853 apparebit
1083 2783 1649 2858 consideranti,quod
1676 2786 1865 2860 gratia

504 2867 685 2934 potest
710 2861 1064 2920 considerari
1106 2864 1212 2921 sub
1241 2865 1465 2923 ratione
1511 2866 1713 2924 formae
1754 2883 1863 2923 na-

504 2946 726 3010 turaliS,
760 2946 864 3004 hoc
891 2953 1112 3005 estnon
1136 2949 1316 3006 libere
1343 2949 1571 3016 habitae,
1602 2967 1702 3007 seu
1723 2966 1863 3007 con-

500 3034 794 3098 sequutae;
843 3029 983 3095 sive,
1027 3035 1085 3085 et
1119 3030 1181 3085 in
1222 3030 1375 3086 idem
1426 3029 1643 3097 recidit,
1676 3032 1863 3104 quoad

498 3105 611 3163 sibi
657 3109 985 3165 essentialia
1019 3131 1032 3165 ε
1069 3116 1126 3167 et
1161 3111 1265 3167 hoc
1310 3118 1471 3183 pacto
1520 3114 1862 3185 neutiquam

500 3188 780 3262 dependet
813 3207 845 3246 a
870 3189 1247 3263 dispositione
1274 3208 1374 3265 per
1421 3199 1646 3250 nostros
1682 3199 1857 3261 actus,

501 3276 566 3328 ut
588 3277 738 3344 patet
764 3273 826 3329 in
866 3274 1072 3348 gratia,
1102 3290 1225 3346 quae
1265 3277 1725 3333 communicatur
1764 3277 1863 3333 in-

504 3353 778 3411 fantibus.
810 3356 999 3411 Potest
1032 3353 1241 3411 deinde
1262 3355 1616 3413 considerari
1640 3357 1745 3413 sub
1775 3374 1863 3414 ra-

504 3435 659 3494 tione
695 3436 896 3493 sormae
947 3435 1144 3493 liberae
1190 3438 1579 3504 terminative,
1631 3438 1735 3496 hoc
1778 3445 1864 3496 est

504 3518 716 3584 volitas,
765 3518 887 3575 sive
932 3519 1369 3576 communicatae
1415 3519 1610 3576 adulto
1655 3536 1864 3577 secun-

501 3599 642 3656 dum
676 3599 913 3657 modum
974 3600 1084 3672 ipsi
1132 3601 1571 3658 connaturalem
1597 3625 1612 3669 3
1662 3608 1716 3658 et
1758 3602 1863 3659 hoc

498 3683 671 3741 modo
689 3682 970 3755 dependet
995 3682 1067 3739 ab
1108 3683 1344 3750 actibus,
1397 3699 1498 3756 per
1524 3701 1663 3757 quos
1690 3684 1862 3740 homo

492 3767 742 3839 gratiam
790 3773 1056 3838 acceptat,
1107 3772 1163 3823 et
1203 3765 1523 3822 amicitiam
1573 3765 1862 3823 contrahit

492 3864 623 3904 cum
671 3850 803 3905 Dee.
839 3848 1001 3906 Unde
1042 3865 1172 3905 cum
1222 3848 1338 3904 haec
1385 3849 1666 3922 posterior
1715 3848 1861 3904 ratio

490 3931 566 3986 sit
594 3930 813 3987 habitui
842 3932 1039 4006 gratiae
1080 3932 1322 3987 omnino
1372 3930 1759 3996 accidentaliS,
1804 3934 1863 3985 et

493 4026 617 4083 quas
661 4012 782 4085 ejus
808 4013 1115 4068 essentiam
1174 4012 1518 4084 simpliciter
1564 4010 1855 4084 supponit,

494 4092 713 4166 liquido
739 4093 1008 4159 infertur,
1051 4100 1204 4149 actus
1248 4099 1474 4150 nostros
1500 4093 1599 4165 qui
1627 4092 1695 4149 ad
1722 4108 1860 4166 gra-

497 4178 639 4233 tiam
660 4174 973 4233 secundum
998 4175 1145 4232 hanc
1166 4176 1397 4248 praecise
1421 4175 1707 4231 rationem
1730 4190 1860 4231 con-

499 4258 807 4315 sideratam
829 4255 1246 4324 desiderantur,
1273 4273 1400 4313 eam
1416 4256 1693 4312 duntaxat
1712 4271 1861 4328 prae-

498 4342 698 4399 cedere
718 4339 921 4397 ordine
949 4344 1168 4397 naturae
1216 4339 1516 4413 prioritate
1542 4337 1860 4409 secundum

500 4422 657 4500 quid.

1183 427 1275 482 DE
1316 422 1921 482 DISPOSITIONIBUS
1960 423 2056 477 AD
2094 420 2754 478 JUSrlFICATIONEM.

2009 593 2338 667 hujusmodi
2368 599 2520 651 actus
2548 593 2854 664 disponant
2876 591 2944 648 ad
2972 593 3370 667 gratiam,non

2009 675 2271 747 impedit,
2295 675 2443 748 quod
2467 675 2685 748 possint
2713 673 2781 730 ab
2801 690 2866 730 ea
2889 674 3211 756 procedere,
3245 683 3346 733 tan

2008 772 2180 829 quam
2203 771 2236 811 a
2262 756 2547 829 principio
2568 754 2823 812 effectivo
2857 777 2869 810 ι
2898 771 3033 829 ergo
3059 755 3368 814 dicendum

2007 842 2108 904 est,
2141 835 2289 909 quod
2310 836 2380 893 de
2407 836 2550 893 facto
2570 837 2650 890 sic
2691 835 3023 908 procedunt,
3049 838 3193 910 quin
3218 838 3368 895 adsit

2008 918 2166 974 aliud
2199 918 2483 975 auxilium
2509 915 2794 973 sufficiens
2819 932 2849 973 a
2888 917 3074 990 gratia
3121 916 3368 976 distinc-

2005 1003 2148 1058 tum.
2184 997 2600 1071 Consequentia
2623 1002 2774 1070 patet
2800 1018 2812 1051 ε
2843 1002 2965 1069 tum
2994 999 3129 1071 quia
3150 999 3368 1057 frustra

2005 1078 2155 1136 fiunt
2182 1099 2284 1155 per
2312 1081 2496 1154 plura,
2530 1093 2654 1150 quae
2677 1075 2803 1133 fieri
2834 1084 3067 1150 possunt
3091 1095 3193 1151 per
3220 1097 3363 1153 paus

2005 1163 2160 1220 ciora
2185 1182 2198 1217 :
2227 1170 2349 1220 tum
2378 1161 2512 1235 quia
2534 1160 2638 1216 hoc
2672 1166 2828 1232 pacto
2869 1159 3120 1218 nobilius
3143 1163 3366 1234 princi-

2005 1244 2166 1317 pium
2190 1247 2513 1320 assignatur
2535 1241 2816 1316 praedictis
2838 1241 3073 1310 actibus,
3089 1251 3145 1300 et
3166 1261 3364 1304 meum

2003 1340 2206 1382 eorum
2260 1324 2616 1388 excellentia,
2668 1329 2725 1380 et
2763 1322 3012 1397 dignitas
3059 1326 3363 1384 meritoria

2002 1408 2353 1480 explicatur.
2405 1407 2589 1480 Major
2635 1404 2773 1461 satis
2816 1410 3034 1461 constat
3072 1421 3144 1462 ex
3189 1424 3363 1481 supra

2002 1489 2167 1546 dictis
2213 1505 2366 1547 num.
2434 1491 2529 1546 70.
2603 1489 2798 1545 Minor
2846 1493 3038 1544 autem
3087 1489 3361 1562 probatur

1994 1571 2199 1643 primo,
2230 1571 2367 1645 qnia
2391 1586 2575 1627 causae
2618 1569 2687 1625 ad
2715 1569 2966 1625 invicem
2993 1576 3131 1625 sunt
3156 1586 3356 1638 causae,

2002 1656 2064 1707 ut
2110 1650 2310 1707 docent
2356 1650 2763 1724 communiter⁴
2791 1649 3149 1720 Philosophi,
3195 1655 3362 1723 atque

2001 1732 2128 1790 ideo
2161 1749 2221 1789 se
2267 1739 2467 1789 mutuo
2508 1731 2849 1805 praecedunt,
2897 1736 2951 1785 et
2999 1730 3066 1785 ad
3109 1731 3355 1788 invicem

2000 1812 2326 1886 dependent
2359 1830 2529 1886 :ergo
2575 1810 2724 1885 quod
2763 1810 3013 1882 praedicti
3044 1817 3199 1866 actus
3238 1810 3358 1867 dis-

2002 1900 2218 1968 ponant
2239 1893 2306 1950 ad
2330 1896 2598 1966 gratiam,
2631 1900 2685 1949 et
2710 1893 2873 1947 illam
2904 1893 2965 1947 in
2986 1908 3196 1966 genere
3221 1908 3357 1948 cau-

2000 1992 2076 2032 sae
2098 1973 2448 2047 dispositivae
2472 1972 3070 2047 praecedant,minime
3095 1973 3353 2046 impedit,

2000 2057 2147 2130 quod
2170 2056 2313 2113 fiant
2340 2057 2409 2114 ab
2438 2056 2636 2114 eadem
2683 2058 2889 2130 gratia,
2926 2061 2982 2109 et
3022 2055 3092 2110 ad
3114 2071 3240 2111 eam
3263 2071 3358 2112 se-

2000 2144 2250 2211 quantur
2263 2139 2324 2194 in
2344 2154 2553 2212 genere
2569 2153 2748 2193 causae
2760 2135 3072 2192 efficientis,
3088 2135 3352 2200 Secunde,

2000 2221 2133 2293 quia
2159 2229 2278 2278 esto
2308 2225 2650 2292 repugnaret
2678 2216 2895 2289 aliquid
2923 2232 3041 2273 esse
3070 2216 3357 2290 simplici-

1999 2310 2087 2361 ter
2118 2304 2294 2377 priu3‚
2326 2308 2383 2359 et
2412 2301 2691 2375 posterius
2719 2301 2832 2356 alio
2855 2300 2918 2355 in
2942 2299 3183 2356 diversis
3213 2316 3353 2356 cau-

2000 2385 2165 2442 sandi
2186 2382 2664 2460 generibus(quod
2691 2397 2891 2437 revera
2913 2397 3027 2437 non
3053 2385 3347 2454 repugnat,

2000 2474 2060 2523 ut
2081 2473 2298 2525 constat
2336 2466 2399 2520 in
2429 2466 2689 2529 materia,
2720 2470 2777 2520 et
2805 2463 2992 2520 forma
3018 2463 3351 2533 materiali),

2000 2550 2385 2606 nihilominus
2428 2548 2589 2603 nulla
2635 2547 3014 2620 repugnantia
3037 2545 3357 2618 apparetin

1996 2648 2085 2699 eo,
2133 2631 2280 2705 quod
2329 2647 2507 2686 unum
2537 2631 2612 2685 sit
2658 2629 2999 2701 simpliciter
3041 2629 3201 2700 prius
3241 2627 3358 2684 alio

1996 2713 2059 2767 in
2116 2729 2228 2768 uno
2254 2727 2482 2785 genere,
2531 2716 2585 2767 et
2616 2710 2896 2783 posterius
2923 2725 2991 2764 eo
3035 2708 3361 2764 secundum

1996 2794 2152 2866 quid,
2205 2796 2267 2848 in
2306 2809 2515 2866 genere
2568 2791 2796 2847 diverso
2828 2807 2839 2850 ;
2888 2789 2948 2845 in
2997 2789 3103 2846 hoc
3146 2791 3363 2863 quippe

1996 2890 2113 2931 non
2164 2880 2249 2929 ost
2276 2870 2640 2946 assignabilis
2694 2869 2886 2941 aliqua
2936 2868 3317 2926 contradictio
3347 2891 3359 2925 ε

1995 2954 2150 3028 atqui
2179 2970 2346 3010 causa
2400 2953 2648 3010 efficiens
2694 2954 2777 3006 est
2802 2949 3148 3022 simpliciter
3199 2951 3362 3023 prior

1995 3034 2198 3094 ordine
2217 3042 2630 3100 naturae,causa
2653 3049 2789 3089 vero
2810 3031 3149 3104 dispositiva
3170 3034 3360 3089 solum

1994 3118 2268 3190 importat
2291 3116 2650 3189 prioritatem
2674 3114 2989 3170 secundum
3011 3114 3151 3186 quid
3182 3136 3194 3170 :
3224 3130 3358 3189 ergo

1993 3198 2143 3272 quod
2175 3196 2500 3271 hujusmodi
2544 3202 2698 3252 actus
2717 3196 2835 3250 sint
2858 3195 3260 3268 dispositiones
3281 3194 3350 3251 ad

1993 3278 2258 3354 gratiam,
2294 3294 2410 3333 non
2447 3275 2688 3349 impedit
2714 3274 3005 3342 ellluxum,
3057 3283 3114 3331 et
3140 3274 3351 3348 depen-

1994 3360 2252 3417 dentiam
2274 3373 2474 3414 eorum
2503 3373 2535 3412 a
2560 3355 2766 3430 gratia,
2789 3361 3063 3428 tanquam
3087 3371 3118 3410 a
3142 3354 3351 3427 princi-

1997 3441 2090 3514 pio
2115 3439 2388 3497 effective.

2067 3524 2159 3577 74.
2208 3524 2320 3575 Nec
2360 3517 2553 3581 refert,
2586 3517 2634 3572 si
2675 3533 2805 3572 cum
2849 3515 3198 3572 adversariis
3229 3518 3572 3611 res-232⁰&

1996 3601 2263 3675 ponderis,
2311 3599 2457 3654 hanc
2503 3602 2763 3652 mutuam
2805 3612 3106 3652 causarum
3134 3595 3540 3669 dapem—nomm,

1993 3682 2246 3740 dentiam
2277 3695 2437 3753 posse
2477 3678 2702 3734 admitti
2749 3678 3055 3751 respective
3095 3676 3162 3732 ad
3203 3677 3346 3733 alias

1993 3778 2206 3827 causas,
2252 3766 2452 3833 utputa
2495 3758 2877 3823 materialem,
2909 3763 2963 3814 et
3005 3756 3338 3819 formalem3

1994 3860 2111 3901 non
2158 3850 2351 3899 tamen
2396 3842 2705 3913 respective
2734 3840 2804 3896 ad
2832 3854 3053 3896 causam
3092 3836 3342 3894 efficien-

1992 3930 2131 3981 tem.
2176 3927 2243 3980 Et
2287 3925 2430 3980 ratio
2457 3929 2558 3987 est,
2597 3923 2872 3995 quoniam
2917 3928 2977 3977 ut
3017 3920 3141 3976 alioe
3168 3934 3349 3976 causae

1992 4006 2240 4062 inssuant
2269 4006 2330 4060 in
2358 4020 2459 4060 suo
2498 4019 2727 4076 genere,
2776 4019 2893 4059 non
2925 4001 3352 4076 praerequirunt

1992 4087 2357 4144 existentiam
2391 4103 2492 4157 pro
2514 4086 2615 4141 illo
2633 4085 2832 4156 priori,
2855 4089 2951 4140 aut
2971 4087 3135 4157 signo
3157 4082 3218 4138 in
3239 4098 3352 4155 quo

1993 4168 2265 4225 influunt.
2299 4168 2574 4222 Caeterum
2598 4180 2763 4220 causa
2790 4164 3038 4220 efficiens
3081 4163 3356 4235 importat

1994 4246 2528 4322 indispensabiliter
2543 4246 2908 4301 existentiam
2925 4246 2988 4299 in
3014 4245 3247 4318 proprio
3265 4260 3359 4319 ge-

1994 4348 2154 4398 nere,
2175 4348 2243 4389 eo
2264 4328 2410 4404 quod
2437 4328 2877 4402 unumquodque
2901 4328 3016 4403 agit
3042 4325 3359 4384 secundum

1992 4416 2141 4489 quod
2181 4415 2378 4472 existit
2420 4415 2482 4470 in
2511 4421 2658 4470 actu.
2692 4413 2750 4468 Id
2794 4428 2928 4469 vero
2962 4411 3112 4486 quod
3140 4410 3354 4475 existit,

1995 4496 2164 4553 habet
2193 4512 2314 4552 esse
2336 4500 2498 4552 extra
2521 4511 2720 4551 omnes
2741 4511 2954 4558 causaS,
2974 4500 3028 4551 et
3049 4492 3360 4549 causalita-

1997 4577 2067 4632 tis
2094 4576 2293 4633 modos
2320 4601 2334 4645 ;
2381 4593 2516 4632 nam
2556 4576 2857 4633 existentia
2887 4576 3160 4647 importat
3187 4575 3354 4637 hanc,

1994 4662 2056 4713 ut
2080 4657 2162 4714 sic
2189 4658 2464 4725 dicamuS,
2498 4658 2842 4724 sistentiam,
2874 4664 2931 4713 et
2972 4656 3242 4711 ultimam
3274 4655 3356 4712 rei

1994 4741 2402 4796 actualitatem.
2423 4739 2587 4797 Unde
2611 4740 3062 4814 implicatorium
3083 4744 3187 4805 est,
3207 4736 3358 4811 quod

1993 4835 2161 4876 causa
2187 4821 2436 4878 efficiens
2476 4821 2793 4894 dependeat
2823 4823 2883 4877 in
2914 4822 3107 4894 aliquo
3145 4835 3360 4894 genere

1994 4899 2064 4958 ab
2091 4901 2311 4969 effectu,
2343 4919 2512 4976 quem
2544 4902 2825 4977 producit.
2866 4905 3098 4960 Constat
3138 4911 3356 4965 autem,

1992 4983 2240 5056 gratiam
2270 4983 2722 5041 sanctificantem
2750 4983 3073 5056 dependere
3102 4982 3172 5039 ab
3214 4982 3358 5038 acti-

1994 5062 2099 5119 bus
2124 5064 2333 5121 elicitis
2376 5064 2438 5120 in
2481 5064 2719 5121 instanti
2742 5063 3192 5137 justificationiS,
3223 5058 3362 5119 t'an—

3183 5162 3365 5218 quam

303 4545 419 4587 mm
450 4564 464 4575 ⁸
575 4499 669 4554 73.
714 4499 797 4553 Ex
839 4497 930 4565 iis,
973 4513 1096 4569 quae
1141 4499 1545 4570 supponuntur
1597 4510 1667 4552 ex
1723 4511 1861 4553 vera

284 4554 482 4638 raim-rg-
505 4578 884 4654 philosophia,
927 4586 983 4636 et
1009 4578 1344 4635 innituntur
1373 4592 1570 4633 rerum
1612 4576 1856 4642 naturiS,

283 4641 457 4738 ηιξ-,Ποξζ
501 4665 856 4719 instauratur
885 4662 1030 4718 ratio
1056 4675 1232 4732 supra
1256 4658 1420 4724 facta,
1453 4664 1510 4714 et
1533 4657 1863 4714 confutatur

282 4725 467 4836 ffipgfffffl·
498 4743 754 4803 adhibita
805 4742 897 4798 illi
956 4741 1251 4815 responsio
1284 4761 1296 4796 ε
1348 4739 1623 4813 quoniam
1676 4739 1863 4814 gratia

296 4805 469 4892 ciumfh
495 4823 854 4883 sanctificans
906 4824 1159 4880 continet
1199 4826 1371 4887 actus,
1397 4821 1495 4893 qui
1524 4820 1590 4876 in
1619 4819 1862 4876 instanti

490 4905 914 4981 justificationis
928 4904 1369 4961 eliciunturnon
1386 4902 1858 4975 minuspersecte,

497 5003 561 5043 ac
585 4984 868 5043 auxilium
890 4983 1172 5040 sufficiens
1213 4981 1504 5039 transiens
1531 4996 1565 5037 a
1591 4980 1864 5053 praedicta

498 5067 686 5138 gratia
736 5063 1103 5119 distinctum:
1155 5061 1392 5119 aliunde
1440 5066 1652 5129 autem,
1712 5060 1862 5134 quod
