3647 5753
357 2143 491 2194 Septi·

329 2202 438 2235 mum
451 2202 514 2234 ar·

348 2250 514 2293 gumen·

382 2295 478 2334 tum.

545 337 648 392 186
1161 371 1164 372 ν
1564 330 1659 383 DE
1699 327 1976 384 GRATIA
2015 326 2357 382 EFFICACI.

537 509 945 576 omittendum;
969 513 1026 566 et
1047 506 1229 582 magis
1249 504 1529 563 constabit
1548 519 1618 561 ex
1638 499 1901 559 dicendis

536 598 568 665 9
595 592 874 666 sequenti.
908 589 1066 656 Quod
1087 589 1368 663 praecipue
1389 588 1452 643 in
1478 601 1608 643 casu
1630 583 1903 657 objectio-

537 676 631 732 nis
675 675 861 732 locum
908 672 1099 738 haben
1129 686 1265 728 nam
1313 672 1458 725 Deus
1500 682 1616 723 non
1658 665 1904 738 applicat

535 754 836 813 efficaciter
857 755 925 811 ad
949 760 1156 818 actum,
1175 766 1286 825 quo
1310 750 1438 823 quis
1464 748 1588 804 vult
1613 745 1899 811 omittere,

537 843 819 910 quatenus
863 835 1163 910 praedictus
1209 839 1363 890 actus
1400 835 1610 895 causat,
1641 833 1698 885 et
1727 827 1905 885 infert

538 919 909 977 omissionem
935 917 1383 991 peccaminosam
1412 934 1426 969 ε
1456 928 1593 969 nam
1623 916 1777 967 actus
1798 907 1903 965 sub

539 999 643 1054 hac
672 999 895 1055 ratione
917 998 1161 1070 explicat
1185 994 1486 1057 defectum,
1511 991 1607 1064 qui
1638 991 1701 1046 in
1723 992 1903 1046 Deum

537 1079 800 1138 revocari
829 1094 946 1135 non
975 1082 1154 1150 potest
1178 1099 1192 1142 ;
1233 1073 1332 1131 sed
1360 1074 1424 1129 in
1451 1071 1774 1137 hominem,
1803 1068 1903 1142 qui

540 1161 682 1218 dum
710 1161 1028 1234 applicatur
1056 1158 1126 1216 ad
1152 1157 1478 1220 entitatem,
1510 1159 1565 1210 et
1600 1150 1906 1225 perfectio-

536 1248 696 1312 nem,
730 1243 1074 1315 obliquatur,
1116 1245 1172 1298 et
1200 1255 1300 1312 per
1344 1235 1580 1294 modum
1621 1233 1817 1307 primi,
1848 1237 1906 1289 et

540 1324 698 1381 unici
725 1321 1039 1380 deficientis
1063 1326 1256 1378 causat
1278 1320 1448 1375 illum
1472 1322 1660 1373 actum
1685 1319 1746 1369 ut
1772 1329 1904 1387 pec-

541 1404 918 1468 caminosum,
946 1407 1002 1459 et
1019 1405 1298 1475 quatenus
1319 1397 1691 1456 omissionem
1709 1408 1905 1467 pecca-

540 1486 831 1542 minosam
859 1483 1052 1552 infert,
1079 1487 1141 1539 ut
1159 1480 1415 1537 diximus
1439 1478 1581 1551 disp.
1607 1478 1661 1544 5,
1695 1474 1899 1540 dub.6,

540 1568 573 1636 3
598 1565 699 1622 ult.

1125 1727 1157 1794 ἓ
1197 1724 1316 1794 XV·

541 1882 798 1939 Diluitur
841 1882 1130 1955 septimum
1149 1877 1387 1949 ejusdem
1430 1874 1706 1948 opinionis
1731 1886 1905 1940 ατρα-

1089 1967 1351 2015 mentum.

617 2122 749 2177 265.
780 2118 1054 2193 Arguitur
1080 2115 1325 2188 septimo
1358 2134 1372 2169 ε
1399 2111 1676 2186 quoniam
1725 2107 1905 2182 posito

545 2202 765 2259 auxilio
791 2198 863 2256 ab
885 2198 1198 2255 intrinseco
1217 2194 1424 2252 efficaci
1447 2191 1517 2249 ad
1538 2204 1899 2257 consensum,

543 2284 801 2357 sequitur
855 2295 1160 2338 consensus
1208 2274 1524 2333 necessario
1576 2272 1908 2329 necessitate

545 2361 899 2420 antecedenti
932 2374 1109 2434 :ergo
1155 2373 1273 2414 non
1318 2355 1546 2413 elicitur
1594 2351 1793 2418 libere,
1843 2366 1906 2406 ac

459 2441 462 2446 ’
543 2442 785 2515 proinde
814 2441 1147 2515 praedictum
1176 2438 1462 2495 auxilium
1507 2450 1623 2491 non
1662 2433 1906 2489 cohaeret

540 2539 670 2579 cum
702 2528 896 2579 nostra
937 2520 1218 2584 libertate,
1251 2531 1423 2591 quam
1464 2521 1658 2571 tamen
1704 2528 1905 2570 omnes

541 2603 813 2661 Catholici
844 2602 1116 2659 debemus
1136 2616 1264 2657 cum
1292 2598 1535 2655 efficacia
1548 2595 1745 2670 gratias
1764 2610 1905 2651 con-

441 2680 444 2684 ’
541 2684 759 2741 ciliare.
792 2679 1208 2753 Consequentia
1234 2683 1469 2742 constat,
1500 2675 1634 2749 quia
1678 2680 1739 2730 ut
1776 2690 1905 2731 om-

540 2780 643 2822 nes
668 2764 937 2836 Theologi
964 2762 1167 2819 docent
1190 2776 1319 2818 cum
1342 2761 1408 2815 D.
1432 2757 1704 2815 Anselmo
1724 2759 1784 2812 in
1806 2756 1902 2812 lib.

540 2847 604 2902 de
671 2843 995 2910 Concordia,
1044 2860 1164 2916 cap.
1218 2843 1265 2909 l,
1295 2838 1557 2914 quamvis
1604 2837 1906 2895 necessitas

540 2941 889 2999 consequens
921 2923 1166 2981 liberam
1205 2920 1519 2980 voluntatis
1546 2918 1905 2976 determina-

540 3008 759 3065 tionem
802 3022 920 3063 non
945 3005 1203 3061 destruat
1233 3002 1578 3068 libertatem,
1608 3015 1719 3073 quo
1748 3004 1906 3072 pacto

542 3089 791 3146 dicimus
832 3103 1057 3145 necesse
1099 3103 1223 3143 esse
1263 3083 1559 3143 hominem
1597 3082 1776 3139 libere
1816 3083 1907 3139 lo-

542 3175 811 3243 quentem
836 3170 990 3242 loqui
1018 3190 1031 3225 2
1056 3166 1442 3225 nihilominus
1463 3164 1763 3222 necessitas
1782 3179 1908 3236 quae

543 3251 1090 3308 determinationem
1112 3248 1357 3306 liberam
1379 3244 1675 3313 antecedit,
1711 3243 1907 3307 liberae

544 3331 1016 3389 determinationi
1065 3333 1371 3403 repugnat;
1425 3331 1483 3383 et
1536 3324 1668 3383 ideo
1718 3330 1907 3382 motus

544 3413 734 3486 primo
787 3413 979 3485 primi,
1028 3412 1125 3485 qui
1175 3413 1601 3482 consequuntur
1653 3407 1905 3479 aliquam

545 3493 871 3549 naturalem
898 3491 1351 3564 dispositionem,
1383 3504 1508 3561 quae
1555 3502 1672 3544 non
1711 3484 1908 3559 subja-

542 3578 628 3630 cet
670 3578 879 3630 nostrae
928 3571 1241 3629 voluntatis
1280 3569 1560 3633 dominio,
1606 3583 1724 3625 nou
1770 3570 1907 3622 suut
1942 3622 1943 3627 ,

544 3652 740 3716 liberi,
774 3668 956 3727 neque
984 3654 1345 3725 imputantur
1372 3648 1443 3706 ad
1469 3650 1694 3722 culpam
1729 3668 1742 3703 ι
1771 3661 1907 3721 ergo

544 3732 593 3787 si
617 3734 902 3789 auxilium
924 3750 996 3791 ex
1009 3749 1070 3790 se
1089 3731 1284 3806 efficax
1310 3729 1379 3787 ad
1400 3744 1740 3788 consensum
1768 3743 1908 3785 con-

546 3813 658 3870 fert
711 3814 880 3869 illum
936 3812 1253 3871 necessario
1305 3811 1635 3868 necessitate
1681 3813 1909 3865 antece-

544 3892 724 3958 denti,
740 3909 1048 3951 consensus
1068 3892 1444 3962 subsequutus
1465 3906 1583 3947 non
1604 3888 1714 3946 erit
1736 3887 1901 3945 liber.

543 3975 897 4031 Antecedens
920 3981 1110 4031 autem
1128 3970 1430 4046 probatur;
1456 3987 1593 4029 nam
1616 3971 1678 4025 in
1702 3969 1909 4042 primis

541 4058 827 4113 auxilium
857 4072 927 4113 ex
965 4072 1026 4113 se
1050 4054 1246 4112 efficax
1273 4054 1343 4110 ad
1369 4068 1710 4110 consensum
1740 4050 1910 4109 habet

543 4137 925 4195 necessariam
972 4136 1389 4193 connexionem
1435 4150 1564 4204 cum
1611 4133 1734 4206 ipso
1767 4148 1908 4190 con-

543 4235 714 4278 sensu
736 4242 750 4286 ;
773 4217 1031 4290 implicat
1050 4216 1286 4274 enimin
1301 4214 1589 4281 terminis,
1623 4213 1907 4273 auxilium

546 4315 669 4357 esse
690 4315 759 4356 ex
787 4315 846 4356 se
872 4296 1068 4355 efficax
1084 4297 1154 4354 ad
1176 4296 1459 4360 effectum,
1484 4299 1541 4352 et
1561 4293 1709 4367 quod
1738 4292 1908 4351 effec-

546 4384 673 4434 tum
721 4393 836 4435 non
880 4377 1184 4443 sortiatur;
1222 4375 1480 4449 alioquin
1522 4389 1641 4430 non
1665 4378 1812 4431 esset
1836 4389 1908 4430 ex

544 4476 607 4518 se
632 4459 846 4528 efficax,
862 4458 958 4516 sed
983 4459 1265 4533 indigeret
1284 4458 1475 4531 aliquo
1498 4456 1632 4533 alio,
1662 4460 1726 4510 ut
1752 4470 1908 4512 asse-

543 4547 816 4618 queretur
859 4539 1121 4598 effectum
1157 4562 1169 4596 :
1199 4554 1334 4615 ergo
1370 4539 1551 4612 posito
1592 4537 1810 4595 auxilio
1836 4552 1907 4595 ex

542 4640 604 4682 se
630 4622 866 4688 efficaci,
912 4623 1231 4680 necessario
1272 4621 1533 4694 sequitur
1575 4635 1901 4677 concursus.

544 4702 765 4762 Deinde
803 4704 908 4758 illa
935 4705 1239 4761 necessitas
1264 4707 1349 4759 est
1389 4700 1743 4768 antecedens,
1783 4715 1909 4773 quae

544 4785 734 4841 oritur
785 4782 857 4840 ab
904 4784 1097 4857 aliquo
1146 4782 1488 4857 simpliciter
1539 4779 1908 4839 antecedente

546 4868 805 4925 nostram
844 4863 1390 4922 determinationem
1424 4863 1563 4920 :sed
1601 4862 1909 4921 necessitas

548 4944 811 5015 proxime
831 4945 1112 5018 applicata
1137 4945 1324 5002 oritur
1343 4959 1415 5001 ex
1442 4944 1634 5017 aliquo
1673 4942 1909 5016 simpli-

2034 500 2176 558 citer
2188 499 2541 559 antecedenti
2566 507 2820 559 nostram
2837 500 3393 567 determinationem,

2034 582 2323 655 siquidem
2350 583 2541 640 oritur
2565 582 2787 655 abipso
2822 582 3042 640 auxilio
3075 598 3147 639 ex
3186 597 3247 639 se
3278 581 3398 640 effi·-

2034 665 2169 731 caci,
2198 664 2349 738 quod
2373 664 2611 738 ponitur
2630 665 2696 721 in
2712 664 3007 721 voluntate
3021 670 3154 720 ante
3166 678 3397 721 omnem

2033 746 2156 819 ejus
2219 746 2769 804 determinationem
2827 766 2840 801 ε
2900 761 3036 820 ergo
3097 745 3394 803 necessitas

2036 826 2275 885 fundata
2301 828 2365 884 in
2393 827 2662 900 praedicto
2694 828 2912 886 auxilio
2937 834 3021 884 est
3060 826 3397 899 simpliciter

2037 908 2391 966 antecedens.
2438 911 2588 984 Ergo
2637 908 2709 967 de
2755 909 2944 982 primo
2984 907 3054 965 ad
3103 908 3393 974 ultimum,

2038 989 2218 1063 posito
2245 989 2466 1047 auxilio
2492 1005 2563 1047 ex
2584 1005 2645 1046 se
2670 988 2879 1046 efficaci
2921 988 2991 1045 ad
3030 1003 3393 1054 consensum,

2036 1071 2292 1144 sequitur
2337 1087 2649 1130 consensus
2692 1071 3013 1130 necessario
3066 1070 3396 1127 necessitate

2038 1154 2411 1212 antecedenti.

2115 1227 2510 1302 Respondetur
2537 1229 2798 1303 negando
2839 1227 3207 1293 antecedens3
3257 1227 3575 1319 ssamssffiss‘ffn‘

2037 1309 2158 1385 ejus
2178 1308 2501 1383 oppositum
2522 1308 2660 1365 satis
2679 1315 2900 1367 constat
2924 1325 2994 1366 ex
3015 1323 3191 1381 supra
3229 1305 3398 1362 dictis

2037 1387 2125 1455 §3
2149 1392 2206 1442 et
2246 1390 2279 1457 ἓ
2305 1391 2361 1442 7.
2406 1385 2494 1440 Ad
2546 1385 2708 1443 illius
2758 1395 2951 1449 autem
2998 1387 3398 1462 probationem

2037 1464 2344 1525 dicendum
2361 1464 2545 1535 est,ad
2563 1469 2954 1527 necessitatem
2970 1466 3400 1526 antecedentem

2038 1566 2156 1609 non
2183 1549 2466 1618 sufficere,
2497 1548 2648 1624 quod
2674 1550 2898 1607 oriatur
2923 1549 2995 1608 ab
3016 1551 3208 1623 aliquo
3235 1554 3403 1605 ante—

2037 1630 2270 1689 cedente
2285 1637 2542 1689 nostram
2560 1630 2805 1688 liberam
2820 1629 3365 1689 determinationem
3383 1653 3398 1696 3

2035 1712 2135 1769 sed
2167 1713 2404 1786 requiri,
2428 1711 2579 1786 quod
2618 1712 2841 1769 oriatur
2876 1711 2945 1768 ab
2986 1712 3199 1785 aliquo,
3247 1706 3401 1784 quod

2038 1808 2141 1850 nec
2160 1793 2501 1859 formaliter,
2527 1808 2631 1850 nec
2650 1793 2975 1858 causaliter,
3010 1807 3115 1848 nec
3135 1789 3405 1848 virtuali·

2036 1878 2124 1931 ter
2149 1873 2223 1930 sit
2249 1877 2444 1931 nostra
2464 1872 2875 1930 determinatio
2896 1871 3099 1929 libera.
3139 1870 3198 1925 Si
3238 1868 3403 1927 enim

2035 1952 2182 2012 illud
2198 1955 2534 2013 antecedens
2549 1955 2857 2021 contineat,
2876 1958 2932 2011 et
2944 1956 3134 2009 causet
3149 1950 3402 2008 liberam

2036 2035 2600 2102 determinationem,
2626 2051 2694 2093 eo
2720 2036 2844 2107 ipso
2870 2050 2990 2092 non
3030 2032 3253 2090 inducit
3295 2048 3406 2090 ne-

2033 2119 2353 2175 cessitatem
2381 2116 2835 2183 antecedentem,
2884 2115 3008 2172 sive
3054 2113 3400 2179 absolutam,

2034 2215 2162 2272 quas
2190 2200 2465 2272 importat
2483 2198 2800 2255 carentiam
2830 2195 3119 2270 potestatis
3141 2193 3210 2252 ad
3231 2208 3409 2266 oppo-

2034 2282 2214 2338 situm
2239 2300 2251 2334 =
2277 2281 2376 2339 sed
2431 2282 2619 2356 potius
2666 2286 2908 2345 retenta,
2957 2283 3011 2337 et
3063 2280 3407 2335 conservata

2036 2362 2366 2437 hujusmodi
2397 2366 2691 2435 potestate,
2723 2360 2903 2417 infert
2929 2357 3267 2423 necessario,
3298 2357 3409 2413 hoc

2037 2450 2121 2500 est
2145 2444 2536 2501 infallibiliter
2557 2441 2968 2516 operationem,
2994 2445 3053 2496 et
3071 2438 3409 2496 libertatem

2038 2526 2411 2598 operationis.
2446 2528 2592 2582 Deus
2611 2530 2808 2582 autem
2832 2523 3104 2588 continet,
3127 2526 3184 2577 et
3210 2522 3410 2577 causat

2040 2606 2286 2663 liberam
2308 2606 2858 2665 determinationem
2880 2609 3175 2668 creaturae,
3201 2608 3265 2658 ut
3287 2601 3409 2658 nisi

2040 2686 2259 2762 agendo
2305 2694 2507 2745 contra
2551 2687 2725 2745 fidem
2777 2686 2973 2761 negari
3022 2687 3302 2757 nequeat;
3353 2685 3414 2739 et

2040 2768 2167 2826 ideo
2186 2769 2377 2826 taliter
2397 2786 2500 2827 sua
2519 2770 2849 2828 causalitate
2868 2765 3124 2825 concedit
3143 2769 3412 2822 nostram

2039 2847 2285 2908 liberam
2313 2848 2879 2917 determinationem,
2903 2847 3051 2922 quod
3090 2847 3195 2904 illa
3237 2851 3416 2905 ante-

2038 2927 2257 2987 cedenti
2285 2933 2616 2989 causalitate
2643 2947 2762 2988 non
2780 2928 3056 3003 impediat
3072 2926 3416 3002 praedictam

2037 3010 2602 3079 determinationem,
2635 3011 2731 3070 sed
2759 3011 2945 3085 potius
2973 3011 3156 3083 ipsam
3184 3006 3410 3071 firmet,

2038 3096 2094 3148 et
2115 3098 2175 3147 ut
2199 3092 2280 3148 sic
2306 3093 2584 3161 dicamuS,
2627 3092 2696 3150 ad
2724 3092 2974 3149 fructum
3016 3088 3317 3162 perducat.
3352 3088 3418 3144 Si

2038 3171 2198 3233 enim
2225 3174 2499 3241 continet,
2530 3177 2587 3232 et
2613 3179 2804 3230 causat
2830 3177 3041 3239 actum,
3072 3176 3128 3228 et
3155 3168 3414 3227 modum

2041 3250 2344 3321 libertatiS,
2375 3257 2432 3311 et
2453 3254 2653 3311 omnia
2674 3269 2778 3310 sua
2798 3252 3131 3310 causalitate
3152 3250 3416 3325 attingit,

2038 3333 2324 3405 quomodo
2346 3339 2527 3408 potest
2548 3351 2649 3408 per
2674 3336 2861 3408 ipsam
2890 3332 3284 3391 causalitatem
3311 3347 3421 3388 an·

2039 3413 2390 3472 tecedentem
2413 3416 2751 3473 exercitium
2775 3420 2981 3472 nostrae
3002 3414 3203 3472 liberae
3222 3412 3423 3470 deter-

2041 3493 2384 3550 minationis
2412 3496 2494 3550 im
2503 3493 2717 3568 pedire,
2742 3499 2799 3552 et
2826 3510 2942 3551 nou
2970 3495 3160 3567 potius
3185 3492 3412 3560 fovere,

2038 3574 2293 3649 gignere,
2323 3581 2382 3631 et
2415 3592 2618 3649 parere
2643 3579 2671 3634 ?
2715 3575 2877 3633 Unde
2904 3591 3033 3631 cum
3068 3574 3257 3649 gratia
3281 3572 3420 3631 effi-

2039 3670 2143 3711 cax
2168 3655 2244 3711 sit
2262 3655 2521 3713 medium
2551 3673 2654 3729 per
2680 3655 2830 3730 quod
2856 3654 3061 3712 divina
3096 3656 3301 3721 virtus,
3358 3656 3421 3710 et

2039 3737 2344 3792 causalitas
2394 3738 2628 3812 attingit
2665 3736 3420 3796 nostramdeterminatio·

2042 3831 2175 3872 nem
2205 3816 2531 3884 formalem,
2563 3817 2894 3890 deferatque
2914 3816 2987 3874 ad
3030 3824 3257 3874 nostras
3298 3832 3420 3873 vo-

2042 3896 2288 3953 luntates
2313 3896 2584 3954 divinum
2619 3899 2952 3971 imperium,
2998 3897 3193 3955 taliter
3238 3901 3424 3955 ante-

2040 3975 2186 4034 cedit
2240 3984 2495 4035 nostram
2536 3977 3083 4036 determinationem
3138 3978 3421 4044 liberam,

2036 4056 2191 4129 quod
2212 4057 2376 4114 illam
2401 4065 2463 4115 ut
2480 4076 2586 4137 quo
2606 4058 2912 4128 contineat,
2938 4065 2994 4115 et
3010 4057 3429 4115 infallibiliter

2040 4144 2270 4195 causet:
2299 4146 2466 4213 atque
2505 4140 2634 4197 ideo
2687 4141 2886 4213 nequit
2922 4156 3051 4197 eam
3094 4138 3424 4214 impedire,

2041 4219 2132 4276 vel
2162 4220 2553 4277 necessitatem
2584 4219 3034 4288 antecedentem,
3066 4221 3189 4278 sive
3229 4218 3423 4279 abso-

2041 4301 2220 4356 lutam
2250 4299 2487 4358 inferre.
2522 4302 2909 4366 Quamobrem
2938 4304 3242 4359 necessitas
3271 4309 3424 4360 orta

2040 4397 2113 4439 ex
2135 4381 2400 4455 praedicto
2421 4384 2661 4449 auxili0,
2687 4389 2744 4441 et
2785 4384 2848 4440 in
2902 4399 2970 4441 eo
3011 4383 3270 4451 fundata,
3331 4390 3432 4442 est

2036 4462 2347 4520 necessitas
2401 4463 2631 4537 petendi
2698 4470 2888 4521 actum
2949 4464 3220 4530 liberum,
3279 4481 3431 4538 quae

2042 4541 2285 4614 proinde
2311 4542 2393 4601 ita
2428 4543 2602 4611 abest,
2642 4547 2706 4600 ut
2744 4543 2999 4601 libertati
3055 4544 3427 4619 praejudicet,

2039 4622 2189 4696 quod
2252 4623 2440 4695 potius
2492 4625 2813 4682 necessario
2860 4624 3029 4681 faciat
3081 4640 3185 4682 nos
3234 4640 3431 4699 agere

2042 4702 2242 4760 libere.
2277 4702 2440 4760 Unde
2468 4705 2649 4777 posito
2673 4704 2774 4760 tali
2819 4704 3037 4762 auxilio
3064 4720 3182 4761 non
3214 4707 3435 4764 solum

2042 4782 2303 4856 implicat
2330 4797 2447 4841 non
2477 4783 2613 4857 poni
2635 4798 2997 4849 consensum,
3023 4783 3121 4841 sed
3145 4784 3435 4857 implicat

2043 4877 2162 4920 non
2184 4862 2318 4936 poni
2342 4879 2684 4921 consensum
2709 4863 2958 4921 liberum
3001 4885 3014 4921 z
3056 4880 3194 4922 nam
3236 4868 3437 4924 auxi—

2041 4942 2189 4999 lium
2253 4943 2500 5017 applicat
2538 4943 2838 5005 efficaciter
2883 4946 3238 5003 voluntatem
3288 4962 3439 5007 non

3168 5028 3430 5086 tantum
