3647 5753
1242 413 1420 471 DISP.
1467 417 1586 485 vn,
1630 420 1797 477 DUB.
1842 424 1935 481 lv.
2945 452 3044 507 :201

94 596 141 642 ψη
259 571 385 633 Qua
432 574 610 630 etiam
656 575 915 636 doctrina
951 597 1011 637 se
1050 584 1282 641 munire
1335 588 1549 659 pariter

93 635 147 718 {¹⁵
184 649 456 725 indigent
476 660 784 714 assertores
802 661 998 733 gratias
1016 679 1278 739 congruae
1301 667 1549 739 penden-

96 733 149 776 δι’
181 732 258 786 tis
279 749 312 787 a
334 734 578 793 scientia
605 738 813 805 media,
845 758 971 799 cum
994 744 1065 800 ab
1085 748 1167 803 eis
1194 749 1544 822 inquiritur:

93 795 299 882 ξῗῖοςυι·
320 815 472 870 Deus
493 820 849 877 constituerit
885 825 1160 896 quosdam
1188 827 1454 887 homines
1480 831 1545 888 in

93 893 262 973 {Leis
303 895 715 966 occasionibus,
748 901 811 958 in
837 904 1043 976 quibus
1078 907 1222 965 bene
1247 926 1307 966 se
1327 947 1330 951 ι
1353 926 1545 984 gesse-

178 980 336 1036 runt,
362 991 429 1032 ac
456 988 897 1049 perseverarunt
921 1008 935 1050 ,ι
960 986 1104 1043 alios
1125 1004 1263 1046 vero
1292 991 1544 1063 posuerit

173 1054 236 1108 in
257 1054 345 1111 eis
365 1057 773 1128 occasionibus,
793 1063 857 1119 in
883 1064 1091 1137 quibus
1104 1075 1257 1125 certo
1280 1071 1543 1142 praescie-

170 1133 271 1189 bat
296 1132 598 1193 defuturos
627 1139 766 1206 fore,
791 1143 929 1199 etin
957 1146 1165 1218 quibus
1207 1149 1542 1207 infallibili-

172 1219 260 1269 ter
281 1212 597 1275 deficiunt?
617 1221 775 1277 Nihil
791 1224 948 1280 enim
968 1227 1117 1297 quod
1135 1229 1534 1303 respondeant,

168 1295 410 1364 habent,
465 1300 580 1356 nisi
609 1301 666 1357 id
707 1306 995 1374 pertinere
1021 1309 1092 1365 ad
1139 1310 1541 1371 inscrutabilia

162 1375 385 1448 judicia
408 1381 528 1448 Dei,
547 1383 645 1454 qui
670 1382 1002 1444 liberrimus
1022 1391 1188 1447 estin
1214 1393 1317 1450 hac
1339 1410 1537 1452 rerum

165 1458 569 1532 dispositione.
600 1464 755 1523 Idem
777 1484 912 1543 ergo
935 1472 1344 1544 respondemus
1365 1475 1533 1545 adid,

166 1540 323 1613 quod
346 1543 459 1615 ipsi
480 1542 758 1618 objiciunt
783 1548 854 1606 de
873 1554 1413 1625 communicatione,
1446 1560 1537 1615 vel

172 1622 483 1695 negatione
526 1626 731 1682 auxilii
773 1628 843 1685 ab
889 1630 1202 1709 intrinseco
1246 1635 1483 1694 efficacis
1510 1640 1537 1695 ?

94 1703 141 1731 1¹³-
176 1700 454 1760 Videatur
493 1706 791 1779 cajetanus
828 1728 990 1783 super
1025 1715 1181 1786 epist.
1255 1717 1330 1772 ad
1374 1718 1532 1776 Rom.

171 1800 294 1856 cop.
322 1784 376 1849 9,
402 1802 543 1840 vers.
584 1787 666 1854 13,
695 1786 792 1843 ubi
813 1789 1200 1852 difficultatem
1227 1797 1374 1854 hanc
1395 1806 1536 1856 trac·

174 1871 302 1918 tans
330 1863 616 1922 concludit
644 1887 657 1922 :
703 1868 819 1926 Nec
845 1888 916 1927 eat
945 1874 1050 1929 Ιιαο
1072 1883 1271 1932 :aterna
1297 1877 1536 1951 disposi-

170 1948 317 1999 tione
341 1946 535 2001 diuina
561 1957 732 2020 ymbe-st
760 1953 956 2025 inferri
983 1957 1259 2027 injustitia
1300 1962 1359 2014 in
1397 1960 1529 2030 Deo,

168 2026 260 2079 sect
280 2025 505 2082 libertas
523 2046 773 2098 summm
792 2037 1055 2110 quoniam
1074 2042 1283 2095 neutris
1302 2046 1529 2111 tenetur,

170 2115 217 2159 ee
236 2123 311 2162 ατ
330 2124 435 2163 sua
453 2125 605 2165 mera
628 2111 875 2169 libertate
889 2117 1083 2187 pendet
1100 2120 1234 2176 velle
1259 2121 1392 2177 dare
1406 2139 1538 2193 yra-

172 2190 375 2242 tuitum
420 2188 623 2245 donum
669 2194 967 2270 aliquibm,
1014 2204 1065 2251 et
1107 2199 1243 2256 velle
1270 2218 1378 2257 non
1402 2203 1534 2258 dare

170 2269 471 2345 aliquibus.
528 2272 597 2325 Et
622 2271 671 2327 si
700 2272 805 2329 hoc
850 2274 1119 2345 creditur,
1170 2281 1317 2337 cadit
1343 2284 1535 2340 omnis

172 2350 438 2424 superba,
469 2358 526 2409 et
553 2361 1009 2428 praesumptuosa
1034 2359 1350 2432 inquisitio.

716 2542 748 2608 s
787 2540 987 2598 xv111.

276 2681 505 2761 Reliqua
549 2686 789 2756 ejusdmn
827 2690 1120 2761 opinionis,
1163 2699 1213 2748 et
1250 2710 1437 2750 eorum

494 2770 867 2837 responsiones
904 2773 1203 2831 remissive.

241 2913 369 2967 2281.
417 2913 573 2970 Adeo
626 2917 827 2972 multis
877 2923 1235 2993 argumentis
1290 2929 1533 2981 utuntur

174 2992 522 3062 Adversarii,
567 3002 623 3052 et
650 3014 750 3070 per
777 3005 856 3057 tot
896 3002 1077 3058 latera
1114 3005 1361 3077 gratiam
1383 3022 1453 3063 ex
1472 3023 1535 3064 se

173 3073 450 3132 efficacem
477 3086 833 3154 oppugnant,
860 3089 921 3139 ut
948 3082 1176 3143 difficile
1204 3086 1378 3143 fuerit
1403 3104 1532 3145 om-

176 3157 264 3212 nia
314 3175 615 3217 recensere
667 3161 878 3237 absque
947 3168 1296 3238 prolixitate,
1364 3176 1532 3243 atque

178 3238 421 3295 Lectoris
450 3239 701 3299 fastidio.
751 3246 883 3309 Quae
908 3246 1039 3304 licet
1082 3264 1400 3321 praecavere
1425 3267 1531 3307 vo-

176 3320 473 3387 luerimus,
498 3321 647 3379 forte
669 3329 861 3381 tamen
876 3326 997 3400 jam
1021 3328 1395 3388 incurrimus,
1421 3331 1529 3388 Sed

174 3414 240 3454 ne
285 3400 533 3456 ulterius
604 3418 879 3461 nauseam
930 3422 1258 3482 augeamus,
1329 3417 1529 3470 caetera

167 3494 362 3535 eorum
394 3481 633 3548 motiva,
684 3500 811 3556 quae
832 3502 1127 3560 superesse
1153 3489 1443 3557 videntur,
1473 3498 1530 3549 et

171 3560 317 3616 haud
344 3560 584 3621 obscure
630 3563 932 3624 diluuntur
958 3585 1029 3626 ex
1056 3569 1241 3638 dictis,
1274 3570 1528 3631 breviter

170 3640 583 3711 adnotabimus,
633 3650 691 3702 et
715 3647 894 3705 simul
920 3648 1353 3724 designabimus
1379 3655 1521 3718 loca.

170 3720 256 3776 ubi
280 3723 505 3793 plenior
519 3739 722 3781 eorum
747 3729 1041 3801 responsio
1060 3730 1359 3789 habeatur.
1377 3736 1524 3791 Nam

167 3802 450 3861 fastidium
478 3808 732 3864 Lectoris
759 3812 1210 3882 praesentientes,
1241 3814 1323 3871 sic
1348 3815 1525 3874 dubia

168 3884 561 3957 disposuimus,
591 3896 649 3946 ut
673 3907 793 3947 non
814 3908 1015 3951 omnes
1035 3894 1392 3954 difficultates
1417 3898 1523 3954 sub

166 3969 321 4027 titulo
347 3974 649 4043 praesentis
686 3978 1095 4034 controversiae
1139 3980 1522 4053 comprehen-

165 4048 443 4121 derentur,
475 4053 573 4110 sed
615 4061 1001 4113 tractarentur
1021 4058 1126 4114 sub
1150 4061 1302 4129 aliis,
1329 4062 1523 4136 ibique

167 4129 340 4204 aliqua
378 4140 720 4209 argumenta
761 4145 1199 4208 enervarentur,
1268 4158 1393 4216 quae
1430 4144 1522 4201 hic

174 4215 449 4285 negotium
474 4216 751 4275 facessere
772 4226 1018 4292 possent.
1336 4273 1349 4284 .

93 4322 144 4353 :2-
239 4296 616 4357 Undecimum
646 4317 784 4376 ergo
803 4303 1096 4375 opinionis
1121 4305 1376 4364 adversas
1401 4324 1522 4366 mo-

93 4372 141 4454 {gj
170 4375 339 4432 tivum
360 4383 483 4436 est:
521 4382 801 4454 quoniam
827 4382 899 4441 de
933 4386 1157 4443 ratione
1194 4388 1414 4461 agentis
1442 4389 1519 4445 li—

93 4474 108 4501 ι,
170 4453 282 4512 beri
307 4466 411 4527 est,
439 4462 587 4533 quod
616 4464 818 4536 positis
836 4465 1109 4523 omnibus
1132 4469 1425 4542 requisitis
1446 4470 1517 4527 ad

166 4538 456 4610 agendum,
473 4542 759 4602 distinctis
779 4545 850 4602 ab
877 4550 1154 4606 extremis
1174 4549 1517 4609 formalibus

169 4619 455 4689 libertatis,
506 4628 681 4698 possit
726 4643 912 4701 agere,
968 4635 1024 4687 et
1072 4647 1188 4689 non
1233 4648 1402 4707 agere
1451 4634 1517 4690 iu

166 4715 323 4759 sensu
363 4708 694 4779 composito,
725 4708 831 4765 hoc
856 4715 939 4766 est
966 4712 1363 4786 conjungendo
1395 4720 1515 4771 tam

167 4792 339 4852 agere,
362 4800 533 4856 quam
560 4802 678 4844 non
707 4803 875 4861 agere
898 4806 1031 4847 cum
1059 4792 1182 4848 illis
1210 4795 1516 4867 praerequi-

168 4862 320 4919 sitis:
362 4865 463 4923 sed
490 4869 769 4948 auxilium
791 4885 862 4928 ex
889 4887 950 4929 se
975 4872 1177 4931 efficax
1199 4875 1515 4948 requiritur

168 4943 232 4998 ad
250 4947 549 5020 agendum,
567 4955 633 5008 ‚et
672 4949 1048 5026 distinguitur
1075 4970 1110 5011 a
1136 4954 1399 5015 libertate
1418 4973 1512 5015 ac-

168 5026 300 5081 tuali
332 5050 345 5093 ;
372 5034 430 5084 et
454 5044 520 5086 eo
546 5030 725 5102 posito
765 5033 961 5104 nequit
986 5034 1162 5092 homo
1187 5051 1305 5093 non
1344 5053 1513 5113 agere

316 5106 598 5169 Salmant.
650 5110 813 5171 Cure.
863 5110 1087 5190 theoloq.
1146 5125 1274 5175 tom.
1330 5117 1397 5176 X.

1684 591 1749 647 in
1777 609 1950 653 sensu
1992 606 2321 675 composito,
2371 611 2470 667 sed
2512 618 2737 672 tantum
2780 619 2840 674 iu
2880 638 3046 677 sensu

1683 671 1889 740 diviso,
1919 685 1979 734 ut
2024 680 2223 741 docent
2268 694 2653 762 communiter
2695 699 3046 758 Thomistae:

1679 770 1815 830 ergo
1845 775 1943 830 per
1972 764 2082 820 tale
2120 769 2402 829 auxilium
2442 773 2758 834 destruitur
2809 785 3043 855 propria

1680 838 1828 895 ratio
1853 844 2070 915 agentis
2091 845 2258 906 liberi
2293 872 2306 906 ε
2334 868 2469 928 ergo
2495 873 2625 913 cum
2647 861 2812 933 juxta
2839 864 3038 921 Fidem

1677 922 1874 993 negari
1896 931 2154 996 nequeat,
2184 932 2332 1001 quod
2372 951 2607 1008 agimus
2638 941 2838 1009 libere,
2896 962 3038 1001 con-

1676 997 1796 1054 cedi
1820 1016 1936 1057 non
1964 1011 2160 1076 potest,
2192 1012 2339 1082 quod
2368 1018 2478 1072 tale
2520 1020 2804 1077 auxilium
2834 1024 2908 1079 sit
2932 1042 3035 1082 ne-

1674 1082 2005 1141 cessarium.
2035 1089 2309 1163 Maj0rem
2333 1096 2444 1152 late
2466 1099 2666 1170 probat
2695 1104 3031 1163 Franciscus

1674 1164 1934 1220 Annatus
1948 1168 2010 1223 in
2025 1169 2355 1232 defensione
2369 1179 2623 1237 scientias
2640 1184 2765 1239 med
2776 1186 2863 1254 iae,
2884 1189 3026 1262 disp.

1684 1246 1727 1311 1,
1752 1264 1870 1319 cap.
1903 1251 1958 1315 6,
1986 1254 2017 1321 ς
2044 1253 2096 1309 3.

1746 1334 1854 1390 Sed
1876 1335 1945 1391 ad
1969 1337 2072 1395 hoc
2110 1352 2513 1417 argumentum
2560 1353 2697 1408 satis
2719 1362 2935 1412 constat
2961 1375 3030 1414 ex
3048 1383 3229 1438 Respon-

1671 1427 1845 1487 supra
1889 1415 2110 1490 dictis§
2150 1424 2184 1478 3
2210 1432 2265 1482 et
2303 1431 2335 1497 ξ
2378 1432 2433 1493 7,
2480 1430 2577 1486 ubi
2622 1438 2738 1489 tam
2786 1438 3025 1506 ratione,
3097 1442 3172 1474 ⁵¹⁰·

1669 1510 1841 1565 quam
1885 1503 2165 1574 exemplis
2211 1510 2532 1581 oppositum
2586 1513 2749 1570 illius
2791 1519 3029 1591 maJ'oris

1669 1577 2040 1638 ostendimus.
2090 1585 2259 1644 Modo
2310 1588 2381 1646 ad
2430 1606 2557 1648 eam
2607 1597 3026 1656 retundendam

1668 1656 1908 1714 sufficiat
1947 1668 2276 1737 exemplum
2307 1674 2678 1732 manifestum
2718 1679 2908 1738 ultimi
2935 1683 3032 1756 ju-

1668 1734 1802 1792 dicii
1852 1742 2079 1811 practici
2125 1746 2390 1807 dictantis
2441 1770 2700 1813 amorem
2755 1760 3028 1830 liberum,

1667 1818 1816 1889 quod
1857 1825 2288 1896 praerequiritur
2328 1831 2397 1887 ad
2438 1850 2718 1904 amorem,
2768 1847 2822 1896 et
2852 1843 2922 1897 ab
2966 1860 3033 1902 eo

1668 1895 2058 1973 distinguitur,
2089 1911 2146 1961 et
2169 1914 2254 1962 est
2279 1908 2736 1989 inconjungibile
2762 1937 2890 1977 cum
2934 1923 3030 1996 ip-

1667 1976 1785 2037 sius
1812 1984 2064 2039 carentia
2083 2007 2096 2050 ;
2127 1992 2183 2042 et
2205 1987 2585 2056 nihilominus
2616 2012 2731 2053 non
2761 2000 3017 2074 impedit.

1668 2059 1808 2129 quin
1834 2060 2011 2120 libere
2031 2080 2283 2139 agamuS,
2318 2075 2376 2125 ut
2396 2073 2753 2132 ostendimus
2778 2088 2940 2138 tract.
2964 2087 3026 2139 de

1681 2137 1896 2197 Volunt.
1928 2143 2068 2216 disp.
2102 2148 2154 2211 2,
2187 2150 2218 2217 g
2246 2148 2301 2204 3.

1740 2221 1870 2276 282.
1915 2225 2179 2297 Arguunt
2201 2226 2533 2292 duodecimo
2559 2256 2571 2289 :
2600 2251 2732 2293 nam
2756 2245 2862 2297 hoc
2882 2243 3021 2314 ipso,
3041 2268 3250 2312 Dumium-

1667 2299 1815 2371 quod
1865 2304 2083 2361 auxilia
2128 2308 2329 2380 gratiae
2357 2327 2474 2369 non
2501 2322 2761 2374 evertant
2789 2321 3232 2400 liberta-¹¹¹¹}mffl'2

1669 2384 1803 2444 tem,
1830 2379 1960 2438 fieri
1991 2390 2187 2458 potest,
2230 2390 2378 2460 quod
2406 2408 2534 2449 cum
2575 2397 2787 2454 eisdem
2829 2403 3026 2475 gratiae
3067 2377 3216 2459 gip-ineu

1669 2462 1907 2518 auxiliis
1950 2482 2097 2522 unus
2144 2468 2315 2527 homo
2352 2481 2742 2545 convertatur,
2784 2488 2839 2537 et
2885 2485 3031 2541 alius

1671 2540 1846 2599 homo
1888 2560 2005 2601 non
2052 2554 2463 2621 convertatur;
2493 2561 2580 2611 est
2621 2561 2779 2616 enim
2826 2563 2895 2619 de
2939 2557 3035 2622 ra-

1674 2621 1839 2680 tione
1866 2627 2087 2699 agentis
2114 2627 2305 2697 liberi,
2355 2633 2504 2706 quod
2554 2639 2729 2710 possit
2768 2656 2952 2717 agere,
2984 2655 3038 2703 et

1673 2719 1794 2761 non
1818 2722 1986 2780 agere
2014 2710 2146 2767 :sed
2170 2713 2273 2769 hoc
2298 2714 2588 2774 verificari
2614 2723 2826 2794 nequit,
2857 2727 2905 2782 si
2934 2728 3036 2784 ad-

1675 2786 1946 2844 mittatur
1987 2793 2292 2849 necessitas
2344 2797 2548 2853 auxilii
2605 2800 2675 2856 ab
2727 2804 3039 2865 intrinseco

1673 2865 1931 2937 efficaciS‚
1964 2871 2246 2946 siquidem
2275 2875 2320 2931 si
2363 2876 2476 2936 duo
2503 2881 2767 2942 homines
2816 2906 3034 2961 praeve-

1670 2948 1912 3005 niantur
1940 2955 2157 3013 auxilio
2184 2972 2255 3012 ex
2280 2972 2340 3013 se
2366 2959 2592 3029 efficaci,
2629 2971 2862 3041 uterque
2889 2989 3026 3030 con-

1667 3029 1931 3097 vertitur,
1960 3038 2020 3087 ut
2047 3042 2264 3092 constat
2281 3051 2352 3093 ex
2375 3039 2646 3101 hactenus
2667 3046 2831 3105 dictis
2854 3076 2864 3107 :
2892 3068 3026 3129 ergo

1667 3123 1783 3164 non
1811 3115 1897 3166 est
1923 3111 2278 3173 admittenda
2308 3122 2608 3179 necessitas
2637 3129 2838 3185 auxilii
2868 3149 2937 3189 ex
2965 3152 3024 3191 se

1666 3189 1921 3259 efficaciS,
1949 3210 2054 3252 nec
2078 3213 2207 3253 cum
2237 3198 2502 3260 libertate
2536 3206 2795 3267 cohaeret.

1663 3295 1672 3300 -
1740 3273 1856 3328 Hoc
1877 3277 2071 3332 tamen
2111 3278 2395 3336 motivum
2445 3285 2583 3341 satis
2617 3298 3022 3354 enervavimus

1662 3353 1766 3419 hac
1791 3355 1931 3428 disp.
1964 3356 2091 3415 dub.
2133 3361 2178 3427 l,
2212 3363 2243 3431 ς
2283 3362 2339 3427 4,
2375 3361 2470 3419 ubi
2497 3375 2695 3426 contra
2742 3374 3022 3436 Molinam

1662 3436 2018 3494 ostendimus
2039 3438 2167 3497 fieri
2199 3458 2314 3499 non
2337 3460 2517 3516 posse,
2561 3451 2709 3521 quod
2750 3471 2877 3512 cum
2906 3461 3021 3515 eis-

1662 3512 1794 3571 dem
1823 3518 2061 3574 auxiliis
2096 3536 2242 3576 unus
2267 3525 2601 3593 consentiat,
2634 3533 2774 3601 quin
2803 3534 3019 3596 discre-

1661 3595 1741 3653 tio
1772 3598 1944 3653 unius
1971 3598 2042 3655 ab
2064 3601 2178 3658 alio
2201 3610 2498 3661 revocetur
2523 3623 2636 3664 non
2663 3612 2724 3667 in
2745 3619 3012 3687 gratiam,

1659 3675 1842 3733 sedin
1873 3679 2122 3736 liberum
2151 3681 2460 3740 arbitrium
2489 3707 2502 3741 τ
2530 3691 2678 3761 quod
2717 3712 2887 3766 quam
2918 3701 3022 3757 ab-

1658 3756 1899 3813 surdum
1925 3759 2019 3825 sit,
2053 3759 2134 3816 ibi
2170 3761 2606 3824 declaravimus,
2642 3773 2710 3827 Et
2754 3775 2860 3848 ipsi
2901 3781 3021 3837 Ad-

1658 3837 1902 3894 versarii
1951 3839 2299 3899 tenebuntur
2327 3844 2429 3902 hoc
2476 3861 2877 3922 argumentum
2927 3861 3019 3918 di-

1658 3918 1850 3985 luere;
1881 3920 2016 3992 quia
2048 3920 2177 3979 fieri
2202 3926 2416 3998 nequit,
2443 3929 2591 4000 quod
2616 3937 2795 4004 posita
2817 3940 3014 3999 eadem

1655 3999 1858 4073 gratia,
1892 4005 2010 4057 tam
2039 4002 2101 4058 in
2140 4018 2261 4060 esse
2287 4008 2456 4075 entis,
2482 4026 2652 4082 quam
2678 4015 2739 4072 in
2766 4034 2888 4076 esse
2915 4022 3014 4080 be-

1656 4079 1884 4146 neficii,
1931 4086 1987 4137 et
2026 4083 2242 4156 gratiae,
2288 4086 2349 4143 in
2396 4087 2614 4147 duobus
2656 4095 3009 4162 hominibus.

1657 4175 1806 4216 unus
1827 4169 2213 4235 convertatur,
2246 4173 2300 4224 et
2327 4171 2474 4228 alter
2502 4188 2649 4242 non;
2692 4194 2827 4236 nam
2860 4183 2919 4240 in
2947 4202 3014 4243 eo

1653 4241 1751 4314 qui
1776 4243 2151 4314 convertitur,
2184 4251 2269 4303 est
2306 4266 2589 4325 congrua,
2634 4273 2792 4314 secus
2820 4270 3009 4322 autem

1653 4321 1716 4378 in
1737 4338 1805 4380 eo
1837 4323 1935 4396 qui
1966 4340 2082 4381 non
2121 4331 2477 4388 convertitur
2504 4354 2517 4389 ε
2542 4341 2595 4391 et
2625 4338 3012 4403 nihilominus

1650 4401 1837 4475 gratia
1865 4418 1968 4459 nec
1997 4403 2061 4460 in
2087 4419 2208 4463 esse
2232 4410 2448 4482 gratiae,
2483 4415 2667 4471 necin
2697 4434 2817 4477 esse
2845 4423 3010 4484 bene-

1651 4479 1766 4537 ficii
1784 4481 2111 4540 libertatem
2135 4489 2366 4545 evertit.
2387 4490 2700 4551 Videantur
2722 4498 2869 4559 dicta
2889 4507 3006 4565 loco

1649 4561 1839 4627 citato,
1865 4566 1901 4632 ᾖ
1927 4565 1981 4630 5,
2014 4565 2075 4618 in
2101 4583 2339 4639 respons,
2366 4571 2441 4624 ad
2465 4573 2520 4627 3.

1664 4662 1668 4666 ·
1723 4644 1852 4698 283.
1887 4645 2152 4717 Arguunt
2172 4645 2567 4708 decimotertio
2599 4662 2908 4728 :quoniam
2938 4669 2997 4723 D.
3069 4675 3219 4751 Dacis

1648 4724 2001 4796 Augustinus
2026 4768 2039 4793 ,
2081 4730 2138 4782 et
2178 4728 2280 4785 alii
2335 4732 2532 4789 Patres
2579 4737 2765 4796 solent
2813 4749 2998 4818 expli·
3021 4768 3126 4814 nium
3145 4764 3225 4800 iel·-

1647 4819 1775 4861 care
1801 4802 2107 4861 efficaciam
2122 4809 2321 4880 gratiae
2336 4826 2437 4882 per
2453 4819 2865 4888 congruitatem
2883 4829 3003 4901 ejus
3032 4814 3207 4909 23:335:

1647 4885 1717 4943 ad
1746 4890 1989 4957 tempuS,
2016 4887 2224 4956 locum,
2249 4895 2306 4946 et
2324 4890 2724 4965 dispositiones
2745 4905 3000 4981 subjecti,
3073 4914 3170 4950 ‘¹¹¹¹'-

1649 4967 1712 5022 in
1740 4964 1967 5038 quibus,
1995 4972 2054 5022 et
2081 4967 2172 5023 cui
2201 4970 2579 5035 conferuntur
2600 4998 2612 5032 z
2630 4979 2726 5035 sed
2754 4985 2802 5040 si
2825 4992 3011 5061 gratia

1650 5045 1848 5104 efficax
1875 5052 2021 5104 esset
2045 5062 2117 5105 ex
2137 5064 2198 5107 se
2220 5093 2234 5119 ,
2279 5057 2335 5109 et
2357 5052 2427 5110 ab
2458 5055 2769 5119 intrinseco
2795 5068 3008 5140 efficax,
3092 5102 3099 5112 ·

2739 5143 2867 5198 ’14

3039 3321 3150 3363 Sollxl
3161 3336 3166 3355 ι
3177 3334 3211 3364 ι),
