3647 5753
1275 483 1279 486 Α
1305 429 1487 485 DISP.
1529 430 1650 497 vn,
1694 429 1860 485 DUB.
1880 448 1884 451 *
1907 430 1997 485 tv,
2939 433 3041 487 129

192 626 212 651 υ
261 598 440 662 110110,
464 604 519 655 01
556 596 866 656 inflexione
892 597 1139 673 benigne
1166 615 1270 657 nos
1290 599 1541 674 adjuvat,

155 728 164 731 ,
189 701 214 731 α
258 685 320 734 111
344 678 790 744 consentiamus,
821 685 876 736 et
900 677 1234 740 obediamus
1260 680 1545 739 vocationi

189 782 214 812 α
253 776 390 819 suaa.
445 782 473 812 n
520 758 854 817 Adversarii
903 768 1093 820 autem
1142 762 1321 835 posita
1359 762 1547 839 gratia

182 839 515 906 vooetionis,
595 855 713 913 11ορ
753 840 930 897 aliam
994 841 1240 915 gratiam
1287 844 1545 916 applica-

182 921 374 987 1101115,
403 921 817 988 inclinationis»,
855 927 912 979 et
932 922 1263 981 inflexionis
1308 939 1544 998 exspec-

181 1008 320 1071 tant,
373 1009 438 1059 ut
463 1005 730 1061 voluntas
757 1004 1004 1077 praebeat
1030 1022 1370 1063 consensum
1397 1031 1413 1075 ;
1443 1005 1543 1065 sed

180 1086 365 1156 potius
390 1084 610 1153 dicunt,
663 1087 1018 1144 voluntatem
1058 1092 1308 1146 creatam
1350 1089 1542 1162 appli-

176 1179 305 1222 care
328 1165 552 1222 auxilia
572 1164 683 1222 sibi
711 1167 936 1233 collata,
965 1172 1024 1224 et
1049 1183 1178 1224 cum
1207 1170 1541 1242 operatione

175 1246 544 1320 conjungere,
588 1247 802 1320 hacque
848 1249 1071 1306 ratione
1111 1250 1358 1307 efficacia
1407 1250 1540 1308 red·
1597 1324 1598 1327 Ἴ

176 1323 332 1381 dere.
376 1325 546 1382 Unde
583 1327 803 1382 Molina
831 1329 890 1381 in
917 1330 1205 1385 concordia
1233 1337 1414 1408 quaest.
1454 1331 1533 1397 14,

175 1407 315 1481 disp.
339 1408 430 1475 37,
451 1410 515 1463 in
535 1409 833 1482 principie,
854 1415 1047 1482 aperte
1068 1410 1296 1474 fatetur,
1323 1414 1537 1487 Vegam

179 1492 432 1544 nostram
457 1487 717 1545 docuisse
755 1489 1131 1548 assertionem
1180 1492 1317 1549 locis
1362 1508 1538 1566 supra

175 1566 377 1624 citatis.
409 1567 617 1625 Videat
645 1584 779 1643 ergo
807 1571 1023 1636 Lector,
1075 1587 1180 1644 pro
1198 1571 1405 1644 quibus
1430 1577 1538 1630 stet

177 1652 373 1707 Doctor
416 1650 679 1715 Subtitis,
724 1652 822 1723 qui
853 1657 968 1709 tam
1003 1659 1217 1726 aperte,
1246 1659 1304 1711 et
1332 1671 1433 1728 per
1452 1671 1530 1721 se,

173 1734 227 1785 et
252 1745 351 1802 per
369 1729 686 1802 discipulos
708 1736 965 1787 nostram
992 1735 1367 1792 assertionem
1396 1750 1535 1790 con-

178 1810 382 1868 firmat.
413 1814 534 1868 Nec
559 1811 623 1868 in
646 1812 750 1868 hoc
771 1813 1021 1885 amplius
1045 1815 1349 1873 immorari
1372 1833 1535 1888 opor·

174 1897 265 1957 tet,
317 1894 606 1966 cumipse
653 1896 863 1952 Suarez
888 1894 987 1952 ubi
1026 1913 1221 1969 supra,
1271 1916 1390 1971 cap.
1435 1900 1527 1965 50,

175 1993 318 2031 num.
335 1977 391 2042 4,
412 1975 488 2032 de
508 1975 827 2048 patrocinio
847 1977 993 2033 Scoti
1014 1979 1176 2045 quasi
1198 1978 1526 2052 desperans,

175 2056 409 2113 fateatur
436 2057 581 2113 satis
608 2058 858 2130 ingenue
889 2079 902 2114 ε
934 2080 958 2111 α
999 2060 1238 2132 Propter
1264 2061 1413 2133 quod
1441 2062 1532 2118 fa-

181 2157 200 2184 r‘
241 2142 360 2194 teor
379 2138 443 2193 111
473 2137 570 2193 1115
591 2137 782 2193 verbis
811 2140 1059 2195 multum
1082 2139 1275 2198 favere
1301 2142 1528 2198 Scotum

180 2240 201 2268 α
242 2218 324 2273 1111
353 2219 676 2286 sententiae,
709 2235 835 2291 quae
860 2219 1107 2278 affirmat
1134 2237 1256 2278 esse
1285 2222 1529 2293 possibi-

178 2321 200 2349 11
239 2300 347 2355 10111
398 2300 1087 2372 praedeterminatiouem,
1142 2319 1266 2374 quaa
1317 2303 1530 2361 imme-

178 2401 198 2430 α
238 2376 384 2434 diate
411 2376 475 2434 fit
503 2394 610 2451 per
651 2379 1008 2435 voluntatem
1054 2378 1317 2437 divinam
1360 2382 1529 2440 abso-

176 2480 198 2505 «
238 2459 434 2523 lutam,
473 2464 534 2515 et
563 2457 865 2523 efficacem,
910 2459 1245 2517 immediate
1271 2461 1528 2519 intluen-

176 2560 198 2587 υ
237 2542 346 2594 10111
369 2538 430 2594 111
459 2544 655 2593 actum
685 2539 998 2595 voluntatis
1025 2540 1316 2606 humanae,
1367 2542 1526 2598 salva

176 2642 196 2668 ι»
239 2617 496 2675 libertate
516 2617 776 2690 ejusdem
804 2623 960 2674 actus
987 2620 1299 2676 voluntatis
1328 2621 1526 2676 huma-

174 2720 196 2749 «
236 2715 337 2756 nae.
380 2700 489 2756 Sed
522 2700 590 2755 in
619 2700 723 2757 hoc
747 2715 863 2755 non
908 2700 1214 2772 probamus
1240 2702 1364 2774 ejus
1388 2717 1525 2757 sen-

175 2806 193 2829 1
234 2782 490 2846 tentiam,
548 2785 651 2837 etc.
702 2802 727 2831 >2
774 2782 844 2835 Et
882 2786 1062 2837 totum
1093 2796 1405 2838 numerum
1443 2784 1525 2840 sic

168 2859 479 2917 concludit:
537 2884 563 2914 α
618 2862 891 2934 Optarem
934 2867 1123 2918 autem
1165 2863 1524 2921 mentionem

176 2965 194 2992 α
235 2942 481 3016 aliquam
555 2942 719 2998 illius
756 2943 1010 2999 scientiae
1056 2942 1461 3001 conditionatae
1491 2967 1517 2997 n

171 3025 382 3094 (nempe
416 3021 649 3091 mediae)
694 3044 720 3074 α
770 3022 951 3096 magis
997 3039 1326 3096 expressam
1373 3025 1522 3097 apud

177 3125 198 3148 «
237 3103 395 3159 illum
424 3103 722 3160 invenire.
757 3123 782 3153 11

110 3217 137 3249 n
245 3185 355 3238 193.
400 3181 772 3240 Venerabilis
803 3184 1004 3240 Doctor
1034 3189 1225 3241 noster
1272 3186 1522 3242 Thomas

110 3305 134 3347 'ts

110 3356 147 3398 ἡ.

110 3277 118 3287 ·
174 3262 484 3319 waldensis
541 3267 747 3320 contra
811 3263 1124 3320 Wiclefum
1185 3264 1417 3335 divinae,
1467 3273 1521 3324 et

175 3340 422 3400 humanae
442 3343 732 3400 libertatis
763 3343 1001 3409 hostem,
1048 3351 1216 3417 atque
1257 3348 1515 3413 Lutheri,

171 3427 218 3476 et
238 3423 453 3479 Calvini
484 3438 923 3495 przecursorem,
954 3424 1203 3497 gloriose
1243 3425 1385 3483 adeo
1417 3425 1521 3483 de-

172 3503 408 3569 certavit,
488 3508 548 3559 ut
603 3502 816 3559 merito
864 3503 924 3559 in
966 3503 1070 3560 hac
1128 3508 1520 3564 controversia

175 3584 323 3652 parti,
354 3585 442 3639 cui
470 3583 898 3654 subscripserit,
943 3584 1265 3640 maximum
1313 3588 1519 3645 autho-

175 3662 338 3719 ritatis
368 3664 541 3722 robur
564 3665 931 3721 existimetur
959 3663 1221 3738 adjicere.
1267 3669 1519 3725 Praeser-

174 3743 265 3799 tim
299 3762 422 3801 cum
451 3747 577 3819 eJ'us
597 3761 771 3817 opera
816 3746 1063 3814 laudata,
1111 3747 1438 3820 approbata,
1463 3756 1518 3809 et

173 3827 549 3883 commendata
597 3826 818 3882 fuerint
863 3844 893 3883 a
940 3829 1179 3886 Summo
1246 3831 1519 3889 Pontifice

178 3906 400 3966 llartino
448 3909 514 3973 V,
546 3913 604 3964 et
642 3907 711 3963 ab
742 3909 1131 3966 Universitate
1179 3911 1510 3979 parisiensi,

178 3992 226 4039 ut
250 3995 455 4045 constat
474 4006 546 4045 ex
568 3989 829 4060 epistola,
854 3994 911 4046 et
936 3989 1365 4063 approbatione,
1394 4010 1517 4066 quae

176 4077 365 4139 prostat
419 4070 481 4125 in
540 4070 797 4128 editione
865 4072 1305 4129 Salmanticensi
1374 4076 1513 4132 anni

184 4153 320 4209 1557.
367 4154 531 4209 Hunc
578 4169 717 4210 vero
761 4153 1044 4210 eximium
1100 4155 1329 4212 Patrem
1377 4157 1516 4214 adeo

175 4246 412 4303 expresse
456 4237 613 4288 stare
664 4249 770 4303 pro
840 4233 1188 4293 Molinistica
1231 4238 1515 4294 sententia

106 4343 150 4375 :z.
177 4312 440 4368 existimat
486 4315 718 4380 Suarez,
771 4319 832 4368 ut
860 4315 1016 4370 velut
1063 4315 1428 4389 triumphans
1456 4320 1515 4372 in

178 4396 345 4458 tom.2,
374 4395 436 4449 de
470 4397 681 4464 9ratia,
740 4395 833 4451 lib.
866 4397 920 4460 5,
952 4414 1072 4469 cap.
1116 4398 1208 4463 48,
1236 4415 1387 4455 num.
1417 4401 1510 4466 21,

175 4471 340 4530 dicat:
390 4497 415 4525 α
457 4477 589 4532 Non
616 4480 839 4546 oportet
865 4482 1056 4532 autem
1080 4476 1256 4535 verba
1276 4479 1398 4552 ejus
1420 4496 1515 4537 re-

179 4575 198 4600 «
237 4554 394 4619 ferre,
420 4561 519 4611 aut
543 4554 885 4627 ponderare,
910 4557 1047 4628 quia
1065 4563 1122 4616 et
1150 4575 1273 4615 rem
1295 4574 1364 4616 ex
1389 4576 1513 4632 pro-

177 4655 196 4680 v
235 4632 369 4691 10550
411 4634 685 4709 disputat,
750 4641 804 4691 et
851 4637 1059 4693 acriter
1115 4639 1410 4697 invehitur
1451 4640 1513 4697 in

176 4737 194 4763 11
230 4716 491 4787 quosdam
545 4718 871 4791 MagistrOS,
921 4719 1020 4790 qui
1069 4721 1402 4792 periculose,
1453 4729 1515 4780 111

176 4815 196 4842 α
233 4795 342 4866 ipse
375 4797 474 4863 ait,
526 4798 926 4855 necessitatem
969 4800 1415 4860 antecedentem.
1442 4819 1512 4861 ex

180 4874 465 4933 «efficacia
486 4876 706 4934 divinae
729 4879 1041 4935 voluntatis
1065 4884 1510 4954 praevenientem

179 4978 200 5004 ιι
238 4955 294 5011 111
320 4956 530 5014 actibus
573 4960 888 5016 voluntatis
928 4960 1194 5019 humanae
1226 4964 1349 5037 J'am
1378 4968 1511 5021 tunc

181 5056 201 5084 1
241 5035 590 5096 introducere
630 5039 1007 5105 conabantur,
1062 5050 1119 5100 et
1145 5059 1244 5116 per
1286 5045 1403 5110 hoc,
1448 5049 1511 5100 ut

1687 622 1714 653 α
1756 601 1878 673 ipse
1917 601 2152 676 judicat,
2200 601 2564 660 concordiam
2620 599 2900 658 libertatis
2928 599 3039 654 hu·-

1686 702 1712 735 α
1755 698 1943 740 manae
1961 700 2090 741 cum
2118 683 2449 756 operatione
2494 681 2708 739 divinae
2739 679 2958 756 gratiae,
2984 685 3039 736 et

1685 783 1712 815 α
1752 764 2048 821 voluntate
2100 761 2517 836 impossibilem
2566 759 2896 820 reddebant.
2969 761 3037 813 Et

1685 862 1711 894 «
1753 841 1881 900 ideo
1918 843 2182 916 quamvis
2203 843 2265 899 in
2308 842 2458 899 libro
2479 841 2548 899 de
2593 840 2843 896 Auxiliis
2866 839 3035 912 hujus

1683 944 1710 976 α
1751 924 1865 980 viri
1886 924 2214 982 testimonio
2241 940 2375 979 usus
2402 922 2632 988 fuerim,
2661 921 2811 977 nihil
2834 924 3033 977 contra

1682 1028 1709 1058 «
1750 1004 1821 1062 ab
1864 1005 2224 1063 Adversariis
2282 1004 2516 1069 dictum,
2587 1004 2679 1059 vel
2748 1000 3030 1075 objectum

1681 1109 1709 1140 α
1748 1092 1854 1144 est.
1882 1108 1908 1139 »

1747 1167 1855 1225 Sed
1918 1170 2220 1239 antequam
2286 1166 2489 1222 Suario
2555 1162 3023 1235 respondeamus,
3046 1190 3242 1233 walde·-

1673 1252 1895 1320 oportet
1913 1246 2163 1305 breviter
2184 1245 2481 1304 ostendere
2497 1243 2868 1300 Waldensem
2893 1243 3026 1299 alie-
3057 1250 3117 1282 ⁵¹³
3143 1250 3242 1283 ¹¹¹¹ss

1673 1344 1815 1384 num
1859 1344 2090 1400 prorsus
2130 1343 2251 1385 esse
2278 1344 2310 1383 a
2334 1325 2586 1382 scientiae
2612 1322 2814 1381 mediae
2856 1323 3023 1394 prin-
3063 1298 3207 1396 affluit

1671 1409 1853 1482 cipiis,
1894 1425 2071 1483 eaque
2116 1409 2474 1482 apertissime
2519 1405 2841 1472 debellare;
2892 1407 3028 1463 hinc
3079 1397 3217 1480 ῗῖζξᾞ

1670 1492 1829 1548 0111111
1849 1491 2166 1564 apparebit,
2198 1492 2366 1548 illum
2393 1490 2640 1564 gratiam
2668 1506 2737 1545 ex
2762 1506 2823 1545 50
2851 1489 3027 1545 effica-
3042 1486 3235 1530 moutam.

1669 1588 1791 1628 cem
1812 1571 2069 1628 docuisse
2096 1592 2109 1628 ε
2130 1587 2265 1628 nam
2283 1576 2591 1633 annuente,
2617 1576 2672 1627 et
2686 1569 3028 1627 decernente

1669 1653 1891 1717 Suario,
1910 1653 2272 1725 quiscientiae
2288 1650 2489 1707 mediae
2508 1649 3019 1725 nonsubscribunt,

1669 1732 1886 1787 auxilia
1907 1748 1977 1788 ex
1997 1747 2056 1787 se
2075 1730 2318 1788 efficacia
2344 1732 2766 1802 compelluntur
2814 1729 3028 1786 admit-

1669 1815 1805 1868 tere.
1834 1814 2013 1869 Porro
2047 1811 2346 1869 Waldensi
2374 1811 2649 1884 ignotam,
2683 1811 2800 1866 imo
2828 1810 3029 1884 ingra-

1666 1895 1784 1946 tam
1807 1891 2224 1962 praescientiam
2254 1891 2419 1945 illam
2465 1888 2659 1953 fuisse,
2713 1888 2863 1947 haud
2892 1888 3026 1947 obs-

1664 1985 1799 2025 cure
1833 1976 2069 2042 apparet
2098 1968 2415 2044 legentibus
2435 1970 2555 2042 ejus
2585 1984 2783 2040 opera..
2810 1968 3017 2035 Prima,
3050 1984 3067 1993 “

1664 2050 1799 2122 quia
1839 2049 2169 2107 Waldensis
2194 2049 2343 2106 nihil
2372 2048 2555 2121 magis
2573 2049 2814 2111 curavit,
2846 2064 3018 2120 quam

1663 2130 1978 2187 sententias
2006 2132 2263 2194 Patrum,
2288 2135 2341 2185 et
2366 2128 2734 2200 antiquorum
2758 2127 3021 2184 Scholas-

1662 2209 1908 2265 ticorum
1951 2208 2283 2266 fidelissime
2334 2207 2631 2281 amplecti;
2685 2212 2811 2263 erat
2859 2209 3018 2265 enim

1639 2280 2021 2362 antiquitatis
2076 2289 2446 2345 humillimus
2486 2293 2807 2345 venerator.
2858 2287 3021 2346 Unde

1664 2368 1852 2441 primo
1877 2367 2161 2425 volumini
2191 2366 2481 2440 inscripsit
2505 2366 2757 2428 titulum.
2797 2366 3020 2423 Doctri-

1661 2451 1928 2520 1101εράεί
1953 2452 2208 2527 antiquar,
2256 2467 2350 2505 seu
2388 2451 2617 2522 priscae,·
2654 2454 2709 2504 et
2750 2449 3021 2520 frequen-

1661 2530 1881 2586 tissime
1916 2529 2161 2585 inculcat
2193 2544 2253 2585 se
2298 2544 2416 2584 non
2465 2528 2632 2583 aliter
2676 2526 3019 2599 respondere

1660 2613 1737 2666 W
1741 2611 1926 2676 iclefo,
1951 2627 2123 2684 quam
2149 2612 2381 2666 Veteres
2410 2608 2820 2681 responderant
2835 2609 3018 2666 Mani

1658 2691 1827 2747 chaeis
1855 2696 1946 2747 :et
1968 2692 2063 2746 tib.
2095 2692 2139 2755 l,
2167 2708 2286 2761 cap.
2312 2692 2404 2756 21,
2433 2690 2535 2745 hac
2556 2688 2832 2746 modestia
2856 2694 3019 2747 utens

1660 2772 1778 2829 ait:
1807 2771 2064 2841 anoscat
2093 2773 2232 2827 mihi
2273 2769 2437 2835 DeuS,
2485 2778 2718 2844 paratus
2753 2789 2876 2826 sum
2922 2773 3019 2828 1100

1658 2853 1887 2919 credere,
1914 2855 2061 2911 sisic
2088 2853 2219 2909 velit
2259 2851 2527 2909 Ecclesia.
2565 2850 2674 2910 Sed
2702 2854 2831 2930 quia
2861 2856 3016 2909 anti-

1658 2951 1798 3012 quus
1837 2934 2133 2990 Doctorum
2167 2934 2381 2998 choruS,
2427 2939 2693 3010 quantum
2738 2934 2869 2997 vidi,
2919 2935 3017 2989 sub

1651 3032 1814 3087 poena
1835 3016 2177 3086 infidelitatis
2204 3015 2443 3085 injunyit
2464 3016 2788 3087 oppositum,
2817 3015 3016 3070 idct'rco

1656 3095 1884 3151 timidus
1913 3096 2100 3167 lapsus
2126 3097 2232 3150 mei
2263 3112 2454 3169 sequor
2481 3089 2754 3172 antiques.
2787 3097 3016 3154 Constat

1656 3179 1846 3231 autem
1874 3176 2171 3232 scientiam
2197 3174 2467 3240 mediam,
2500 3181 2555 3231 et
2580 3176 2700 3247 ejus
2730 3191 2895 3230 usum
2928 3176 3014 3232 la-

1656 3256 1830 3312 tuisse
1842 3257 2104 3329 antiquos
2119 3258 2400 3322 Doctores,
2418 3257 2511 3312 vel
2526 3257 2728 3312 saltem
2747 3256 2886 3328 ipsis
2899 3272 3015 3314 non

1656 3336 1951 3407 placuisse,
1980 3344 2038 3393 ut
2059 3343 2274 3393 constat
2298 3343 2417 3392 tum
2445 3353 2514 3394 ex
2540 3342 2853 3409 spontanea
2879 3353 3017 3394 con-

1654 3414 1898 3473 fessione
1933 3418 2053 3490 ejus
2093 3416 2430 3483 inventoris,
2466 3422 2563 3472 aut
2593 3417 3016 3474 exsuscitatoris

1653 3498 1917 3564 Molinae;
1942 3504 2064 3556 tum
2087 3515 2155 3554 ex
2180 3498 2309 3554 aliis
2334 3497 2593 3570 pluribus
2616 3497 2865 3563 indiciis,
2890 3515 3015 3572 quae

1651 3580 1777 3635 dub.
1823 3582 2046 3652 praeced.
2070 3583 2176 3649 57,
2201 3586 2255 3636 et
2278 3578 2415 3637 alibi
2440 3579 2840 3652 expendimus.
2866 3583 3014 3656 Ergo

1653 3657 1990 3715 incredibile
2010 3666 2111 3725 est,
2150 3660 2432 3717 Thomam
2455 3659 2828 3716 Waldensem
2850 3679 3013 3718 sum-

1652 3757 1813 3795 mum
1845 3741 2202 3811 antiquitatis
2228 3742 2506 3798 cultorem
2541 3743 2840 3799 scientiam
2887 3759 3013 3800 me-

1651 3819 1807 3877 diam
1838 3820 2226 3892 amplexatum
2257 3821 2449 3878 fuisse·
2480 3821 2747 3887 Secundo,
2767 3823 3008 3896 quiaar-

1650 3907 1987 3977 gumentum
2017 3901 2245 3958 Wiclefi
2280 3901 2432 3958 idem
2454 3909 2577 3960 erat
2597 3921 2724 3974 cum
2755 3906 2877 3972 illo,
2901 3923 3013 3980 quo

1651 4000 1805 4040 nunc
1825 3983 2169 4049 Calvinistae,
2194 3988 2249 4039 et
2290 3984 2470 4041 nostri
2498 3984 2812 4050 adversarii
2836 3993 3012 4044 utun-

1650 4071 1744 4121 tur
1766 4065 1836 4122 ad
1867 4064 2247 4138 probandum,
2280 4066 2634 4123 voluntatem
2663 4068 2758 4123 Dei
2786 4074 3011 4126 antece-

1649 4144 1899 4211 dentem,
1930 4150 1985 4202 et
2013 4145 2310 4210 efficacem,
2350 4151 2516 4219 atque
2544 4147 2829 4204 auxilium
2856 4166 2926 4205 ex
2954 4166 3013 4205 50

1648 4226 1844 4283 efficax
1886 4232 2143 4284 evertere
2196 4227 2540 4294 libertatem,
2592 4234 2652 4284 ut
2679 4236 2896 4286 constat
2941 4247 3009 4289 ex

1649 4309 1772 4381 ipso
1792 4308 2093 4364 Waldensi
2123 4308 2214 4364 lib.
2241 4310 2330 4374 cit,
2368 4327 2490 4382 cap.
2515 4310 2607 4375 23,
2634 4308 2729 4365 ubi
2761 4310 2840 4367 ait
2867 4332 2879 4366 ε
2903 4311 3013 4369 At-

1648 4391 1846 4445 tendite
1867 4391 2000 4466 quid
2037 4389 2243 4461 Wiclef
2270 4391 2540 4446 concludit
2574 4414 2587 4447 z
2629 4390 2844 4462 Oportet
2876 4410 3013 4465 pro-

1641 4476 1887 4545 positum
1908 4472 2010 4529 Dei
2038 4475 2336 4529 necessario
2355 4473 2574 4544 impleri
2589 4492 2608 4539 ,·
2626 4481 2674 4528 et
2704 4474 2819 4530 ideo
2859 4493 3014 4530 omne

1646 4558 1904 4627 futurum
1940 4556 2115 4609 evenit
2162 4555 2479 4609 necessario.
2514 4552 2614 4608 Cui
2644 4559 3005 4627 argumento,

1647 4651 1775 4691 cum
1807 4639 1990 4705 posset
2010 4647 2307 4690 occurrere
2331 4647 2429 4703 per
2458 4632 2741 4705 principia
2762 4634 3012 4692 scientias

1646 4714 1869 4779 mediae,
1901 4730 2025 4786 quae
2056 4713 2284 4770 nullum
2313 4711 2411 4768 Dei
2440 4713 2795 4784 propositum
2824 4712 3008 4786 ipsam

1648 4798 2002 4872 praeveniens
2023 4795 2291 4861 admittit,
2314 4790 2371 4849 id
2389 4800 2579 4851 tamen
2603 4810 2721 4852 non
2743 4796 2893 4858 facit,
2911 4798 3010 4855 sed

1646 4880 1893 4938 recurrit
1939 4877 2009 4935 ad
2050 4892 2415 4934 communem
2469 4878 2530 4931 D.
2585 4878 2910 4951 Augustini,
2954 4887 3009 4938 et

1643 4959 2074 5017 Thomistarum
2102 4957 2466 5021 solutionem,
2494 4972 2699 5030 nempe
2738 4959 2887 5031 quod
2925 4962 3011 5017 si-

1643 5043 1765 5098 mul
1794 5057 1924 5097 cum
1956 5040 2056 5095 illa
2084 5044 2235 5095 certa
2264 5038 2603 5096 futuritione
2629 5044 2736 5095 stat
2766 5046 3008 5112 potestas
