3647 5753
1405 383 1578 438 DISP.
1624 383 1693 448 11,
1740 381 1906 437 DUB.
1952 384 2044 438 lV.
3026 395 3137 450 393

275 557 345 615 ad
369 556 587 614 bonum
643 558 887 617 rationis
933 565 1204 631 tanquam
1247 556 1317 615 ad
1368 552 1644 614 ultimum

274 639 474 710 finem,
507 656 571 696 ac
624 639 872 714 denique
901 658 1016 699 non
1062 641 1374 714 opponitur
1421 645 1641 712 peccato

275 719 631 786 immediate,
657 719 757 778 sed
788 722 976 794 potius
1014 727 1098 778 est
1118 720 1433 796 subjectum
1457 720 1634 775 illius

273 804 344 858 Et
364 802 491 860 ideo
518 803 741 858 mirum
771 819 889 859 non
929 808 1031 868 est,
1078 802 1227 878 quod
1257 808 1462 859 natura
1491 817 1640 874 prae-

272 880 392 938 dita
417 881 734 937 virtutibus
776 883 1067 955 acquisitis
1100 882 1366 956 conjungi
1400 897 1516 938 non
1543 897 1639 938 so-

273 962 394 1018 lum
422 961 725 1030 divinitus,
752 963 850 1019 sed
871 963 1047 1020 etiam
1090 964 1437 1019 naturaliter
1472 966 1638 1033 queat

268 1058 400 1099 cum
429 1043 731 1100 aversione
753 1059 785 1099 a
809 1046 941 1104 Deo,
967 1059 1097 1099 cum
1123 1049 1281 1101 reatu
1306 1042 1375 1099 ad
1406 1057 1634 1115 poenam

268 1129 565 1190 aeternam,
597 1130 803 1181 etcum
853 1124 984 1180 aliis
1015 1124 1336 1197 praedicatis
1384 1124 1636 1198 propriis

269 1207 481 1277 peccati
509 1205 791 1263 mortalis.
821 1207 1156 1279 Oppositum
1181 1222 1319 1262 vero
1340 1204 1543 1262 accidit
1570 1204 1634 1260 in

267 1286 458 1359 gratia
501 1284 934 1353 sanctificante;
990 1286 1106 1342 haec
1152 1287 1361 1359 quippe
1408 1289 1635 1358 praestat

270 1364 803 1438 indispensabiliter
839 1366 941 1421 illa
983 1365 1304 1437 praedicata,
1350 1381 1475 1438 quae
1502 1381 1632 1421 cum

270 1450 496 1517 peccato
510 1445 673 1519 gravi
697 1451 986 1518 nequeunt
1014 1446 1133 1503 ullo
1155 1451 1313 1519 pacto
1340 1445 1627 1519 componi.

29 1550 240 1642 ιζῇρέἇι-
345 1525 1013 1661 Ιίιεεῐῖοηᾲεῳιζῑεῗμηᾱυ,
1045 1525 1200 1661 gugdt
1219 1532 1279 1582 ut
1307 1527 1522 1661 paEitas
1544 1530 1630 1660 tet.

96 1647 109 1657 .
269 1619 377 1660 nea
446 1621 477 1662 e
553 1622 799 1661 s1m11u
846 1621 1002 1662 inem
1084 1623 1114 1662 e
1157 1624 1176 1661 1
1204 1622 1295 1662 am
1343 1623 1376 1663 o
1416 1621 1581 1662 serve

39 1657 234 1754 ⁹333?
265 1648 430 1743 debe't
470 1686 623 1742 inter
660 1685 960 1759 praedicata
990 1688 1220 1759 propria
1245 1692 1424 1743 status
1453 1648 1629 1759 puro:

57 1751 220 1841 ”1²22sssp
267 1784 402 1824 rum
422 1769 707 1825 recenseri
729 1769 1027 1826 conversio
1054 1770 1338 1826 naturalis
1365 1768 1621 1832 actualis,

264 1850 357 1908 vel
404 1849 716 1906 habitualis
754 1851 823 1906 ad
854 1851 1033 1907 Deum
1063 1852 1362 1907 authorem
1388 1857 1626 1906 natura-

260 1932 397 2001 lem,
424 1937 700 2004 tanquam
725 1931 795 1987 ad
819 1932 1090 1987 ultimum
1111 1931 1286 1990 finem
1310 1949 1370 1987 su
1380 1948 1480 2005 per
1506 1947 1625 1988 om-

261 2014 360 2070 nia
382 2014 677 2080 dilectum,
717 2015 864 2070 sicut
891 2015 1063 2072 homo
1092 2031 1191 2087 per
1211 2014 1455 2088 gratiam
1483 2030 1624 2071 con-

255 2094 504 2150 vertitur
532 2094 603 2150 ad
632 2095 813 2150 Deum
847 2096 1117 2151 ultimum
1143 2095 1318 2150 finem
1341 2107 1624 2167 superna-

255 2176 503 2231 turalem
553 2196 565 2230 :
617 2190 754 2230 nam
803 2175 963 2247 prior
1008 2176 1114 2231 illa
1155 2175 1470 2240 conversio,
1530 2176 1622 2232 vel

254 2258 457 2314 saltem
479 2258 737 2313 carentia
764 2258 1035 2329 oppositae
1055 2257 1375 2314 aversionis
1396 2256 1623 2314 caderet

252 2337 360 2392 sub
384 2343 661 2411 praecepto
684 2339 747 2392 in
775 2343 921 2393 statu
952 2354 1251 2410 purorum,
1285 2341 1347 2392 ut
1372 2337 1622 2393 ostendi·

256 2433 389 2474 mus
409 2425 575 2474 tract.
600 2418 824 2490 praeced.
854 2418 996 2492 disp.
1026 2421 1080 2484 2,
1124 2418 1251 2473 dub.
1298 2419 1352 2483 3,
1384 2421 1416 2486 ἓ
1441 2419 1496 2473 4.
1528 2417 1620 2474 Sic

258 2502 454 2554 autem
476 2497 750 2571 disposita
773 2499 1026 2571 paritate,
1062 2497 1422 2555 admittimus
1443 2498 1619 2571 majo-

257 2593 405 2643 rem,
434 2583 491 2635 et
515 2594 791 2651 negamus
835 2580 1120 2638 minorem
1142 2603 1157 2646 ;
1200 2595 1336 2635 nam
1373 2594 1440 2636 eo
1467 2577 1610 2650 ips0,

255 2656 411 2731 quod
439 2657 614 2715 homo
633 2658 695 2714 in
721 2664 864 2715 statu
893 2676 1171 2733 purorum
1201 2664 1453 2733 peccaret
1477 2675 1615 2732 gra-

251 2740 426 2808 viter,
486 2741 790 2799 ‘amitteret
853 2741 1220 2800 dilectionem
1287 2741 1613 2797 naturalem

246 2823 353 2882 Dei
383 2827 444 2879 ut
485 2824 677 2880 ultimi
706 2823 840 2882 finis
866 2849 882 2894 3
913 2825 1029 2882 haec
1055 2825 1213 2883 enim
1248 2824 1476 2881 dilectio
1517 2824 1614 2880 in-

247 2905 662 2981 conjungibilis
705 2913 789 2964 est
840 2924 970 2964 cum
1026 2912 1245 2980 peccato
1294 2906 1478 2979 gravi,
1552 2911 1617 2962 ut

247 2979 609 3037 ostendimus
637 2981 748 3036 loco
768 2984 864 3038 cit.
886 2981 1013 3038 dub.
1037 2984 1093 3048 4,
1119 2985 1149 3051 ξ)
1171 2983 1228 3037 2.
1251 2979 1418 3036 Unde
1439 2979 1612 3037 homo

244 3059 512 3117 conditus
539 3060 602 3116 in
649 3062 809 3134 puris
849 3078 968 3120 non
998 3066 1181 3135 posset
1222 3076 1457 3117 omnem
1487 3076 1611 3133 per-

165 3178 166 3181 ,
241 3140 551 3197 sectionem
581 3143 910 3200 naturalem
932 3141 1228 3215 propriam
1258 3141 1419 3197 illius
1432 3145 1611 3198 status

240 3222 593 3296 conjungere
651 3239 784 3279 cum
823 3228 1046 3296 peccato
1098 3221 1356 3285 mortali.
1412 3223 1480 3276 Et
1530 3223 1610 3279 ita

241 3307 657 3377 argumentum
683 3302 880 3359 firmat
912 3301 1288 3360 assertionem
1325 3306 1602 3371 nostram,

237 3384 509 3457 quamvis
536 3382 607 3441 ob
655 3385 850 3455 plures
880 3384 1133 3440 rationes
1172 3383 1428 3455 implicet
1468 3397 1609 3439 con-

232 3464 460 3540 junctio
503 3463 702 3538 gratiae
733 3469 790 3521 et
818 3463 1045 3536 peccati,
1077 3479 1249 3536 quam
1285 3462 1608 3536 conjunctio

237 3546 456 3620 peccati
477 3562 606 3602 cum
623 3550 832 3601 natura
845 3543 1076 3602 condita
1097 3545 1158 3600 in
1187 3544 1367 3616 puriS,
1393 3548 1450 3600 et
1476 3558 1605 3598 cum

237 3626 592 3700 perfectione
649 3623 860 3694 debita,
941 3640 1005 3682 ac
1060 3624 1297 3698 propria
1345 3622 1606 3697 proedicti

235 3711 439 3764 status,
1250 3780 1254 3783 v

0 3824 222 3872 menni-
317 3789 404 3845 Ad
451 3788 702 3863 primam
749 3785 1247 3844 confirmationem
1302 3784 1606 3860 responde-

0 3883 176 3923 turse-
240 3885 394 3935 mus,
437 3867 660 3942 quodsi
689 3866 826 3940 quid
871 3865 1091 3939 probat,
1117 3866 1315 3923 suadet
1361 3866 1432 3924 de
1481 3867 1605 3940 lege

113 3934 190 3970 ω’
240 3950 562 4016 ordinaria,
593 3955 650 4005 et
675 3946 905 4005 attentis
926 3946 1151 4003 naturis
1191 3963 1409 4015 rerum,
1442 3961 1605 4020 posse

234 4033 540 4091 entitatem
583 4031 784 4106 gratiae
829 4029 1099 4104 conjungi
1152 4046 1282 4087 cum
1338 4033 1559 4103 peccato
1584 4050 1599 4095 ;

232 4115 388 4171 sicut
411 4113 611 4170 eodem
642 4117 798 4185 pacto
824 4128 953 4168 cum
975 4112 1080 4167 illo
1100 4110 1468 4186 conjungitur
1494 4108 1603 4164 ha-

234 4196 396 4253 bitus
422 4193 690 4251 amicitiae
730 4192 1012 4249 naturalis
1052 4192 1310 4249 hominis
1349 4206 1484 4264 erga
1506 4190 1602 4246 ho·

233 4278 496 4335 minem:
521 4273 579 4330 id
603 4291 740 4332 vero
757 4290 874 4330 non
902 4272 1215 4329 admittunt
1239 4269 1595 4339 Adversarii,

231 4374 484 4434 quorum
504 4359 710 4430 plureS,
728 4361 784 4413 et
802 4355 1099 4430 graviores
1112 4355 1304 4428 palam
1321 4354 1594 4419 fatentur,

231 4441 700 4516 conjunctionem
752 4439 968 4513 gratim,
1020 4442 1077 4494 et
1107 4437 1314 4510 peccati
1342 4452 1464 4493 esse
1491 4452 1601 4492 na-

233 4523 525 4589 turaliter,
550 4538 650 4579 seu
679 4521 844 4594 juxta
878 4535 1076 4576 rerum
1105 4524 1342 4575 naturas
1381 4518 1601 4591 impos-

227 4605 492 4664 sibilem.
522 4600 740 4660 Deinde
770 4617 1035 4659 concesso
1075 4598 1449 4669 antecedenti,
1495 4613 1602 4655 ne-

225 4704 439 4765 gamus
472 4684 935 4759 consequentiam
963 4706 978 4750 ;
1016 4684 1152 4756 quia
1179 4680 1409 4739 habitus
1448 4680 1601 4738 ami-

230 4770 387 4828 citiae
408 4769 659 4826 existens
678 4766 745 4823 in
786 4768 956 4823 Petro
993 4780 1132 4839 erga
1168 4767 1453 4822 Joannem
1483 4777 1602 4820 non

225 4856 321 4912 est
359 4852 588 4911 effectus
628 4847 846 4907 amoris
889 4848 1131 4905 Joannis
1162 4863 1298 4920 erga
1342 4848 1597 4911 Petrum,

226 4950 345 4994 nec
363 4933 435 4991 ab
461 4934 568 4991 illo
598 4933 1012 4998 conservatur;
1057 4934 1225 5002 atque
1245 4925 1375 4984 ideo
1413 4941 1485 4983 ex
1511 4924 1603 4982 ot*-

224 5018 420 5084 fensa,
474 5021 534 5074 et
571 5013 705 5074 odio
742 5010 983 5069 Joanuis
1027 5010 1277 5067 minime
1321 5008 1599 5082 sequitur,

388 5097 680 5160 salmane.
713 5092 879 5154 Curs,
909 5092 1134 5164 theoloy.
1165 5098 1298 5149 tom.
1326 5088 1396 5148 X.

1776 556 1923 627 quod
1950 557 2250 628 praedictus
2278 560 2506 618 habitus
2546 563 2891 622 destruatur.
2921 569 3139 622 Rursus

1775 635 1846 693 de
1870 638 2088 695 ratione
2112 640 2364 712 praedicti
2389 643 2615 701 habitus
2654 664 2770 704 non
2796 654 2879 703 est
2905 664 3137 705 couver-

1776 721 1896 775 tere
1932 722 2165 778 Petrum
2196 722 2265 779 ad
2288 725 2590 792 Joannem,
2640 734 2910 801 tanquam
2940 729 3010 785 ad
3032 729 3137 786 obv

1768 798 1981 871 jectum
2005 802 2427 874 simplicitet-,et
2442 823 2612 879 super
2626 811 2822 865 omnia
2839 808 3108 865 dilectum
3117 834 3132 876 ς

1774 877 1927 935 unde
1955 886 2102 936 recte
2122 883 2366 940 cohaeret
2388 901 2516 940 cum
2567 895 2786 959 peccato
2816 889 2970 944 Petri
2998 905 3133 964 erga

1770 959 2078 1016 Joan11em.
2110 964 2307 1020 Gratia
2335 970 2525 1021 autem
2554 974 2639 1024 est
2668 968 2949 1044 terminus
2971 986 3133 1026 amo-

1774 1038 1873 1104 ris,
1900 1057 2010 1112 quo
2039 1043 2185 1098 Deus
2207 1042 2398 1117 diligit
2424 1046 2723 1104 hominem
2745 1048 3090 1121 simpliciter
3117 1074 3130 1115 ;

1768 1120 2031 1189 quocirca
2058 1119 2184 1178 fieri
2215 1138 2331 1179 non
2373 1129 2572 1196 potest,
2628 1132 2690 1182 ut
2728 1129 2915 1202 gratia
2953 1128 3029 1183 sit
3072 1127 3135 1183 in

1771 1199 2027 1266 homine,
2055 1206 2112 1257 et
2137 1202 2230 1258 hic
2252 1204 2327 1259 sit
2356 1206 2469 1262 Deo
2497 1222 2718 1274 exosuS,
2751 1213 2806 1265 et
2829 1208 3132 1265 abomina-

1768 1277 1906 1335 bilis
1929 1297 2029 1352 per
2053 1287 2363 1352 peccatum.
2388 1286 2672 1344 Praeterea
2692 1289 2878 1362 gratia
2899 1303 3129 1344 conver-

1768 1359 1838 1414 tit
1855 1360 2151 1418 hominem
2166 1362 2236 1418 ad
2258 1367 2439 1421 Deum
2464 1371 2736 1439 tanquam
2760 1368 2828 1425 ad
2853 1368 3127 1424 ultimum

1765 1439 1943 1496 finem
1971 1458 2144 1514 super
2170 1444 2368 1501 omnia
2415 1445 2706 1512 dilectum,
2741 1465 2772 1506 a
2793 1466 2904 1521 quo
2934 1464 3129 1521 pecca-

1765 1526 1888 1577 tum
1932 1522 2461 1595 indispensabiliter
2491 1529 2699 1585 avertit
2724 1553 2737 1594 ;
2782 1537 3129 1603 quapropter

1762 1604 1950 1677 gratia
1979 1647 1991 1672 ,
2060 1611 2116 1661 et
2171 1613 2456 1677 peccatum
2510 1618 2796 1682 nequeunt
2845 1611 3130 1668 divinitus

1762 1683 2051 1758 conjungi.
2080 1685 2332 1758 Aliaeque
2356 1688 2549 1759 plures
2572 1689 2998 1762 implicationes
3034 1706 3130 1748 re-

1763 1764 2064 1835 periuntur
2081 1764 2141 1820 in
2156 1767 2280 1840 conj
2292 1767 2559 1824 unctione
2582 1770 2809 1841 peccati,
2825 1778 2880 1827 et
2899 1771 3118 1846 gratiae,

1759 1858 1886 1914 quae
1928 1849 2214 1917 nequeunt
2248 1846 2470 1904 habitui
2492 1850 2778 1919 amicitiai,
2812 1859 2869 1908 et
2897 1858 3121 1926 peccato

1759 1931 1956 1984 contra
1977 1928 2272 1984 hominem
2297 1931 2711 1989 accommodari
2748 1955 2760 1989 :
2802 1950 2897 1991 eas
2927 1939 3117 1990 autem

1757 2021 1931 2079 supra
1951 2008 2350 2081 expendimus,

1830 2089 1916 2144 Ad
1950 2091 2259 2148 secundam
2280 2090 2778 2151 confirmationem
2809 2095 3116 2155 dicendum

1754 2176 1857 2236 est,
1884 2187 2010 2227 eam
2040 2173 2274 2230 fundari
2303 2174 2365 2230 in
2394 2176 2786 2248 suppositione
2814 2178 2975 2244 salsa,
3004 2184 3059 2236 et
3086 2185 3118 2235 a

1756 2252 1921 2310 nobis
1966 2253 2173 2325 saepius
2221 2254 2441 2327 rejecta,
2497 2253 2645 2327 quod
2695 2259 2882 2331 gratia
2925 2261 3116 2316 solum

1753 2332 2054 2389 moraliter
2079 2376 2092 2399 ,
2143 2339 2200 2390 et
2250 2334 2557 2393 alliciendo
2580 2339 2778 2404 Deum,
2827 2345 3134 2411 peccatum,

1751 2412 2014 2470 excludat
2045 2435 2057 2469 ι
2089 2420 2307 2471 constat
2346 2418 2556 2490 quippe
2596 2434 2665 2475 ex
2694 2418 2969 2476 hactenus
2990 2421 3113 2479 dic-

1753 2495 1843 2561 tis,
1878 2493 2025 2550 illud
2046 2497 2333 2568 expellere
2361 2497 2611 2572 physice,
2655 2514 2728 2556 ex
2777 2504 2985 2557 natura
3010 2503 3112 2570 rei,

1751 2573 2105 2641 immediate,
2130 2581 2210 2632 et
2239 2593 2341 2651 per
2374 2578 2643 2651 seipsam.
2692 2578 2907 2636 Deinde
2942 2582 3119 2638 omit-

1749 2656 1920 2713 tendo
1934 2657 2273 2730 praemissaS,
2303 2675 2578 2733 negamus
2605 2662 3073 2733 consequentiam
3100 2687 3112 2720 ε

1747 2737 2024 2809 quoniam
2051 2736 2278 2794 bonitas
2319 2740 2605 2795 naturalis
2630 2739 2881 2797 existens
2914 2741 2979 2799 in
3008 2743 3117 2802 ho-

1747 2818 1910 2874 mine
1961 2817 2305 2888 offendente,
2355 2835 2474 2878 non
2519 2825 2603 2878 est
2656 2823 2965 2890 terminus,
3022 2827 3114 2884 vel

1745 2897 1977 2955 effectus
2004 2900 2238 2967 amoris,
2285 2917 2396 2973 quo
2420 2901 2592 2958 homo
2620 2902 2869 2960 offensus
2909 2905 3115 2982 diligat

1744 2979 2089 3051 simpliciter
2127 2979 2545 3050 offendentem3
2575 2988 2632 3039 et
2658 2983 2736 3040 ita
2768 2989 2915 3042 recte
2936 2987 3113 3044 cohae·

1747 3065 1852 3127 ret,
1913 3060 2059 3131 quod
2095 3061 2391 3119 offendens
2438 3061 2643 3119 habeat
2688 3066 3024 3137 quamlibet,
3057 3074 3114 3124 et

1744 3139 2064 3197 maximam
2079 3141 2488 3213 perfectionem
2518 3146 2865 3214 naturalem,
2885 3150 2940 3203 et
2959 3148 3111 3220 quod

1745 3222 2132 3280 nihilominus
2158 3223 2408 3280 offensus
2434 3241 2565 3281 cum
2605 3225 2737 3283 odio
2783 3227 3009 3293 habeat,
3053 3232 3112 3284 et

1743 3303 2020 3360 offensam
2046 3301 2157 3358 sibi
2181 3303 2387 3360 factam
2410 3321 2527 3363 non
2560 3306 2835 3364 remittat.
2860 3310 3105 3365 Contra-

1745 3384 1899 3440 rium
1941 3388 2130 3440 autem
2184 3383 2386 3440 accidit
2426 3384 2488 3439 in
2514 3386 2699 3458 gratia
2730 3411 2745 3453 ;
2788 3388 2905 3444 haec
2943 3390 3103 3445 enim

1740 3467 1826 3520 est
1849 3463 2096 3529 effectus,
2129 3468 2184 3519 et
2212 3463 2498 3520 terminus
2524 3465 2743 3522 divinas
2779 3467 3106 3525 dilectionis

1740 3561 1875 3618 erga
1897 3543 2214 3609 hominem,
2246 3549 2302 3601 et
2321 3549 2406 3601 est
2429 3544 2492 3600 in
2519 3546 2707 3619 seipsa
2730 3546 2945 3604 bonum
2969 3550 3105 3604 sim-

1741 3624 1964 3698 pliciter
1997 3646 2010 3681 :
2056 3623 2210 3681 unde
2246 3640 2364 3681 non
2416 3625 2678 3693 cohoeret,
2730 3626 2878 3698 quod
2933 3629 3107 3687 homo

1740 3705 1945 3763 habeat
1970 3706 2241 3780 gratiam,
2272 3712 2329 3762 et
2354 3704 2504 3778 quod
2533 3722 2649 3763 non
2696 3708 2970 3765 terminet
3012 3709 3105 3765 di—

1740 3786 2041 3844 lectionem
2082 3785 2183 3842 Dei
2229 3785 2573 3859 simpliciter
2613 3787 2830 3856 talem;
2873 3788 3016 3855 sive,
3050 3794 3104 3845 et

1739 3867 1802 3923 in
1826 3866 1980 3923 idem
2010 3865 2230 3934 recidit,
2257 3865 2408 3939 quod
2431 3867 2578 3923 Deus
2605 3865 2776 3923 illum
2800 3868 3101 3925 hominem

1739 3963 1858 4006 non
1884 3947 2085 4024 diligat
2124 3947 2486 4020 simpliciter,
2518 3946 2830 4020 odiumque
2856 3962 2994 4023 erga
3020 3949 3098 4003 il-

1738 4030 1861 4085 lum
1885 4045 2002 4086 non
2022 4028 2287 4102 deponat,
2304 4032 2359 4083 et
2382 4027 2639 4085 remittat
2658 4027 2768 4100 ipsi
2784 4033 3091 4101 peccatum,

1737 4112 1800 4164 ut
1827 4109 1997 4165 latius
2023 4106 2499 4177 declaravimus&
2525 4107 2747 4180 praeced.

1773 4219 1778 4225 ·
1820 4188 1939 4246 137.
1985 4189 2261 4264 Arguitur
2287 4188 2488 4262 quinto
2517 4212 2532 4256 ;
2567 4205 2703 4246 nam
2741 4191 2791 4247 si
2818 4192 3090 4267 conjunc-
3114 4197 3311 4249 Quintum

1737 4272 1816 4328 tio
1844 4271 2054 4345 peccati
2082 4275 2138 4327 et
2170 4271 2369 4344 gratiae
2395 4275 2540 4327 esset
2564 4270 2957 4344 impossibilis,
3001 4291 3095 4332 se-
3109 4258 3303 4343 mffiffm.

1734 4360 2008 4428 queretur
2025 4351 2383 4427 impossibile
2404 4369 2525 4411 esse
2544 4354 2843 4412 hominem
2869 4374 3097 4431 peccare

1736 4436 1800 4491 in
1822 4434 2063 4491 instanti
2090 4451 2146 4491 v.
2190 4451 2244 4508 g.
2278 4436 2344 4501 A,
2391 4450 2462 4490 ex
2507 4436 2916 4508 suppositione,
2947 4439 3099 4511 quod

1735 4515 1941 4574 habeat
1961 4516 2208 4591 gratiam
2237 4516 2301 4572 in
2325 4515 2428 4572 illo
2457 4515 2698 4573 instanti
2720 4534 3100 4593 :consequens

1735 4602 1821 4654 est
1847 4601 2046 4655 contra
2071 4594 2265 4661 fidem,
2295 4610 2407 4666 qua
2449 4595 2755 4654 edocemur
2800 4598 3101 4658 hominem

1735 4678 2019 4736 viatorem
2058 4690 2219 4748 posse
2261 4674 2326 4731 in
2376 4675 2633 4747 quolibet
2686 4677 2928 4736 instanti
2969 4696 3101 4754 pec-

1735 4773 1866 4817 care
1904 4772 2091 4831 :ergo
2151 4756 2475 4830 conjunctio
2518 4756 2721 4832 gratiae
2775 4764 2832 4816 et
2893 4762 3103 4832 peccati

1739 4855 1861 4898 non
1888 4843 1974 4897 est
2000 4837 2402 4911 impossibilis,
2445 4838 2685 4911 Sequela
2730 4842 3051 4899 ostenditur
3084 4867 3101 4909 ς

1741 4938 1881 4979 nam
1906 4920 2005 4995 qui
2033 4918 2204 4977 habet
2226 4919 2476 4994 gratiam
2504 4918 2569 4975 in
2610 4920 2855 4978 instanti
2882 4925 2950 4989 A,
2996 4939 3105 4979 ne-

1738 5004 1864 5077 quit
1890 5003 1954 5060 in
1980 5018 2047 5061 eo
2067 4999 2310 5059 instanti
2334 5016 2584 5073 peccare,
2620 5002 2736 5060 nisi
2757 5005 2851 5060 vel
2871 5020 3111 5077 compo-
