<?xml version="1.0" encoding="UTF-8"?>
<!DOCTYPE html PUBLIC "-//W3C//DTD XHTML 1.0 Transitional//EN"
    "http://www.w3.org/TR/xhtml1/DTD/xhtml1-transitional.dtd">
<html xmlns="http://www.w3.org/1999/xhtml" xml:lang="en" lang="en">
 <head>
  <title>
</title>
<meta http-equiv="Content-Type" content="text/html;charset=utf-8" />
  <meta name='ocr-system' content='tesseract 3.04.00' />
  <meta name='ocr-capabilities' content='ocr_page ocr_carea ocr_par ocr_line ocrx_word'/>
</head>
<body>
  <div class='ocr_page' id='page_1' title='image "./collegiisalmant00carmgoog_0473.png"; bbox 0 0 3647 5753; ppageno 0'>
   <div class='ocr_carea' id='block_1_1' title="bbox 163 702 364 753">
    <p class='ocr_par' dir='ltr' id='par_1_1' title="bbox 163 702 364 753">
     <span class='ocr_line' id='line_1_1' title="bbox 163 702 364 753; baseline 0.005 -8"><span class='ocrx_word' id='word_1_1' title='bbox 163 702 364 753; x_wconf 84' lang='lat' dir='ltr'>Quinta.</span> 
     </span>
    </p>
   </div>
   <div class='ocr_carea' id='block_1_2' title="bbox 133 2096 358 2198">
    <p class='ocr_par' dir='ltr' id='par_1_2' title="bbox 133 2096 358 2198">
     <span class='ocr_line' id='line_1_2' title="bbox 133 2096 358 2154; baseline -0.009 -15"><span class='ocrx_word' id='word_1_2' title='bbox 133 2096 358 2154; x_wconf 71' lang='lat' dir='ltr'>Solyitur</span> 
     </span>
     <span class='ocr_line' id='line_1_3' title="bbox 167 2156 342 2198; baseline -0.017 -10"><span class='ocrx_word' id='word_1_3' title='bbox 167 2156 342 2198; x_wconf 79' lang='lat' dir='ltr'>pruna.</span> 
     </span>
    </p>
   </div>
   <div class='ocr_carea' id='block_1_3' title="bbox 140 3392 338 3436">
    <p class='ocr_par' dir='ltr' id='par_1_3' title="bbox 140 3392 338 3436">
     <span class='ocr_line' id='line_1_4' title="bbox 140 3392 338 3436; baseline -0.03 0"><span class='ocrx_word' id='word_1_4' title='bbox 140 3392 338 3436; x_wconf 67' lang='lat' dir='ltr'>u&#39;rnn.</span> 
     </span>
    </p>
   </div>
   <div class='ocr_carea' id='block_1_4' title="bbox 1508 383 2148 451">
    <p class='ocr_par' dir='ltr' id='par_1_4' title="bbox 1508 383 2148 451">
     <span class='ocr_line' id='line_1_5' title="bbox 1508 383 2148 451; baseline 0.008 -15"><span class='ocrx_word' id='word_1_5' title='bbox 1508 383 1684 438; x_wconf 85' lang='lat' dir='ltr'><strong>DISP.</strong></span> <span class='ocrx_word' id='word_1_6' title='bbox 1731 383 1799 451; x_wconf 91' lang='lat'>11,</span> <span class='ocrx_word' id='word_1_7' title='bbox 1844 384 2009 442; x_wconf 89' lang='lat' dir='ltr'><strong>DUB.</strong></span> <span class='ocrx_word' id='word_1_8' title='bbox 2054 385 2148 441; x_wconf 90' lang='lat' dir='ltr'>VI.</span> 
     </span>
    </p>
   </div>
   <div class='ocr_carea' id='block_1_5' title="bbox 388 552 1759 2012">
    <p class='ocr_par' dir='ltr' id='par_1_5' title="bbox 395 552 1759 702">
     <span class='ocr_line' id='line_1_6' title="bbox 395 552 1759 627; baseline 0.01 -30"><span class='ocrx_word' id='word_1_9' title='bbox 395 558 834 617; x_wconf 79' lang='lat' dir='ltr'>praesupponere</span> <span class='ocrx_word' id='word_1_10' title='bbox 869 552 1141 622; x_wconf 83' lang='lat' dir='ltr'>tanquam</span> <span class='ocrx_word' id='word_1_11' title='bbox 1171 552 1525 626; x_wconf 88' lang='lat' dir='ltr'>principium</span> <span class='ocrx_word' id='word_1_12' title='bbox 1574 554 1759 627; x_wconf 85' lang='lat' dir='ltr'><strong>ipsam</strong></span> 
     </span>
     <span class='ocr_line' id='line_1_7' title="bbox 397 627 1331 702; baseline 0.013 -23"><span class='ocrx_word' id='word_1_13' title='bbox 397 629 686 692; x_wconf 89' lang='lat' dir='ltr'>naturam,</span> <span class='ocrx_word' id='word_1_14' title='bbox 720 633 776 682; x_wconf 87' lang='lat' dir='ltr'>et</span> <span class='ocrx_word' id='word_1_15' title='bbox 803 627 873 684; x_wconf 90' lang='lat' dir='ltr'>ab</span> <span class='ocrx_word' id='word_1_16' title='bbox 912 645 979 686; x_wconf 88' lang='lat' dir='ltr'>ea</span> <span class='ocrx_word' id='word_1_17' title='bbox 1009 631 1331 702; x_wconf 85' lang='lat' dir='ltr'>procedere.</span> 
     </span>
    </p>

    <p class='ocr_par' dir='ltr' id='par_1_6' title="bbox 388 704 1758 2012">
     <span class='ocr_line' id='line_1_8' title="bbox 470 704 1758 777; baseline 0.009 -17"><span class='ocrx_word' id='word_1_18' title='bbox 470 704 695 777; x_wconf 76' lang='grc' dir='ltr'>Οιιίηιο,</span> <span class='ocrx_word' id='word_1_19' title='bbox 752 714 807 765; x_wconf 90' lang='lat' dir='ltr'>et</span> <span class='ocrx_word' id='word_1_20' title='bbox 858 710 1095 767; x_wconf 76' lang='lat' dir='ltr'>ultimo:</span> <span class='ocrx_word' id='word_1_21' title='bbox 1144 728 1280 769; x_wconf 89' lang='lat' dir='ltr'>nam</span> <span class='ocrx_word' id='word_1_22' title='bbox 1308 720 1425 772; x_wconf 89' lang='lat' dir='ltr'>esto</span> <span class='ocrx_word' id='word_1_23' title='bbox 1472 714 1758 772; x_wconf 86' lang='lat' dir='ltr'>discursus</span> 
     </span>
     <span class='ocr_line' id='line_1_9' title="bbox 393 790 1756 871; baseline 0.01 -28"><span class='ocrx_word' id='word_1_24' title='bbox 393 805 566 861; x_wconf 90' lang='lat' dir='ltr'>supra</span> <span class='ocrx_word' id='word_1_25' title='bbox 622 790 802 848; x_wconf 81' lang='lat' dir='ltr'>factus</span> <span class='ocrx_word' id='word_1_26' title='bbox 845 793 1041 851; x_wconf 85' lang='lat' dir='ltr'><strong>suadet</strong></span> <span class='ocrx_word' id='word_1_27' title='bbox 1067 811 1189 852; x_wconf 88' lang='lat' dir='ltr'>esse</span> <span class='ocrx_word' id='word_1_28' title='bbox 1233 798 1415 871; x_wconf 87' lang='lat' dir='ltr'>magis</span> <span class='ocrx_word' id='word_1_29' title='bbox 1442 813 1756 855; x_wconf 89' lang='lat' dir='ltr'>consonum</span> 
     </span>
     <span class='ocr_line' id='line_1_10' title="bbox 394 872 1758 944; baseline 0.01 -18"><span class='ocrx_word' id='word_1_30' title='bbox 394 872 616 929; x_wconf 89' lang='lat' dir='ltr'>naturis</span> <span class='ocrx_word' id='word_1_31' title='bbox 664 890 880 944; x_wconf 89' lang='lat' dir='ltr'>rerum,</span> <span class='ocrx_word' id='word_1_32' title='bbox 915 882 974 932; x_wconf 92' lang='lat' dir='ltr'>ut</span> <span class='ocrx_word' id='word_1_33' title='bbox 1022 876 1425 936; x_wconf 81' lang='lat' dir='ltr'>inclinationes</span> <span class='ocrx_word' id='word_1_34' title='bbox 1452 881 1514 936; x_wconf 92' lang='lat' dir='ltr'>in</span> <span class='ocrx_word' id='word_1_35' title='bbox 1554 882 1636 937; x_wconf 92' lang='lat' dir='ltr'>eis</span> <span class='ocrx_word' id='word_1_36' title='bbox 1664 898 1758 939; x_wconf 91' lang='lat' dir='ltr'>re-</span> 
     </span>
     <span class='ocr_line' id='line_1_11' title="bbox 391 954 1752 1036; baseline 0.008 -27"><span class='ocrx_word' id='word_1_37' title='bbox 391 960 563 1025; x_wconf 83' lang='lat' dir='ltr'>pertae</span> <span class='ocrx_word' id='word_1_38' title='bbox 580 954 818 1013; x_wconf 84' lang='lat' dir='ltr'>tendant</span> <span class='ocrx_word' id='word_1_39' title='bbox 838 957 909 1014; x_wconf 89' lang='lat' dir='ltr'>ad</span> <span class='ocrx_word' id='word_1_40' title='bbox 929 957 1143 1015; x_wconf 89' lang='lat' dir='ltr'>bonum</span> <span class='ocrx_word' id='word_1_41' title='bbox 1157 962 1456 1034; x_wconf 89' lang='lat' dir='ltr'>proprium</span> <span class='ocrx_word' id='word_1_42' title='bbox 1477 963 1752 1036; x_wconf 86' lang='lat' dir='ltr'>ipsarum,</span> 
     </span>
     <span class='ocr_line' id='line_1_12' title="bbox 389 1034 1756 1118; baseline 0.007 -27"><span class='ocrx_word' id='word_1_43' title='bbox 389 1034 585 1091; x_wconf 87' lang='lat' dir='ltr'>efficax</span> <span class='ocrx_word' id='word_1_44' title='bbox 614 1041 808 1094; x_wconf 87' lang='lat' dir='ltr'>tamen</span> <span class='ocrx_word' id='word_1_45' title='bbox 831 1054 948 1095; x_wconf 91' lang='lat' dir='ltr'>non</span> <span class='ocrx_word' id='word_1_46' title='bbox 975 1046 1059 1096; x_wconf 89' lang='lat' dir='ltr'>est</span> <span class='ocrx_word' id='word_1_47' title='bbox 1086 1040 1156 1097; x_wconf 93' lang='lat' dir='ltr'>ad</span> <span class='ocrx_word' id='word_1_48' title='bbox 1200 1041 1580 1113; x_wconf 88' lang='lat' dir='ltr'>probandum,</span> <span class='ocrx_word' id='word_1_49' title='bbox 1608 1044 1756 1118; x_wconf 91' lang='lat' dir='ltr'>quod</span> 
     </span>
     <span class='ocr_line' id='line_1_13' title="bbox 391 1116 1753 1196; baseline 0.009 -25"><span class='ocrx_word' id='word_1_50' title='bbox 391 1116 485 1173; x_wconf 92' lang='lat' dir='ltr'>hic</span> <span class='ocrx_word' id='word_1_51' title='bbox 511 1117 651 1175; x_wconf 92' lang='lat' dir='ltr'>ordo</span> <span class='ocrx_word' id='word_1_52' title='bbox 690 1119 765 1174; x_wconf 92' lang='lat' dir='ltr'>sit</span> <span class='ocrx_word' id='word_1_53' title='bbox 806 1121 946 1193; x_wconf 91' lang='lat' dir='ltr'>ipsis</span> <span class='ocrx_word' id='word_1_54' title='bbox 972 1123 1335 1190; x_wconf 85' lang='lat' dir='ltr'>essentialis;</span> <span class='ocrx_word' id='word_1_55' title='bbox 1369 1130 1549 1196; x_wconf 92' lang='lat' dir='ltr'>potest</span> <span class='ocrx_word' id='word_1_56' title='bbox 1592 1128 1753 1183; x_wconf 90' lang='lat' dir='ltr'>enim</span> 
     </span>
     <span class='ocr_line' id='line_1_14' title="bbox 389 1205 1756 1286; baseline 0.008 -29"><span class='ocrx_word' id='word_1_57' title='bbox 389 1208 597 1260; x_wconf 90' lang='lat' dir='ltr'>natura</span> <span class='ocrx_word' id='word_1_58' title='bbox 637 1205 887 1262; x_wconf 80' lang='lat' dir='ltr'>inferior</span> <span class='ocrx_word' id='word_1_59' title='bbox 912 1223 982 1263; x_wconf 90' lang='lat' dir='ltr'>ex</span> <span class='ocrx_word' id='word_1_60' title='bbox 1006 1208 1259 1265; x_wconf 90' lang='lat' dir='ltr'>motione</span> <span class='ocrx_word' id='word_1_61' title='bbox 1283 1224 1467 1266; x_wconf 82' lang='lat' dir='ltr'>causae</span> <span class='ocrx_word' id='word_1_62' title='bbox 1492 1212 1756 1286; x_wconf 89' lang='lat' dir='ltr'>superio-</span> 
     </span>
     <span class='ocr_line' id='line_1_15' title="bbox 388 1283 1755 1358; baseline 0.007 -19"><span class='ocrx_word' id='word_1_63' title='bbox 388 1283 469 1339; x_wconf 85' lang='lat' dir='ltr'>ris</span> <span class='ocrx_word' id='word_1_64' title='bbox 518 1285 792 1341; x_wconf 86' lang='lat' dir='ltr'>inclinari</span> <span class='ocrx_word' id='word_1_65' title='bbox 829 1284 899 1341; x_wconf 89' lang='lat' dir='ltr'>ad</span> <span class='ocrx_word' id='word_1_66' title='bbox 959 1286 1174 1344; x_wconf 88' lang='lat' dir='ltr'>bonum</span> <span class='ocrx_word' id='word_1_67' title='bbox 1243 1289 1416 1345; x_wconf 89' lang='lat' dir='ltr'>altius</span> <span class='ocrx_word' id='word_1_68' title='bbox 1459 1307 1564 1358; x_wconf 90' lang='lat' dir='ltr'>se;</span> <span class='ocrx_word' id='word_1_69' title='bbox 1612 1292 1755 1349; x_wconf 89' lang='lat' dir='ltr'>sicut</span> 
     </span>
     <span class='ocr_line' id='line_1_16' title="bbox 391 1368 1751 1444; baseline 0.007 -23"><span class='ocrx_word' id='word_1_70' title='bbox 391 1368 680 1425; x_wconf 80' lang='lat' dir='ltr'>multoties</span> <span class='ocrx_word' id='word_1_71' title='bbox 701 1385 938 1442; x_wconf 87' lang='lat' dir='ltr'>corpora</span> <span class='ocrx_word' id='word_1_72' title='bbox 958 1370 1159 1444; x_wconf 87' lang='lat' dir='ltr'>gravia</span> <span class='ocrx_word' id='word_1_73' title='bbox 1175 1377 1482 1428; x_wconf 84' lang='lat' dir='ltr'>moventur</span> <span class='ocrx_word' id='word_1_74' title='bbox 1497 1390 1751 1443; x_wconf 86' lang='lat' dir='ltr'>sursum,</span> 
     </span>
     <span class='ocr_line' id='line_1_17' title="bbox 392 1446 1755 1521; baseline 0.006 -18"><span class='ocrx_word' id='word_1_75' title='bbox 392 1462 466 1504; x_wconf 91' lang='lat' dir='ltr'>ne</span> <span class='ocrx_word' id='word_1_76' title='bbox 491 1446 659 1504; x_wconf 90' lang='lat' dir='ltr'>detur</span> <span class='ocrx_word' id='word_1_77' title='bbox 700 1465 939 1506; x_wconf 82' lang='lat' dir='ltr'>vacuum</span> <span class='ocrx_word' id='word_1_78' title='bbox 976 1474 989 1521; x_wconf 77' lang='lat'><em>3</em></span> <span class='ocrx_word' id='word_1_79' title='bbox 1013 1454 1070 1506; x_wconf 91' lang='lat' dir='ltr'>et</span> <span class='ocrx_word' id='word_1_80' title='bbox 1099 1449 1487 1509; x_wconf 88' lang='lat' dir='ltr'>instrumenta</span> <span class='ocrx_word' id='word_1_81' title='bbox 1513 1470 1755 1511; x_wconf 82' lang='lat' dir='ltr'>moven-</span> 
     </span>
     <span class='ocr_line' id='line_1_18' title="bbox 392 1520 1756 1608; baseline 0.007 -25"><span class='ocrx_word' id='word_1_82' title='bbox 392 1533 503 1596; x_wconf 90' lang='lat' dir='ltr'>tur,</span> <span class='ocrx_word' id='word_1_83' title='bbox 556 1535 611 1586; x_wconf 92' lang='lat' dir='ltr'>et</span> <span class='ocrx_word' id='word_1_84' title='bbox 658 1530 1018 1587; x_wconf 84' lang='lat' dir='ltr'>inclinantur</span> <span class='ocrx_word' id='word_1_85' title='bbox 1063 1520 1140 1587; x_wconf 82' lang='lat' dir='ltr'>&#39;ad</span> <span class='ocrx_word' id='word_1_86' title='bbox 1180 1531 1443 1588; x_wconf 79' lang='lat' dir='ltr'>effectum</span> <span class='ocrx_word' id='word_1_87' title='bbox 1491 1536 1756 1608; x_wconf 85' lang='lat' dir='ltr'>superio-</span> 
     </span>
     <span class='ocr_line' id='line_1_19' title="bbox 393 1612 1748 1678; baseline 0.006 -13"><span class='ocrx_word' id='word_1_88' title='bbox 393 1626 536 1678; x_wconf 91' lang='lat' dir='ltr'>rem,</span> <span class='ocrx_word' id='word_1_89' title='bbox 580 1617 637 1667; x_wconf 93' lang='lat' dir='ltr'>et</span> <span class='ocrx_word' id='word_1_90' title='bbox 662 1629 863 1669; x_wconf 88' lang='lat' dir='ltr'>eorum</span> <span class='ocrx_word' id='word_1_91' title='bbox 896 1612 1119 1669; x_wconf 89' lang='lat' dir='ltr'>naturis</span> <span class='ocrx_word' id='word_1_92' title='bbox 1148 1629 1264 1669; x_wconf 95' lang='lat' dir='ltr'>non</span> <span class='ocrx_word' id='word_1_93' title='bbox 1292 1616 1748 1674; x_wconf 81' lang='lat' dir='ltr'>convenientem.</span> 
     </span>
     <span class='ocr_line' id='line_1_20' title="bbox 391 1692 1748 1768; baseline 0.006 -23"><span class='ocrx_word' id='word_1_94' title='bbox 391 1692 806 1766; x_wconf 89' lang='lat' dir='ltr'>Oppositusque</span> <span class='ocrx_word' id='word_1_95' title='bbox 833 1693 1281 1765; x_wconf 88' lang='lat' dir='ltr'>philosophandi</span> <span class='ocrx_word' id='word_1_96' title='bbox 1305 1694 1511 1750; x_wconf 90' lang='lat' dir='ltr'>modus</span> <span class='ocrx_word' id='word_1_97' title='bbox 1532 1696 1748 1768; x_wconf 87' lang='lat' dir='ltr'>probat,</span> 
     </span>
     <span class='ocr_line' id='line_1_21' title="bbox 389 1770 1754 1845; baseline 0.004 -19"><span class='ocrx_word' id='word_1_98' title='bbox 389 1770 601 1843; x_wconf 82' lang='lat' dir='ltr'>siquid</span> <span class='ocrx_word' id='word_1_99' title='bbox 657 1771 877 1845; x_wconf 87' lang='lat' dir='ltr'>probat,</span> <span class='ocrx_word' id='word_1_100' title='bbox 912 1774 1208 1829; x_wconf 89' lang='lat' dir='ltr'>neminem</span> <span class='ocrx_word' id='word_1_101' title='bbox 1258 1790 1472 1839; x_wconf 86' lang='lat' dir='ltr'>amare,</span> <span class='ocrx_word' id='word_1_102' title='bbox 1507 1777 1595 1831; x_wconf 79' lang='lat' dir='ltr'>vel</span> <span class='ocrx_word' id='word_1_103' title='bbox 1641 1776 1754 1832; x_wconf 88' lang='lat' dir='ltr'>effi-</span> 
     </span>
     <span class='ocr_line' id='line_1_22' title="bbox 390 1854 1750 1927; baseline 0.003 -16"><span class='ocrx_word' id='word_1_104' title='bbox 390 1870 536 1920; x_wconf 83' lang='lat' dir='ltr'>cere,</span> <span class='ocrx_word' id='word_1_105' title='bbox 570 1856 683 1910; x_wconf 92' lang='lat' dir='ltr'>nisi</span> <span class='ocrx_word' id='word_1_106' title='bbox 712 1854 860 1927; x_wconf 91' lang='lat' dir='ltr'>quod</span> <span class='ocrx_word' id='word_1_107' title='bbox 888 1861 971 1911; x_wconf 90' lang='lat' dir='ltr'>est</span> <span class='ocrx_word' id='word_1_108' title='bbox 997 1871 1313 1911; x_wconf 83' lang='lat' dir='ltr'>consonum</span> <span class='ocrx_word' id='word_1_109' title='bbox 1342 1873 1459 1913; x_wconf 74' lang='lat' dir='ltr'>sum</span> <span class='ocrx_word' id='word_1_110' title='bbox 1484 1865 1709 1916; x_wconf 82' lang='lat' dir='ltr'>naturae</span> <span class='ocrx_word' id='word_1_111' title='bbox 1735 1883 1750 1927; x_wconf 87' lang='lat'>;</span> 
     </span>
     <span class='ocr_line' id='line_1_23' title="bbox 390 1935 1753 2012; baseline 0.004 -22"><span class='ocrx_word' id='word_1_112' title='bbox 390 1935 540 2006; x_wconf 90' lang='lat' dir='ltr'>quod</span> <span class='ocrx_word' id='word_1_113' title='bbox 562 1936 787 1992; x_wconf 82' lang='lat' dir='ltr'>videtur</span> <span class='ocrx_word' id='word_1_114' title='bbox 808 1951 930 1992; x_wconf 88' lang='lat' dir='ltr'>esse</span> <span class='ocrx_word' id='word_1_115' title='bbox 945 1942 1141 1993; x_wconf 89' lang='lat' dir='ltr'>contra</span> <span class='ocrx_word' id='word_1_116' title='bbox 1167 1937 1470 2002; x_wconf 88' lang='lat' dir='ltr'>rationem,</span> <span class='ocrx_word' id='word_1_117' title='bbox 1491 1946 1545 1995; x_wconf 93' lang='lat' dir='ltr'>et</span> <span class='ocrx_word' id='word_1_118' title='bbox 1579 1955 1753 2012; x_wconf 88' lang='lat' dir='ltr'>expe-</span> 
     </span>
    </p>
   </div>
   <div class='ocr_carea' id='block_1_6' title="bbox 391 2017 1753 2161">
    <p class='ocr_par' dir='ltr' id='par_1_7' title="bbox 391 2017 1753 2161">
     <span class='ocr_line' id='line_1_24' title="bbox 391 2017 682 2073; baseline 0.003 -2"><span class='ocrx_word' id='word_1_119' title='bbox 391 2017 682 2073; x_wconf 89' lang='lat' dir='ltr'>rientiam.</span> 
     </span>
     <span class='ocr_line' id='line_1_25' title="bbox 464 2090 1753 2161; baseline 0.002 -16"><span class='ocrx_word' id='word_1_120' title='bbox 464 2093 733 2147; x_wconf 79' lang='lat' dir='ltr'>218.Haec</span> <span class='ocrx_word' id='word_1_121' title='bbox 760 2090 1245 2161; x_wconf 80' lang='lat' dir='ltr'>tamen,quamvis</span> <span class='ocrx_word' id='word_1_122' title='bbox 1281 2090 1609 2149; x_wconf 85' lang='lat' dir='ltr'>difficultate</span> <span class='ocrx_word' id='word_1_123' title='bbox 1638 2109 1753 2150; x_wconf 91' lang='lat' dir='ltr'>non</span> 
     </span>
    </p>
   </div>
   <div class='ocr_carea' id='block_1_7' title="bbox 373 2171 1755 5083">
    <p class='ocr_par' dir='ltr' id='par_1_8' title="bbox 373 2171 1755 5083">
     <span class='ocr_line' id='line_1_26' title="bbox 388 2171 1755 2245; baseline 0.003 -17"><span class='ocrx_word' id='word_1_124' title='bbox 388 2171 825 2237; x_wconf 86' lang='lat' dir='ltr'>careant,robur</span> <span class='ocrx_word' id='word_1_125' title='bbox 845 2173 1085 2229; x_wconf 89' lang='lat' dir='ltr'>rationis</span> <span class='ocrx_word' id='word_1_126' title='bbox 1100 2190 1163 2228; x_wconf 90' lang='lat' dir='ltr'>su</span> <span class='ocrx_word' id='word_1_127' title='bbox 1173 2189 1273 2245; x_wconf 89' lang='lat' dir='ltr'>pra</span> <span class='ocrx_word' id='word_1_128' title='bbox 1287 2174 1443 2229; x_wconf 80' lang='lat' dir='ltr'>factae</span> <span class='ocrx_word' id='word_1_129' title='bbox 1460 2190 1576 2230; x_wconf 87' lang='lat' dir='ltr'>non</span> <span class='ocrx_word' id='word_1_130' title='bbox 1591 2191 1755 2232; x_wconf 90' lang='lat' dir='ltr'>ener-</span> 
     </span>
     <span class='ocr_line' id='line_1_27' title="bbox 392 2250 1746 2329; baseline 0.004 -22"><span class='ocrx_word' id='word_1_131' title='bbox 392 2259 547 2318; x_wconf 89' lang='lat' dir='ltr'>vant,</span> <span class='ocrx_word' id='word_1_132' title='bbox 583 2259 643 2309; x_wconf 92' lang='lat' dir='ltr'>ut</span> <span class='ocrx_word' id='word_1_133' title='bbox 668 2250 752 2309; x_wconf 87' lang='lat' dir='ltr'>eis</span> <span class='ocrx_word' id='word_1_134' title='bbox 778 2252 1125 2310; x_wconf 85' lang='lat' dir='ltr'>occurrendo</span> <span class='ocrx_word' id='word_1_135' title='bbox 1164 2254 1464 2311; x_wconf 84' lang='lat' dir='ltr'>constabit.</span> <span class='ocrx_word' id='word_1_136' title='bbox 1510 2255 1595 2310; x_wconf 88' lang='lat' dir='ltr'>Ad</span> <span class='ocrx_word' id='word_1_137' title='bbox 1627 2258 1746 2329; x_wconf 87' lang='lat' dir='ltr'>pri—</span> 
     </span>
     <span class='ocr_line' id='line_1_28' title="bbox 392 2335 1753 2412; baseline 0.004 -21"><span class='ocrx_word' id='word_1_138' title='bbox 392 2352 549 2392; x_wconf 90' lang='lat' dir='ltr'>mam</span> <span class='ocrx_word' id='word_1_139' title='bbox 620 2335 991 2407; x_wconf 84' lang='lat' dir='ltr'>objectionem</span> <span class='ocrx_word' id='word_1_140' title='bbox 1048 2337 1425 2407; x_wconf 89' lang='lat' dir='ltr'>respondetur</span> <span class='ocrx_word' id='word_1_141' title='bbox 1491 2340 1753 2412; x_wconf 90' lang='lat' dir='ltr'>negando</span> 
     </span>
     <span class='ocr_line' id='line_1_29' title="bbox 389 2416 1751 2489; baseline 0.004 -19"><span class='ocrx_word' id='word_1_142' title='bbox 389 2417 681 2488; x_wconf 82' lang='lat' dir='ltr'>sequelam</span> <span class='ocrx_word' id='word_1_143' title='bbox 709 2439 722 2479; x_wconf 84' lang='lat'>;</span> <span class='ocrx_word' id='word_1_144' title='bbox 748 2432 883 2471; x_wconf 88' lang='lat' dir='ltr'>nam</span> <span class='ocrx_word' id='word_1_145' title='bbox 909 2422 968 2470; x_wconf 90' lang='lat' dir='ltr'>ut</span> <span class='ocrx_word' id='word_1_146' title='bbox 995 2418 1113 2472; x_wconf 90' lang='lat' dir='ltr'>loco</span> <span class='ocrx_word' id='word_1_147' title='bbox 1143 2418 1204 2471; x_wconf 89' lang='lat' dir='ltr'>in</span> <span class='ocrx_word' id='word_1_148' title='bbox 1244 2416 1557 2489; x_wconf 81' lang='lat' dir='ltr'>objectione</span> <span class='ocrx_word' id='word_1_149' title='bbox 1584 2419 1751 2476; x_wconf 90' lang='lat' dir='ltr'>citato</span> 
     </span>
     <span class='ocr_line' id='line_1_30' title="bbox 394 2493 1746 2567; baseline 0.004 -18"><span class='ocrx_word' id='word_1_150' title='bbox 394 2493 670 2558; x_wconf 79' lang='lat' dir='ltr'>diximus„</span> <span class='ocrx_word' id='word_1_151' title='bbox 698 2497 841 2550; x_wconf 89' lang='lat' dir='ltr'>Deus</span> <span class='ocrx_word' id='word_1_152' title='bbox 872 2502 929 2548; x_wconf 90' lang='lat' dir='ltr'>ut</span> <span class='ocrx_word' id='word_1_153' title='bbox 955 2495 1174 2560; x_wconf 86' lang='lat' dir='ltr'>author,</span> <span class='ocrx_word' id='word_1_154' title='bbox 1202 2503 1257 2552; x_wconf 91' lang='lat' dir='ltr'>et</span> <span class='ocrx_word' id='word_1_155' title='bbox 1284 2496 1417 2552; x_wconf 84' lang='lat' dir='ltr'>finis</span> <span class='ocrx_word' id='word_1_156' title='bbox 1448 2499 1746 2567; x_wconf 87' lang='lat' dir='ltr'>naturalis,</span> 
     </span>
     <span class='ocr_line' id='line_1_31' title="bbox 398 2573 1751 2647; baseline 0.003 -17"><span class='ocrx_word' id='word_1_157' title='bbox 398 2589 518 2630; x_wconf 91' lang='lat' dir='ltr'>non</span> <span class='ocrx_word' id='word_1_158' title='bbox 539 2589 598 2629; x_wconf 88' lang='lat' dir='ltr'>se</span> <span class='ocrx_word' id='word_1_159' title='bbox 625 2573 792 2629; x_wconf 81' lang='lat' dir='ltr'>habet</span> <span class='ocrx_word' id='word_1_160' title='bbox 810 2573 1015 2647; x_wconf 88' lang='lat' dir='ltr'>utquid</span> <span class='ocrx_word' id='word_1_161' title='bbox 1036 2583 1372 2631; x_wconf 86' lang='lat' dir='ltr'>extraneum</span> <span class='ocrx_word' id='word_1_162' title='bbox 1402 2576 1470 2632; x_wconf 89' lang='lat' dir='ltr'>ad</span> <span class='ocrx_word' id='word_1_163' title='bbox 1496 2577 1751 2634; x_wconf 89' lang='lat' dir='ltr'>hominis</span> 
     </span>
     <span class='ocr_line' id='line_1_32' title="bbox 397 2654 1747 2730; baseline 0.003 -19"><span class='ocrx_word' id='word_1_164' title='bbox 397 2660 686 2717; x_wconf 89' lang='lat' dir='ltr'>naturam,</span> <span class='ocrx_word' id='word_1_165' title='bbox 717 2654 813 2710; x_wconf 90' lang='lat' dir='ltr'>sed</span> <span class='ocrx_word' id='word_1_166' title='bbox 869 2656 1052 2726; x_wconf 90' lang='lat' dir='ltr'>potius</span> <span class='ocrx_word' id='word_1_167' title='bbox 1095 2662 1151 2710; x_wconf 91' lang='lat' dir='ltr'>ut</span> <span class='ocrx_word' id='word_1_168' title='bbox 1181 2662 1362 2712; x_wconf 89' lang='lat' dir='ltr'>totum</span> <span class='ocrx_word' id='word_1_169' title='bbox 1393 2656 1461 2712; x_wconf 90' lang='lat' dir='ltr'>ad</span> <span class='ocrx_word' id='word_1_170' title='bbox 1487 2664 1707 2730; x_wconf 89' lang='lat' dir='ltr'>partem</span> <span class='ocrx_word' id='word_1_171' title='bbox 1732 2684 1747 2728; x_wconf 92' lang='lat'>;</span> 
     </span>
     <span class='ocr_line' id='line_1_33' title="bbox 390 2735 1750 2807; baseline 0.003 -15"><span class='ocrx_word' id='word_1_172' title='bbox 390 2737 709 2807; x_wconf 84' lang='lat' dir='ltr'>estquippe</span> <span class='ocrx_word' id='word_1_173' title='bbox 759 2735 973 2792; x_wconf 85' lang='lat' dir='ltr'>bonum</span> <span class='ocrx_word' id='word_1_174' title='bbox 1020 2737 1599 2807; x_wconf 77' lang='lat' dir='ltr'>universalissimum,</span> <span class='ocrx_word' id='word_1_175' title='bbox 1633 2755 1750 2796; x_wconf 93' lang='lat' dir='ltr'>non</span> 
     </span>
     <span class='ocr_line' id='line_1_34' title="bbox 387 2816 1750 2892; baseline 0.005 -19"><span class='ocrx_word' id='word_1_176' title='bbox 387 2816 621 2891; x_wconf 89' lang='lat' dir='ltr'>quidem</span> <span class='ocrx_word' id='word_1_177' title='bbox 684 2818 966 2891; x_wconf 83' lang='lat' dir='ltr'>generice,</span> <span class='ocrx_word' id='word_1_178' title='bbox 1012 2824 1067 2874; x_wconf 90' lang='lat' dir='ltr'>et</span> <span class='ocrx_word' id='word_1_179' title='bbox 1116 2818 1178 2873; x_wconf 90' lang='lat' dir='ltr'>in</span> <span class='ocrx_word' id='word_1_180' title='bbox 1225 2818 1602 2892; x_wconf 63' lang='lat' dir='ltr'>mendicando,</span> <span class='ocrx_word' id='word_1_181' title='bbox 1654 2821 1750 2879; x_wconf 87' lang='lat' dir='ltr'>sed</span> 
     </span>
     <span class='ocr_line' id='line_1_35' title="bbox 384 2899 1751 2968; baseline 0.002 -11"><span class='ocrx_word' id='word_1_182' title='bbox 384 2901 858 2968; x_wconf 87' lang='lat' dir='ltr'>eminentialiter,</span> <span class='ocrx_word' id='word_1_183' title='bbox 889 2906 945 2957; x_wconf 89' lang='lat' dir='ltr'>et</span> <span class='ocrx_word' id='word_1_184' title='bbox 988 2901 1048 2956; x_wconf 89' lang='lat' dir='ltr'>in</span> <span class='ocrx_word' id='word_1_185' title='bbox 1100 2899 1413 2958; x_wconf 81' lang='lat' dir='ltr'>inlluendO.</span> <span class='ocrx_word' id='word_1_186' title='bbox 1449 2903 1751 2961; x_wconf 84' lang='lat' dir='ltr'>Inclinatio</span> 
     </span>
     <span class='ocr_line' id='line_1_36' title="bbox 387 2981 1748 3052; baseline 0.001 -15"><span class='ocrx_word' id='word_1_187' title='bbox 387 2986 579 3037; x_wconf 88' lang='lat' dir='ltr'>autem</span> <span class='ocrx_word' id='word_1_188' title='bbox 626 2981 805 3052; x_wconf 87' lang='lat' dir='ltr'>partis</span> <span class='ocrx_word' id='word_1_189' title='bbox 845 2984 929 3036; x_wconf 90' lang='lat' dir='ltr'>est</span> <span class='ocrx_word' id='word_1_190' title='bbox 959 2997 1059 3051; x_wconf 84' lang='lat' dir='ltr'>per</span> <span class='ocrx_word' id='word_1_191' title='bbox 1086 2996 1146 3036; x_wconf 94' lang='lat' dir='ltr'>se</span> <span class='ocrx_word' id='word_1_192' title='bbox 1194 2981 1383 3051; x_wconf 90' lang='lat' dir='ltr'>primo</span> <span class='ocrx_word' id='word_1_193' title='bbox 1423 2981 1492 3038; x_wconf 90' lang='lat' dir='ltr'>ad</span> <span class='ocrx_word' id='word_1_194' title='bbox 1533 2983 1748 3039; x_wconf 89' lang='lat' dir='ltr'>bonum</span> 
     </span>
     <span class='ocr_line' id='line_1_37' title="bbox 388 3061 1744 3135; baseline 0.002 -17"><span class='ocrx_word' id='word_1_195' title='bbox 388 3063 579 3128; x_wconf 80' lang='lat' dir='ltr'>totiuS,</span> <span class='ocrx_word' id='word_1_196' title='bbox 615 3063 799 3135; x_wconf 90' lang='lat' dir='ltr'>potius</span> <span class='ocrx_word' id='word_1_197' title='bbox 821 3078 994 3134; x_wconf 89' lang='lat' dir='ltr'>quam</span> <span class='ocrx_word' id='word_1_198' title='bbox 1019 3061 1087 3117; x_wconf 90' lang='lat' dir='ltr'>ad</span> <span class='ocrx_word' id='word_1_199' title='bbox 1116 3063 1204 3117; x_wconf 89' lang='lat' dir='ltr'>sui</span> <span class='ocrx_word' id='word_1_200' title='bbox 1233 3066 1744 3122; x_wconf 79' lang='lat' dir='ltr'>conservationem.</span> 
     </span>
     <span class='ocr_line' id='line_1_38' title="bbox 388 3141 1742 3213; baseline 0.002 -16"><span class='ocrx_word' id='word_1_201' title='bbox 388 3144 459 3197; x_wconf 87' lang='lat' dir='ltr'>Et</span> <span class='ocrx_word' id='word_1_202' title='bbox 486 3143 609 3199; x_wconf 90' lang='lat' dir='ltr'>ideo</span> <span class='ocrx_word' id='word_1_203' title='bbox 655 3144 826 3200; x_wconf 89' lang='lat' dir='ltr'>homo</span> <span class='ocrx_word' id='word_1_204' title='bbox 854 3143 916 3198; x_wconf 89' lang='lat' dir='ltr'>in</span> <span class='ocrx_word' id='word_1_205' title='bbox 945 3143 1106 3213; x_wconf 88' lang='lat' dir='ltr'>puris</span> <span class='ocrx_word' id='word_1_206' title='bbox 1138 3141 1399 3198; x_wconf 90' lang='lat' dir='ltr'>conditus</span> <span class='ocrx_word' id='word_1_207' title='bbox 1429 3148 1742 3211; x_wconf 86' lang='lat' dir='ltr'>teneretur,</span> 
     </span>
     <span class='ocr_line' id='line_1_39' title="bbox 385 3221 1749 3297; baseline 0 -16"><span class='ocrx_word' id='word_1_208' title='bbox 385 3228 445 3281; x_wconf 84' lang='lat' dir='ltr'>et</span> <span class='ocrx_word' id='word_1_209' title='bbox 484 3229 666 3296; x_wconf 89' lang='lat' dir='ltr'>posset</span> <span class='ocrx_word' id='word_1_210' title='bbox 690 3222 931 3297; x_wconf 79' lang='lat' dir='ltr'>diligere</span> <span class='ocrx_word' id='word_1_211' title='bbox 974 3225 1151 3279; x_wconf 87' lang='lat' dir='ltr'>Deum</span> <span class='ocrx_word' id='word_1_212' title='bbox 1200 3221 1375 3278; x_wconf 86' lang='lat' dir='ltr'>finem</span> <span class='ocrx_word' id='word_1_213' title='bbox 1424 3226 1749 3283; x_wconf 85' lang='lat' dir='ltr'>naturalem</span> 
     </span>
     <span class='ocr_line' id='line_1_40' title="bbox 384 3304 1749 3377; baseline 0.001 -17"><span class='ocrx_word' id='word_1_214' title='bbox 384 3320 559 3377; x_wconf 85' lang='lat' dir='ltr'>super</span> <span class='ocrx_word' id='word_1_215' title='bbox 634 3305 854 3361; x_wconf 90' lang='lat' dir='ltr'>omnia.</span> <span class='ocrx_word' id='word_1_216' title='bbox 922 3307 1104 3368; x_wconf 91' lang='lat' dir='ltr'>Quam</span> <span class='ocrx_word' id='word_1_217' title='bbox 1169 3304 1518 3360; x_wconf 91' lang='lat' dir='ltr'>solutionem</span> <span class='ocrx_word' id='word_1_218' title='bbox 1591 3305 1749 3363; x_wconf 88' lang='lat' dir='ltr'>docet</span> 
     </span>
     <span class='ocr_line' id='line_1_41' title="bbox 384 3385 1749 3458; baseline 0.001 -18"><span class='ocrx_word' id='word_1_219' title='bbox 384 3387 451 3441; x_wconf 91' lang='lat' dir='ltr'>D.</span> <span class='ocrx_word' id='word_1_220' title='bbox 500 3385 702 3442; x_wconf 90' lang='lat' dir='ltr'>Thom.</span> <span class='ocrx_word' id='word_1_221' title='bbox 766 3387 783 3439; x_wconf 94' lang='lat' dir='ltr'>l</span> <span class='ocrx_word' id='word_1_222' title='bbox 840 3392 987 3458; x_wconf 78' lang='lat' dir='ltr'>part.</span> <span class='ocrx_word' id='word_1_223' title='bbox 1045 3391 1224 3456; x_wconf 63' lang='grc' dir='ltr'>(μυεῖ.</span> <span class='ocrx_word' id='word_1_224' title='bbox 1280 3386 1370 3449; x_wconf 87' lang='grc'>60,</span> <span class='ocrx_word' id='word_1_225' title='bbox 1421 3393 1529 3441; x_wconf 82' lang='lat' dir='ltr'>art.</span> <span class='ocrx_word' id='word_1_226' title='bbox 1563 3388 1617 3453; x_wconf 88' lang='lat'>5,</span> <span class='ocrx_word' id='word_1_227' title='bbox 1652 3385 1749 3442; x_wconf 87' lang='lat' dir='ltr'>ubi</span> 
     </span>
     <span class='ocr_line' id='line_1_42' title="bbox 379 3463 1750 3538; baseline 0.001 -18"><span class='ocrx_word' id='word_1_228' title='bbox 379 3467 461 3520; x_wconf 79' lang='lat' dir='ltr'>ad</span> <span class='ocrx_word' id='word_1_229' title='bbox 489 3467 532 3532; x_wconf 94' lang='lat' dir='ltr'>l,</span> <span class='ocrx_word' id='word_1_230' title='bbox 562 3464 709 3538; x_wconf 91' lang='lat' dir='ltr'>quod</span> <span class='ocrx_word' id='word_1_231' title='bbox 737 3465 816 3519; x_wconf 88' lang='lat' dir='ltr'>sic</span> <span class='ocrx_word' id='word_1_232' title='bbox 842 3480 902 3520; x_wconf 90' lang='lat' dir='ltr'>se</span> <span class='ocrx_word' id='word_1_233' title='bbox 930 3463 1171 3520; x_wconf 89' lang='lat' dir='ltr'>habebat</span> <span class='ocrx_word' id='word_1_234' title='bbox 1202 3485 1214 3519; x_wconf 76' lang='grc' dir='ltr'><strong><em>ε</em></strong></span> <span class='ocrx_word' id='word_1_235' title='bbox 1246 3486 1271 3516; x_wconf 81' lang='grc' dir='ltr'>α</span> <span class='ocrx_word' id='word_1_236' title='bbox 1314 3464 1550 3521; x_wconf 83' lang='lat' dir='ltr'>Dilectio</span> <span class='ocrx_word' id='word_1_237' title='bbox 1579 3471 1750 3522; x_wconf 87' lang='lat' dir='ltr'>natu-</span> 
     </span>
     <span class='ocr_line' id='line_1_43' title="bbox 388 3544 1745 3617; baseline 0.004 -21"><span class='ocrx_word' id='word_1_238' title='bbox 388 3566 418 3596; x_wconf 75' lang='grc' dir='ltr'><em>α</em></span> <span class='ocrx_word' id='word_1_239' title='bbox 451 3548 591 3602; x_wconf 89' lang='lat' dir='ltr'>ralis</span> <span class='ocrx_word' id='word_1_240' title='bbox 630 3544 905 3600; x_wconf 86' lang='lat' dir='ltr'>fundatur</span> <span class='ocrx_word' id='word_1_241' title='bbox 963 3561 1135 3617; x_wconf 89' lang='lat' dir='ltr'>super</span> <span class='ocrx_word' id='word_1_242' title='bbox 1183 3545 1396 3601; x_wconf 89' lang='lat' dir='ltr'>unione</span> <span class='ocrx_word' id='word_1_243' title='bbox 1445 3546 1696 3602; x_wconf 88' lang='lat' dir='ltr'>naturali</span> <span class='ocrx_word' id='word_1_244' title='bbox 1732 3567 1745 3603; x_wconf 72' lang='grc' dir='ltr'><strong>ε</strong></span> 
     </span>
     <span class='ocr_line' id='line_1_44' title="bbox 387 3625 1750 3684; baseline 0.002 -5"><span class='ocrx_word' id='word_1_245' title='bbox 387 3649 417 3679; x_wconf 78' lang='grc' dir='ltr'>α</span> <span class='ocrx_word' id='word_1_246' title='bbox 447 3627 545 3684; x_wconf 90' lang='lat' dir='ltr'>sed</span> <span class='ocrx_word' id='word_1_247' title='bbox 569 3632 775 3683; x_wconf 90' lang='lat' dir='ltr'>natura</span> <span class='ocrx_word' id='word_1_248' title='bbox 795 3625 997 3681; x_wconf 84' lang='lat' dir='ltr'>divina</span> <span class='ocrx_word' id='word_1_249' title='bbox 1020 3625 1272 3682; x_wconf 85' lang='lat' dir='ltr'>maxime</span> <span class='ocrx_word' id='word_1_250' title='bbox 1291 3625 1465 3681; x_wconf 90' lang='lat' dir='ltr'>distat</span> <span class='ocrx_word' id='word_1_251' title='bbox 1486 3641 1518 3680; x_wconf 92' lang='lat' dir='ltr'>a</span> <span class='ocrx_word' id='word_1_252' title='bbox 1543 3631 1750 3683; x_wconf 86' lang='lat' dir='ltr'>natura</span> 
     </span>
     <span class='ocr_line' id='line_1_45' title="bbox 385 3706 1750 3782; baseline 0.004 -22"><span class='ocrx_word' id='word_1_253' title='bbox 385 3732 414 3762; x_wconf 82' lang='lat'>«</span> <span class='ocrx_word' id='word_1_254' title='bbox 446 3708 651 3782; x_wconf 77' lang='lat' dir='ltr'>Angcli</span> <span class='ocrx_word' id='word_1_255' title='bbox 680 3729 692 3763; x_wconf 91' lang='lat'><strong>:</strong></span> <span class='ocrx_word' id='word_1_256' title='bbox 717 3723 852 3781; x_wconf 86' lang='lat' dir='ltr'>ergo</span> <span class='ocrx_word' id='word_1_257' title='bbox 881 3707 1134 3763; x_wconf 89' lang='lat' dir='ltr'>naturali</span> <span class='ocrx_word' id='word_1_258' title='bbox 1163 3706 1470 3771; x_wconf 89' lang='lat' dir='ltr'>dilectione</span> <span class='ocrx_word' id='word_1_259' title='bbox 1496 3709 1750 3782; x_wconf 85' lang='lat' dir='ltr'>Angelus</span> 
     </span>
     <span class='ocr_line' id='line_1_46' title="bbox 383 3788 1747 3863; baseline 0.004 -21"><span class='ocrx_word' id='word_1_260' title='bbox 383 3814 414 3842; x_wconf 71' lang='grc' dir='ltr'><strong>α</strong></span> <span class='ocrx_word' id='word_1_261' title='bbox 448 3792 642 3846; x_wconf 89' lang='lat' dir='ltr'>minus</span> <span class='ocrx_word' id='word_1_262' title='bbox 672 3793 850 3845; x_wconf 83' lang='lat' dir='ltr'>Deum</span> <span class='ocrx_word' id='word_1_263' title='bbox 879 3788 1091 3861; x_wconf 84' lang='lat' dir='ltr'>diligit,</span> <span class='ocrx_word' id='word_1_264' title='bbox 1122 3806 1294 3862; x_wconf 90' lang='lat' dir='ltr'>quam</span> <span class='ocrx_word' id='word_1_265' title='bbox 1318 3805 1379 3846; x_wconf 82' lang='lat' dir='ltr'>se</span> <span class='ocrx_word' id='word_1_266' title='bbox 1406 3813 1418 3854; x_wconf 91' lang='lat'>;</span> <span class='ocrx_word' id='word_1_267' title='bbox 1455 3810 1480 3841; x_wconf 87' lang='grc'><em>»</em></span> <span class='ocrx_word' id='word_1_268' title='bbox 1509 3806 1747 3863; x_wconf 91' lang='lat' dir='ltr'>respon-</span> 
     </span>
     <span class='ocr_line' id='line_1_47' title="bbox 379 3870 1745 3946; baseline 0.001 -18"><span class='ocrx_word' id='word_1_269' title='bbox 379 3871 481 3929; x_wconf 87' lang='lat' dir='ltr'>det</span> <span class='ocrx_word' id='word_1_270' title='bbox 534 3873 593 3927; x_wconf 90' lang='lat' dir='ltr'>in</span> <span class='ocrx_word' id='word_1_271' title='bbox 636 3872 785 3928; x_wconf 91' lang='lat' dir='ltr'>hunc</span> <span class='ocrx_word' id='word_1_272' title='bbox 826 3871 1103 3927; x_wconf 86' lang='lat' dir='ltr'>modum:</span> <span class='ocrx_word' id='word_1_273' title='bbox 1154 3893 1178 3923; x_wconf 82' lang='grc' dir='ltr'><em>α</em></span> <span class='ocrx_word' id='word_1_274' title='bbox 1228 3870 1561 3940; x_wconf 89' lang='lat' dir='ltr'>Dicendum,</span> <span class='ocrx_word' id='word_1_275' title='bbox 1596 3873 1745 3946; x_wconf 89' lang='lat' dir='ltr'>quod</span> 
     </span>
     <span class='ocr_line' id='line_1_48' title="bbox 384 3952 1749 4028; baseline 0.004 -22"><span class='ocrx_word' id='word_1_276' title='bbox 384 3976 415 4006; x_wconf 75' lang='grc' dir='ltr'>α</span> <span class='ocrx_word' id='word_1_277' title='bbox 452 3954 597 4011; x_wconf 89' lang='lat' dir='ltr'>ratio</span> <span class='ocrx_word' id='word_1_278' title='bbox 638 3954 740 4009; x_wconf 88' lang='lat' dir='ltr'>illa</span> <span class='ocrx_word' id='word_1_279' title='bbox 792 3952 1042 4026; x_wconf 80' lang='lat' dir='ltr'>procedit</span> <span class='ocrx_word' id='word_1_280' title='bbox 1073 3954 1133 4008; x_wconf 91' lang='lat' dir='ltr'>in</span> <span class='ocrx_word' id='word_1_281' title='bbox 1175 3953 1284 4018; x_wconf 87' lang='lat' dir='ltr'>his,</span> <span class='ocrx_word' id='word_1_282' title='bbox 1335 3970 1459 4025; x_wconf 80' lang='lat' dir='ltr'>quae</span> <span class='ocrx_word' id='word_1_283' title='bbox 1491 3969 1562 4010; x_wconf 88' lang='lat' dir='ltr'>ex</span> <span class='ocrx_word' id='word_1_284' title='bbox 1588 3971 1749 4028; x_wconf 62' lang='lat' dir='ltr'>aequo</span> 
     </span>
     <span class='ocr_line' id='line_1_49' title="bbox 382 4033 1744 4106; baseline 0.004 -20"><span class='ocrx_word' id='word_1_285' title='bbox 382 4057 413 4086; x_wconf 75' lang='lat' dir='ltr'>a</span> <span class='ocrx_word' id='word_1_286' title='bbox 450 4033 809 4098; x_wconf 84' lang='lat' dir='ltr'>dividuntur,</span> <span class='ocrx_word' id='word_1_287' title='bbox 835 4050 1078 4106; x_wconf 88' lang='lat' dir='ltr'>quorum</span> <span class='ocrx_word' id='word_1_288' title='bbox 1108 4050 1290 4089; x_wconf 89' lang='lat' dir='ltr'>unum</span> <span class='ocrx_word' id='word_1_289' title='bbox 1321 4050 1437 4091; x_wconf 91' lang='lat' dir='ltr'>non</span> <span class='ocrx_word' id='word_1_290' title='bbox 1464 4040 1548 4091; x_wconf 89' lang='lat' dir='ltr'>est</span> <span class='ocrx_word' id='word_1_291' title='bbox 1576 4036 1744 4093; x_wconf 87' lang='lat' dir='ltr'>alteri</span> 
     </span>
     <span class='ocr_line' id='line_1_50' title="bbox 382 4112 1748 4180; baseline 0.004 -15"><span class='ocrx_word' id='word_1_292' title='bbox 382 4136 413 4165; x_wconf 72' lang='grc' dir='ltr'>ιι</span> <span class='ocrx_word' id='word_1_293' title='bbox 451 4115 595 4171; x_wconf 88' lang='lat' dir='ltr'>ratio</span> <span class='ocrx_word' id='word_1_294' title='bbox 643 4114 943 4180; x_wconf 80' lang='lat' dir='ltr'>existendi,</span> <span class='ocrx_word' id='word_1_295' title='bbox 1000 4119 1057 4171; x_wconf 90' lang='lat' dir='ltr'>et</span> <span class='ocrx_word' id='word_1_296' title='bbox 1090 4112 1378 4172; x_wconf 81' lang='lat' dir='ltr'>bonitatis.</span> <span class='ocrx_word' id='word_1_297' title='bbox 1424 4117 1490 4170; x_wconf 87' lang='lat' dir='ltr'>In</span> <span class='ocrx_word' id='word_1_298' title='bbox 1537 4114 1748 4171; x_wconf 90' lang='lat' dir='ltr'>talibus</span> 
     </span>
     <span class='ocr_line' id='line_1_51' title="bbox 382 4195 1743 4270; baseline 0.004 -22"><span class='ocrx_word' id='word_1_299' title='bbox 382 4217 414 4247; x_wconf 72' lang='grc' dir='ltr'>α</span> <span class='ocrx_word' id='word_1_300' title='bbox 450 4196 608 4251; x_wconf 90' lang='lat' dir='ltr'>enim</span> <span class='ocrx_word' id='word_1_301' title='bbox 661 4195 1105 4270; x_wconf 89' lang='lat' dir='ltr'>unumquodque</span> <span class='ocrx_word' id='word_1_302' title='bbox 1155 4195 1345 4269; x_wconf 85' lang='lat' dir='ltr'>diligit</span> <span class='ocrx_word' id='word_1_303' title='bbox 1398 4198 1743 4255; x_wconf 83' lang='lat' dir='ltr'>naturaliter</span> 
     </span>
     <span class='ocr_line' id='line_1_52' title="bbox 384 4278 1745 4351; baseline 0.005 -23"><span class='ocrx_word' id='word_1_304' title='bbox 384 4298 417 4328; x_wconf 75' lang='grc' dir='ltr'>α</span> <span class='ocrx_word' id='word_1_305' title='bbox 450 4278 631 4351; x_wconf 88' lang='lat' dir='ltr'>magis</span> <span class='ocrx_word' id='word_1_306' title='bbox 665 4279 937 4350; x_wconf 84' lang='lat' dir='ltr'>seipsum,</span> <span class='ocrx_word' id='word_1_307' title='bbox 964 4294 1136 4351; x_wconf 88' lang='lat' dir='ltr'>quam</span> <span class='ocrx_word' id='word_1_308' title='bbox 1164 4278 1430 4344; x_wconf 89' lang='lat' dir='ltr'>alterum,</span> <span class='ocrx_word' id='word_1_309' title='bbox 1467 4278 1531 4334; x_wconf 93' lang='lat' dir='ltr'>in</span> <span class='ocrx_word' id='word_1_310' title='bbox 1557 4296 1745 4351; x_wconf 91' lang='lat' dir='ltr'>quan-</span> 
     </span>
     <span class='ocr_line' id='line_1_53' title="bbox 381 4358 1739 4433; baseline 0.005 -23"><span class='ocrx_word' id='word_1_311' title='bbox 381 4380 413 4410; x_wconf 82' lang='lat'>«</span> <span class='ocrx_word' id='word_1_312' title='bbox 448 4362 569 4413; x_wconf 91' lang='lat' dir='ltr'>tum</span> <span class='ocrx_word' id='word_1_313' title='bbox 597 4364 681 4415; x_wconf 90' lang='lat' dir='ltr'>est</span> <span class='ocrx_word' id='word_1_314' title='bbox 718 4360 901 4433; x_wconf 86' lang='lat' dir='ltr'>magis</span> <span class='ocrx_word' id='word_1_315' title='bbox 939 4358 1048 4414; x_wconf 90' lang='lat' dir='ltr'>sibi</span> <span class='ocrx_word' id='word_1_316' title='bbox 1096 4374 1295 4426; x_wconf 90' lang='lat' dir='ltr'>unum,</span> <span class='ocrx_word' id='word_1_317' title='bbox 1341 4376 1512 4432; x_wconf 87' lang='lat' dir='ltr'>quam</span> <span class='ocrx_word' id='word_1_318' title='bbox 1554 4361 1739 4417; x_wconf 90' lang='lat' dir='ltr'>alteri.</span> 
     </span>
     <span class='ocr_line' id='line_1_54' title="bbox 379 4436 1745 4510; baseline 0.006 -22"><span class='ocrx_word' id='word_1_319' title='bbox 379 4459 414 4488; x_wconf 71' lang='lat' dir='ltr'>a</span> <span class='ocrx_word' id='word_1_320' title='bbox 450 4436 557 4493; x_wconf 89' lang='lat' dir='ltr'>Sed</span> <span class='ocrx_word' id='word_1_321' title='bbox 580 4437 640 4493; x_wconf 89' lang='lat' dir='ltr'>in</span> <span class='ocrx_word' id='word_1_322' title='bbox 665 4438 800 4504; x_wconf 89' lang='lat' dir='ltr'>illis,</span> <span class='ocrx_word' id='word_1_323' title='bbox 826 4454 1072 4510; x_wconf 88' lang='lat' dir='ltr'>quorum</span> <span class='ocrx_word' id='word_1_324' title='bbox 1122 4454 1302 4494; x_wconf 89' lang='lat' dir='ltr'>unum</span> <span class='ocrx_word' id='word_1_325' title='bbox 1326 4445 1412 4495; x_wconf 90' lang='lat' dir='ltr'>est</span> <span class='ocrx_word' id='word_1_326' title='bbox 1455 4445 1569 4496; x_wconf 88' lang='lat' dir='ltr'>tota</span> <span class='ocrx_word' id='word_1_327' title='bbox 1599 4440 1745 4496; x_wconf 91' lang='lat' dir='ltr'>ratio</span> 
     </span>
     <span class='ocr_line' id='line_1_55' title="bbox 379 4519 1745 4596; baseline 0.005 -26"><span class='ocrx_word' id='word_1_328' title='bbox 379 4542 413 4572; x_wconf 84' lang='lat'>«</span> <span class='ocrx_word' id='word_1_329' title='bbox 448 4519 747 4587; x_wconf 90' lang='lat' dir='ltr'>existendi,</span> <span class='ocrx_word' id='word_1_330' title='bbox 777 4526 834 4577; x_wconf 92' lang='lat' dir='ltr'>et</span> <span class='ocrx_word' id='word_1_331' title='bbox 873 4519 1145 4577; x_wconf 86' lang='lat' dir='ltr'>bonitatis</span> <span class='ocrx_word' id='word_1_332' title='bbox 1173 4522 1295 4586; x_wconf 90' lang='lat' dir='ltr'>alii,</span> <span class='ocrx_word' id='word_1_333' title='bbox 1329 4522 1513 4596; x_wconf 82' lang='lat' dir='ltr'>magis</span> <span class='ocrx_word' id='word_1_334' title='bbox 1543 4520 1745 4596; x_wconf 88' lang='lat' dir='ltr'>diligi-</span> 
     </span>
     <span class='ocr_line' id='line_1_56' title="bbox 378 4603 1745 4677; baseline 0.005 -23"><span class='ocrx_word' id='word_1_335' title='bbox 378 4624 413 4654; x_wconf 79' lang='lat'>«</span> <span class='ocrx_word' id='word_1_336' title='bbox 449 4606 545 4670; x_wconf 86' lang='lat' dir='ltr'>tur</span> <span class='ocrx_word' id='word_1_337' title='bbox 592 4603 935 4659; x_wconf 86' lang='lat' dir='ltr'>naturaliter</span> <span class='ocrx_word' id='word_1_338' title='bbox 988 4604 1099 4659; x_wconf 90' lang='lat' dir='ltr'>tale</span> <span class='ocrx_word' id='word_1_339' title='bbox 1139 4604 1406 4669; x_wconf 90' lang='lat' dir='ltr'>alterum,</span> <span class='ocrx_word' id='word_1_340' title='bbox 1450 4620 1623 4676; x_wconf 89' lang='lat' dir='ltr'>quam</span> <span class='ocrx_word' id='word_1_341' title='bbox 1654 4605 1745 4677; x_wconf 91' lang='lat' dir='ltr'>ip-</span> 
     </span>
     <span class='ocr_line' id='line_1_57' title="bbox 381 4682 1745 4759; baseline 0.003 -21"><span class='ocrx_word' id='word_1_342' title='bbox 381 4707 413 4738; x_wconf 76' lang='lat'>«</span> <span class='ocrx_word' id='word_1_343' title='bbox 444 4700 573 4739; x_wconf 91' lang='lat' dir='ltr'>sum</span> <span class='ocrx_word' id='word_1_344' title='bbox 599 4707 613 4741; x_wconf 72' lang='grc' dir='ltr'><strong><em>ε</em></strong></span> <span class='ocrx_word' id='word_1_345' title='bbox 654 4684 800 4740; x_wconf 90' lang='lat' dir='ltr'>sicut</span> <span class='ocrx_word' id='word_1_346' title='bbox 826 4682 1040 4739; x_wconf 90' lang='lat' dir='ltr'>dictum</span> <span class='ocrx_word' id='word_1_347' title='bbox 1079 4690 1183 4748; x_wconf 90' lang='lat' dir='ltr'>est,</span> <span class='ocrx_word' id='word_1_348' title='bbox 1208 4683 1355 4756; x_wconf 91' lang='lat' dir='ltr'>quod</span> <span class='ocrx_word' id='word_1_349' title='bbox 1390 4701 1745 4759; x_wconf 84' lang='lat' dir='ltr'>unaquaeque</span> 
     </span>
     <span class='ocr_line' id='line_1_58' title="bbox 377 4763 1743 4839; baseline 0.005 -23"><span class='ocrx_word' id='word_1_350' title='bbox 377 4787 409 4816; x_wconf 72' lang='grc' dir='ltr'>α</span> <span class='ocrx_word' id='word_1_351' title='bbox 449 4763 583 4838; x_wconf 81' lang='lat' dir='ltr'>pars</span> <span class='ocrx_word' id='word_1_352' title='bbox 626 4764 815 4838; x_wconf 85' lang='lat' dir='ltr'>diligit</span> <span class='ocrx_word' id='word_1_353' title='bbox 844 4765 1187 4821; x_wconf 83' lang='lat' dir='ltr'>naturaliter</span> <span class='ocrx_word' id='word_1_354' title='bbox 1211 4768 1392 4821; x_wconf 91' lang='lat' dir='ltr'>totum</span> <span class='ocrx_word' id='word_1_355' title='bbox 1422 4767 1743 4839; x_wconf 91' lang='lat' dir='ltr'>plusquam</span> 
     </span>
     <span class='ocr_line' id='line_1_59' title="bbox 375 4843 1743 4918; baseline 0.003 -20"><span class='ocrx_word' id='word_1_356' title='bbox 375 4867 409 4898; x_wconf 74' lang='grc' dir='ltr'><strong><em>α</em></strong></span> <span class='ocrx_word' id='word_1_357' title='bbox 442 4860 524 4901; x_wconf 87' lang='lat' dir='ltr'>se.</span> <span class='ocrx_word' id='word_1_358' title='bbox 557 4845 626 4899; x_wconf 79' lang='lat' dir='ltr'>Et</span> <span class='ocrx_word' id='word_1_359' title='bbox 651 4843 941 4917; x_wconf 87' lang='lat' dir='ltr'>quodlibet</span> <span class='ocrx_word' id='word_1_360' title='bbox 962 4845 1258 4918; x_wconf 88' lang='lat' dir='ltr'>singulare</span> <span class='ocrx_word' id='word_1_361' title='bbox 1287 4847 1629 4903; x_wconf 87' lang='lat' dir='ltr'>naturaliter</span> <span class='ocrx_word' id='word_1_362' title='bbox 1650 4846 1743 4902; x_wconf 93' lang='lat' dir='ltr'>di-</span> 
     </span>
     <span class='ocr_line' id='line_1_60' title="bbox 375 4925 1745 5000; baseline 0.004 -21"><span class='ocrx_word' id='word_1_363' title='bbox 375 4949 407 4978; x_wconf 71' lang='lat'><em>«</em></span> <span class='ocrx_word' id='word_1_364' title='bbox 446 4926 574 5000; x_wconf 91' lang='lat' dir='ltr'>ligit</span> <span class='ocrx_word' id='word_1_365' title='bbox 620 4927 746 4998; x_wconf 87' lang='lat' dir='ltr'>plus</span> <span class='ocrx_word' id='word_1_366' title='bbox 773 4925 988 4982; x_wconf 91' lang='lat' dir='ltr'>bonum</span> <span class='ocrx_word' id='word_1_367' title='bbox 1034 4942 1150 4981; x_wconf 80' lang='lat' dir='ltr'>suae</span> <span class='ocrx_word' id='word_1_368' title='bbox 1176 4927 1401 4998; x_wconf 82' lang='lat' dir='ltr'>speciei,</span> <span class='ocrx_word' id='word_1_369' title='bbox 1438 4942 1608 4998; x_wconf 87' lang='lat' dir='ltr'>quam</span> <span class='ocrx_word' id='word_1_370' title='bbox 1651 4926 1745 4984; x_wconf 90' lang='lat' dir='ltr'>bo-</span> 
     </span>
     <span class='ocr_line' id='line_1_61' title="bbox 373 5008 1743 5083; baseline 0.003 -24"><span class='ocrx_word' id='word_1_371' title='bbox 373 5032 405 5061; x_wconf 78' lang='lat'>«</span> <span class='ocrx_word' id='word_1_372' title='bbox 445 5023 588 5064; x_wconf 90' lang='lat' dir='ltr'>num</span> <span class='ocrx_word' id='word_1_373' title='bbox 631 5023 798 5063; x_wconf 84' lang='lat' dir='ltr'>suum</span> <span class='ocrx_word' id='word_1_374' title='bbox 852 5008 1166 5083; x_wconf 84' lang='lat' dir='ltr'>singulare.</span> <span class='ocrx_word' id='word_1_375' title='bbox 1215 5011 1359 5063; x_wconf 85' lang='lat' dir='ltr'>Deus</span> <span class='ocrx_word' id='word_1_376' title='bbox 1400 5014 1589 5064; x_wconf 89' lang='lat' dir='ltr'>autem</span> <span class='ocrx_word' id='word_1_377' title='bbox 1628 5023 1743 5065; x_wconf 89' lang='lat' dir='ltr'>non</span> 
     </span>
    </p>
   </div>
   <div class='ocr_carea' id='block_1_8' title="bbox 3143 394 3252 447">
    <p class='ocr_par' dir='ltr' id='par_1_9' title="bbox 3143 394 3252 447">
     <span class='ocr_line' id='line_1_62' title="bbox 3143 394 3252 447; baseline 0.009 -1"><span class='ocrx_word' id='word_1_378' title='bbox 3143 394 3252 447; x_wconf 70' lang='lat'>45}</span> 
     </span>
    </p>
   </div>
   <div class='ocr_carea' id='block_1_9' title="bbox 1875 558 3327 5082">
    <p class='ocr_par' dir='ltr' id='par_1_10' title="bbox 1881 558 3327 2797">
     <span class='ocr_line' id='line_1_63' title="bbox 1896 558 3327 634; baseline 0.006 -25"><span class='ocrx_word' id='word_1_379' title='bbox 1896 578 1921 609; x_wconf 73' lang='grc' dir='ltr'><strong>α</strong></span> <span class='ocrx_word' id='word_1_380' title='bbox 1951 558 2141 614; x_wconf 90' lang='lat' dir='ltr'>solum</span> <span class='ocrx_word' id='word_1_381' title='bbox 2180 563 2266 615; x_wconf 90' lang='lat' dir='ltr'>est</span> <span class='ocrx_word' id='word_1_382' title='bbox 2301 559 2516 616; x_wconf 90' lang='lat' dir='ltr'>bonum</span> <span class='ocrx_word' id='word_1_383' title='bbox 2547 561 2717 617; x_wconf 87' lang='lat' dir='ltr'>unius</span> <span class='ocrx_word' id='word_1_384' title='bbox 2761 562 2988 634; x_wconf 85' lang='lat' dir='ltr'>speciei,</span> <span class='ocrx_word' id='word_1_385' title='bbox 3031 562 3132 619; x_wconf 91' lang='lat' dir='ltr'>sed</span> <span class='ocrx_word' id='word_1_386' title='bbox 3169 568 3256 620; x_wconf 89' lang='lat' dir='ltr'>est</span> <span class='ocrx_word' id='word_1_387' title='bbox 3323 620 3327 624; x_wconf 77' lang='grc'>,</span> 
     </span>
     <span class='ocr_line' id='line_1_64' title="bbox 1895 638 3247 717; baseline 0.007 -25"><span class='ocrx_word' id='word_1_388' title='bbox 1895 659 1920 691; x_wconf 77' lang='grc' dir='ltr'><em>α</em></span> <span class='ocrx_word' id='word_1_389' title='bbox 1954 638 2142 710; x_wconf 90' lang='lat' dir='ltr'>ipsum</span> <span class='ocrx_word' id='word_1_390' title='bbox 2215 641 2545 700; x_wconf 85' lang='lat' dir='ltr'>universale</span> <span class='ocrx_word' id='word_1_391' title='bbox 2600 643 2816 700; x_wconf 88' lang='lat' dir='ltr'>bonum</span> <span class='ocrx_word' id='word_1_392' title='bbox 2887 645 3247 717; x_wconf 88' lang='lat' dir='ltr'>simpliciter.</span> 
     </span>
     <span class='ocr_line' id='line_1_65' title="bbox 1896 720 3263 798; baseline 0.008 -25"><span class='ocrx_word' id='word_1_393' title='bbox 1896 741 1923 773; x_wconf 80' lang='grc' dir='ltr'>α</span> <span class='ocrx_word' id='word_1_394' title='bbox 1953 720 2117 778; x_wconf 91' lang='lat' dir='ltr'>Unde</span> <span class='ocrx_word' id='word_1_395' title='bbox 2137 724 2581 798; x_wconf 91' lang='lat' dir='ltr'>unumquodque</span> <span class='ocrx_word' id='word_1_396' title='bbox 2602 742 2706 783; x_wconf 92' lang='lat' dir='ltr'>suo</span> <span class='ocrx_word' id='word_1_397' title='bbox 2721 726 2889 783; x_wconf 89' lang='lat' dir='ltr'>modo</span> <span class='ocrx_word' id='word_1_398' title='bbox 2908 729 3263 786; x_wconf 84' lang='lat' dir='ltr'>naturaliter·</span> 
     </span>
     <span class='ocr_line' id='line_1_66' title="bbox 1894 800 3254 880; baseline 0.008 -27"><span class='ocrx_word' id='word_1_399' title='bbox 1894 820 1919 852; x_wconf 73' lang='grc' dir='ltr'><strong>α</strong></span> <span class='ocrx_word' id='word_1_400' title='bbox 1949 800 2137 875; x_wconf 85' lang='lat' dir='ltr'>diligit</span> <span class='ocrx_word' id='word_1_401' title='bbox 2175 806 2354 859; x_wconf 88' lang='lat' dir='ltr'>Deum</span> <span class='ocrx_word' id='word_1_402' title='bbox 2410 805 2733 879; x_wconf 87' lang='lat' dir='ltr'>plusquam</span> <span class='ocrx_word' id='word_1_403' title='bbox 2793 807 3065 880; x_wconf 85' lang='lat' dir='ltr'>seipsum.</span> <span class='ocrx_word' id='word_1_404' title='bbox 3115 830 3139 860; x_wconf 76' lang='lat' dir='ltr'>n</span> <span class='ocrx_word' id='word_1_405' title='bbox 3182 812 3254 864; x_wconf 87' lang='lat' dir='ltr'>Et</span> 
     </span>
     <span class='ocr_line' id='line_1_67' title="bbox 1888 882 3249 965; baseline 0.01 -30"><span class='ocrx_word' id='word_1_406' title='bbox 1888 882 1962 936; x_wconf 82' lang='lat' dir='ltr'>ad</span> <span class='ocrx_word' id='word_1_407' title='bbox 1987 884 2042 949; x_wconf 91' lang='lat'>3,</span> <span class='ocrx_word' id='word_1_408' title='bbox 2082 884 2308 957; x_wconf 91' lang='lat' dir='ltr'>inquit:</span> <span class='ocrx_word' id='word_1_409' title='bbox 2343 908 2368 939; x_wconf 82' lang='grc' dir='ltr'><em>α</em></span> <span class='ocrx_word' id='word_1_410' title='bbox 2393 889 2610 945; x_wconf 87' lang='lat' dir='ltr'>Natura</span> <span class='ocrx_word' id='word_1_411' title='bbox 2636 888 2947 946; x_wconf 83' lang='lat' dir='ltr'>reflectitur</span> <span class='ocrx_word' id='word_1_412' title='bbox 2998 892 3057 948; x_wconf 94' lang='lat' dir='ltr'>in</span> <span class='ocrx_word' id='word_1_413' title='bbox 3091 893 3249 965; x_wconf 89' lang='lat' dir='ltr'>seip-</span> 
     </span>
     <span class='ocr_line' id='line_1_68' title="bbox 1893 970 3250 1044; baseline 0.01 -28"><span class='ocrx_word' id='word_1_414' title='bbox 1893 983 1918 1015; x_wconf 87' lang='lat'>«</span> <span class='ocrx_word' id='word_1_415' title='bbox 1951 980 2074 1021; x_wconf 91' lang='lat' dir='ltr'>sam</span> <span class='ocrx_word' id='word_1_416' title='bbox 2107 983 2223 1023; x_wconf 88' lang='lat' dir='ltr'>non</span> <span class='ocrx_word' id='word_1_417' title='bbox 2248 970 2438 1025; x_wconf 88' lang='lat' dir='ltr'>solum</span> <span class='ocrx_word' id='word_1_418' title='bbox 2465 974 2745 1041; x_wconf 90' lang='lat' dir='ltr'>quantum</span> <span class='ocrx_word' id='word_1_419' title='bbox 2787 970 2859 1026; x_wconf 88' lang='lat' dir='ltr'>ad</span> <span class='ocrx_word' id='word_1_420' title='bbox 2888 971 2965 1038; x_wconf 90' lang='lat' dir='ltr'>id,</span> <span class='ocrx_word' id='word_1_421' title='bbox 2996 973 3144 1044; x_wconf 92' lang='lat' dir='ltr'>quod</span> <span class='ocrx_word' id='word_1_422' title='bbox 3165 980 3250 1030; x_wconf 89' lang='lat' dir='ltr'>est</span> 
     </span>
     <span class='ocr_line' id='line_1_69' title="bbox 1893 1045 3247 1124; baseline 0.009 -26"><span class='ocrx_word' id='word_1_423' title='bbox 1893 1064 1918 1096; x_wconf 74' lang='grc' dir='ltr'><strong>α</strong></span> <span class='ocrx_word' id='word_1_424' title='bbox 1948 1045 2003 1101; x_wconf 94' lang='lat' dir='ltr'>ei</span> <span class='ocrx_word' id='word_1_425' title='bbox 2030 1046 2345 1120; x_wconf 86' lang='lat' dir='ltr'>singulare,</span> <span class='ocrx_word' id='word_1_426' title='bbox 2389 1048 2488 1106; x_wconf 85' lang='lat' dir='ltr'>sed</span> <span class='ocrx_word' id='word_1_427' title='bbox 2533 1051 2716 1107; x_wconf 90' lang='lat' dir='ltr'>multo</span> <span class='ocrx_word' id='word_1_428' title='bbox 2744 1051 2925 1124; x_wconf 90' lang='lat' dir='ltr'>magis</span> <span class='ocrx_word' id='word_1_429' title='bbox 2970 1060 3247 1123; x_wconf 88' lang='lat' dir='ltr'>quantum</span> 
     </span>
     <span class='ocr_line' id='line_1_70' title="bbox 1892 1124 3258 1189; baseline 0.008 -11"><span class='ocrx_word' id='word_1_430' title='bbox 1892 1145 1918 1176; x_wconf 77' lang='grc' dir='ltr'><strong>α</strong></span> <span class='ocrx_word' id='word_1_431' title='bbox 1951 1124 2020 1180; x_wconf 91' lang='lat' dir='ltr'>ad</span> <span class='ocrx_word' id='word_1_432' title='bbox 2072 1143 2397 1185; x_wconf 88' lang='lat' dir='ltr'>commune.</span> <span class='ocrx_word' id='word_1_433' title='bbox 2468 1130 2783 1186; x_wconf 90' lang='lat' dir='ltr'>Inclinatur</span> <span class='ocrx_word' id='word_1_434' title='bbox 2831 1132 2992 1188; x_wconf 90' lang='lat' dir='ltr'>enim</span> <span class='ocrx_word' id='word_1_435' title='bbox 3035 1149 3258 1189; x_wconf 88' lang='lat' dir='ltr'>unum-</span> 
     </span>
     <span class='ocr_line' id='line_1_71' title="bbox 1892 1205 3258 1279; baseline 0.008 -21"><span class='ocrx_word' id='word_1_436' title='bbox 1892 1225 1917 1256; x_wconf 77' lang='lat'>«</span> <span class='ocrx_word' id='word_1_437' title='bbox 1952 1205 2213 1279; x_wconf 88' lang='lat' dir='ltr'>quodque</span> <span class='ocrx_word' id='word_1_438' title='bbox 2253 1207 2323 1263; x_wconf 89' lang='lat' dir='ltr'>ad</span> <span class='ocrx_word' id='word_1_439' title='bbox 2362 1210 2820 1266; x_wconf 88' lang='lat' dir='ltr'>conservandum</span> <span class='ocrx_word' id='word_1_440' title='bbox 2888 1229 3005 1269; x_wconf 90' lang='lat' dir='ltr'>non</span> <span class='ocrx_word' id='word_1_441' title='bbox 3058 1214 3258 1269; x_wconf 57' lang='lat' dir='ltr'>solum&gt;</span> 
     </span>
     <span class='ocr_line' id='line_1_72' title="bbox 1893 1287 3264 1366; baseline 0.009 -28"><span class='ocrx_word' id='word_1_442' title='bbox 1893 1305 1918 1337; x_wconf 75' lang='grc' dir='ltr'><strong><em>α</em></strong></span> <span class='ocrx_word' id='word_1_443' title='bbox 1946 1301 2115 1342; x_wconf 88' lang='lat' dir='ltr'>suum</span> <span class='ocrx_word' id='word_1_444' title='bbox 2158 1287 2546 1356; x_wconf 88' lang='lat' dir='ltr'>individuum,</span> <span class='ocrx_word' id='word_1_445' title='bbox 2597 1290 2694 1348; x_wconf 87' lang='lat' dir='ltr'>sed</span> <span class='ocrx_word' id='word_1_446' title='bbox 2721 1291 2897 1348; x_wconf 88' lang='lat' dir='ltr'>etiam</span> <span class='ocrx_word' id='word_1_447' title='bbox 2937 1309 3100 1349; x_wconf 86' lang='lat' dir='ltr'>suam</span> <span class='ocrx_word' id='word_1_448' title='bbox 3129 1310 3264 1366; x_wconf 88' lang='lat' dir='ltr'>spe·-</span> 
     </span>
     <span class='ocr_line' id='line_1_73' title="bbox 1892 1365 3247 1444; baseline 0.007 -25"><span class='ocrx_word' id='word_1_449' title='bbox 1892 1385 1917 1417; x_wconf 77' lang='grc' dir='ltr'>α</span> <span class='ocrx_word' id='word_1_450' title='bbox 1948 1365 2113 1422; x_wconf 92' lang='lat' dir='ltr'>ciem.</span> <span class='ocrx_word' id='word_1_451' title='bbox 2146 1368 2215 1421; x_wconf 83' lang='lat' dir='ltr'>Et</span> <span class='ocrx_word' id='word_1_452' title='bbox 2260 1371 2443 1426; x_wconf 89' lang='lat' dir='ltr'>multo</span> <span class='ocrx_word' id='word_1_453' title='bbox 2481 1372 2665 1444; x_wconf 88' lang='lat' dir='ltr'>magis</span> <span class='ocrx_word' id='word_1_454' title='bbox 2709 1370 2879 1428; x_wconf 88' lang='lat' dir='ltr'>habet</span> <span class='ocrx_word' id='word_1_455' title='bbox 2919 1374 3247 1429; x_wconf 89' lang='lat' dir='ltr'>naturalem</span> 
     </span>
     <span class='ocr_line' id='line_1_74' title="bbox 1893 1445 3248 1525; baseline 0.007 -27"><span class='ocrx_word' id='word_1_456' title='bbox 1893 1466 1919 1498; x_wconf 88' lang='lat'>«</span> <span class='ocrx_word' id='word_1_457' title='bbox 1949 1445 2388 1505; x_wconf 87' lang='lat' dir='ltr'>inclinationem</span> <span class='ocrx_word' id='word_1_458' title='bbox 2414 1450 2861 1523; x_wconf 87' lang='lat' dir='ltr'>unumquodque</span> <span class='ocrx_word' id='word_1_459' title='bbox 2902 1452 2964 1508; x_wconf 92' lang='lat' dir='ltr'>in</span> <span class='ocrx_word' id='word_1_460' title='bbox 2989 1452 3067 1517; x_wconf 92' lang='lat' dir='ltr'>id,</span> <span class='ocrx_word' id='word_1_461' title='bbox 3099 1453 3248 1525; x_wconf 87' lang='lat' dir='ltr'>quod</span> 
     </span>
     <span class='ocr_line' id='line_1_75' title="bbox 1891 1525 3252 1603; baseline 0.007 -25"><span class='ocrx_word' id='word_1_462' title='bbox 1891 1545 1917 1576; x_wconf 86' lang='lat'>«</span> <span class='ocrx_word' id='word_1_463' title='bbox 1947 1531 2031 1581; x_wconf 91' lang='lat' dir='ltr'>est</span> <span class='ocrx_word' id='word_1_464' title='bbox 2083 1525 2299 1584; x_wconf 90' lang='lat' dir='ltr'>bonum</span> <span class='ocrx_word' id='word_1_465' title='bbox 2349 1530 2680 1587; x_wconf 84' lang='lat' dir='ltr'>universale</span> <span class='ocrx_word' id='word_1_466' title='bbox 2717 1531 3076 1603; x_wconf 89' lang='lat' dir='ltr'>simpliciter.</span> <span class='ocrx_word' id='word_1_467' title='bbox 3109 1554 3134 1585; x_wconf 85' lang='lat'>»</span> <span class='ocrx_word' id='word_1_468' title='bbox 3180 1534 3252 1587; x_wconf 88' lang='lat' dir='ltr'>Et</span> 
     </span>
     <span class='ocr_line' id='line_1_76' title="bbox 1885 1604 3246 1688; baseline 0.007 -29"><span class='ocrx_word' id='word_1_469' title='bbox 1885 1604 2108 1662; x_wconf 87' lang='lat' dir='ltr'>similia</span> <span class='ocrx_word' id='word_1_470' title='bbox 2147 1607 2307 1665; x_wconf 88' lang='lat' dir='ltr'>docet</span> <span class='ocrx_word' id='word_1_471' title='bbox 2352 1610 2415 1665; x_wconf 93' lang='lat' dir='ltr'>in</span> <span class='ocrx_word' id='word_1_472' title='bbox 2457 1610 2560 1666; x_wconf 89' lang='lat' dir='ltr'>hac</span> <span class='ocrx_word' id='word_1_473' title='bbox 2595 1613 2640 1677; x_wconf 94' lang='lat' dir='ltr'>l,</span> <span class='ocrx_word' id='word_1_474' title='bbox 2673 1613 2727 1678; x_wconf 97' lang='grc'>2,</span> <span class='ocrx_word' id='word_1_475' title='bbox 2759 1620 2940 1688; x_wconf 79' lang='lat' dir='ltr'>quaest.</span> <span class='ocrx_word' id='word_1_476' title='bbox 2982 1614 3101 1681; x_wconf 83' lang='lat'>109,</span> <span class='ocrx_word' id='word_1_477' title='bbox 3135 1618 3246 1668; x_wconf 87' lang='lat' dir='ltr'>art.</span> 
     </span>
     <span class='ocr_line' id='line_1_77' title="bbox 1885 1685 3246 1765; baseline 0.007 -27"><span class='ocrx_word' id='word_1_478' title='bbox 1885 1685 1939 1748; x_wconf 87' lang='lat'>3,</span> <span class='ocrx_word' id='word_1_479' title='bbox 1983 1691 2040 1741; x_wconf 89' lang='lat' dir='ltr'>et</span> <span class='ocrx_word' id='word_1_480' title='bbox 2065 1689 2120 1751; x_wconf 87' lang='grc'>2,</span> <span class='ocrx_word' id='word_1_481' title='bbox 2152 1690 2206 1753; x_wconf 88' lang='grc'>2,</span> <span class='ocrx_word' id='word_1_482' title='bbox 2248 1696 2429 1765; x_wconf 66' lang='lat' dir='ltr'>quaest.</span> <span class='ocrx_word' id='word_1_483' title='bbox 2461 1690 2554 1754; x_wconf 88' lang='grc'>26,</span> <span class='ocrx_word' id='word_1_484' title='bbox 2597 1699 2707 1747; x_wconf 83' lang='lat' dir='ltr'>art.</span> <span class='ocrx_word' id='word_1_485' title='bbox 2750 1692 2803 1745; x_wconf 89' lang='grc'>3.</span> <span class='ocrx_word' id='word_1_486' title='bbox 2855 1693 3025 1747; x_wconf 78' lang='lat' dir='ltr'>Juxta</span> <span class='ocrx_word' id='word_1_487' title='bbox 3071 1709 3246 1764; x_wconf 89' lang='lat' dir='ltr'>quam</span> 
     </span>
     <span class='ocr_line' id='line_1_78' title="bbox 1884 1765 3263 1836; baseline 0.005 -15"><span class='ocrx_word' id='word_1_488' title='bbox 1884 1765 2208 1823; x_wconf 89' lang='lat' dir='ltr'>doctrinam</span> <span class='ocrx_word' id='word_1_489' title='bbox 2232 1771 2377 1825; x_wconf 88' lang='lat' dir='ltr'>Deus</span> <span class='ocrx_word' id='word_1_490' title='bbox 2400 1775 2461 1824; x_wconf 89' lang='lat' dir='ltr'>ut</span> <span class='ocrx_word' id='word_1_491' title='bbox 2482 1771 2707 1836; x_wconf 88' lang='lat' dir='ltr'>author,</span> <span class='ocrx_word' id='word_1_492' title='bbox 2733 1778 2790 1829; x_wconf 88' lang='lat' dir='ltr'>et</span> <span class='ocrx_word' id='word_1_493' title='bbox 2806 1772 2939 1829; x_wconf 88' lang='lat' dir='ltr'>finis</span> <span class='ocrx_word' id='word_1_494' title='bbox 2962 1774 3263 1828; x_wconf 85' lang='lat' dir='ltr'>naturalis.</span> 
     </span>
     <span class='ocr_line' id='line_1_79' title="bbox 1885 1848 3246 1925; baseline 0.004 -23"><span class='ocrx_word' id='word_1_495' title='bbox 1885 1863 2002 1903; x_wconf 92' lang='lat' dir='ltr'>non</span> <span class='ocrx_word' id='word_1_496' title='bbox 2031 1848 2271 1905; x_wconf 90' lang='lat' dir='ltr'>omnino</span> <span class='ocrx_word' id='word_1_497' title='bbox 2311 1848 2797 1925; x_wconf 88' lang='lat' dir='ltr'>condistinguitur</span> <span class='ocrx_word' id='word_1_498' title='bbox 2822 1871 2855 1910; x_wconf 90' lang='lat' dir='ltr'>a</span> <span class='ocrx_word' id='word_1_499' title='bbox 2902 1859 3123 1920; x_wconf 89' lang='lat' dir='ltr'>natura,</span> <span class='ocrx_word' id='word_1_500' title='bbox 3149 1853 3246 1909; x_wconf 88' lang='lat' dir='ltr'>sed</span> 
     </span>
     <span class='ocr_line' id='line_1_80' title="bbox 1884 1932 3246 2000; baseline 0.006 -18"><span class='ocrx_word' id='word_1_501' title='bbox 1884 1933 2249 1999; x_wconf 88' lang='lat' dir='ltr'>comparatur</span> <span class='ocrx_word' id='word_1_502' title='bbox 2289 1935 2349 1984; x_wconf 91' lang='lat' dir='ltr'>ut</span> <span class='ocrx_word' id='word_1_503' title='bbox 2375 1936 2493 1987; x_wconf 89' lang='lat' dir='ltr'>tota</span> <span class='ocrx_word' id='word_1_504' title='bbox 2522 1932 2668 1990; x_wconf 88' lang='lat' dir='ltr'>ratio</span> <span class='ocrx_word' id='word_1_505' title='bbox 2695 1934 3032 2000; x_wconf 68' lang='lat' dir='ltr'>existentiae,</span> <span class='ocrx_word' id='word_1_506' title='bbox 3063 1940 3120 1990; x_wconf 92' lang='lat' dir='ltr'>et</span> <span class='ocrx_word' id='word_1_507' title='bbox 3140 1934 3246 1990; x_wconf 90' lang='lat' dir='ltr'>bo-</span> 
     </span>
     <span class='ocr_line' id='line_1_81' title="bbox 1885 2010 3244 2086; baseline 0.007 -22"><span class='ocrx_word' id='word_1_508' title='bbox 1885 2010 2101 2077; x_wconf 79' lang='lat' dir='ltr'>nitatiS,</span> <span class='ocrx_word' id='word_1_509' title='bbox 2132 2025 2256 2081; x_wconf 81' lang='lat' dir='ltr'>quae</span> <span class='ocrx_word' id='word_1_510' title='bbox 2285 2011 2347 2066; x_wconf 91' lang='lat' dir='ltr'>in</span> <span class='ocrx_word' id='word_1_511' title='bbox 2376 2011 2499 2084; x_wconf 88' lang='lat' dir='ltr'>ipsa</span> <span class='ocrx_word' id='word_1_512' title='bbox 2524 2016 2829 2086; x_wconf 89' lang='lat' dir='ltr'>reperitur.</span> <span class='ocrx_word' id='word_1_513' title='bbox 2858 2016 3244 2081; x_wconf 87' lang='lat' dir='ltr'>Quamobrem</span> 
     </span>
     <span class='ocr_line' id='line_1_82' title="bbox 1885 2090 3245 2162; baseline 0.003 -18"><span class='ocrx_word' id='word_1_514' title='bbox 1885 2090 2187 2147; x_wconf 90' lang='lat' dir='ltr'>inclinatio</span> <span class='ocrx_word' id='word_1_515' title='bbox 2227 2091 2290 2146; x_wconf 93' lang='lat' dir='ltr'>in</span> <span class='ocrx_word' id='word_1_516' title='bbox 2346 2095 2552 2148; x_wconf 87' lang='lat' dir='ltr'>natura</span> <span class='ocrx_word' id='word_1_517' title='bbox 2597 2096 2854 2151; x_wconf 90' lang='lat' dir='ltr'>hominis</span> <span class='ocrx_word' id='word_1_518' title='bbox 2892 2096 3163 2162; x_wconf 86' lang='lat' dir='ltr'>radicata,</span> <span class='ocrx_word' id='word_1_519' title='bbox 3189 2101 3245 2152; x_wconf 89' lang='lat' dir='ltr'>et</span> 
     </span>
     <span class='ocr_line' id='line_1_83' title="bbox 1885 2170 3246 2247; baseline 0.004 -21"><span class='ocrx_word' id='word_1_520' title='bbox 1885 2170 1954 2226; x_wconf 91' lang='lat' dir='ltr'>ad</span> <span class='ocrx_word' id='word_1_521' title='bbox 1982 2171 2103 2244; x_wconf 87' lang='lat' dir='ltr'>ejus</span> <span class='ocrx_word' id='word_1_522' title='bbox 2130 2171 2344 2227; x_wconf 91' lang='lat' dir='ltr'>bonum</span> <span class='ocrx_word' id='word_1_523' title='bbox 2370 2173 2532 2245; x_wconf 84' lang='lat' dir='ltr'>juxta</span> <span class='ocrx_word' id='word_1_524' title='bbox 2562 2180 2773 2231; x_wconf 91' lang='lat' dir='ltr'>rectam</span> <span class='ocrx_word' id='word_1_525' title='bbox 2799 2177 3083 2232; x_wconf 87' lang='lat' dir='ltr'>rationem</span> <span class='ocrx_word' id='word_1_526' title='bbox 3110 2192 3246 2247; x_wconf 92' lang='lat' dir='ltr'>pro-</span> 
     </span>
     <span class='ocr_line' id='line_1_84' title="bbox 1886 2252 3258 2327; baseline 0.006 -20"><span class='ocrx_word' id='word_1_527' title='bbox 1886 2252 2155 2326; x_wconf 89' lang='lat' dir='ltr'>pendens,</span> <span class='ocrx_word' id='word_1_528' title='bbox 2188 2254 2370 2327; x_wconf 89' lang='lat' dir='ltr'>magis</span> <span class='ocrx_word' id='word_1_529' title='bbox 2399 2255 2581 2312; x_wconf 88' lang='lat' dir='ltr'>tendit</span> <span class='ocrx_word' id='word_1_530' title='bbox 2623 2255 2691 2313; x_wconf 91' lang='lat' dir='ltr'>ad</span> <span class='ocrx_word' id='word_1_531' title='bbox 2723 2256 2938 2313; x_wconf 91' lang='lat' dir='ltr'>bonum</span> <span class='ocrx_word' id='word_1_532' title='bbox 2969 2259 3089 2324; x_wconf 92' lang='lat' dir='ltr'>Dei,</span> <span class='ocrx_word' id='word_1_533' title='bbox 3122 2258 3258 2315; x_wconf 57' lang='lat' dir='ltr'>sive&gt;</span> 
     </span>
     <span class='ocr_line' id='line_1_85' title="bbox 1884 2332 3247 2402; baseline 0.004 -14"><span class='ocrx_word' id='word_1_534' title='bbox 1884 2332 1954 2388; x_wconf 90' lang='lat' dir='ltr'>ad</span> <span class='ocrx_word' id='word_1_535' title='bbox 1998 2336 2179 2389; x_wconf 91' lang='lat' dir='ltr'>Deum</span> <span class='ocrx_word' id='word_1_536' title='bbox 2205 2333 2310 2389; x_wconf 91' lang='lat' dir='ltr'>sub</span> <span class='ocrx_word' id='word_1_537' title='bbox 2340 2335 2560 2393; x_wconf 87' lang='lat' dir='ltr'>ratione</span> <span class='ocrx_word' id='word_1_538' title='bbox 2605 2337 2797 2392; x_wconf 89' lang='lat' dir='ltr'>ultimi</span> <span class='ocrx_word' id='word_1_539' title='bbox 2851 2337 3016 2402; x_wconf 84' lang='lat' dir='ltr'>finis;</span> <span class='ocrx_word' id='word_1_540' title='bbox 3056 2340 3247 2395; x_wconf 91' lang='lat' dir='ltr'>oritur</span> 
     </span>
     <span class='ocr_line' id='line_1_86' title="bbox 1883 2416 3239 2494; baseline 0.004 -23"><span class='ocrx_word' id='word_1_541' title='bbox 1883 2416 2040 2471; x_wconf 91' lang='lat' dir='ltr'>enim</span> <span class='ocrx_word' id='word_1_542' title='bbox 2064 2432 2096 2471; x_wconf 92' lang='lat' dir='ltr'>a</span> <span class='ocrx_word' id='word_1_543' title='bbox 2124 2423 2346 2483; x_wconf 87' lang='lat' dir='ltr'>natura,</span> <span class='ocrx_word' id='word_1_544' title='bbox 2368 2423 2431 2473; x_wconf 90' lang='lat' dir='ltr'>ut</span> <span class='ocrx_word' id='word_1_545' title='bbox 2449 2418 2833 2490; x_wconf 90' lang='lat' dir='ltr'>estquoddam</span> <span class='ocrx_word' id='word_1_546' title='bbox 2857 2419 3071 2476; x_wconf 87' lang='lat' dir='ltr'>bonum</span> <span class='ocrx_word' id='word_1_547' title='bbox 3102 2437 3239 2494; x_wconf 87' lang='lat' dir='ltr'>par-</span> 
     </span>
     <span class='ocr_line' id='line_1_87' title="bbox 1885 2498 3249 2571; baseline 0.005 -19"><span class='ocrx_word' id='word_1_548' title='bbox 1885 2498 2022 2554; x_wconf 89' lang='lat' dir='ltr'>tiale</span> <span class='ocrx_word' id='word_1_549' title='bbox 2049 2500 2432 2571; x_wconf 84' lang='lat' dir='ltr'>comparative</span> <span class='ocrx_word' id='word_1_550' title='bbox 2467 2500 2537 2557; x_wconf 88' lang='lat' dir='ltr'>ad</span> <span class='ocrx_word' id='word_1_551' title='bbox 2565 2499 2833 2557; x_wconf 83' lang='lat' dir='ltr'>divinum</span> <span class='ocrx_word' id='word_1_552' title='bbox 2863 2525 2876 2559; x_wconf 87' lang='lat'>:</span> <span class='ocrx_word' id='word_1_553' title='bbox 2905 2509 2959 2559; x_wconf 91' lang='lat' dir='ltr'>et</span> <span class='ocrx_word' id='word_1_554' title='bbox 2980 2519 3046 2559; x_wconf 89' lang='lat' dir='ltr'>eo</span> <span class='ocrx_word' id='word_1_555' title='bbox 3074 2502 3249 2559; x_wconf 92' lang='lat' dir='ltr'>modo</span> 
     </span>
     <span class='ocr_line' id='line_1_88' title="bbox 1885 2578 3237 2656; baseline 0.003 -22"><span class='ocrx_word' id='word_1_556' title='bbox 1885 2578 2192 2636; x_wconf 77' lang='lat' dir='ltr'>reflectitur</span> <span class='ocrx_word' id='word_1_557' title='bbox 2224 2597 2399 2652; x_wconf 88' lang='lat' dir='ltr'>supra</span> <span class='ocrx_word' id='word_1_558' title='bbox 2429 2587 2698 2638; x_wconf 88' lang='lat' dir='ltr'>naturam</span> <span class='ocrx_word' id='word_1_559' title='bbox 2747 2587 3022 2656; x_wconf 89' lang='lat' dir='ltr'>tanquam</span> <span class='ocrx_word' id='word_1_560' title='bbox 3065 2598 3237 2656; x_wconf 88' lang='lat' dir='ltr'>supra</span> 
     </span>
     <span class='ocr_line' id='line_1_89' title="bbox 1885 2660 3248 2737; baseline 0.005 -21"><span class='ocrx_word' id='word_1_561' title='bbox 1885 2666 2125 2732; x_wconf 90' lang='lat' dir='ltr'>partem,</span> <span class='ocrx_word' id='word_1_562' title='bbox 2151 2666 2208 2717; x_wconf 94' lang='lat' dir='ltr'>et</span> <span class='ocrx_word' id='word_1_563' title='bbox 2245 2660 2478 2718; x_wconf 89' lang='lat' dir='ltr'>tandem</span> <span class='ocrx_word' id='word_1_564' title='bbox 2523 2662 2674 2718; x_wconf 91' lang='lat' dir='ltr'>sistit</span> <span class='ocrx_word' id='word_1_565' title='bbox 2696 2662 2758 2718; x_wconf 90' lang='lat' dir='ltr'>in</span> <span class='ocrx_word' id='word_1_566' title='bbox 2808 2666 2921 2720; x_wconf 91' lang='lat' dir='ltr'>Deo</span> <span class='ocrx_word' id='word_1_567' title='bbox 2968 2671 3248 2737; x_wconf 87' lang='lat' dir='ltr'>tanquam</span> 
     </span>
     <span class='ocr_line' id='line_1_90' title="bbox 1881 2738 2342 2797; baseline 0 0"><span class='ocrx_word' id='word_1_568' title='bbox 1881 2741 1946 2797; x_wconf 90' lang='lat' dir='ltr'>in</span> <span class='ocrx_word' id='word_1_569' title='bbox 1975 2738 2181 2797; x_wconf 90' lang='lat' dir='ltr'>ultimo</span> <span class='ocrx_word' id='word_1_570' title='bbox 2206 2739 2342 2797; x_wconf 86' lang='lat' dir='ltr'>fine.</span> 
     </span>
    </p>

    <p class='ocr_par' dir='ltr' id='par_1_11' title="bbox 1875 2820 3261 5082">
     <span class='ocr_line' id='line_1_91' title="bbox 1955 2820 3247 2901; baseline 0.008 -26"><span class='ocrx_word' id='word_1_571' title='bbox 1955 2824 2090 2887; x_wconf 80' lang='lat' dir='ltr'>Quae</span> <span class='ocrx_word' id='word_1_572' title='bbox 2115 2820 2374 2880; x_wconf 86' lang='lat' dir='ltr'>doctrina</span> <span class='ocrx_word' id='word_1_573' title='bbox 2395 2825 2481 2894; x_wconf 90' lang='lat' dir='ltr'>(ut</span> <span class='ocrx_word' id='word_1_574' title='bbox 2497 2823 2724 2882; x_wconf 88' lang='lat' dir='ltr'>tacitam</span> <span class='ocrx_word' id='word_1_575' title='bbox 2744 2824 3016 2898; x_wconf 88' lang='lat' dir='ltr'>replicam</span> <span class='ocrx_word' id='word_1_576' title='bbox 3045 2843 3247 2901; x_wconf 79' lang='lat' dir='ltr'>praeoc-</span> 
     </span>
     <span class='ocr_line' id='line_1_92' title="bbox 1882 2904 3261 2975; baseline 0.004 -15"><span class='ocrx_word' id='word_1_577' title='bbox 1882 2906 2191 2975; x_wconf 90' lang='lat' dir='ltr'>cupemus),</span> <span class='ocrx_word' id='word_1_578' title='bbox 2237 2919 2353 2961; x_wconf 92' lang='lat' dir='ltr'>non</span> <span class='ocrx_word' id='word_1_579' title='bbox 2427 2904 2595 2962; x_wconf 89' lang='lat' dir='ltr'>habet</span> <span class='ocrx_word' id='word_1_580' title='bbox 2641 2909 2827 2964; x_wconf 89' lang='lat' dir='ltr'>locum</span> <span class='ocrx_word' id='word_1_581' title='bbox 2896 2908 2961 2964; x_wconf 89' lang='lat' dir='ltr'>in</span> <span class='ocrx_word' id='word_1_582' title='bbox 3008 2910 3261 2966; x_wconf 85' lang='lat' dir='ltr'>homine-</span> 
     </span>
     <span class='ocr_line' id='line_1_93' title="bbox 1880 2982 3254 3062; baseline 0.005 -24"><span class='ocrx_word' id='word_1_583' title='bbox 1880 2983 2064 3057; x_wconf 89' lang='lat' dir='ltr'>gratia</span> <span class='ocrx_word' id='word_1_584' title='bbox 2107 2982 2496 3041; x_wconf 87' lang='lat' dir='ltr'>sanctificante</span> <span class='ocrx_word' id='word_1_585' title='bbox 2522 2986 2810 3056; x_wconf 88' lang='lat' dir='ltr'>destituto,</span> <span class='ocrx_word' id='word_1_586' title='bbox 2836 2993 2891 3043; x_wconf 91' lang='lat' dir='ltr'>et</span> <span class='ocrx_word' id='word_1_587' title='bbox 2917 2995 3254 3062; x_wconf 89' lang='lat' dir='ltr'>comparato</span> 
     </span>
     <span class='ocr_line' id='line_1_94' title="bbox 1882 3062 3240 3139; baseline 0.004 -21"><span class='ocrx_word' id='word_1_588' title='bbox 1882 3062 1951 3118; x_wconf 88' lang='lat' dir='ltr'>ad</span> <span class='ocrx_word' id='word_1_589' title='bbox 2019 3065 2197 3119; x_wconf 90' lang='lat' dir='ltr'>Deum</span> <span class='ocrx_word' id='word_1_590' title='bbox 2245 3069 2306 3119; x_wconf 93' lang='lat' dir='ltr'>ut</span> <span class='ocrx_word' id='word_1_591' title='bbox 2371 3065 2440 3120; x_wconf 89' lang='lat' dir='ltr'>ad</span> <span class='ocrx_word' id='word_1_592' title='bbox 2485 3063 2661 3123; x_wconf 87' lang='lat' dir='ltr'>finem</span> <span class='ocrx_word' id='word_1_593' title='bbox 2713 3071 3240 3139; x_wconf 88' lang='lat' dir='ltr'>supernaturalem,</span> 
     </span>
     <span class='ocr_line' id='line_1_95' title="bbox 1879 3145 3244 3221; baseline 0.004 -22"><span class='ocrx_word' id='word_1_594' title='bbox 1879 3145 2251 3216; x_wconf 78' lang='lat' dir='ltr'>quantumvis</span> <span class='ocrx_word' id='word_1_595' title='bbox 2276 3145 2511 3200; x_wconf 87' lang='lat' dir='ltr'>auxiliis</span> <span class='ocrx_word' id='word_1_596' title='bbox 2531 3148 2969 3203; x_wconf 88' lang='lat' dir='ltr'>transeuntibus</span> <span class='ocrx_word' id='word_1_597' title='bbox 3001 3148 3244 3221; x_wconf 81' lang='lat' dir='ltr'>adjuve-</span> 
     </span>
     <span class='ocr_line' id='line_1_96' title="bbox 1880 3225 3232 3302; baseline 0.003 -22"><span class='ocrx_word' id='word_1_598' title='bbox 1880 3231 1993 3281; x_wconf 88' lang='lat' dir='ltr'>tur.</span> <span class='ocrx_word' id='word_1_599' title='bbox 2026 3225 2312 3290; x_wconf 88' lang='lat' dir='ltr'>Quoniam</span> <span class='ocrx_word' id='word_1_600' title='bbox 2332 3225 2523 3291; x_wconf 89' lang='lat' dir='ltr'>homo,</span> <span class='ocrx_word' id='word_1_601' title='bbox 2555 3226 2692 3282; x_wconf 90' lang='lat' dir='ltr'>dum</span> <span class='ocrx_word' id='word_1_602' title='bbox 2725 3227 3055 3298; x_wconf 75' lang='lat' dir='ltr'>praedictam</span> <span class='ocrx_word' id='word_1_603' title='bbox 3095 3245 3232 3302; x_wconf 90' lang='lat' dir='ltr'>gra-</span> 
     </span>
     <span class='ocr_line' id='line_1_97' title="bbox 1882 3305 3256 3376; baseline 0.003 -15"><span class='ocrx_word' id='word_1_604' title='bbox 1882 3305 2020 3362; x_wconf 89' lang='lat' dir='ltr'>tiam</span> <span class='ocrx_word' id='word_1_605' title='bbox 2047 3321 2163 3361; x_wconf 90' lang='lat' dir='ltr'>non</span> <span class='ocrx_word' id='word_1_606' title='bbox 2187 3305 2401 3376; x_wconf 90' lang='lat' dir='ltr'>recipit,</span> <span class='ocrx_word' id='word_1_607' title='bbox 2434 3320 2550 3361; x_wconf 91' lang='lat' dir='ltr'>non</span> <span class='ocrx_word' id='word_1_608' title='bbox 2579 3307 2774 3363; x_wconf 84' lang='lat' dir='ltr'>existit</span> <span class='ocrx_word' id='word_1_609' title='bbox 2801 3314 2923 3363; x_wconf 90' lang='lat' dir='ltr'>actu</span> <span class='ocrx_word' id='word_1_610' title='bbox 2950 3309 3014 3363; x_wconf 93' lang='lat' dir='ltr'>in</span> <span class='ocrx_word' id='word_1_611' title='bbox 3039 3309 3256 3366; x_wconf 86' lang='lat' dir='ltr'>ordine</span> 
     </span>
     <span class='ocr_line' id='line_1_98' title="bbox 1878 3384 3243 3460; baseline 0.004 -21"><span class='ocrx_word' id='word_1_612' title='bbox 1878 3384 2325 3457; x_wconf 86' lang='lat' dir='ltr'>supernaturali,</span> <span class='ocrx_word' id='word_1_613' title='bbox 2360 3400 2463 3440; x_wconf 91' lang='lat' dir='ltr'>nec</span> <span class='ocrx_word' id='word_1_614' title='bbox 2501 3385 2564 3440; x_wconf 90' lang='lat' dir='ltr'>in</span> <span class='ocrx_word' id='word_1_615' title='bbox 2594 3384 2695 3442; x_wconf 88' lang='lat' dir='ltr'>hoc</span> <span class='ocrx_word' id='word_1_616' title='bbox 2717 3385 3243 3460; x_wconf 67' lang='lat' dir='ltr'>ordinecompara-</span> 
     </span>
     <span class='ocr_line' id='line_1_99' title="bbox 1882 3463 3244 3524; baseline 0.003 -4"><span class='ocrx_word' id='word_1_617' title='bbox 1882 3469 1975 3520; x_wconf 90' lang='lat' dir='ltr'>tur</span> <span class='ocrx_word' id='word_1_618' title='bbox 2002 3463 2072 3520; x_wconf 89' lang='lat' dir='ltr'>ad</span> <span class='ocrx_word' id='word_1_619' title='bbox 2100 3465 2277 3519; x_wconf 88' lang='lat' dir='ltr'>Deum</span> <span class='ocrx_word' id='word_1_620' title='bbox 2303 3463 2447 3519; x_wconf 90' lang='lat' dir='ltr'>sicut</span> <span class='ocrx_word' id='word_1_621' title='bbox 2473 3463 2543 3519; x_wconf 91' lang='lat' dir='ltr'>ad</span> <span class='ocrx_word' id='word_1_622' title='bbox 2566 3470 2742 3521; x_wconf 90' lang='lat' dir='ltr'>totam</span> <span class='ocrx_word' id='word_1_623' title='bbox 2772 3467 3056 3523; x_wconf 88' lang='lat' dir='ltr'>rationem</span> <span class='ocrx_word' id='word_1_624' title='bbox 3085 3469 3244 3524; x_wconf 86' lang='lat' dir='ltr'>exis-</span> 
     </span>
     <span class='ocr_line' id='line_1_100' title="bbox 1880 3545 3254 3616; baseline 0.002 -13"><span class='ocrx_word' id='word_1_625' title='bbox 1880 3546 2058 3614; x_wconf 90' lang='lat' dir='ltr'>tendi,</span> <span class='ocrx_word' id='word_1_626' title='bbox 2092 3550 2148 3601; x_wconf 91' lang='lat' dir='ltr'>et</span> <span class='ocrx_word' id='word_1_627' title='bbox 2178 3547 2333 3601; x_wconf 83' lang='lat' dir='ltr'>velut</span> <span class='ocrx_word' id='word_1_628' title='bbox 2376 3561 2508 3616; x_wconf 86' lang='lat' dir='ltr'>pars</span> <span class='ocrx_word' id='word_1_629' title='bbox 2546 3545 2615 3600; x_wconf 88' lang='lat' dir='ltr'>ad</span> <span class='ocrx_word' id='word_1_630' title='bbox 2650 3564 2819 3603; x_wconf 87' lang='lat' dir='ltr'>suum</span> <span class='ocrx_word' id='word_1_631' title='bbox 2861 3555 3043 3605; x_wconf 90' lang='lat' dir='ltr'>totum</span> <span class='ocrx_word' id='word_1_632' title='bbox 3091 3551 3254 3606; x_wconf 53' lang='lat' dir='ltr'>emi-⁴</span> 
     </span>
     <span class='ocr_line' id='line_1_101' title="bbox 1881 3628 3244 3704; baseline 0.001 -18"><span class='ocrx_word' id='word_1_633' title='bbox 1881 3629 2175 3696; x_wconf 87' lang='lat' dir='ltr'>nentiale;</span> <span class='ocrx_word' id='word_1_634' title='bbox 2225 3628 2590 3684; x_wconf 85' lang='lat' dir='ltr'>constituitur</span> <span class='ocrx_word' id='word_1_635' title='bbox 2635 3629 2847 3702; x_wconf 89' lang='lat' dir='ltr'>quippe</span> <span class='ocrx_word' id='word_1_636' title='bbox 2899 3631 3244 3704; x_wconf 87' lang='lat' dir='ltr'>simpliciter</span> 
     </span>
     <span class='ocr_line' id='line_1_102' title="bbox 1880 3707 3238 3783; baseline 0.001 -17"><span class='ocrx_word' id='word_1_637' title='bbox 1880 3715 2005 3766; x_wconf 90' lang='lat' dir='ltr'>actu</span> <span class='ocrx_word' id='word_1_638' title='bbox 2047 3710 2109 3765; x_wconf 92' lang='lat' dir='ltr'>in</span> <span class='ocrx_word' id='word_1_639' title='bbox 2139 3707 2408 3781; x_wconf 77' lang='lat' dir='ltr'>praedicto</span> <span class='ocrx_word' id='word_1_640' title='bbox 2433 3707 2637 3765; x_wconf 86' lang='lat' dir='ltr'>ordine</span> <span class='ocrx_word' id='word_1_641' title='bbox 2665 3725 2764 3781; x_wconf 90' lang='lat' dir='ltr'>per</span> <span class='ocrx_word' id='word_1_642' title='bbox 2791 3711 3041 3783; x_wconf 89' lang='lat' dir='ltr'>gratiam</span> <span class='ocrx_word' id='word_1_643' title='bbox 3071 3711 3238 3768; x_wconf 91' lang='lat' dir='ltr'>habi-</span> 
     </span>
     <span class='ocr_line' id='line_1_103' title="bbox 1880 3788 3254 3867; baseline 0.004 -22"><span class='ocrx_word' id='word_1_644' title='bbox 1880 3791 2114 3847; x_wconf 89' lang='lat' dir='ltr'>tualem.</span> <span class='ocrx_word' id='word_1_645' title='bbox 2157 3789 2310 3845; x_wconf 88' lang='lat' dir='ltr'>Sicut</span> <span class='ocrx_word' id='word_1_646' title='bbox 2348 3788 2507 3845; x_wconf 89' lang='lat' dir='ltr'>enim</span> <span class='ocrx_word' id='word_1_647' title='bbox 2562 3793 2767 3846; x_wconf 90' lang='lat' dir='ltr'>natura</span> <span class='ocrx_word' id='word_1_648' title='bbox 2812 3790 3014 3867; x_wconf 61' lang='lat' dir='ltr'>divina</span> <span class='ocrx_word' id='word_1_649' title='bbox 3075 3792 3135 3847; x_wconf 89' lang='lat' dir='ltr'>in</span> <span class='ocrx_word' id='word_1_650' title='bbox 3186 3810 3254 3850; x_wconf 84' lang='lat' dir='ltr'>se</span> 
     </span>
     <span class='ocr_line' id='line_1_104' title="bbox 1878 3870 3248 3945; baseline 0.002 -17"><span class='ocrx_word' id='word_1_651' title='bbox 1878 3878 1963 3929; x_wconf 82' lang='lat' dir='ltr'>est</span> <span class='ocrx_word' id='word_1_652' title='bbox 1991 3871 2224 3945; x_wconf 89' lang='lat' dir='ltr'>propria</span> <span class='ocrx_word' id='word_1_653' title='bbox 2271 3872 2384 3927; x_wconf 93' lang='lat' dir='ltr'>Deo</span> <span class='ocrx_word' id='word_1_654' title='bbox 2427 3870 2575 3927; x_wconf 90' lang='lat' dir='ltr'>ratio</span> <span class='ocrx_word' id='word_1_655' title='bbox 2618 3871 2903 3928; x_wconf 85' lang='lat' dir='ltr'>existendi</span> <span class='ocrx_word' id='word_1_656' title='bbox 2947 3873 3010 3928; x_wconf 91' lang='lat' dir='ltr'>in</span> <span class='ocrx_word' id='word_1_657' title='bbox 3038 3873 3248 3931; x_wconf 90' lang='lat' dir='ltr'>ordine</span> 
     </span>
     <span class='ocr_line' id='line_1_105' title="bbox 1881 3949 3250 4026; baseline 0.002 -18"><span class='ocrx_word' id='word_1_658' title='bbox 1881 3954 2133 4008; x_wconf 91' lang='lat' dir='ltr'>increato</span> <span class='ocrx_word' id='word_1_659' title='bbox 2164 3975 2178 4018; x_wconf 94' lang='lat'>;</span> <span class='ocrx_word' id='word_1_660' title='bbox 2210 3951 2291 4007; x_wconf 89' lang='lat' dir='ltr'>ita</span> <span class='ocrx_word' id='word_1_661' title='bbox 2318 3949 2517 4007; x_wconf 89' lang='lat' dir='ltr'>eadem</span> <span class='ocrx_word' id='word_1_662' title='bbox 2548 3956 2757 4007; x_wconf 90' lang='lat' dir='ltr'>natura</span> <span class='ocrx_word' id='word_1_663' title='bbox 2778 3953 3114 4025; x_wconf 89' lang='lat' dir='ltr'>participata</span> <span class='ocrx_word' id='word_1_664' title='bbox 3144 3971 3250 4026; x_wconf 85' lang='lat' dir='ltr'>per</span> 
     </span>
     <span class='ocr_line' id='line_1_106' title="bbox 1876 4031 3241 4108; baseline 0.001 -19"><span class='ocrx_word' id='word_1_665' title='bbox 1876 4033 2125 4108; x_wconf 86' lang='lat' dir='ltr'>gratiam</span> <span class='ocrx_word' id='word_1_666' title='bbox 2149 4038 2233 4088; x_wconf 87' lang='lat' dir='ltr'>est</span> <span class='ocrx_word' id='word_1_667' title='bbox 2264 4033 2427 4099; x_wconf 89' lang='lat' dir='ltr'>rati0,</span> <span class='ocrx_word' id='word_1_668' title='bbox 2460 4038 2514 4088; x_wconf 91' lang='lat' dir='ltr'>et</span> <span class='ocrx_word' id='word_1_669' title='bbox 2557 4031 2722 4088; x_wconf 86' lang='lat' dir='ltr'>radix</span> <span class='ocrx_word' id='word_1_670' title='bbox 2749 4033 3032 4090; x_wconf 88' lang='lat' dir='ltr'>existendi</span> <span class='ocrx_word' id='word_1_671' title='bbox 3060 4035 3121 4090; x_wconf 92' lang='lat' dir='ltr'>in</span> <span class='ocrx_word' id='word_1_672' title='bbox 3143 4051 3241 4091; x_wconf 90' lang='lat' dir='ltr'>or-</span> 
     </span>
     <span class='ocr_line' id='line_1_107' title="bbox 1877 4113 3245 4187; baseline 0 -17"><span class='ocrx_word' id='word_1_673' title='bbox 1877 4113 2014 4170; x_wconf 90' lang='lat' dir='ltr'>dine</span> <span class='ocrx_word' id='word_1_674' title='bbox 2065 4113 2513 4187; x_wconf 88' lang='lat' dir='ltr'>supernaturali,</span> <span class='ocrx_word' id='word_1_675' title='bbox 2541 4118 2597 4170; x_wconf 90' lang='lat' dir='ltr'>et</span> <span class='ocrx_word' id='word_1_676' title='bbox 2637 4118 2699 4168; x_wconf 91' lang='lat' dir='ltr'>ut</span> <span class='ocrx_word' id='word_1_677' title='bbox 2725 4113 2899 4170; x_wconf 90' lang='lat' dir='ltr'>homo</span> <span class='ocrx_word' id='word_1_678' title='bbox 2937 4131 2997 4170; x_wconf 91' lang='lat' dir='ltr'>se</span> <span class='ocrx_word' id='word_1_679' title='bbox 3040 4114 3245 4172; x_wconf 85' lang='lat' dir='ltr'>habeat</span> 
     </span>
     <span class='ocr_line' id='line_1_108' title="bbox 1879 4194 3238 4268; baseline 0.001 -15"><span class='ocrx_word' id='word_1_680' title='bbox 1879 4196 1947 4253; x_wconf 89' lang='lat' dir='ltr'>ad</span> <span class='ocrx_word' id='word_1_681' title='bbox 2002 4197 2180 4253; x_wconf 91' lang='lat' dir='ltr'>Deum</span> <span class='ocrx_word' id='word_1_682' title='bbox 2231 4196 2388 4252; x_wconf 82' lang='lat' dir='ltr'>velut</span> <span class='ocrx_word' id='word_1_683' title='bbox 2432 4211 2565 4268; x_wconf 89' lang='lat' dir='ltr'>pars</span> <span class='ocrx_word' id='word_1_684' title='bbox 2605 4194 2675 4251; x_wconf 89' lang='lat' dir='ltr'>ad</span> <span class='ocrx_word' id='word_1_685' title='bbox 2727 4199 2928 4252; x_wconf 91' lang='lat' dir='ltr'>totum.</span> <span class='ocrx_word' id='word_1_686' title='bbox 2974 4196 3238 4261; x_wconf 86' lang='lat' dir='ltr'>Quandiu</span> 
     </span>
     <span class='ocr_line' id='line_1_109' title="bbox 1876 4275 3242 4350; baseline 0.001 -17"><span class='ocrx_word' id='word_1_687' title='bbox 1876 4292 2016 4333; x_wconf 87' lang='lat' dir='ltr'>vero</span> <span class='ocrx_word' id='word_1_688' title='bbox 2040 4275 2365 4350; x_wconf 81' lang='lat' dir='ltr'>praedictam</span> <span class='ocrx_word' id='word_1_689' title='bbox 2390 4276 2638 4350; x_wconf 89' lang='lat' dir='ltr'>gratiam</span> <span class='ocrx_word' id='word_1_690' title='bbox 2682 4291 2799 4331; x_wconf 91' lang='lat' dir='ltr'>non</span> <span class='ocrx_word' id='word_1_691' title='bbox 2826 4275 3016 4343; x_wconf 90' lang='lat' dir='ltr'>habet,</span> <span class='ocrx_word' id='word_1_692' title='bbox 3047 4278 3242 4334; x_wconf 84' lang='lat' dir='ltr'>existit</span> 
     </span>
     <span class='ocr_line' id='line_1_110' title="bbox 1879 4358 3242 4432; baseline 0 -16"><span class='ocrx_word' id='word_1_693' title='bbox 1879 4359 2110 4432; x_wconf 81' lang='lat' dir='ltr'>praecise</span> <span class='ocrx_word' id='word_1_694' title='bbox 2131 4359 2194 4415; x_wconf 93' lang='lat' dir='ltr'>in</span> <span class='ocrx_word' id='word_1_695' title='bbox 2214 4359 2418 4415; x_wconf 91' lang='lat' dir='ltr'>ordine</span> <span class='ocrx_word' id='word_1_696' title='bbox 2446 4358 2699 4415; x_wconf 91' lang='lat' dir='ltr'>naturali</span> <span class='ocrx_word' id='word_1_697' title='bbox 2732 4381 2746 4423; x_wconf 87' lang='lat'>;</span> <span class='ocrx_word' id='word_1_698' title='bbox 2776 4363 2832 4413; x_wconf 91' lang='lat' dir='ltr'>et</span> <span class='ocrx_word' id='word_1_699' title='bbox 2859 4359 3057 4430; x_wconf 91' lang='lat' dir='ltr'>nequit</span> <span class='ocrx_word' id='word_1_700' title='bbox 3078 4375 3242 4415; x_wconf 92' lang='lat' dir='ltr'>com-</span> 
     </span>
     <span class='ocr_line' id='line_1_111' title="bbox 1878 4437 3237 4513; baseline 0.001 -17"><span class='ocrx_word' id='word_1_701' title='bbox 1878 4440 2070 4513; x_wconf 87' lang='lat' dir='ltr'>parari</span> <span class='ocrx_word' id='word_1_702' title='bbox 2099 4439 2169 4495; x_wconf 89' lang='lat' dir='ltr'>ad</span> <span class='ocrx_word' id='word_1_703' title='bbox 2217 4441 2394 4495; x_wconf 90' lang='lat' dir='ltr'>Deum</span> <span class='ocrx_word' id='word_1_704' title='bbox 2425 4441 2580 4496; x_wconf 83' lang='lat' dir='ltr'>velut</span> <span class='ocrx_word' id='word_1_705' title='bbox 2620 4454 2751 4510; x_wconf 89' lang='lat' dir='ltr'>pars</span> <span class='ocrx_word' id='word_1_706' title='bbox 2793 4437 2861 4494; x_wconf 92' lang='lat' dir='ltr'>ad</span> <span class='ocrx_word' id='word_1_707' title='bbox 2886 4443 3085 4506; x_wconf 90' lang='lat' dir='ltr'>totum,</span> <span class='ocrx_word' id='word_1_708' title='bbox 3122 4441 3237 4497; x_wconf 91' lang='lat' dir='ltr'>nisi</span> 
     </span>
     <span class='ocr_line' id='line_1_112' title="bbox 1878 4518 3242 4593; baseline 0.001 -17"><span class='ocrx_word' id='word_1_709' title='bbox 1878 4522 2036 4576; x_wconf 86' lang='lat' dir='ltr'>intra</span> <span class='ocrx_word' id='word_1_710' title='bbox 2106 4518 2434 4592; x_wconf 88' lang='lat' dir='ltr'>hujusmodi</span> <span class='ocrx_word' id='word_1_711' title='bbox 2501 4519 2766 4575; x_wconf 90' lang='lat' dir='ltr'>ordinem</span> <span class='ocrx_word' id='word_1_712' title='bbox 2800 4538 2815 4574; x_wconf 73' lang='grc' dir='ltr'><strong><em>ε</em></strong></span> <span class='ocrx_word' id='word_1_713' title='bbox 2886 4523 3242 4593; x_wconf 88' lang='lat' dir='ltr'>comparatio</span> 
     </span>
     <span class='ocr_line' id='line_1_113' title="bbox 1875 4600 3248 4678; baseline 0.001 -18"><span class='ocrx_word' id='word_1_714' title='bbox 1875 4605 2056 4670; x_wconf 91' lang='lat' dir='ltr'>enim,</span> <span class='ocrx_word' id='word_1_715' title='bbox 2102 4608 2155 4658; x_wconf 91' lang='lat' dir='ltr'>et</span> <span class='ocrx_word' id='word_1_716' title='bbox 2196 4600 2470 4658; x_wconf 86' lang='lat' dir='ltr'>habitudo</span> <span class='ocrx_word' id='word_1_717' title='bbox 2519 4606 2911 4658; x_wconf 88' lang='lat' dir='ltr'>extremorum</span> <span class='ocrx_word' id='word_1_718' title='bbox 2941 4602 3004 4658; x_wconf 94' lang='lat' dir='ltr'>in</span> <span class='ocrx_word' id='word_1_719' title='bbox 3046 4604 3248 4678; x_wconf 87' lang='lat' dir='ltr'>aliquo</span> 
     </span>
     <span class='ocr_line' id='line_1_114' title="bbox 1875 4682 3238 4755; baseline 0.001 -15"><span class='ocrx_word' id='word_1_720' title='bbox 1875 4682 2081 4740; x_wconf 90' lang='lat' dir='ltr'>ordine</span> <span class='ocrx_word' id='word_1_721' title='bbox 2144 4682 2395 4755; x_wconf 85' lang='lat' dir='ltr'>exposcit</span> <span class='ocrx_word' id='word_1_722' title='bbox 2432 4682 2798 4739; x_wconf 87' lang='lat' dir='ltr'>existentiam</span> <span class='ocrx_word' id='word_1_723' title='bbox 2843 4687 3238 4740; x_wconf 88' lang='lat' dir='ltr'>extremorum</span> 
     </span>
     <span class='ocr_line' id='line_1_115' title="bbox 1876 4761 3246 4837; baseline -0.001 -14"><span class='ocrx_word' id='word_1_724' title='bbox 1876 4766 2035 4823; x_wconf 87' lang='lat' dir='ltr'>intra</span> <span class='ocrx_word' id='word_1_725' title='bbox 2074 4764 2282 4837; x_wconf 86' lang='lat' dir='ltr'>ipsum.</span> <span class='ocrx_word' id='word_1_726' title='bbox 2314 4761 2479 4820; x_wconf 91' lang='lat' dir='ltr'>Unde</span> <span class='ocrx_word' id='word_1_727' title='bbox 2529 4763 2721 4819; x_wconf 89' lang='lat' dir='ltr'>omnis</span> <span class='ocrx_word' id='word_1_728' title='bbox 2763 4763 3084 4830; x_wconf 91' lang='lat' dir='ltr'>inclinatio,</span> <span class='ocrx_word' id='word_1_729' title='bbox 3112 4780 3246 4837; x_wconf 61' lang='lat' dir='ltr'>qua}</span> 
     </span>
     <span class='ocr_line' id='line_1_116' title="bbox 1876 4843 3241 4918; baseline -0.001 -15"><span class='ocrx_word' id='word_1_730' title='bbox 1876 4847 1941 4903; x_wconf 91' lang='lat' dir='ltr'>in</span> <span class='ocrx_word' id='word_1_731' title='bbox 1968 4850 2177 4902; x_wconf 89' lang='lat' dir='ltr'>natura</span> <span class='ocrx_word' id='word_1_732' title='bbox 2202 4843 2476 4911; x_wconf 80' lang='lat' dir='ltr'>hominiS,</span> <span class='ocrx_word' id='word_1_733' title='bbox 2502 4847 2558 4900; x_wconf 91' lang='lat' dir='ltr'>et</span> <span class='ocrx_word' id='word_1_734' title='bbox 2580 4859 2695 4901; x_wconf 91' lang='lat' dir='ltr'>non</span> <span class='ocrx_word' id='word_1_735' title='bbox 2717 4843 2780 4900; x_wconf 93' lang='lat' dir='ltr'>in</span> <span class='ocrx_word' id='word_1_736' title='bbox 2800 4844 2986 4918; x_wconf 86' lang='lat' dir='ltr'>gratia</span> <span class='ocrx_word' id='word_1_737' title='bbox 3011 4844 3241 4901; x_wconf 88' lang='lat' dir='ltr'>radica-</span> 
     </span>
     <span class='ocr_line' id='line_1_117' title="bbox 1878 4926 3244 4999; baseline -0.001 -16"><span class='ocrx_word' id='word_1_738' title='bbox 1878 4933 1989 4994; x_wconf 89' lang='lat' dir='ltr'>tur,</span> <span class='ocrx_word' id='word_1_739' title='bbox 2035 4926 2344 4984; x_wconf 80' lang='lat' dir='ltr'>reflectitur</span> <span class='ocrx_word' id='word_1_740' title='bbox 2388 4931 2561 4999; x_wconf 86' lang='lat' dir='ltr'>supra</span> <span class='ocrx_word' id='word_1_741' title='bbox 2607 4926 2790 4999; x_wconf 88' lang='lat' dir='ltr'>ipsam</span> <span class='ocrx_word' id='word_1_742' title='bbox 2835 4932 3125 4995; x_wconf 85' lang='lat' dir='ltr'>naturam,</span> <span class='ocrx_word' id='word_1_743' title='bbox 3176 4933 3244 4983; x_wconf 84' lang='lat' dir='ltr'>ut</span> 
     </span>
     <span class='ocr_line' id='line_1_118' title="bbox 1876 5007 3242 5082; baseline 0.001 -18"><span class='ocrx_word' id='word_1_744' title='bbox 1876 5007 1946 5064; x_wconf 90' lang='lat' dir='ltr'>ad</span> <span class='ocrx_word' id='word_1_745' title='bbox 1975 5009 2239 5066; x_wconf 90' lang='lat' dir='ltr'>ordinem</span> <span class='ocrx_word' id='word_1_746' title='bbox 2287 5009 2611 5066; x_wconf 88' lang='lat' dir='ltr'>naturalem</span> <span class='ocrx_word' id='word_1_747' title='bbox 2638 5013 2869 5082; x_wconf 85' lang='lat' dir='ltr'>spectat,</span> <span class='ocrx_word' id='word_1_748' title='bbox 2893 5015 2949 5065; x_wconf 92' lang='lat' dir='ltr'>et</span> <span class='ocrx_word' id='word_1_749' title='bbox 2976 5007 3046 5065; x_wconf 86' lang='lat' dir='ltr'>ad</span> <span class='ocrx_word' id='word_1_750' title='bbox 3074 5025 3242 5066; x_wconf 81' lang='lat' dir='ltr'>sum-</span> 
     </span>
    </p>
   </div>
  </div>
 </body>
</html>
