3647 5753
291 3252 449 3308 0011111·-

297 3306 425 3343 ntatio
448 3346 455 3353 ,

284 3359 439 3408 1³¹·aeae-

291 3398 420 3457 denti

291 3448 442 3493 doctri·

336 3508 413 3541 nae.

264 4581 316 4623 D.
342 4579 443 4624 'rho

489 303 601 358 616
1162 298 1254 353 DE
1294 296 1901 353 DISPOSITIONIBUS
1937 296 2035 351 AD
2073 270 2735 352 JUSTIFchTIONEM.

489 470 880 543 disputatione
917 490 930 524 :
986 483 1151 524 amor
1190 472 1380 524 autem
1433 466 1750 533 charitatiS,
1801 470 1859 523 et

492 550 763 609 contritio
811 548 1195 606 essentialiter
1241 547 1564 621 dependent
1599 564 1631 604 a
1669 548 1858 621 gratia

491 630 900 695 sanctificante,
951 646 1123 703 quam
1173 629 1415 703 proinde
1461 626 1857 687 infallibiliter

488 727 679 769 secum
733 712 1011 777 trahunt,
1055 715 1119 765 ut
1164 710 1276 767 late
1315 707 1669 767 ostendimus
1706 708 1849 780 disp.

486 792 854 865 praeced.dub.
886 794 921 848 6
945 816 960 859 ς
990 807 1127 865 ergo
1154 797 1309 848 actus
1348 791 1557 848 ultimo
1586 790 1657 848 ad
1681 789 1852 863 justi-

489 876 814 934 ficationem
835 876 1205 949 disponentes
1227 873 1441 933 habent
1468 873 1853 932 necessariam

488 958 908 1018 connexionem
960 974 1089 1014 cum
1137 956 1357 1031 gratia.
1407 955 1625 1015 Deinde
1674 956 1853 1030 gratis

487 1057 767 1107 concesso,
801 1038 951 1114 quod
974 1039 1227 1112 praedicti
1276 1042 1432 1095 actus
1478 1053 1596 1095 non
1635 1035 1854 1110 depen-

488 1120 660 1180 deant
705 1120 1091 1177 essentialiter
1121 1135 1152 1175 a
1187 1119 1374 1193 gratia
1426 1118 1849 1176 sanctificante:

491 1204 878 1261 nihilominus
897 1217 1126 1274 semper
1147 1200 1216 1257 de
1243 1200 1390 1259 facto
1415 1200 1488 1258 ab
1515 1201 1620 1257 illa
1650 1214 1851 1273 proce-

490 1285 635 1341 dunt
663 1290 934 1356 tanquam
960 1299 991 1338 a
1020 1281 1304 1355 principio
1319 1277 1596 1346 effectivo,
1621 1284 1680 1336 ut
1694 1295 1852 1337 cons-

486 1372 569 1423 tat
587 1382 657 1424 ex
667 1365 832 1422 dictis
848 1365 910 1421 in
934 1363 1153 1419 duobus
1168 1361 1359 1418 dubiis
1376 1360 1848 1435 praecedentibus:

487 1446 714 1504 effectus
743 1450 934 1501 autem
964 1440 1134 1499 habet
1164 1444 1491 1500 naturalem
1536 1441 1851 1499 connexio-

486 1543 619 1585 nem
648 1543 777 1583 cum
801 1541 986 1590 causa,
1015 1540 1045 1579 a
1068 1539 1179 1596 qua
1201 1520 1271 1579 de
1292 1522 1439 1580 facto
1464 1523 1851 1579 communiter

484 1606 808 1680 dependet:
840 1620 975 1679 ergo
1018 1608 1172 1659 actus
1224 1602 1432 1659 ultimo
1483 1602 1852 1676 disponentes

486 1689 556 1746 ad
577 1689 824 1764 gratiam
848 1687 1061 1744 habent
1085 1686 1413 1742 naturalem
1429 1687 1849 1744 connexionem

486 1785 615 1825 cum
648 1770 768 1826 illa.
803 1771 939 1834 Quae
965 1763 1250 1823 connexio
1276 1763 1501 1831 sufficit,
1532 1769 1594 1820 ut
1636 1782 1850 1840 suppo-

485 1849 613 1906 sitis
635 1850 768 1906 aliis
788 1844 1236 1910 conditionibuS,
1283 1844 1582 1918 dispositio
1625 1845 1851 1904 dicatur

487 1930 739 2005 physica,
784 1930 908 1986 sive
973 1944 1043 1986 ex
1084 1933 1295 1984 natura
1337 1926 1440 1995 rei,
1487 1935 1548 1982 ut
1588 1932 1742 2000 patet
1783 1930 1850 1986 in

488 2011 898 2072 naturalibus:
934 2013 1127 2086 plures
1166 2009 1378 2083 quippe
1435 2013 1573 2066 sunt
1599 2008 1847 2084 disposi-

485 2095 672 2153 tiones
713 2095 1009 2151 naturales
1048 2092 1318 2166 physicae,
1345 2106 1472 2163 quae
1494 2106 1612 2147 non
1633 2092 1849 2149 habent

483 2177 850 2236 essentialem
895 2175 1317 2232 connexionem
1352 2190 1482 2232 cum
1511 2174 1718 2240 forma,
1745 2174 1845 2231 sed

485 2266 711 2318 tantum
772 2260 1119 2315 naturalem.
1186 2258 1311 2329 Ipsa
1356 2272 1496 2314 vero
1543 2257 1731 2331 gratia
1762 2260 1847 2327 (ut

483 2342 667 2399 tacitae
727 2340 1030 2415 objectioni
1098 2341 1486 2411 occurramus)
1540 2345 1708 2412 prout
1747 2341 1847 2397 in-

483 2423 747 2481 funditur
776 2423 985 2480 adultis
1023 2424 1189 2497 Juxta
1234 2420 1470 2478 modum
1523 2420 1593 2478 ab
1644 2422 1846 2480 eadem

481 2505 666 2580 gratia
695 2510 978 2571 exactum,
1011 2504 1187 2561 etiam
1234 2502 1592 2567 connectitur
1637 2519 1709 2561 ex
1737 2520 1845 2561 na-

479 2595 609 2644 tura
637 2603 739 2643 sua
761 2603 890 2642 cum
915 2584 1198 2660 praedictis
1220 2582 1455 2653 actibus,
1484 2585 1616 2643 licet
1656 2602 1846 2660 quan-

478 2670 662 2742 doque
684 2684 785 2741 per
814 2668 1072 2724 accidens
1098 2667 1257 2723 intra
1297 2673 1724 2725 sacramentum
1751 2685 1846 2727 se·-

481 2755 715 2824 paretur
742 2750 812 2806 ab
861 2749 980 2805 illis
1007 2749 1186 2821 :quod
1237 2750 1462 2818 sufficit,
1490 2756 1552 2807 ut
1586 2752 1846 2825 praedicti

481 2837 635 2890 actus
650 2831 767 2888 sint
788 2829 1189 2904 dispositiones
1210 2833 1458 2908 physicae
1479 2830 1548 2890 ad
1569 2835 1838 2908 gratiam,

481 2920 541 2971 ut
564 2918 716 2987 patet
737 2915 798 2969 in
822 2914 1028 2971 formis
1052 2914 1432 2981 naturalibuS,
1466 2930 1590 2988 qnae
1611 2930 1729 2972 non
1748 2933 1842 2974 se-

480 2998 596 3055 mel
616 3002 957 3071 separantur
981 3014 1013 3054 a
1034 2997 1522 3072 dispositionibuS,
1547 3014 1689 3071 quas
1709 3017 1845 3058 con-

479 3078 826 3136 naturaliter
845 3078 1102 3152 exigunt,
1144 3084 1205 3135 ut
1237 3078 1619 3152 explicuimus
1646 3083 1677 3151 ἕ
1698 3098 1843 3154 prai-

479 3159 588 3217 ced.
624 3176 776 3216 num.
817 3161 936 3216 110.

553 3231 638 3288 Ad
667 3234 788 3291 haec
816 3233 1108 3307 :quamvis
1124 3239 1279 3291 actus
1307 3233 1490 3292 nostri
1513 3250 1843 3308 praeparan·

479 3319 561 3371 tes
576 3312 645 3371 ad
664 3313 1150 3388 justificationem,
1166 3331 1277 3388 qua
1291 3315 1512 3372 ratione
1531 3315 1844 3389 procedunt

480 3394 719 3452 alibero
743 3394 1003 3461 arbitrio,
1050 3403 1105 3453 et
1132 3395 1344 3452 habent
1376 3411 1605 3452 causam
1652 3395 1844 3455 defec-

479 3477 722 3535 tibiliter
752 3478 1110 3545 influentem,
1145 3494 1263 3536 non
1308 3483 1723 3536 connectantur
1745 3480 1843 3536 in·

479 3561 805 3619 fallibiliter
834 3578 961 3618 cum
983 3562 1188 3637 gratia,
1207 3559 1275 3618 ad
1304 3578 1476 3634 quam
1503 3561 1839 3636 disponunt;

478 3644 864 3701 nihilominus
904 3643 1222 3701 secundum
1267 3644 1417 3716 quod
1450 3650 1588 3701 sunt
1628 3661 1660 3702 a
1702 3647 1837 3715 De0,

475 3732 531 3781 et
550 3723 791 3780 subsunt
840 3723 1151 3781 intentioni
1198 3722 1431 3792 divinas,
1464 3723 1843 3781 infallibilem

476 3804 894 3861 connexionem
915 3819 1045 3859 cum
1066 3803 1253 3877 gratia
1294 3802 1542 3871 habent;
1571 3803 1705 3877 quia
1744 3804 1840 3860 in-

476 3884 656 3941 tentio
679 3885 778 3940 Dei
808 3883 1078 3940 frustrari
1110 3898 1227 3939 non
1274 3888 1470 3956 potest.
1505 3888 1640 3949 Quae
1661 3883 1843 3943 deno-

478 3966 725 4023 minatio
775 3978 893 4020 non
941 3969 1025 4021 est
1071 3962 1411 4031 extrinseca,
1446 3966 1535 4022 vel
1578 3966 1838 4035 moralia,

474 4048 573 4106 sed
600 4047 869 4104 convenit
892 4045 1201 4102 intrinsece
1244 4047 1454 4104 nostris
1483 4046 1698 4105 actibus
1725 4064 1845 4106 non

479 4132 698 4196 minus,
725 4144 897 4202 quam
940 4126 1325 4199 dependentia
1375 4128 1447 4186 ab
1495 4130 1712 4188 auxilio
1740 4132 1842 4189 Dei

480 4227 585 4268 nos
607 4212 886 4270 elevante.
913 4214 969 4264 et
995 4213 1384 4280 pra-emovente
1431 4207 1501 4265 ad
1528 4209 1838 4284 agendum.

477 4297 622 4349 Deus
650 4290 809 4348 enim
838 4289 913 4344 ita
934 4288 1234 4345 efficaciter
1260 4294 1453 4346 movet
1480 4289 1730 4347 liberum
1754 4309 1845 4349 ar-

476 4372 741 4437 bitrium,
771 4377 831 4425 ut
854 4368 1003 4425 istud
1030 4369 1208 4426 simul
1235 4368 1435 4438 libere,
1468 4375 1524 4427 et
1552 4371 1843 4430 infallibi-

479 4456 614 4510 liter
644 4457 788 4526 agat,
821 4456 877 4509 et
902 4449 1080 4508 finem
1107 4466 1140 4507 a
1192 4453 1305 4508 Deo
1350 4449 1640 4509 decretum
1688 4470 1843 4514 asse-

479 4537 706 4608 quatur.
742 4535 875 4596 Quae
914 4537 999 4587 est
1043 4530 1306 4589 doctrina
1334 4535 1397 4588 D.
1424 4532 1628 4592 Thom.
1655 4543 1838 4613 quaest.

472 4616 698 4692 proeced.
724 4622 836 4670 art.
860 4616 914 4683 3,
945 4612 1041 4669 ubi
1088 4613 1168 4670 ait
1200 4635 1212 4670 ι
1254 4635 1279 4667 «
1326 4614 1660 4685 Dicendum,
1692 4618 1842 4692 quod

484 4724 508 4753 «
553 4697 899 4776 praeparatio
921 4695 1177 4753 hominis
1206 4694 1276 4753 ad
1297 4699 1543 4771 gratiam
1572 4706 1656 4758 est
1676 4718 1709 4759 a
1728 4704 1844 4759 Deo

485 4808 510 4835 α
552 4782 698 4839 sicut·
726 4796 758 4836 a
781 4781 1068 4845 movente,
1097 4793 1129 4834 a
1165 4775 1353 4834 libero
1381 4784 1570 4838 autem
1600 4781 1844 4840 arbitrio

488 4888 513 4918 α
556 4864 703 4920 sicut
724 4878 756 4919 a
779 4864 952 4918 mot0.
977 4861 1167 4916 Potest
1187 4859 1366 4934 igitur
1381 4864 1723 4937 praeparatio
1743 4864 1846 4921 du-

488 4968 514 5000 «
558 4944 786 5020 pliciter
830 4938 1205 5000 considerari.
1236 4942 1365 5001 Uno
1393 4943 1626 5019 quidem
1672 4945 1847 5007 modo

1996 489 2021 520 α
2062 465 2378 524 secundum
2405 465 2555 540 quod
2581 471 2666 523 est
2704 481 2737 522 a
2766 465 2950 523 libero
2990 464 3269 532 arbitrio;
3299 471 3358 523 et

1994 567 2022 600 α
2061 562 2188 603 secu
2199 544 2379 603 ndum
2395 545 2500 603 hoc
2522 545 2749 601 nullam
2773 546 3172 603 necessitatem
3189 543 3359 602 habet

1991 647 2018 680 α
2065 627 2134 683 ad
2160 628 2363 703 gratiae
2396 628 2922 699 consequutionem‚
2956 626 3094 698 quia
3137 626 3355 683 donum

1990 731 2018 761 «t
2058 711 2260 785 gratiae
2311 708 2531 767 excedit
2581 725 2816 767 omnem
2875 710 3354 783 praeparationem

1990 811 2017 843 α
2060 791 2298 847 virtutis
2324 792 2619 848 humanae.
2650 792 2782 847 Alio
2809 789 2979 847 modo
3001 795 3182 864 potest
3217 806 3355 847 con-

1991 895 2019 927 «
2058 871 2643 930 siderarisecundum
2684 872 2834 946 quod
2861 877 2946 929 est
2991 889 3025 927 a
3072 875 3184 929 Deo
3223 889 3353 930 mo·

1993 974 2019 1005 α
2062 958 2266 1020 vente;
2291 958 2349 1010 et
2367 958 2507 1011 tunc
2527 952 2703 1010 habet
2725 951 3123 1010 necessitatem
3150 951 3220 1008 ad
3268 951 3348 1019 id,

1991 1056 2017 1087 α
2058 1034 2129 1092 ad
2156 1035 2306 1107 quod
2353 1035 2659 1093 ordinatur
2705 1051 2738 1092 a
2785 1037 2918 1101 Dee,
2951 1050 3070 1091 non
3120 1034 3349 1107 quidem

1988 1137 2015 1169 et
2058 1118 2384 1186 coactioniS,
2417 1117 2516 1175 sed
2562 1116 3004 1174 infallibilitatis
3043 1138 3055 1173 ε
3086 1118 3222 1189 quia
3253 1118 3351 1173 in-

1990 1221 2017 1252 «
2058 1201 2237 1257 tentio
2264 1201 2363 1256 Dei
2393 1198 2634 1258 deficere
2661 1216 2780 1258 non
2803 1203 3001 1272 potest,
3033 1198 3345 1257 secundum

1990 1305 2015 1336 α
2055 1282 2204 1355 quod
2232 1285 2472 1358 August.
2501 1282 2641 1339 dicit
2661 1283 2725 1339 in
2749 1281 2850 1339 lib.
2876 1281 2948 1339 de
2970 1281 3227 1355 praedest.
3247 1285 3340 1340 SS.

1987 1385 2014 1417 ι
2056 1362 2205 1437 quod
2252 1380 2354 1437 per
2380 1363 2657 1422 beneficia
2696 1365 2796 1422 Dei
2843 1365 3162 1421 certissime
3204 1365 3348 1422 libe-

1989 1465 2016 1498 α
2058 1449 2284 1510 rantur,
2330 1445 2673 1518 quicumque
2719 1443 3063 1502 liberantur.
3092 1444 3254 1501 Unde
3298 1448 3345 1502 si

1987 1545 2014 1577 α
2058 1539 2130 1581 ex
2158 1525 2486 1582 intentione
2525 1526 2626 1583 Dei
2653 1531 2756 1591 est,
2783 1525 2931 1600 quod
2959 1527 3150 1591 hom0,
3191 1525 3347 1601 cujus

1989 1629 2015 1660 α
2056 1622 2154 1663 cor
2180 1612 2392 1674 movet,
2422 1608 2672 1683 gratiam
2694 1614 3089 1681 consequatur,
3120 1610 3344 1667 infalli-

1989 1711 2014 1742 α
2056 1688 2253 1746 biliter
2281 1689 2467 1761 ipsam
2497 1691 2882 1763 consequitur,
2916 1693 3232 1748 secundum
3280 1692 3347 1749 il-

1988 1790 2014 1821 «
2055 1769 2155 1826 lud
2175 1772 2342 1828 Joan.
2369 1769 2662 1844 6:0mnis
2688 1769 2786 1843 qui
2816 1769 2974 1825 audit
3013 1787 3046 1826 a
3074 1774 3263 1840 Patre,
3293 1779 3346 1830 et

1985 1869 2012 1900 «
2053 1848 2275 1916 didicit,
2304 1849 2466 1906 venit
2488 1848 2559 1906 ad
2591 1864 2705 1905 me.
2757 1869 2783 1900 ³>
2821 1852 2888 1904 Et
2935 1852 2996 1904 in
3042 1869 3181 1925 resp.
3213 1852 3288 1908 ad
3311 1854 3346 1907 3

1980 1930 2170 2004 inquit
2198 1950 2211 1986 ε
2245 1953 2272 1984 α
2316 1929 2651 1999 Dicendum,
2684 1931 2833 2004 quod
2859 1933 3035 1989 etiam
3067 1934 3132 1989 in
3181 1933 3346 1990 rebus

1988 2031 2013 2064 c.
2057 2011 2423 2070 naturalibus
2465 2013 2766 2085 dispositio
2811 2014 3068 2069 materiae
3118 2030 3236 2073 non
3274 2030 3344 2073 ex

1985 2111 2010 2142 α
2055 2092 2389 2151 necessitate
2410 2093 2777 2165 consequitur
2800 2092 3069 2158 formam,
3106 2095 3220 2151 nisi
3242 2109 3344 2167 per

1986 2197 2013 2228 α
2055 2175 2331 2231 virtutem
2355 2174 2594 2250 agentiS,
2626 2176 2726 2248 qui
2753 2175 3185 2249 dispositionem
3210 2193 3344 2234 cau-

1986 2277 2012 2308 «
2052 2261 2157 2312 sat.
2194 2278 2220 2309 »
2265 2256 2396 2321 Ubi,
2445 2261 2507 2312 ut
2552 2256 2733 2323 vides»,
2778 2257 3020 2313 omnino
3063 2261 3342 2330 quantum

1979 2334 2051 2392 ad
2070 2336 2176 2393 hoc
2200 2336 2516 2409 aequiparat
2534 2338 2592 2393 S.
2624 2340 2827 2393 Doctor
2848 2342 3002 2394 actus
3029 2337 3346 2411 disponen-

1978 2420 2063 2473 tes
2088 2415 2159 2472 ad
2197 2417 2450 2493 gratiam
2487 2415 2872 2475 accidentibus
2899 2417 3336 2491 disponentibus

1980 2497 2212 2573 physice
2264 2497 2335 2554 ad
2387 2497 2605 2556 formas
2653 2499 2947 2556 naturales
2971 2523 2986 2565 ς
3043 2497 3347 2573 utrobique

1977 2580 2140 2637 enim
2159 2581 2442 2637 connexio
2456 2579 2848 2653 dispositionis
2860 2596 2989 2636 cum
3014 2581 3203 2637 forma
3222 2597 3340 2640 non

1977 2662 2230 2720 sumitur
2256 2679 2327 2720 ex
2350 2667 2510 2735 parte
2535 2662 2791 2737 subjecti,
2821 2663 2911 2719 vel
2938 2663 3217 2731 mutarim,
3240 2664 3339 2722 sed

1977 2761 2047 2803 ex
2069 2745 2282 2802 virtute
2308 2745 2528 2819 agentis
2551 2743 2877 2802 inducentis
2897 2743 3335 2817 dispositionem

1976 2832 2034 2885 et
2062 2825 2239 2883 talem
2279 2823 2644 2900 dispositioni
2692 2825 3111 2884 connexionem
3160 2842 3336 2901 praes-

1976 2909 2170 2965 tantis,

2058 2992 2181 3047 116.
2223 2990 2383 3056 Quod
2429 2996 2624 3049 autem
2652 2990 2858 3049 attinet
2905 2990 2976 3047 ad
3021 2992 3335 3050 secundam
3366 3009 3527 3053 andis-

1974 3072 2363 3131 conditionem
2404 3075 2468 3130 in
2493 3074 2766 3132 evasione
2811 3074 3074 3137 relatam,
3109 3075 3336 3132 facilius
3370 3059 3520 3153 ᾕξξξῗ

1974 3153 2157 3212 adhuc
2183 3155 2468 3212 refellitur
2489 3178 2507 3223 ς
2537 3156 2812 3229 quoniam
2847 3171 2964 3212 non
2990 3161 3075 3211 est
3101 3155 3172 3213 de
3195 3172 3335 3213 con-
3363 3160 3521 3216 {¹¹¹³oeoe

1972 3242 2135 3310 ceptu
2154 3236 2547 3310 dispositionis
2587 3238 2834 3313 physicae
2873 3236 3093 3295 afficere
3124 3238 3334 3295 imme-
3347 3207 3540 3315 Jffi'

1974 3315 2126 3374 diate
2164 3316 2500 3393 subjectum,
2533 3317 2597 3374 in
2624 3335 2735 3392 quo
2776 3320 2960 3377 torma
3004 3318 3335 3392 recipienda
3351 3312 3518 3402 [ἐξεφ

1974 3403 2087 3466 est;
2116 3399 2215 3457 sed
2237 3398 2461 3467 sufficit,
2487 3399 2637 3473 quod
2662 3400 2808 3456 illud
2837 3400 3041 3457 afliciat
3063 3399 3330 3471 mediate,

1974 3481 2098 3538 sive
2123 3481 2273 3555 quod
2300 3488 2559 3556 utraque,
2588 3497 2795 3556 nempe
2823 3481 3123 3556 dispositio
3148 3487 3202 3540 et
3223 3482 3336 3540 for·

1974 3579 2090 3629 ma,
2117 3562 2236 3619 sint
2262 3564 2327 3620 in
2348 3562 2549 3631 eodem
2572 3564 2883 3637 supposito.
2909 3561 3075 3620 Unde
3101 3563 3164 3618 in
3180 3579 3335 3621 com-

1974 3642 2141 3698 muni
2169 3642 2603 3701 Thomistarum
2631 3642 2916 3700 sententia
2939 3642 3340 3715 dispositiones

1976 3722 2229 3797 physicae
2280 3721 2350 3780 ad
2397 3721 2650 3780 formam
2696 3721 3165 3791 substantialem,
3211 3722 3338 3779 sive

1974 3806 2094 3862 sint
2117 3810 2374 3875 remotae,
2399 3806 2524 3863 sive
2564 3806 2866 3880 proximae,
2900 3822 3018 3863 non
3059 3805 3340 3862 inhaerent

1974 3885 2316 3943 immediate
2361 3886 2622 3944 materiae
2651 3885 2873 3958 primae.
2908 3886 2972 3942 in
2998 3902 3110 3959 qua
3153 3884 3340 3943 forma

1975 3967 2374 4025 substantialis
2413 3968 2748 4026 immediate
2776 3968 3084 4041 recipitur;
3118 3966 3214 4023 sed
3241 3966 3339 4022 in-

1975 4054 2113 4106 sunt
2172 4049 2483 4121 composito
2523 4048 2888 4106 substantiali
2938 4050 3028 4105 vel
3077 4062 3340 4105 corrum-

1976 4129 2184 4204 pendo,
2211 4132 2305 4187 vel
2330 4131 2544 4204 genito,
2575 4136 2633 4190 et
2658 4129 2908 4189 mediate
2934 4129 3187 4186 afficiunt
3212 4144 3340 4186 ma-

1974 4211 2183 4269 teriam
2226 4211 2499 4285 primam.
2545 4214 2615 4268 Et
2663 4210 2976 4269 secundum
3017 4210 3341 4267 Aristotelis
3359 4213 3539 4257 artem

1974 4290 2321 4350 sententiam
2350 4289 2536 4348 bonus
2555 4296 2711 4350 actus
2731 4291 2983 4364 disponit
3011 4292 3243 4368 physice
3269 4290 3342 4349 ad

1976 4372 2188 4431 bonam
2211 4372 2709 4447 imaginationem,
2742 4379 2800 4431 et
2827 4372 2975 4428 bona
3003 4370 3342 4446 imaginatio

1976 4455 2048 4514 ad
2076 4454 2293 4513 bonum
2320 4454 2624 4530 ingenium
2640 4480 2654 4523 ;
2674 4460 2731 4513 et
2758 4460 2953 4512 tamen
2982 4471 3101 4512 non
3129 4452 3344 4510 habent

1976 4537 2132 4595 idem
2158 4535 2477 4611 subjectum
2519 4538 2941 4602 immediatum,
2970 4543 3031 4593 ut
3069 4554 3140 4594 ex
3176 4551 3238 4593 se
3264 4535 3345 4592 li-

1975 4625 2130 4695 quet.
2146 4622 2315 4677 Juxta
2338 4635 2706 4678 communem
2729 4619 2903 4677 etiam
2919 4621 3347 4694 Theologorum

1975 4701 2326 4759 sententiam
2369 4707 2593 4775 peccata
2637 4702 2894 4760 venialia
2922 4700 3236 4774 disponunt
3272 4714 3352 4760 ex

1978 4789 2188 4842 natura
2215 4799 2319 4840 sua
2342 4784 2414 4841 ad
2453 4786 2715 4853 mortale,
2747 4789 2803 4842 et
2842 4784 2913 4841 ad
2955 4784 3349 4857 privationem

1976 4865 2176 4940 gratiae
2202 4883 2215 4920 ε
2235 4865 2502 4937 quamvis
2518 4865 2769 4940 privatio
2783 4864 2985 4941 gratiae
3014 4862 3352 4922 immediate

1979 4945 2121 5005 insit
2140 4944 2475 5005 substantiae
2515 4945 2757 5013 animae;
2798 4951 3024 5020 peccata
3051 4958 3354 5078 vero-ffi-

3160 5034 3226 5079 m
3315 5031 3354 5078 Β
