3647 5753
352 892 497 938 Tertia
508 910 521 936 ε

411 944 481 985 Au

555 403 667 459 548

556 571 705 647 quod
735 577 888 630 actus
921 573 1041 646 spei
1068 580 1428 648 supponatur
1475 576 1802 634 formaliter
1849 578 1918 634 ad

558 660 745 712 actum
761 653 1056 710 charitatis
1079 675 1092 711 ε
1117 671 1253 731 ergo
1283 673 1400 713 non
1425 659 1922 733 requiritur,quod

558 737 884 794 formaliter
910 737 1136 795 existat.
1177 738 1284 795 Sed
1332 738 1401 795 de
1429 740 1534 796 hoc
1564 742 1735 798 latius
1787 757 1925 817 age-

559 834 690 874 mus
717 820 777 873 in
803 826 962 874 tract.
989 818 1053 872 de
1073 818 1202 893 Spe,
1227 821 1370 894 disp.
1400 824 1454 888 2,
1484 822 1612 878 dub.
1638 824 1694 880 2.

633 901 725 955 20.
776 901 960 975 Major
985 899 1286 957 difficultas
1333 908 1556 976 poterat
1600 919 1723 961 esse
1774 904 1925 961 circa

344 992 534 1046 requira-
561 986 747 1039 actum
791 981 1142 1053 poenitentiae
1182 983 1509 1041 formalem.
1552 984 1660 1042 Sed
1707 987 1925 1059 persis-

344 1048 413 1085 ml'
424 1047 541 1085 nctus

343 1091 535 1135 formalis
560 1061 797 1121 tendum
846 1066 931 1118 est
981 1062 1043 1118 in
1091 1064 1438 1121 resolutione
1487 1083 1663 1140 supra
1716 1068 1919 1141 posita,

347 1140 735 1219 poeniten-quam
772 1148 1006 1200 tuentur
1028 1145 1180 1218 vega
1219 1144 1310 1202 lib.
1366 1148 1401 1201 6
1430 1149 1489 1202 in
1524 1147 1769 1205 Trident.
1798 1167 1923 1222 cap.

396 1191 481 1233 tiae.

357 1241 519 1334 itta.

363 1488 522 1531 Euard.

369 1537 532 1581 Media.

343 1585 535 1640 cajetan.

349 1637 526 1681 Navarr.

377 1689 527 1732 Gonet.

345 2788 393 2828 Dr
417 2785 517 2830 Tho.

476 1310 664 1383 1111!in
715 1307 909 1362 Scotus

344 1339 528 1446 ‘ittae

345 1438 533 1483 Gabriel.

565 1227 638 1283 33
662 1233 711 1282 et
738 1226 829 1292 34,
854 1224 1085 1281 Medina
1103 1227 1387 1298 Complut.
1411 1237 1594 1305 quest.
1620 1233 1656 1285 2
1675 1231 1739 1286 de
1755 1233 1927 1303 poeni·

947 1307 1009 1360 in
1034 1306 1088 1372 4,
1120 1305 1250 1362 dist.
1289 1308 1372 1376 14,
1399 1326 1450 1387 q.
1491 1311 1537 1375 l,
1569 1317 1682 1366 art.
1706 1310 1759 1377 3,
1812 1313 1926 1367 Ga—

566 1388 712 1446 briel
728 1394 839 1443 art.
880 1385 1198 1454 l,Ruardus
1218 1396 1329 1445 arc.
1354 1390 1409 1456 4,
1438 1389 1669 1448 Medina
1686 1394 1745 1446 in
1766 1409 1921 1465 privs.

564 1476 677 1525 art.
707 1469 760 1533 5,
793 1468 964 1542 Cajet.
992 1468 1027 1521 3
1047 1474 1198 1540 part.
1253 1475 1435 1547 quaest.
1463 1471 1554 1537 86,
1581 1478 1692 1529 art.
1725 1474 1780 1538 2,
1807 1475 1927 1528 Na-

564 1565 771 1608 varrus
798 1551 857 1603 in
883 1547 1143 1606 Manual.
1169 1567 1289 1622 cap.
1330 1550 1376 1616 1,
1409 1551 1601 1608 memb.
1644 1553 1728 1618 10,
1761 1553 1927 1609 Mar-

566 1631 722 1688 tinus
749 1629 820 1687 de
840 1629 1113 1687 Ledesma
1147 1632 1192 1698 l,
1219 1638 1370 1704 part.
1393 1632 1446 1698 4,
1465 1640 1648 1710 quaest.
1680 1636 1721 1702 l,
1747 1637 1920 1702 art.5,

564 1713 692 1769 dub.
717 1715 771 1780 2,
804 1714 1050 1768 Gonetus
1094 1713 1404 1786 ubisupra‚
1453 1720 1510 1770 et
1561 1715 1661 1771 alii
1707 1717 1920 1789 plures,

562 1795 847 1854 Probatur
898 1795 1066 1852 unico
1118 1794 1496 1853 fundamento
1523 1820 1536 1864 ;
1599 1798 1736 1870 quia
1796 1798 1925 1856 fieri

561 1881 744 1950 potest
805 1875 1117 1932 secundum
1178 1892 1546 1934 communem
1610 1878 1927 1949 providen-

561 1958 722 2023 tiam,
755 1962 817 2013 ut
837 1956 965 2030 quis
992 1955 1414 2014 invincibiliter
1462 1958 1689 2032 ignoret
1715 1976 1776 2016 se
1804 1976 1926 2017 esse

559 2039 624 2094 in
653 2043 875 2111 peccato
899 2035 1032 2093 :sed
1084 2036 1148 2092 in
1201 2037 1304 2093 hoc
1343 2053 1474 2093 casu
1532 2054 1648 2094 non
1696 2044 1927 2097 tenetur

556 2119 764 2177 elicere
811 2123 998 2175 actum
1044 2117 1393 2190 poenitentiae
1429 2117 1714 2187 formalis,
1748 2128 1811 2176 ut
1854 2138 1960 2178 ex·

554 2217 617 2258 se
645 2202 863 2274 liquet;
908 2204 964 2256 et
1006 2198 1242 2255 aliunde
1282 2204 1463 2271 potest
1488 2201 1698 2259 elicere
1735 2208 1924 2259 actum

555 2281 869 2348 charitatiS,
887 2296 1056 2353 quem
1080 2279 1126 2335 si
1149 2279 1360 2346 eliciat,
1382 2280 1778 2340 infallibiliter
1798 2300 1926 2358 gra-

553 2362 697 2419 tiam
739 2360 1167 2434 justificationis
1215 2362 1589 2433 consequitur
1623 2379 1801 2438 :ergo
1830 2382 1925 2422 ac-

554 2450 646 2500 tus
674 2444 937 2501 formalis
965 2444 1317 2517 poenitentias
1359 2462 1476 2503 non
1504 2451 1587 2502 est
1631 2445 1772 2504 adeo
1818 2464 1926 2504 ne-

556 2527 834 2584 cessarius
880 2528 950 2584 ad
993 2525 1467 2598 justificationem
1514 2528 1723 2602 impii,
1782 2530 1924 2603 quin

558 2608 664 2663 iste
687 2608 861 2679 possit
886 2607 1012 2663 sine
1033 2607 1136 2663 illo
1157 2606 1689 2682 justificariMaJ'or,
1725 2610 1786 2666 in
1813 2627 1926 2684 qua

558 2691 780 2760 poterat
817 2704 939 2744 esse
958 2687 1280 2757 difficultas,
1307 2689 1655 2762 supponitur
1685 2696 1746 2746 ut
1786 2708 1926 2749 vera

559 2786 591 2826 a
612 2772 675 2825 D.
702 2771 924 2826 Thoma
963 2771 998 2825 3
1048 2778 1199 2842 part.
1247 2779 1428 2849 quaest.
1454 2773 1547 2837 79,
1597 2781 1708 2831 art.
1742 2776 1795 2840 3,
1826 2774 1921 2830 ubi

557 2853 663 2909 hac
703 2851 926 2908 ratione
976 2850 1249 2917 declarat,
1290 2853 1541 2926 qualiter
1589 2870 1924 2914 sacramen-

554 2932 679 2983 tum
709 2926 1081 2983 Eucharistiae
1111 2929 1287 3000 possit
1337 2943 1436 3001 per
1481 2928 1741 2986 accidens
1792 2931 1923 2989 des-

554 3013 747 3064 truere
769 3012 1058 3079 peccatum
1087 3010 1351 3065 mortale.
1375 3011 1559 3066 Immo
1587 3015 1768 3067 totum
1797 3011 1924 3069 dis-

552 3105 816 3155 cursum,
874 3094 930 3144 et
980 3090 1286 3148 veritatem
1337 3091 1505 3163 hujus
1552 3093 1923 3151 resolutionis

552 3168 812 3225 insinuat
833 3169 954 3241 ipse
980 3171 1037 3226 S.
1066 3172 1221 3225 Doct;
1273 3171 1457 3225 eadem
1486 3171 1521 3225 3
1547 3178 1696 3243 part.
1725 3181 1913 3250 quaest.

550 3251 644 3319 87,
667 3258 778 3308 art.
821 3254 864 3316 l,
900 3251 996 3309 ubi
1025 3252 1315 3311 concludit
1342 3251 1492 3327 quod
1516 3253 1586 3308 ad
1618 3256 1924 3314 remissio-

553 3348 688 3389 nem
719 3330 1038 3390 venialium
1060 3334 1265 3391 sufficit
1286 3334 1627 3408 poenitentia
1650 3337 1922 3393 virtualis

552 3413 773 3470 inclusa
797 3415 858 3470 in
882 3414 1103 3479 affectu,
1130 3431 1241 3488 quo
1277 3416 1487 3488 aliquis
1516 3416 1597 3472 ita
1638 3416 1820 3474 fertur
1860 3418 1923 3475 in

550 3494 773 3562 divina,
805 3500 864 3551 ut
909 3496 957 3551 si
1005 3496 1261 3552 venialia
1310 3497 1608 3553 memoriae
1653 3514 1921 3555 occurre-

553 3581 700 3645 rent,
733 3575 1140 3648 displicerent;
1165 3583 1220 3633 et
1268 3578 1465 3633 statim
1496 3577 1690 3633 subdit
1723 3580 1749 3636 i
1763 3577 1923 3651 Quod

551 3664 736 3714 tamen
775 3676 886 3713 non
920 3661 1123 3733 suffieit
1175 3659 1250 3715 ad
1299 3662 1671 3715 remissionem
1709 3663 1925 3735 peccati

552 3740 822 3810 mortalis,
850 3744 963 3797 nisi
983 3746 1254 3818 quantum
1277 3743 1351 3798 ad
1370 3750 1593 3815 peccata
1615 3743 1782 3799 oblita
1799 3751 1922 3817 post

550 3823 864 3893 diliyenlem
887 3825 1316 3901 inquisitionem.
1353 3823 1469 3879 Ubi
1499 3831 1693 3897 aperte
1719 3842 1925 3899 suppo-

555 3907 661 3974 nit,
683 3904 807 3962 fieri
833 3906 1176 3980 posse,‹1uod
1200 3911 1423 3979 peccata
1452 3908 1723 3965 mortalia
1745 3909 1923 3965 etiam

555 3992 681 4062 pest
718 3988 1052 4064 diligentem
1108 3989 1547 4062 inquisitionem
1605 3991 1789 4047 adhuc
1837 3992 1925 4047 la-

555 4074 745 4136 teant;
777 4074 833 4126 et
852 4069 1000 4142 quod
1028 4069 1090 4124 in
1133 4070 1238 4127 hoc
1258 4075 1467 4127 eventu
1501 4077 1753 4143 possunt,
1780 4072 1926 4127 sicut

550 4157 609 4209 et
628 4152 905 4216 venialia,
940 4167 1040 4224 per
1061 4153 1243 4210 solam
1275 4153 1673 4225 poenitentiam
1703 4154 1928 4211 virtua-

556 4234 672 4290 lem
696 4233 980 4288 inclusam
1024 4233 1088 4288 in
1135 4249 1333 4291 amore
1373 4234 1672 4291 charitatis
1713 4234 1922 4292 deleri.

559 4314 714 4372 idem
739 4314 882 4372 forte
903 4314 1184 4389 contingit
1205 4316 1268 4371 in
1293 4322 1598 4389 peccatore,
1614 4317 1712 4390 qui
1734 4316 1927 4389 sub-ito

558 4396 783 4469 rapitur
816 4395 887 4453 ad
934 4397 1324 4471 martyrium,
1380 4396 1437 4453 et
1471 4404 1658 4453 actum
1709 4399 1927 4456 amoris

556 4477 730 4538 elicit.
757 4494 868 4550 quo
888 4476 956 4534 ad
981 4477 1127 4533 illud
1147 4475 1512 4534 subeundum
1537 4494 1595 4535 se
1619 4487 1921 4552 praeparat,

557 4564 614 4616 et
647 4556 971 4624 confirmat,
1015 4558 1158 4631 quin
1206 4558 1317 4631 ipsi
1357 4566 1660 4623 occurrant
1709 4561 1927 4635 recogi-

558 4638 732 4697 tanda
759 4645 1001 4713 peccata.
1035 4641 1215 4696 Extra
1242 4640 1346 4698 hos
1391 4645 1582 4697 autem
1605 4658 1767 4698 casus
1807 4658 1927 4699 non

556 4727 642 4781 est
670 4719 1117 4788 admittendum,
1150 4720 1302 4795 quod
1354 4721 1570 4795 impius
1610 4720 1928 4780 secundum

558 4805 744 4879 legem
773 4803 1139 4860 ordinariam
1163 4802 1344 4877 possit
1379 4801 1704 4877 iustificari,
1735 4805 1848 4860 nisi
1871 4822 1930 4863 se

559 4886 825 4958 disponat
854 4900 955 4957 per
983 4890 1171 4940 actum
1217 4884 1526 4941 formalem
1551 4886 1926 4957 poenitentiae.

631 4967 723 5022 21.
772 4962 933 5023 Dices
959 4987 972 5021 ε
999 4967 1062 5020 D.
1091 4965 1298 5021 Thom.
1329 4967 1389 5020 in
1424 4968 1677 5039 praesenti
1730 4974 1845 5023 art.
1895 4968 1931 5021 5

557 5043 670 5102 sibi
701 5044 994 5120 proposuit
1032 5046 1137 5103 hoc
1163 5053 1575 5119 argumentum
1602 5067 1615 5104 ε
1647 5047 1770 5105 sola
1795 5048 1934 5104 cha-

1228 405 1320 459 DE
1359 404 1967 469 DISPOSITIONIBUS
2009 406 2104 459 AD
2141 406 2808 461 JUSTIFICATIONEM.

2055 577 2198 634 ritas
2242 577 2448 635 sufficit
2494 577 2564 634 ad
2612 577 2956 635 deletionem
3011 577 3224 651 peccati
3278 574 3602 643 :sedofflmo

2052 660 2347 716 charitatis
2376 658 2655 732 objectum
2680 675 2799 715 non
2819 664 2904 715 est
2922 664 3211 731 peccatum
3244 678 3258 713 ι
3283 643 3613 731 ergoffinst·

2054 740 2125 796 ad
2169 741 2638 815 justificationem
2687 742 2855 814 impii
2924 756 3043 798 non
3098 739 3431 814 requiritur

2055 828 2244 879 motus
2267 822 2440 878 liberi
2463 820 2697 878 arbitrii
2718 822 2784 878 in
2806 828 3113 895 peccatum.
3143 824 3213 877 Et
3230 827 3430 878 tamen

2058 903 2363 978 respondet
2394 906 2457 962 in
2499 906 2652 961 hunc
2698 905 2976 962 modum:
3013 928 3037 958 «
3081 904 3426 973 Dicendum,

2060 1007 2085 1039 α
2128 985 2280 1059 quod
2308 985 2379 1043 ad
2409 984 2654 1042 eandem
2683 987 2960 1044 virtutem
3004 987 3257 1059 pertinet
3285 1002 3431 1059 pro·-

2060 1089 2085 1122 α
2128 1068 2288 1142 sequi
2341 1084 2523 1125 unum
2568 1070 3003 1142 oppositorum,
3050 1075 3106 1126 et
3159 1069 3430 1144 refugere

2061 1169 2086 1200 α
2131 1148 2288 1204 aliud
2315 1172 2329 1216 ;
2355 1155 2409 1206 et
2434 1148 2561 1205 ideo
2601 1150 2747 1205 sicut
2768 1149 2838 1207 ad
2866 1149 3208 1207 charitatem
3234 1149 3420 1223 perti-

2064 1248 2090 1281 α
2132 1232 2230 1284 net
2281 1228 2526 1304 diligere
2549 1231 2751 1296 Deum,
2808 1229 2890 1286 ita
2932 1229 3111 1287 etiam
3152 1228 3424 1286 detestari

2061 1330 2088 1362 α
2132 1314 2390 1382 peccata,
2452 1328 2555 1383 per
2594 1328 2725 1390 *quae
2787 1311 2988 1368 anima
3036 1317 3340 1382 separatur
3390 1327 3428 1368 a

2063 1414 2089 1447 (ι
2131 1396 2267 1450 Deo.
2315 1415 2340 1445 n
2368 1396 2520 1469 Ergo
2547 1409 2619 1451 ex
2642 1399 2837 1452 mente
2857 1395 2921 1450 D.
2948 1394 3157 1449 Thom.
3182 1395 3327 1449 sicut
3353 1393 3428 1451 ad

2056 1472 2501 1532 destructionem
2525 1474 2731 1548 peccati
2784 1474 3103 1547 requiritur
3124 1479 3279 1529 actus
3300 1474 3427 1530 for-

2057 1554 2227 1610 malis
2254 1553 2551 1611 charitatis
2603 1553 2667 1610 in
2693 1557 2891 1619 Deum,
2935 1554 3017 1610 ita
3062 1541 3423 1610 desideratur

2057 1639 2212 1691 actus
2241 1633 2503 1691 formalis
2517 1634 2879 1707 poenitentiae
2905 1632 3244 1690 detestantis
3288 1648 3422 1707 pec-

2057 1721 2524 1861 catlfltlttgezliiondetur
2591 1787 2853 1862 negando
2910 1789 3647 1862 consequentiammunimt'

2055 1888 2178 1944 quae
2195 1888 2498 1945 perperam
2525 1872 2774 1928 infertur
2794 1887 2864 1927 ex
2908 1872 3426 1944 praemissi53quo-
3529 1939 3534 1944 ,

2057 1954 2217 2009 niam
2271 1954 2587 2020 detestatio,
2619 1959 2675 2011 et
2726 1955 2858 2028 fuga
2909 1954 3142 2026 peccati,
3193 1953 3262 2010 de
3310 1970 3426 2027 qua

2057 2035 2310 2107 loquitur
2338 2038 2395 2090 D.
2421 2036 2624 2091 Thom.
2668 2051 2784 2092 non
2825 2040 2911 2091 est
2963 2041 3120 2090 actus
3161 2034 3430 2091 formalis

2055 2114 2288 2170 virtutis
2312 2115 2681 2187 poenitentiae,
2708 2132 2833 2188 quae
2874 2115 3105 2187 respicit
3136 2119 3428 2188 peccatum

2056 2200 2118 2251 ut
2138 2196 2425 2269 expiabile
2468 2213 2567 2269 per
2621 2196 2877 2271 aliquam
2928 2198 3428 2263 satisfactionem;

2055 2277 2154 2335 sed
2185 2285 2268 2335 est
2309 2284 2462 2335 actus
2507 2279 2827 2345 charitatis,
2859 2296 2981 2352 quae
3007 2279 3204 2336 eodem
3237 2285 3427 2344 motu,

2055 2377 2166 2434 quo
2197 2361 2378 2417 fertur
2401 2361 2463 2417 in
2490 2363 2669 2418 Deum
2698 2363 2968 2418 ultimum
3017 2361 3213 2425 finem,
3248 2377 3433 2418 aver-

2057 2442 2198 2499 titur
2220 2459 2251 2499 a
2275 2450 2496 2516 peccato
2522 2444 2613 2499 illi
2662 2442 2767 2500 fini
2794 2445 3100 2501 contrario.
3152 2443 3320 2500 Unde
3347 2460 3426 2502 ex

2057 2524 2366 2596 praemissis
2396 2539 2512 2580 non
2544 2524 2814 2588 infertur,
2869 2525 3086 2597 requiri
3134 2528 3428 2599 poeniten-

2056 2605 2217 2670 tiam,
2243 2604 2313 2662 de
2336 2622 2445 2677 qua
2469 2605 2781 2676 loquimur,
2814 2605 2912 2662 sed
2942 2622 3199 2663 amorem
3228 2607 3425 2662 chari-

2055 2687 2204 2742 tatis.
2240 2688 2353 2742 Nec
2378 2703 2518 2759 opus
2559 2692 2660 2754 est,
2709 2687 2858 2760 quod
2885 2687 3135 2744 charitas
3179 2688 3425 2745 diversis

2056 2766 2274 2823 actibus
2318 2766 2628 2824 detestetur
2675 2775 2913 2841 peccata,
2953 2774 3010 2825 et
3052 2773 3423 2827 convertatur

2057 2848 2120 2904 in
2152 2850 2329 2904 Deum
2355 2847 2487 2915 ;sed
2518 2865 2615 2922 per
2644 2847 2892 2906 eundem
2916 2854 3126 2917 actum,
3155 2867 3265 2925 quo
3291 2851 3417 2909 sor-

2055 2932 2289 2988 maliter
2310 2934 2488 2987 Deum
2531 2931 2739 3006 diligit,
2778 2948 2810 2987 a
2840 2939 3062 3003 peccato
3110 2933 3338 2999 recedit,
3364 2940 3420 2990 et

2055 3011 2245 3085 ipsum
2269 3012 2595 3069 virtualiter
2641 3012 2971 3079 detestatur,
3026 3021 3087 3070 ut
3122 3013 3265 3071 'satis
3309 3030 3414 3071 ex-

2056 3096 2261 3168 pressit
2282 3097 2335 3152 S.
2374 3097 2527 3152 Doct.
2546 3096 2656 3152 loco
2689 3098 2783 3152 cit.
2808 3104 2858 3150 et
2882 3103 2992 3151 art.
3019 3100 3054 3152 7
3081 3116 3188 3175 seq.
3217 3100 3275 3152 in
3297 3115 3414 3153 res-
3430 3106 3487 3147 D.
3507 3104 3609 3147 Tho.

2050 3179 2309 3250 pensione
2331 3178 2406 3232 ad
2432 3179 2484 3232 2.
2522 3177 2683 3233 Unde
2727 3176 2913 3249 potius
2943 3177 3248 3235 roboratur
3284 3177 3419 3235 doc-

2052 3259 2212 3315 trina
2249 3260 2511 3332 proxime
2539 3259 2769 3316 tradita.
2819 3260 3005 3333 Major
3053 3261 3223 3334 hujus
3270 3260 3420 3316 diffi-

2053 3341 2283 3397 cultatis
2311 3341 2586 3398 discussio
2629 3342 2880 3414 pertinet
2906 3341 2978 3398 ad
3005 3347 3308 3399 tractatum
3347 3341 3418 3400 de

2056 3422 2419 3495 poenitentia,
2453 3427 2509 3478 et
2530 3438 2659 3478 eam
2681 3428 2915 3478 versant
2937 3423 3258 3497 Theologi3
3267 3431 3417 3496 part.

2054 3509 2237 3579 quoest.
2265 3505 2355 3569 86,
2387 3510 2497 3559 art.
2529 3505 2582 3567 2,
2620 3503 2714 3559 ubi
2744 3503 3043 3576 propriam
3071 3503 3263 3560 sedem
3310 3504 3418 3559 ha-

2058 3583 2149 3639 bet
2174 3604 2187 3639 :
2218 3582 2315 3639 sed
2342 3587 2399 3639 et
2427 3600 2529 3640 nos
2559 3585 2749 3656 aliqua
2778 3584 3109 3658 adJiciemus
3150 3586 3277 3641 dub.
3308 3602 3417 3662 seq.

2129 3666 2221 3719 22.
2271 3665 2522 3738 Denique
2548 3665 2698 3737 quod
2722 3682 2839 3722 non
2864 3664 3189 3737 requiratur
3217 3682 3423 3737 propo·
3452 3680 3618 3779 Quam:

2055 3744 2230 3800 situm
2278 3743 2549 3800 servandi
2616 3744 2819 3801 divina
2887 3751 3159 3816 praecepta
3211 3752 3269 3800 et
3316 3728 3618 3831 511·me

2055 3824 2298 3884 choandi
2330 3843 2540 3884 novam
2583 3827 2783 3892 vitam,
2820 3827 3048 3884 realiter
3075 3825 3418 3882 distinctum
3444 3835 3608 3919 tameg-

2056 3907 2127 3965 ab
2149 3913 2272 3965 actu
2295 3907 2609 3974 charitatiS,
2644 3908 2785 3964 satis
2825 3908 3005 3981 liquet
3047 3924 3118 3964 ex
3143 3923 3228 3974 e0,
3267 3908 3421 3980 quod
3437 3888 3612 4020 35:1²&

2056 3990 2177 4062 ipse
2198 3989 2492 4046 charitatis
2515 4005 2679 4045 amor
2705 3988 2980 4061 importat
3011 4004 3108 4060 per
3154 3989 3412 4062 seipsum
3513 3987 3568 4020 Τ-

2056 4070 2382 4145 hujusmodi
2426 4071 2799 4143 propositum,
2837 4076 2895 4125 ut
2934 4070 3072 4125 satis
3121 4070 3301 4142 liquet
3351 4086 3425 4127 ex

2056 4149 2222 4207 dietis
2245 4152 2386 4225 disp.
2408 4151 2630 4225 praeced.
2655 4151 2785 4206 dub.
2809 4151 2864 4215 6,
2895 4150 3007 4223 fere
3026 4168 3125 4223 per
3152 4157 3344 4217 totum,
3367 4158 3428 4208 et

2059 4234 2344 4307 praecipue
2405 4236 2559 4291 num]
2622 4237 2753 4291 227.
2830 4233 3204 4306 Relinquitur
3268 4249 3425 4308 ergo,

2060 4315 2206 4389 quod
2233 4317 2362 4372 licet
2392 4322 2545 4372 actus
2572 4331 2744 4388 supra
2769 4315 2935 4371 relati
2986 4315 3223 4388 possint,
3256 4320 3311 4372 et
3335 4332 3434 4373 so-

2059 4399 2215 4454 leant
2266 4395 2594 4453 formaliter
2643 4394 2837 4452 adesse
2875 4437 2888 4462 ,
2936 4394 3166 4468 quando
3218 4394 3436 4468 impius

2052 4476 2845 4553 justificatur3nihilominus
2894 4492 3010 4532 non
3062 4482 3146 4533 est
3191 4492 3421 4549 semper

2060 4558 2496 4624 necessarium,
2552 4556 2701 4632 quod
2758 4557 3083 4615 formaliter
3129 4558 3319 4614 adsint
3366 4559 3429 4615 in

2058 4639 2291 4713 seipsis;
2320 4640 2419 4697 sed
2460 4637 2588 4696 fieri
2644 4644 2843 4711 potest,
2877 4644 2938 4693 ut
2983 4641 3159 4695 etiam
3204 4645 3437 4695 servata

2059 4720 2353 4777 communi
2379 4719 2958 4794 providentia,solum
2982 4725 3287 4775 concurrat
3309 4718 3434 4775 for-

2061 4801 2235 4858 malis
2261 4808 2416 4857 actus
2444 4800 2759 4865 charitatiS,
2788 4800 2851 4855 in
2885 4816 2997 4873 quo
3024 4806 3259 4857 caeteros
3309 4801 3434 4857 vir-

2063 4882 2298 4939 tualiter
2325 4881 2623 4939 habemus,
2658 4883 2839 4938 Porro
2880 4879 3211 4954 hujusmodi
3235 4885 3425 4939 actum

2064 4962 2269 5020 debere
2311 4962 2505 5020 adesse
2547 4960 2872 5019 formaliter
2892 4964 3040 5034 (quoe
3086 4967 3170 5017 est
3224 4962 3438 5020 ultima

2066 5043 2434 5103 resolutionis
2476 5045 2646 5117 pars),
2678 5043 2858 5117 liquet
2883 5049 3008 5099 tum
3049 5059 3122 5100 ex
3161 5058 3250 5108 eo,
3281 5044 3440 5117 quod

2137 5152 2142 5155 ,
2473 5162 2477 5167 -
3371 5141 3445 5183 ea
