3647 5753
1519 415 1700 472 DISP.
1742 416 1839 483 111,
1885 417 2049 476 DUB.
2094 421 2142 476 Ι.

654 582 1244 657 DISPUTATIO
1277 587 1412 660 111.

350 759 456 825 De
497 759 1076 844 dispositionibus
1124 763 1220 827 ad
1255 764 1702 848 justificatio-

921 879 1113 926 nem.

424 984 730 1056 Postquam
793 1003 921 1042 cum
970 989 1041 1044 D.
1092 987 1297 1044 Thom.
1347 996 1458 1050 art.
1511 992 1529 1046 l
1585 998 1634 1047 et
1678 994 1713 1048 2

346 1061 514 1133 hujus
545 1067 873 1140 quastionis,
918 1069 1143 1141 egimus
1187 1067 1259 1125 de
1295 1068 1487 1126 forma
1507 1070 1713 1144 justifi-

346 1151 528 1212 cante,
557 1147 802 1203 succedit
832 1154 891 1203 ut
938 1154 1247 1207 tractemus
1278 1150 1349 1208 de
1375 1152 1713 1226 dispositio-

346 1225 540 1293 nibus,
571 1228 779 1300 quibus
820 1231 1035 1303 impius
1079 1231 1150 1288 ad
1174 1234 1458 1308 justitiam
1489 1252 1711 1310 praepa-

348 1314 511 1365 ratur
539 1309 722 1383 :quod
752 1320 981 1383 praestat
1032 1317 1088 1372 S.
1121 1318 1277 1374 Doct.
1335 1325 1444 1375 art.
1500 1320 1554 1385 3,
1586 1337 1707 1375 cum

343 1393 703 1462 sequentibus.
747 1395 816 1448 Et
861 1411 991 1452 cum
1044 1399 1111 1452 D.
1162 1399 1367 1456 Thom.
1425 1402 1592 1474 plura
1644 1402 1709 1459 in

346 1472 616 1541 praesenti
639 1472 823 1529 obiter
853 1476 1096 1551 attingat
1120 1495 1247 1551 quae
1276 1479 1418 1537 alibi
1463 1482 1710 1554 explicat

342 1567 413 1608 ex
437 1554 708 1626 professo,
740 1557 974 1630 quidam
1006 1560 1128 1634 ejus
1167 1563 1511 1636 Interpretes
1539 1568 1707 1638 plura

340 1630 435 1687 hic
460 1635 711 1692 excitant
740 1636 934 1705 dubia,
979 1656 1104 1713 quas
1128 1642 1200 1697 ad
1226 1642 1372 1700 alios
1411 1647 1707 1704 Tractatus

336 1717 614 1782 spectant,
660 1720 715 1770 et
754 1733 880 1790 quae
926 1721 1218 1792 propriam
1258 1723 1452 1780 sedem
1493 1726 1705 1784 habent

337 1798 459 1849 tam
488 1796 550 1849 in
579 1797 614 1850 3
628 1806 784 1869 part.
837 1799 933 1856 ubi
973 1803 1162 1875 agitur
1189 1804 1260 1863 de
1299 1805 1704 1879 justificatione

337 1874 497 1931 intra
515 1884 896 1946 sacramenta,
928 1898 1100 1955 quam
1122 1887 1183 1940 in
1210 1889 1265 1954 2,
1295 1891 1352 1956 2,
1395 1887 1492 1944 ubi
1514 1891 1703 1965 agitur

329 1955 404 2013 de
423 1956 642 2014 actibus
671 1960 967 2018 Virtutum
996 1966 1452 2043 Theologalium,
1485 1973 1583 2045 qui
1629 1973 1701 2030 ad

320 2036 802 2111 justificationem
854 2043 1277 2108 desiderantur.
1333 2055 1450 2110 Nos
1507 2061 1698 2113 autem

329 2118 622 2186 brevitati,
652 2126 708 2177 et
731 2128 883 2180 recto
903 2130 1249 2199 procedendi
1276 2132 1473 2191 ordini
1499 2152 1700 2193 consu·

329 2199 532 2266 lentes,
565 2218 632 2259 ea
661 2207 894 2276 praecise
934 2208 996 2264 in
1025 2210 1129 2268 hac
1169 2213 1556 2286 disputatione
1593 2233 1698 2275 ex-

329 2281 691 2352 plicabimuS,
723 2302 848 2359 quaa-
875 2288 945 2344 ad
987 2290 1434 2368 intelligentiam
1464 2300 1698 2355 conclu-

324 2360 563 2418 sionum
616 2367 682 2420 D.
731 2368 935 2426 Thom.
971 2376 1291 2431 necessaria
1318 2375 1607 2446 videntur,
1639 2386 1696 2437 et

328 2438 402 2495 ad
425 2440 578 2498 hunc
617 2445 945 2505 Tractatum
974 2451 1187 2509 directe
1216 2456 1509 2527 pertinent
1534 2484 1547 2527 ς
1578 2460 1692 2516 alia

328 2534 488 2589 vero,
535 2540 661 2596 quae
698 2526 836 2583 alibi
878 2533 1232 2591 commodius
1277 2537 1686 2607 discutiuntur,

330 2600 419 2656 vel
468 2606 697 2674 penitus
753 2612 1152 2683 resecabimus„
1184 2616 1296 2674 ‘vel
1350 2617 1691 2679 brevissime

324 2683 1048 2759 attingemus,remittendo
1070 2698 1341 2757 lectorem
1364 2700 1435 2757 ad
1454 2719 1521 2760 ea
1543 2705 1683 2771 loca,

322 2763 387 2818 in
413 2765 622 2837 quibus
642 2772 708 2827 D.
737 2774 944 2832 Thom.
985 2783 1042 2834 et
1067 2780 1191 2855 ejus
1213 2783 1562 2854 expositores
1583 2787 1688 2843 illa

318 2860 390 2902 ex
437 2851 693 2920 professo
721 2855 1058 2918 discutiunt.
1114 2863 1277 2921 Unde
1308 2873 1513 2926 cuncta
1540 2869 1680 2938 fere,

316 2943 441 2999 quae
470 2930 746 3003 dicemus,
783 2941 1089 3012 procedent
1133 2945 1283 3003 circa
1323 2949 1684 3022 justificatio-

317 3024 450 3065 nem
472 3012 642 3087 impii
686 3019 869 3077 adulti
897 3024 1211 3082 secundum
1251 3044 1312 3085 se
1351 3032 1683 3090 considera-

316 3097 453 3160 tam,
480 3099 536 3151 et
576 3098 1033 3175 independenter
1074 3125 1109 3164 a
1153 3115 1544 3183 sacramentis,
1590 3119 1681 3174 vel

315 3173 430 3232 alia
456 3178 782 3240 extrinseca
814 3186 914 3242 Dei
937 3186 1334 3261 dispositione.

814 3341 1102 3398 DUBIUM
1141 3346 1188 3401 1.

318 3454 519 3513 Utrum
557 3462 782 3534 impiuS,
834 3472 897 3520 ut
925 3468 1280 3543 justificetur,
1329 3474 1514 3531 debeat
1557 3475 1677 3533 dis-

386 3542 518 3610 poni
554 3558 652 3614 per
679 3546 896 3622 aliquos
916 3556 1091 3615 actus,
1122 3559 1171 3607 et
1194 3555 1424 3631 quinam
1438 3558 1551 3611 sint
1570 3557 1602 3611 ‚9

384 3669 653 3728 Consulto
699 3674 1075 3746 inquirimuS,
1107 3688 1297 3738 utrum
1336 3685 1543 3758 impius
1567 3694 1669 3743 etc.

306 3748 440 3822 quia
467 3751 638 3827 hujus
682 3754 1015 3827 justificatio
1060 3765 1308 3834 pertinet
1353 3782 1455 3838 per
1494 3784 1555 3824 se
1600 3768 1670 3826 ad

306 3838 650 3901 praesentem
672 3836 1214 3899 considerationem.
1244 3845 1408 3902 Unde
1429 3847 1668 3905 missam

305 3911 547 3968 facimus
598 3914 1031 3988 dispositionem
1075 3927 1431 3999 requisitam,
1481 3931 1666 4003 utqui

304 4006 426 4048 non
472 3996 786 4066 praeexistit
833 4001 896 4057 in
948 4010 1187 4074 peccato,
1215 4008 1577 4079 justificetur,
1605 4018 1668 4068 ut

301 4071 541 4130 fuerunt
566 4077 787 4151 Angeli,
813 4079 881 4137 de
907 4084 1115 4156 quibus
1147 4089 1164 4142 l
1190 4096 1339 4160 part.
1366 4099 1550 4166 quaest.
1567 4095 1659 4161 62,

296 4157 355 4207 et
375 4151 646 4221 AdamuS,
679 4155 748 4213 de
768 4175 879 4231 quo
899 4164 1086 4218 eadem
1123 4168 1140 4220 l
1169 4173 1319 4239 part.
1353 4178 1537 4241 quaest.
1567 4173 1658 4240 95,

296 4237 352 4289 et
380 4233 642 4291 Christus
672 4240 951 4299 Dominus
978 4244 1047 4301 de
1088 4263 1200 4320 quo
1240 4249 1274 4303 3
1298 4259 1448 4324 part.
1474 4262 1656 4330 quast.

295 4316 352 4369 7.
380 4314 641 4374 Procedit
668 4327 858 4378 autem
898 4325 1138 4383 dubium
1166 4332 1480 4392 secundum
1525 4351 1661 4407 pro-

297 4395 618 4457 videntiam
661 4403 1063 4465 ordinariam:
1110 4412 1248 4484 quid
1295 4422 1485 4473 autem
1530 4416 1659 4474 fieri

297 4477 475 4550 possit
501 4478 572 4536 de
613 4485 866 4554 potentia
897 4489 1000 4545 Dei
1030 4489 1307 4564 absoluta,
1340 4495 1515 4554 dubio
1564 4513 1659 4554 se-

292 4559 491 4629 quenti
545 4561 895 4623 videbimus.
950 4571 1210 4629 Procedit
1259 4576 1436 4634 etiam
1508 4577 1657 4636 circa

285 4637 753 4711 justificationem
784 4647 1100 4721 impiorum
1129 4654 1488 4729 adultorum;
1516 4674 1654 4716 nam

288 4718 593 4789 discutere,
645 4728 897 4797 qualiter
944 4731 1331 4804 justificentur
1374 4739 1647 4807 infantes»,

288 4800 540 4872 pertinet
562 4819 664 4875 per
702 4823 763 4863 se
785 4808 855 4864 ad
883 4810 1210 4871 Tractatum
1239 4815 1310 4873 de
1336 4819 1646 4891 Baptismo.

286 4878 399 4936 Sed
444 4886 506 4935 ut
572 4884 758 4958 maj0r
809 4888 1099 4951 distinctio
1128 4896 1312 4953 lucem
1364 4898 1646 4965 conciliet,

285 4963 512 5031 oportet
536 4959 928 5027 difficultatem
950 4971 1098 5031 hanc
1126 4978 1413 5035 resolvere
1435 4977 1651 5051 aliqui-

282 5037 393 5100 bus
412 5042 846 5106 assertionibus.

3101 428 3217 487 539

2480 593 2594 664 §1-

1850 750 2047 809 Prima
2085 754 2358 811 conclusio
2395 757 2641 830 priorem
2691 757 2848 813 dubii
2882 767 3096 832 partem
3134 776 3217 815 re-

2413 836 2651 893 solvens.

1932 996 1977 1051 l.
2022 994 2339 1054 Dicendum
2367 1004 2451 1055 est
2492 1001 2704 1073 primo,
2738 999 2808 1056 ad
2851 1002 3216 1076 justificatio·
3247 1017 3386 1077 prim

1848 1089 1982 1130 nem
2012 1076 2181 1150 impii
2225 1080 2445 1152 requiri
2474 1080 2696 1153 aliquos
2746 1083 2865 1156 ejus
2893 1088 3066 1148 actus,
3112 1074 3415 1156 ρει-’ΝΜΟ-

1844 1170 1985 1227 quos
2013 1156 2084 1213 ad
2106 1159 2389 1231 justitiam
2417 1159 2774 1233 disponatur.
2823 1165 2951 1220 Haec
2978 1166 3214 1222 conclu-

1844 1235 1931 1291 sio
1958 1242 2040 1292 est
2084 1237 2155 1296 de
2180 1239 2311 1305 fide,
2343 1256 2584 1314 eamque
2625 1258 2695 1299 ex
2738 1243 2990 1314 professo
3017 1252 3213 1303 osten-

1843 1313 1986 1372 dunt
2014 1319 2278 1377 Doctores
2300 1320 2573 1378 Catholici
2593 1323 2657 1378 in
2679 1325 3085 1382 controversiis
3106 1327 3211 1385 ad-
3239 1358 3407 1403 Funda-

1843 1412 2042 1455 versus
2071 1399 2511 1468 Lutheran05,et
2537 1403 2900 1461 CalvinistaS.
2927 1405 3211 1464 Probatur
3224 1406 3403 1466 mentum

1842 1479 2035 1550 primo
2053 1495 2124 1536 ex
2145 1483 2201 1537 S.
2228 1482 2538 1555 Scriptura,
2567 1499 2690 1556 quae
2717 1485 2865 1541 hanc
2905 1487 3206 1545 veritatem
3220 1459 3426 1550 ⁰¹1ngst

1841 1565 2035 1632 aperte
2086 1560 2264 1619 docet.
2296 1564 2442 1619 Tum
2498 1565 2773 1623 Proverh.
2812 1569 2915 1625 16:
2949 1556 3407 1627 Hominisproverb

1838 1647 1914 1694 est
1934 1643 2186 1699 animam
2206 1661 2540 1718 praeparare.
2575 1646 2723 1702 Tum
2750 1648 2814 1703 in
2841 1647 2922 1705 eis
2950 1649 3106 1715 lociS,
3141 1651 3205 1708 in

1838 1718 2046 1791 quibus
2065 1724 2211 1779 Deus
2232 1725 2375 1796 petit
2395 1740 2427 1781 a
2468 1726 2874 1797 peccatoribus,
2905 1733 2963 1782 ut
3003 1729 3074 1785 ad
3110 1728 3204 1804 ip-

1837 1817 1965 1857 sum
1993 1809 2422 1872 convertantur,
2441 1811 2501 1861 ut
2525 1808 2672 1863 Joel.
2696 1810 2732 1862 2
2761 1830 2772 1864 :
2799 1808 3202 1867 Convertimini
3249 1812 3361 1856 ³00¹·

1835 1882 1911 1937 ad
1936 1900 2019 1937 me
2040 1885 2099 1939 in
2120 1891 2228 1941 toto
2256 1887 2410 1942 corde
2435 1894 2632 1944 vestro.
2666 1889 2825 1945 Isaiae
2844 1891 2939 1945 45:
2966 1890 3201 1948 Conver-
3212 1862 3385 1956 22⁸3ssssss

1835 1964 2024 2020 cimini
2073 1965 2149 2019 ad
2197 1984 2298 2035 me,
2327 1975 2375 2023 et
2424 1968 2572 2023 salvi
2610 1971 2787 2025 eritis.
2828 1971 3062 2028 Zachar.
3127 1974 3195 2031 1:

1837 2042 2240 2103 Convertimini
2265 2048 2340 2103 ad
2364 2066 2466 2115 me,
2498 2056 2550 2104 et
2568 2066 2659 2119 eqo
2681 2059 2970 2107 convertar
2990 2054 3065 2108 ad
3078 2071 3191 2110 voa.

1833 2127 1981 2183 Tum
2012 2129 2074 2185 in
2122 2129 2254 2186 aliis
2283 2131 2648 2198 testimoniiS,
2677 2133 2738 2189 in
2767 2132 2972 2205 quibus
2998 2150 3197 2207 pecca-

1831 2211 1982 2263 tores
2010 2207 2387 2281 increpantur
2412 2226 2483 2267 ex
2510 2226 2596 2277 e0,
2623 2211 2773 2284 quod
2820 2228 2938 2268 non
2974 2230 3035 2270 se
3073 2214 3196 2271 dis—

1831 2296 2049 2361 ponant
2074 2290 2144 2347 ad
2166 2293 2452 2367 justitiam
2480 2293 2931 2367 obtemperando
2971 2296 3189 2357 divinae

1828 2370 2200 2442 inspirationi
2250 2378 2312 2428 ut
2338 2374 2616 2432 Proverb.
2664 2378 2682 2431 1
2718 2395 2731 2430 ε
2771 2374 2991 2445 Vocavi,
3022 2386 3070 2433 et
3100 2397 3190 2434 re·
3204 2381 3406 2473 ruffin-b.

1826 2455 2030 2508 nuistis
2049 2452 2226 2511 :etad
2248 2456 2412 2511 Rom.
2443 2457 2480 2511 2
2510 2476 2523 2511 :
2550 2454 2646 2511 An
2670 2455 2902 2513 divitias
2928 2458 3192 2516 bonitatis
3214 2481 3390 2524 Roman.

1822 2535 1957 2604 ejuS,
1983 2540 2035 2588 et
2054 2536 2351 2606 patientiae,
2395 2543 2444 2591 et
2473 2536 2913 2606 lonqanimitatis
2951 2546 3188 2597 contem·

1822 2617 1930 2671 nis.
1957 2617 2079 2679 Quo
2105 2616 2281 2671 etiam
2308 2622 2561 2689 spectant
2589 2617 2705 2673 alia
2733 2618 2868 2685 loca,
2898 2618 2960 2674 in
2981 2620 3189 2692 quibus

1820 2697 1970 2751 Deus
2010 2697 2279 2768 exposcit,
2320 2701 2382 2751 ut
2419 2696 2534 2770 ipsi
2580 2699 2909 2770 aperiamus
2943 2700 3186 2773 januam

1819 2778 2025 2845 cordiS,
2058 2780 2402 2850 promittens
2428 2796 2488 2837 se
2510 2781 2906 2855 ingressurum
2938 2798 3038 2856 per
3058 2801 3186 2859 gra-

1819 2860 1982 2928 tiam,
2016 2867 2077 2918 ut
2101 2864 2262 2919 Cant.
2302 2861 2337 2917 5
2364 2883 2376 2916 t
2412 2860 2581 2937 Aperi
2609 2865 2747 2920 mihi
2771 2883 2925 2921 soror
2950 2884 3068 2923 mea
3089 2888 3107 2921 .·
3129 2875 3185 2926 et
3196 2855 3374 2959 Acffl'gfj

1816 2945 2158 3019 ApocalypS.
2183 2946 2217 3000 3
2251 2943 2428 3001 :Ecce
2454 2952 2536 3000 sto
2564 2947 2638 3001 ad
2662 2949 2881 3011 ostium,
2912 2955 2961 3001 et
2983 2949 3140 3019 pulso
3165 2969 3183 3004 .·

1813 3026 1866 3080 si
1885 3026 2009 3101 quis
2054 3026 2295 3081 audierit
2321 3043 2502 3082 vocem
2529 3044 2726 3093 meam,
2760 3028 2977 3083 intrabo
3017 3030 3092 3084 ad
3117 3031 3183 3087 it·

1814 3107 1949 3173 lum,
1999 3115 2050 3163 et
2095 3108 2312 3163 coenabo
2358 3126 2482 3166 cum
2528 3108 2642 3174 illo,
2696 3115 2745 3163 et
2793 3112 2905 3180 ipse
2949 3127 3175 3168 mecum.

1813 3188 2057 3260 Propter
2082 3203 2224 3259 quae,
2257 3193 2314 3244 et
2340 3188 2457 3243 alia
2484 3187 2799 3244 innumera
2824 3188 3174 3256 testimonia,

1811 3284 1936 3340 quae
1997 3268 2210 3340 passim
2260 3266 2323 3322 in
2374 3283 2530 3322 sacra
2583 3267 2802 3341 Pagina
2846 3274 3172 3337 occurrunt,

1810 3350 1961 3407 hanc
2007 3350 2313 3406 veritatem
2360 3347 2633 3406 diffinivit
2686 3349 3006 3406 Concilium
3041 3352 3177 3408 Tri-

1809 3429 1964 3486 dent.
1990 3447 2116 3486 sess.
2149 3431 2203 3494 6,
2236 3446 2358 3484 can.
2391 3430 2445 3496 4,
2481 3429 2571 3484 his
2599 3428 2793 3484 verbis
2830 3449 2843 3483 :
2893 3451 2917 3481 α
2947 3431 3006 3486 Si
3045 3433 3376 3505 quis'rrident.

1812 3532 1838 3563 α
1871 3510 2105 3576 dixerit,
2166 3509 2418 3567 liberum
2473 3509 2730 3566 hominis
2777 3509 3086 3568 arbitrium
3138 3531 3173 3572 a

1813 3615 1841 3647 α
1871 3596 1984 3650 Deo
2012 3598 2252 3658 motum,
2285 3598 2341 3650 et
2366 3594 2672 3651 excitatum
2696 3593 2846 3648 nihil
2875 3598 3168 3667 cooperari

1811 3697 1838 3730 α
1869 3675 2231 3733 assentiendo
2259 3678 2373 3732 Deo
2400 3675 2694 3738 excitanti,
2729 3679 2892 3747 atque
2920 3680 3163 3747 vocanti,

1809 3780 1836 3810 α
1866 3774 1978 3831 quo
2023 3757 2093 3813 ad
2144 3756 2519 3815 obtinendam
2567 3754 2993 3831 justificationis
3030 3777 3168 3834 gra-

1807 3860 1835 3891 α
1867 3840 2007 3894 tiam
2035 3854 2096 3894 se
2122 3837 2407 3912 disponat,
2435 3855 2497 3895 ac
2525 3844 2806 3910 praeparet
2830 3860 2842 3902 ;
2871 3856 2973 3896 nec
3001 3857 3164 3913 posse

1807 3941 1834 3974 «
1863 3919 2187 3988 dissentire,
2232 3920 2282 3976 si
2329 3920 2498 3983 velit;
2540 3917 2637 3975 sed
2677 3919 2859 3975 veluti
2902 3921 3164 3980 inanime

1805 4023 1832 4054 α
1860 3999 2146 4074 quoddam
2190 4000 2613 4058 nihilomnino
2659 4017 2843 4075 agere.
2894 4017 3163 4075 mereque

1804 4103 1830 4136 α
1863 4082 2086 4154 passive
2137 4098 2199 4139 se
2240 4081 2467 4150 habere,
2515 4083 2820 4138 anathema
2847 4082 2937 4138 sit.
2973 4103 3000 4133 n
3049 4082 3157 4139 Ubi

1796 4166 1973 4222 simul
2002 4165 2356 4222 damnantur
2394 4164 2509 4221 duo
2534 4179 2761 4221 errores
2800 4164 3158 4221 Lutherano-

1797 4263 1949 4312 rum‚
1978 4264 2185 4321 nempe
2211 4253 2266 4304 et
2292 4244 2442 4320 quod
2471 4246 2642 4302 homo
2682 4252 2869 4302 careat
2898 4245 3160 4303 libertate

1792 4327 2219 4394 indifferentias,
2250 4329 2456 4384 saltem
2486 4327 2550 4383 in
2573 4328 2801 4402 negotio
2823 4328 3027 4383 salutis
3056 4352 3071 4395 ;
3102 4334 3159 4385 et

1790 4408 1941 4481 quod
1963 4410 2175 4483 impius
2203 4409 2499 4473 excitatuS,
2542 4413 2598 4463 et
2624 4411 2811 4464 motus
2839 4424 2871 4464 a
2900 4411 3012 4468 Deo
3052 4424 3155 4483 per

1790 4490 2011 4546 auxilia
2050 4490 2273 4565 gratiae,
2308 4505 2425 4545 non
2451 4504 2511 4545 se
2538 4493 2839 4560 praeparet,
2867 4505 2929 4546 ac
2954 4489 3154 4563 dispo-

1790 4562 1890 4629 nat
1915 4572 1984 4628 ad
2012 4570 2469 4645 consequendam
2491 4570 2796 4643 justitiam.

1860 4655 1918 4709 2.
1961 4651 2217 4709 Secundo
2263 4651 2538 4725 probatur
2587 4650 2827 4718 ratione,
2875 4668 3048 4725 quam
3076 4656 3356 4728 Daunum

1785 4734 1989 4791 Thom.
2025 4735 2088 4790 in
2117 4733 2383 4806 praesenti
2411 4737 2521 4786 art.
2549 4731 2604 4797 3,
2630 4730 2710 4786 sic
2733 4732 2927 4803 ponit:
2963 4755 2988 4784 α
3011 4735 3144 4789 Jus-
3174 4733 3355 4780 Dsrho..

1790 4838 1817 4870 α
1841 4814 2073 4873 tificatio
2102 4815 2268 4888 impii
2297 4812 2365 4869 fit
2401 4816 2515 4870 Deo
2542 4816 2809 4869 movente
2845 4812 3143 4874 hominem

1787 4921 1814 4953 c<
1846 4898 1916 4956 ad
1940 4897 2244 4973 justitiam.
2279 4898 2403 4968 Ipse
2422 4893 2583 4951 enim
2610 4900 2709 4962 est,
2741 4895 2839 4969 qui
2875 4896 3147 4969 justificat

1787 5001 1813 5031 α
1845 4978 2114 5050 impium,
2146 4982 2208 5031 ut
2239 4975 2452 5031 dicitur
2491 4976 2660 5031 Rom.
2691 4976 2747 5031 3.
2774 4976 2923 5031 Deus
2951 4983 3143 5036 autem

1785 5080 1811 5112 «
1843 5063 2035 5117 movet
2054 5056 2255 5116 omnia
2299 5053 2616 5113 secundum
2667 5056 2906 5113 modum
2950 5058 3153 5117 unius-
