3647 5753
1362 424 1539 480 DISP.
1584 424 1705 490 VII,
1751 422 1919 479 DUB.
1960 423 2081 479 V11.

244 596 374 653 dub.
405 601 461 662 7,
513 615 664 653 nuru.
719 599 837 655 159.
873 599 1021 655 Hinc
1064 604 1254 656 tamen
1298 597 1607 655 solumin-

245 678 433 735 fertur
452 677 524 733 ad
553 678 890 736 volitionem
909 678 1173 745 liberam,
1196 678 1607 735 universaliter

246 759 546 833 loquendO,
573 776 692 818 non
723 761 941 832 requiri
965 760 1113 834 quod
1130 753 1415 834 judicium
1440 761 1606 815 illam

246 842 515 915 regulans
539 841 614 897 sit
642 842 704 897 in
728 847 1000 914 potestate
1022 842 1070 915 ej
1080 838 1277 898 usde'm
1304 841 1601 913 suppositi,

242 928 301 978 et
318 924 541 980 oriatur
585 939 657 979 ex
684 922 868 979 libera
913 923 1036 997 ejus
1058 924 1438 996 applicatione
1466 947 1479 988 ;
1509 921 1606 978 sed

246 1001 307 1058 id
347 1008 572 1059 tantum
617 1001 936 1059 desiderari
966 1004 1028 1059 in
1052 1003 1430 1060 volitionibus
1458 1002 1605 1059 libe-

245 1083 346 1150 ris,
379 1100 505 1156 quae
546 1085 877 1156 su'pponunt
911 1084 1054 1140 alios
1082 1089 1238 1140 actus
1265 1083 1599 1149 voluntatis,

241 1179 317 1219 ex
341 1163 548 1236 quibus
577 1169 756 1236 potest
794 1164 911 1220 haec
955 1163 1139 1220 libere
1182 1179 1242 1220 se
1269 1180 1519 1232 movere,
1550 1168 1607 1220 et

135 1250 148 1259 ‘
245 1243 393 1301 alias
447 1245 729 1317 potentias
788 1244 1121 1317 applicare:
1166 1244 1229 1299 in
1268 1260 1378 1316 quo
1434 1259 1604 1300 sensu

244 1326 558 1401 procedunt
597 1327 927 1384 testimonia
955 1329 1016 1382 D.
1051 1326 1256 1384 Th‘om.
1290 1343 1475 1400 nuper
1501 1343 1606 1384 ex-

214 1423 446 1482 pensa.
492 1408 763 1465 Absolute
802 1408 962 1464 enim
1005 1405 1133 1463 fieri
1189 1413 1405 1479 potest,
1455 1407 1606 1480 quod

238 1487 521 1562 judicium
566 1488 833 1562 regulans
880 1486 1217 1544 volitionem
1262 1503 1378 1544 non
1425 1487 1502 1542 sit
1543 1487 1606 1542 in

244 1574 518 1641 potestate
568 1568 867 1640 suppositi,
910 1574 965 1624 et
1016 1566 1164 1639 quod
1215 1567 1606 1624 nihilominus

245 1649 447 1705 volitio
492 1647 834 1718 subsequuta
872 1648 946 1702 sit
995 1646 1195 1712 libera,
1255 1653 1339 1701 ut⁴
1367 1647 1431 1702 in
1475 1662 1604 1702 casu

245 1729 476 1801 replicae
502 1728 798 1799 contingit.
850 1730 1127 1783 Caeterum
1154 1727 1279 1783 sive
1310 1727 1511 1783 volitio
1531 1725 1607 1780 sit

247 1810 457 1881 prima,
508 1808 632 1864 sive
673 1807 940 1872 secunda,
991 1814 1049 1862 ut
1097 1808 1278 1864 libere
1314 1808 1599 1873 eliciatur,

244 1886 775 1961 indispensabiliter
802 1888 1072 1959 exposcit,
1117 1887 1265 1962 quod
1297 1887 1599 1963 judicium,

244 1985 345 2040 per
382 1966 534 2041 quod
583 1967 891 2039 regulatur,
935 1983 1051 2023 non
1095 1969 1171 2023 sit
1213 1967 1457 2024 omnino
1501 1982 1593 2022 ne-

239 2048 552 2104 cessarium
599 2047 661 2102 in
696 2046 958 2113 essendO,
1004 2052 1061 2103 et
1086 2047 1146 2102 in
1188 2063 1290 2103 suo
1318 2045 1552 2119 produci
1587 2069 1600 2111 ;

239 2129 337 2185 sed
388 2129 554 2187 debet
579 2130 680 2204 ⁴ita
706 2143 829 2184 esse
877 2128 940 2182 in
990 2127 1249 2192 instanti,
1279 2127 1342 2182 in
1376 2143 1487 2200 quo
1512 2143 1604 2183 re-

237 2211 394 2282 gulat
449 2210 807 2274 volitionem,
859 2213 918 2262 ut
962 2209 1134 2279 possit
1177 2207 1435 2264 absolute
1486 2222 1602 2263 non

239 2305 378 2354 esse,
407 2292 497 2346 vel
548 2306 647 2363 per
675 2294 1012 2361 potestatem
1057 2289 1175 2353 Dei,
1220 2293 1273 2343 et
1303 2293 1597 2356 creaturas,

242 2373 333 2427 vel
378 2374 583 2427 saltem
632 2387 733 2443 per
778 2370 880 2425 Dei
929 2375 1285 2440 potestatem.
1341 2371 1410 2424 Et
1458 2370 1603 2426 ratio

245 2452 489 2509 habetur
545 2469 616 2508 ex
664 2451 874 2507 dictis:
923 2452 1201 2523 quoniam
1250 2454 1397 2507 sicut
1448 2456 1604 2508 actus

249 2533 561 2591 voluntatis
580 2532 857 2605 dependet
885 2549 916 2587 a
955 2534 1051 2588 Dei
1083 2534 1478 2605 praemotione,
1525 2533 1603 2588 ita

241 2614 419 2670 etiam
468 2612 777 2669 necessario
804 2610 1085 2683 dependet
1112 2611 1181 2667 ab
1221 2610 1602 2686 ultimojudi-

239 2697 331 2752 cio
352 2695 595 2767 practico
621 2694 807 2766 ipsum
838 2693 1178 2765 imperante,
1210 2699 1265 2750 et
1291 2692 1601 2768 dirigente.

241 2775 407 2832 Unde
424 2778 682 2833 voluntas
705 2791 820 2831 non
842 2773 1052 2830 dicitur
1078 2781 1274 2852 potens
1301 2775 1510 2831 elicere
1541 2775 1602 2829 in

235 2857 434 2930 aliquo
479 2856 716 2913 instanti
766 2861 975 2922 actum,
1008 2855 1120 2911 nisi
1170 2859 1230 2911 ut
1273 2853 1599 2928 ponendum

234 2936 627 3011 dependenter
678 2942 797 2991 tam
844 2951 877 2991 a
926 2936 1515 3008 praemotione‚quam
1570 2952 1603 2990 a

228 3018 452 3095 judicio
476 3020 538 3076 in
558 3018 757 3075 eodem
774 3016 1013 3071 instanti
1043 3015 1432 3088 possibilibus.
1457 3018 1603 3079 Quo-

230 3099 390 3155 circa
411 3105 473 3154 ut
493 3097 677 3156 libere
719 3102 865 3168 agat,
892 3093 1057 3150 debet
1081 3101 1392 3152 connotare
1420 3095 1601 3151 Deum

231 3184 531 3253 potentem
556 3179 617 3234 in
643 3175 844 3234 eodem
881 3176 1119 3233 instanti
1144 3191 1513 3248 praemovere,
1546 3181 1602 3232 et

227 3274 582 3317 concurrere
597 3257 666 3314 ad
680 3257 961 3330 judicium
979 3257 1127 3313 circa
1142 3257 1479 3315 exercitium
1496 3273 1601 3328 op-

232 3341 514 3414 positum,
543 3337 693 3410 quod
725 3339 992 3394 voluntas
1022 3338 1252 3410 respicit
1276 3343 1336 3393 ut
1361 3336 1471 3393 sibi
1496 3336 1601 3393 ab-

220 3425 416 3480 solute
466 3418 757 3494 possibile.
814 3420 882 3473 Et
922 3419 1002 3475 ita
1043 3418 1243 3476 accidit
1281 3420 1345 3475 in
1387 3418 1601 3493 judicio

223 3502 540 3574 regulante
564 3500 814 3572 primam
849 3499 1187 3555 volitionem
1216 3499 1550 3573 Angelicam
1583 3522 1595 3565 ;

219 3599 365 3640 nam
427 3581 559 3637 licet
606 3581 870 3637 voluntas
907 3579 1112 3651 Angeli
1144 3584 1385 3651 nequeat
1421 3579 1514 3635 vel
1539 3594 1601 3635 se

219 3663 530 3736 applicare
575 3658 646 3716 ad
692 3660 804 3716 tale
837 3657 1136 3732 judicium,
1186 3660 1279 3715 vel
1307 3675 1426 3715 ase
1453 3658 1600 3714 illud

216 3743 542 3803 excludere
569 3765 583 3807 ;
635 3740 1018 3796 nihilominus
1050 3742 1196 3797 Deus
1226 3746 1405 3812 potest
1433 3740 1600 3797 abso-

218 3829 344 3885 lute
369 3826 495 3882 tale
515 3821 797 3896 judicium
838 3822 1210 3886 vel-mutare,
1243 3822 1335 3878 vel
1357 3838 1601 3895 suspen-

216 3910 382 3967 dere.
431 3903 778 3972 Quodsatis
804 3909 905 3970 est,
960 3909 1020 3959 ut
1061 3904 1327 3960 voluntas
1371 3904 1595 3978 Angeli,

213 3997 518 4064 quatenus
538 3991 654 4045 Deo
679 3988 759 4043 sic
786 3986 1001 4058 potenti
1023 3984 1418 4052 subordinata,
1470 4003 1602 4058 pos-

213 4074 294 4128 sit
321 4073 388 4128 in
416 4068 753 4142 oppositum
781 4068 1140 4133 exercitium,
1172 4071 1228 4123 et
1249 4082 1600 4138 consequen-

215 4160 307 4209 ter
361 4150 556 4209 libere
608 4150 672 4205 in
734 4148 923 4220 prima
969 4148 1247 4205 volitione
1296 4162 1357 4204 se
1404 4152 1594 4222 gerat.

215 4236 520 4290 Caeterum
550 4229 603 4284 si
642 4230 789 4284 Deus
814 4234 1008 4302 ageret
1043 4243 1112 4284 ex
1137 4229 1469 4285 necessitate
1494 4244 1600 4285 na-

214 4319 387 4380 turae,
415 4312 506 4368 ita
532 4313 902 4366 concurreret
935 4308 1004 4365 ad
1047 4304 1423 4366 formandum
1441 4308 1601 4382 judi-

210 4398 375 4455 cium
424 4392 698 4465 dirigens
753 4392 1100 4449 volitionem
1127 4436 1140 4458 ,
1187 4398 1249 4447 ut
1296 4392 1358 4448 in
1399 4390 1607 4464 eodem*

212 4476 470 4536 instanti
503 4488 628 4529 non
650 4480 833 4545 posset
859 4475 950 4529 vel
972 4474 1305 4546 praedictum
1316 4472 1600 4548 judicium

211 4575 334 4618 non
356 4552 726 4617 causare,vel
754 4552 824 4609 ad
846 4554 1209 4610 contrarium
1232 4568 1595 4610 concurrere.

209 4637 387 4696 Unde
414 4631 631 4692 volitio
683 4631 1026 4705 subsequuta
1070 4639 1215 4690 esset
1257 4633 1602 4706 simpliciter

206 4715 574 4780 necessaria,
625 4713 835 4786 quippe
873 4729 1000 4784 quae
1026 4729 1143 4771 non
1178 4719 1512 4770 connotaret
1540 4720 1602 4769 ut

2988 417 3110 475 259

1740 596 2113 653 formandum
2136 596 2280 652 illud
2312 594 2608 670 judicium,
2639 591 2789 666 quod
2817 588 3101 665 regulavit

1741 679 1993 750 primam
2016 679 2352 735 volitionem
2379 677 2732 752 Angelicam,
2767 690 2875 746 qua
2906 674 3098 745 Ange-

1741 759 1829 813 lus
1874 758 1945 814 ad
1993 758 2267 814 ultimum
2309 757 2486 814 finem
2526 771 2835 813 conversus
2875 757 2977 817 est,
3002 751 3100 808 vel*

1739 844 1925 911 posset
1951 837 2020 895 ad
2049 839 2371 911 oppositum
2401 835 2682 912 judicium
2730 847 3097 899 concurrere,

1736 926 2070 993 sequeretur
2102 923 2387 994 Angelum
2437 918 2682 992 potuisse
2729 915 2985 972 absolute
3033 913 3098 968 in

1741 1002 1930 1071 primo
1971 1001 2209 1057 instanti
2257 1014 2484 1072 peccare
2539 1018 2554 1053 ε
2602 1010 2951 1067 consequens
3016 999 3102 1048 est

1740 1080 1968 1146 falsum,
1988 1085 2048 1137 ut
2069 1083 2180 1138 late
2199 1080 2555 1137 ostendimus
2576 1080 2637 1133 in
2657 1084 2817 1132 tract.
2843 1076 2906 1129 de
2926 1073 3104 1143 Ληρε-

1739 1162 1826 1228 lis,
1849 1162 1991 1235 disp.
2026 1164 2109 1228 10,
2140 1162 2269 1218 dub.
2293 1163 2454 1216 unico
2470 1176 2635 1234 :ergo
2657 1164 2713 1215 et
2735 1155 3098 1214 antecedens.

1738 1243 1977 1313 Sequela
2016 1240 2355 1306 ostenditur,
2390 1255 2525 1296 nam
2568 1238 2918 1312 praecipuum
2961 1235 3101 1290 fun-

1738 1322 2076 1381 damentum
2124 1322 2194 1379 ad
2247 1321 2640 1386 asserendum,
2696 1319 2981 1392 Angelum
3038 1316 3107 1371 in·

1740 1405 1930 1476 primo
1952 1403 2193 1460 instanti
2223 1418 2339 1461 non
2368 1418 2530 1475 posse
2575 1415 2821 1474 peccare,
2857 1402 2941 1454 est
2965 1396 3109 1469 quia

1739 1489 1872 1540 ante
1894 1484 2145 1557 primam
2169 1483 2507 1540 volitionem
2537 1498 2656 1539 non
2680 1479 2863 1553 potuit
2886 1491 3101 1550 praece-

1737 1564 1874 1622 dere
1920 1565 1981 1619 in
2012 1564 2306 1621 intellectu
2346 1563 2553 1638 Angeli
2602 1560 2810 1633 aliquis
2856 1558 3116 1614 desectus-

1737 1647 1830 1702 vel
1882 1645 2117 1709 erroriS,
2177 1645 2268 1701 vel
2318 1639 2905 1700 inconsiderationis:
2944 1637 3100 1709 atqui

1737 1728 1785 1783 si
1818 1730 1964 1784 Deus
1994 1743 2111 1783 non
2157 1730 2525 1782 concurreret
2552 1723 2621 1780 ad
2669 1721 2814 1778 illud
2843 1720 3106 1792 primum-

1732 1805 2195 1881 judicium,quod
2214 1806 2461 1879 Angelus
2480 1804 2550 1860 de
2574 1799 2717 1860 facto
2729 1800 3104 1872 habuit‚prae-

1736 1886 1960 1944 cederet
1989 1888 2050 1943 in
2079 1887 2369 1960 intellectu
2400 1885 2672 1958 Angelico
2704 1879 3102 1939 inconsidera-

1737 1969 1816 2024 tio
1852 1972 1944 2024 :et
1988 1966 2036 2022 si
2072 1968 2217 2022 Deus
2268 1969 2632 2042 concurreret
2660 1962 2752 2018 ad·
2776 1961 3101 2034 oppositum

1731 2049 2035 2124 judicium,
2081 2046 2423 2120 praecederet
2449 2062 2613 2103 error
2648 2067 2659 2100 :
2688 2060 2824 2117 ergo
2871 2043 2920 2097 si
2950 2045 3097 2098 Deus

1740 2137 1924 2204 posset
1971 2128 2225 2186 absolute
2280 2144 2397 2185 non
2442 2142 2782 2184 concurrere
2829 2125 2899 2181 ad
2952 2124 3099 2181 illud

1731 2211 2051 2287 judicium,
2107 2212 2194 2266 vel
2241 2224 2587 2266 concurrere
2632 2208 2700 2263 ad
2748 2207 3093 2279 oppositum,

1737 2300 1920 2367 posset
1961 2294 2215 2367 Angelus
2259 2291 2514 2348 absolute
2542 2292 2603 2347 in
2628 2291 2817 2363 primo
2858 2289 3097 2345 instanti

1737 2390 1986 2447 peccare.

1811 2455 1886 2507 Ut
1911 2453 2043 2508 huic
2078 2451 2393 2508 difficultati
2423 2451 2715 2523 perspicue
2741 2453 3091 2516 occurratur,
3138 2461 3258 2502 Nota.

1735 2531 1977 2590 observa
1997 2549 2067 2589 ex
2093 2532 2259 2587 dictis
2278 2532 2420 2604 disp.
2455 2534 2510 2596 2,
2541 2531 2668 2586 dub.
2693 2531 2748 2594 4,
2782 2533 2812 2598 g
2839 2532 2891 2593 3,
2927 2529 3099 2602 repli-

1733 2630 1858 2670 cam
1885 2615 2029 2670 hanc
2054 2629 2169 2670 non
2190 2628 2349 2684 posse
2370 2611 2583 2668 habere
2605 2612 2813 2675 locum,
2832 2611 2947 2666 nisi
2969 2626 3099 2683 sup-

1736 2695 1914 2766 posita
1940 2694 2261 2750 elevatione
2286 2693 2492 2766 Angeli
2521 2691 2590 2748 ad
2623 2692 2895 2747 ultimum
2919 2689 3100 2747 finem

1733 2776 2235 2848 supernaturalem
2273 2797 2287 2840 ;
2341 2774 2393 2829 si
2439 2773 2601 2830 enim
2668 2773 2731 2827 in
2769 2772 2888 2827 suis
2941 2772 3100 2845 puris

1735 2855 2097 2913 naturalibus
2121 2855 2565 2928 relinqueretur,
2615 2868 2682 2910 eo
2704 2852 2828 2925 ipso
2875 2855 3099 2909 amaret

1735 2937 2007 2992 ultimum
2036 2935 2197 2991 illius
2236 2934 2460 2992 ordinis
2500 2933 2696 2999 finem,
2744 2949 2860 2990 non
2892 2932 3091 3000 libere,

1732 3016 1831 3073 sed
1860 3016 2180 3074 necessario
2232 3014 2491 3072 absolute
2527 3036 2541 3072 ε
2585 3019 2642 3071 et
2686 3019 3097 3087 consequenter

1734 3112 1852 3155 non
1881 3102 2067 3170 posset
2106 3099 2253 3153 Deus
2280 3097 2372 3153 vel
2405 3095 2687 3170 judicium
2717 3093 2887 3150 illum
2933 3088 3097 3152 amo'-

1736 3196 1857 3235 rem
1888 3181 2157 3253 regulans
2177 3177 2543 3250 suspendere,
2568 3178 2661 3234 vel
2684 3176 2754 3233 ad
2772 3176 3093 3248 oppositum

1727 3258 2010 3332 judicium
2036 3274 2379 3316 concurrere
2406 3257 2539 3315 :sed
2563 3256 2805 3330 perinde
2831 3272 2891 3313 se
2918 3256 3096 3313 habe-

1735 3346 1819 3396 ret
1843 3340 1987 3396 illud
1998 3340 2302 3415 judicium,
2327 3340 2473 3395 sicut
2491 3337 2753 3411 quaedam
2778 3337 3096 3410 proprietas

1734 3422 1936 3496 Angeli
1968 3422 2077 3495 ipsi
2119 3421 2441 3479 necessario
2467 3420 2840 3477 conveniens,
2872 3421 3094 3491 Suppo-

1731 3503 1844 3558 sita
1870 3507 2059 3558 autem
2107 3502 2430 3558 elevatione
2477 3500 2682 3574 Angeli
2712 3498 2780 3555 ad
2829 3497 3093 3555 ordinem

1731 3583 2256 3657 supernaturalem,
2288 3588 2488 3640 manet
2517 3580 2685 3646 liber,
2712 3586 2767 3636 et
2812 3577 3103 3653 obligatus

1732 3666 1804 3723 ad
1826 3664 2187 3740 diligendum
2217 3666 2491 3721 ultimum
2528 3662 2707 3720 finem
2747 3666 3095 3734 supernatu-

1735 3748 1937 3811 ralem,
1965 3747 2084 3802 imo
2103 3751 2160 3801 et
2188 3746 2514 3802 naturalem
2531 3742 2708 3800 finem
2739 3747 2798 3797 ut
2822 3757 3097 3814 superna·
3141 3817 3145 3820 y

1733 3829 1910 3884 turali
1939 3826 2381 3884 subordinatum
2417 3847 2429 3881 :
2468 3831 2528 3882 et
2558 3826 2619 3881 in
2650 3825 2755 3881 hac
2795 3824 3093 3897 hypothesi

1735 3907 1989 3981 procedit
2011 3909 2242 3982 replica,
2272 3909 2417 3964 alias
2446 3912 2684 3982 negatur
2708 3905 3090 3977 suppositum.

1809 3989 2043 4047 Deinde
2083 3989 2325 4046 observa
2356 4033 2369 4054 ,
2424 3987 2572 4061 quod
2620 3987 2751 4044 licet
2804 3987 3127 4059 supposito,

1734 4075 2011 4143 praecepto
2031 4070 2458 4142 supernaturali
2489 4067 2780 4142 obligante
2808 4062 3107 4140 Angelum*

1734 4149 1795 4204 in
1821 4151 2013 4222 primo
2036 4150 2293 4217 instanti,
2320 4156 2381 4205 ut
2400 4165 2461 4206 se
2479 4148 2721 4205 referret
2743 4149 2804 4203 in
2824 4148 3095 4203 ultimum

1732 4228 1908 4286 finem
1974 4231 2493 4304 supernaturalem,
2539 4227 2822 4302 judicium
2878 4226 3100 4283 dictans

1732 4326 1991 4368 amorem
2018 4309 2154 4367 finis
2201 4309 2485 4366 naturalis
2511 4307 2765 4364 sistendo
2794 4307 2896 4374 ibi,
2953 4314 3099 4364 esset

1732 4408 2061 4458 erroneum,
2106 4397 2162 4449 et
2198 4392 2474 4448 similiter
2510 4389 2714 4446 volitio
2751 4388 2842 4443 illi
2880 4386 3098 4460 judicio

1730 4472 2183 4545 correspondens
2209 4477 2356 4530 esset
2385 4469 2779 4545 peccaminosa
2812 4492 2825 4535 ;
2875 4469 3096 4527 nihilo-

1731 4553 1929 4609 minus
1969 4553 2081 4608 tale
2115 4552 2397 4624 judicium
2437 4547 2753 4607 seeundum
2783 4563 2844 4604 se
2871 4564 2989 4605 non
3012 4555 3096 4606 est

1731 4647 2063 4698 erroneum,
2089 4637 2144 4688 et
2164 4632 2296 4688 talis
2318 4630 2520 4689 volitio
2542 4626 2860 4685 secundum
2887 4643 2947 4685 se
2976 4644 3094 4685 non

1732 4720 1817 4772 est
1839 4715 2248 4788 peccaminosa.
2275 4714 2333 4769 Si
2360 4711 2520 4769 enim
2552 4725 2667 4766 non
2707 4708 2924 4766 adesset
2947 4725 3095 4781 pras-

1733 4801 1956 4869 ceptum
1972 4794 2232 4869 obligans
2253 4793 2536 4867 Angelum
2555 4789 2626 4847 ad
2642 4806 2701 4847 se
2724 4789 3093 4847 referendum

207 4797 527 4874 possibilia
567 4809 676 4866 pro
700 4790 899 4848 eodem
931 4793 1169 4850 instanti
1194 4793 1480 4866 principia
1508 4810 1602 4851 re-

203 4880 431 4956 quisita
460 4874 540 4934 ad
563 4874 893 4946 oppositum
921 4875 1285 4932 exercitium.
1594 4872 1615 4890 ⁰

15 4984 175 5028 urens
283 4964 424 5021 360.
473 4956 595 5014 Sed
657 4954 841 5012 adhue
888 4955 1117 5030 urgebis
1165 4978 1179 5013 ε
1225 4958 1502 5029 quoniam
1551 4957 1603 5013 si

0 5041 164 5082 ’ΨΜ
211 5050 368 5105 Deus
425 5042 633 5117 posset
672 5034 926 5094 absolute
976 5054 1091 5095 non
1143 5053 1486 5097 concurrere
1532 5038 1603 5096 ad

1734 4879 1798 4934 in
1833 4877 2105 4933 ultimum
2134 4873 2312 4932 finem
2339 4873 2860 4946 supernaturalem,
2913 4871 3093 4930 ratio-
3156 4884 3163 4901 “

1736 4956 2028 5023 nabiliter,
2052 4961 2109 5012 et
2127 4953 2339 5027 absque
2366 4969 2564 5010 errore
2603 4957 2787 5026 posset
2808 4950 3085 5023 judicare,

1736 5036 2028 5109 Diliyenda
2041 5043 2116 5093 est
2139 5035 2562 5092 mihibeatitudo
2570 5032 3096 5099 naturali3,eaecluso
