3647 5753
565 414 676 470 258
1592 409 1685 466 DE
1724 406 1995 464 GRATIA
2034 406 2377 465 EFFICACI.

565 594 820 645 creatum
867 590 992 647 fore
1039 589 1438 661 perfectiorem
1470 589 1673 651 divino
1697 632 1711 656 ,
1772 584 1922 660 quod

568 669 813 728 destruit
836 670 1020 742 ipsam
1042 669 1798 742 suppositionem.Quocirca
1823 684 1924 725 ar-

565 754 903 827 gumentum
929 748 1101 818 istud,
1151 766 1264 823 quo
1315 749 1497 806 utitur
1549 750 1746 823 Godoy
1765 766 1917 804 num.

574 831 729 898 ll,in
755 830 906 903 ipsos
934 830 1308 887 Adversarios
1335 836 1419 888 est
1448 829 1921 903 retorquendum:

567 912 840 987 quoniam
872 915 930 965 ut
961 912 1223 967 voluntas
1270 911 1488 968 feratur
1513 909 1694 967 libere
1719 911 1784 965 in
1818 908 1925 966 ob·-

560 994 793 1068 jectum,
825 990 992 1048 debet
1018 992 1337 1048 intellectus
1378 991 1635 1066 judicare
1655 1008 1785 1048 cum
1827 990 1925 1045 in-

568 1073 893 1131 differentia
925 1096 940 1140 3
988 1073 1059 1129 ad
1085 1071 1234 1145 quod
1282 1073 1617 1146 requiritur,
1649 1072 1797 1146 quod
1820 1087 1925 1144 ap·-

570 1153 884 1229 prehendat
926 1152 1139 1210 bonum
1192 1155 1256 1211 in
1306 1155 1601 1212 communi
1638 1176 1651 1210 :
1709 1153 1808 1210 sed
1862 1153 1925 1208 in

571 1236 871 1313 hypothesi
900 1236 1032 1293 data
1059 1237 1379 1294 intellectus
1405 1243 1629 1295 creatus
1677 1253 1795 1294 non
1818 1237 1926 1293 ha-

569 1316 728 1375 beret
754 1317 1031 1391 maJ‘orem
1075 1317 1568 1374 universalitatem
1597 1318 1660 1373 in
1686 1332 1928 1391 cognos-

566 1399 759 1466 cend0,
783 1414 955 1472 quam
978 1398 1298 1456 intellectus
1323 1398 1558 1455 divinus
1576 1423 1591 1465 3
1612 1404 1668 1455 et
1695 1399 1786 1455 hic
1810 1414 1926 1455 non

568 1484 925 1554 cognosceret
971 1478 1186 1537 bonum
1233 1480 1297 1535 in
1347 1480 1663 1547 communi,
1694 1484 1751 1536 et
1795 1495 1927 1535 cum

572 1559 961 1618 indifferentia
1016 1558 1086 1615 ad
1128 1560 1276 1617 bona
1316 1560 1689 1633 particularia
1715 1584 1729 1627 3
1785 1560 1929 1615 alias

572 1641 746 1697 etiam
769 1645 960 1716 ageret
987 1638 1189 1706 libere,
1209 1644 1468 1714 utnuper
1490 1640 1770 1697 diximus:
1793 1654 1930 1714 ergo

575 1723 638 1779 in
668 1721 933 1795 praedicta
959 1721 1258 1796 hypothesi
1299 1723 1570 1779 voluntas
1594 1727 1784 1779 creata
1811 1738 1931 1779 non

551 1801 774 1870 iibere,
799 1799 896 1858 sed
928 1802 1247 1859 necessario
1268 1807 1482 1876 ageret.

362 1889 450 1944 Rc
430 1895 550 1944 1³9ss-
650 1881 758 1938 Sed
784 1880 986 1936 demus
1011 1881 1392 1950 AdversariiS,
1424 1880 1574 1955 quod
1610 1882 1932 1940 intellectus

389 1934 546 2027 ᾞξᾶῗ-
576 1967 795 2018 creatus
822 1962 885 2018 in
907 1978 972 2018 ea
1000 1962 1300 2035 hypothesi
1319 1962 1778 2035 apprehenderet
1804 1963 1934 2018 uni-

365 2033 564 2126 ”ffifflgx
580 2044 843 2112 versalia,
874 2051 930 2101 et
949 2042 1098 2116 quod
1124 2045 1414 2116 supposita
1440 2045 1766 2116 cognitione
1795 2043 1933 2101 boni

580 2124 641 2181 in
668 2124 982 2190 communi,
1005 2122 1288 2197 judicaret
1316 2124 1420 2180 hoc
1443 2123 1662 2181 bonum
1690 2126 1935 2197 particu-

581 2205 702 2261 lare
728 2203 1185 2277 amplectendum
1207 2203 1541 2269 esse,adhuc
1564 2205 1766 2262 volitio
1795 2204 1936 2261 sub-

579 2290 817 2357 sequuta
836 2288 983 2341 esset
1002 2283 1417 2339 necessaria.Et
1441 2285 1589 2342 ratio
1610 2285 1936 2343 desumitur
1967 2283 1971 2286 ’

281 2413 284 2416 .
384 2359 546 2403 D·'1'b⁰·
579 2380 650 2421 ex
677 2366 746 2421 D.
775 2365 979 2421 Thom.
1007 2371 1189 2441 quaest.
1219 2366 1311 2430 24,
1341 2364 1407 2419 de
1448 2362 1700 2433 Veritate,
1731 2374 1842 2422 art.
1876 2369 1931 2433 2,

581 2443 679 2500 ubi
709 2444 790 2499 ait
816 2466 828 2500 :
858 2443 928 2500 Si
942 2445 1222 2515 judicium
1243 2449 1612 2516 coynoscitivae
1636 2465 1744 2503 non
1767 2449 1842 2502 sit
1876 2449 1937 2503 in

575 2529 836 2596 potestate
860 2524 1121 2595 alicujus,
1150 2524 1242 2578 sed
1266 2527 1337 2579 sit
1358 2525 1586 2580 aliunde
1611 2526 1939 2583 determina·

582 2611 839 2672 tum;nec
852 2607 1127 2677 appetitus
1150 2606 1254 2659 erit
1272 2607 1331 2660 in
1344 2613 1602 2677 potestate
1615 2609 1750 2676 ejus,
1766 2614 1817 2661 et
1845 2624 1939 2679 per

582 2701 903 2763 consequens
927 2704 1022 2741 nec
1071 2692 1267 2753 motus,
1299 2688 1383 2742 vel
1407 2690 1649 2759 operatio
1674 2688 1935 2746 absolute.

582 2763 866 2821 Iudicium
894 2772 1077 2820 autem
1120 2772 1198 2820 est
1224 2768 1284 2820 in
1326 2773 1587 2839 potestate
1602 2768 1934 2839 judicantis,

583 2845 878 2902 secundum
899 2845 1220 2920 quodpotest
1246 2846 1416 2902 desua
1426 2847 1643 2919 judicio
1654 2849 1942 2921 judicare·

584 2928 648 2983 de
672 2946 730 2983 eo
754 2930 920 2992 enim,
946 2928 1090 3002 quod
1114 2931 1272 2984 estin
1298 2936 1485 2984 nostra
1507 2937 1786 3002 potestate,
1807 2949 1941 3005 pos-

585 3025 774 3063 sumus
783 3008 1060 3080 judicare
1090 3011 1161 3064 Et
1190 3010 1208 3064 l
1236 3016 1381 3079 part.
1415 3019 1594 3087 quaest.
1621 3014 1713 3079 83,
1743 3020 1856 3069 art.
1892 3016 1937 3081 l,

587 3089 814 3161 inquit:
861 3086 1040 3145 Homo
1090 3092 1207 3159 agit
1248 3090 1481 3161 judicic,
1527 3093 1660 3165 quia
1704 3110 1801 3165 per
1828 3096 1940 3149 vim

586 3170 1005 3240 coynoscitivam
1016 3170 1235 3242 judicat
1249 3169 1466 3264 aliquid
1475 3188 1583 3226 esse
1595 3172 1939 3242 sapiendum,

586 3251 672 3306 vel
695 3250 1142 3326 prosequendum.
1198 3249 1307 3308 Sed
1329 3254 1462 3320 quia
1492 3252 1771 3323 judicium
1799 3255 1946 3311 istud

588 3348 697 3387 non
722 3338 798 3386 est
824 3348 897 3386 ecc
934 3332 1186 3387 naturali
1230 3333 1497 3387 instinctu
1521 3335 1582 3387 in
1606 3335 1946 3405 particulari

589 3411 872 3485 operabili,
903 3413 995 3467 sed
1013 3429 1085 3467 em
1103 3412 1388 3468 collatione
1415 3413 1658 3490 quadam
1683 3417 1941 3484 rationis,

591 3493 711 3550 ideo
754 3495 870 3563 ayit
923 3494 1087 3549 libero
1120 3494 1355 3565 judicic,
1393 3501 1586 3566 potens
1624 3496 1684 3549 in
1724 3496 1947 3552 diversa

593 3576 749 3647 ferri.
783 3576 851 3630 Et
878 3576 1141 3640 inhacl,
1173 3576 1228 3644 2,
1254 3582 1434 3653 quast.
1476 3576 1558 3642 17,
1590 3581 1699 3632 art.
1740 3577 1862 3632 lad
1888 3579 1943 3645 2,

593 3656 673 3712 ait
698 3678 711 3712 ε
737 3654 836 3712 Ex
860 3656 959 3711 hoc
986 3656 1242 3711 voluntas
1260 3662 1435 3728 potest
1453 3656 1527 3711 ad
1545 3656 1764 3712 diversa
1785 3659 1943 3730 ferri,

625 3739 724 3792 uia
750 3737 897 3790 ratio
913 3742 1084 3809 potest
1108 3736 1302 3792 habere
1321 3737 1569 3793 diversas
1586 3740 1951 3810 conceptiones

591 3754 739 3872 goni.
787 3815 865 3872 Et
892 3815 1010 3872 ideo
1036 3816 1355 3890 Philosophi
1393 3819 1678 3892 diffiniunt
1721 3818 1950 3874 liberum

593 3895 908 3963 arbitrium,
945 3896 1087 3972 quod
1109 3904 1186 3951 est
1209 3897 1437 3953 liberum
1470 3898 1533 3951 dc
1554 3900 1768 3952 ratione
1785 3898 1951 3969 judi-

595 3978 760 4032 cium.
803 3974 1023 4040 Quibus
1049 3977 1186 4031 locis
1212 3983 1406 4049 aperte
1445 3977 1605 4034 docet
1633 3979 1695 4033 D.
1740 3978 1945 4035 Thom.

575 4058 578 4060 ’
592 4054 875 4130 judicium
904 4056 1364 4127 praerequisitum
1387 4056 1458 4113 ad
1498 4056 1859 4124 volitionem,
1890 4061 1953 4113 ut

596 4138 719 4212 ejus
739 4136 991 4193 libertati
1020 4152 1136 4194 non
1166 4138 1738 4213 praejudicet,1debere
1757 4138 1953 4214 subja-

597 4233 724 4274 cere
745 4216 1020 4284 hominis,
1071 4218 1164 4273 vel
1188 4219 1391 4274 saltem
1417 4219 1514 4275 Dei
1545 4219 1804 4291 potestati
1838 4219 1955 4286 3ita

601 4304 660 4355 ut
687 4300 749 4355 in
797 4298 997 4356 eodem
1027 4300 1285 4368 instanti,
1313 4300 1377 4355 in
1404 4316 1515 4372 quo
1543 4300 1955 4375 homo-judicat

600 4381 703 4437 hoc
724 4379 939 4436 bonum
968 4380 1315 4451 particulare
1352 4381 1464 4448 hic,
1489 4387 1543 4438 et
1572 4397 1726 4437 nunc
1747 4396 1955 4439 aman-

599 4458 737 4515 dum
778 4475 918 4527 esse,
953 4461 1128 4532 possit
1155 4459 1366 4518 habere
1391 4461 1681 4519 diversam
1715 4477 1953 4534 concep-

601 4540 815 4598 tionem
863 4539 1020 4607 boni,
1059 4545 1116 4597 et
1148 4541 1473 4614 oppositum
1519 4542 1799 4616 judicare.
1844 4541 1956 4598 Ubi

599 4623 756 4693 enim
780 4621 1062 4697 judicium
1101 4628 1248 4681 esset
1285 4625 1366 4681 ita
1390 4623 1862 4691 determinatum,
1895 4630 1959 4681 ut

603 4720 720 4762 non
756 4710 939 4777 posset
984 4704 1238 4763 absolute
1279 4707 1513 4771 mutari,
1561 4708 1957 4764 necessitatem

602 4784 919 4842 absolutam
965 4784 1225 4844 interret.
1270 4789 1393 4851 Qua
1421 4788 1644 4844 ratione
1671 4786 1873 4860 probat
1896 4788 1953 4845 S.

604 4866 805 4922 Doctor
827 4867 948 4922 loco
967 4866 1136 4924 citato
1174 4882 1246 4943 ex
1269 4868 1580 4940 quaestione
1601 4866 1672 4925 de
1691 4868 1953 4935 veritate,

602 4945 752 5019 quod
778 4944 961 5002 brutis
990 4947 1224 5005 libertas
1251 4963 1366 5005 non
1389 4948 1556 5015 inest,
1587 4949 1724 5021 quia
1745 4948 1959 5006 videli-

602 5029 689 5082 cet
710 5023 968 5099 judicant
993 5042 1122 5083 cum
1143 5026 1623 5085 determinatione
1650 5027 1721 5084 ad
1749 5045 1955 5096 unum,

2056 599 2158 641 nec
2201 584 2413 642 habent
2441 589 2773 659 potestatem
2796 583 2866 640 ad
2894 581 3230 639 mutandum
3248 579 3391 655 judi-

2054 669 2227 735 cium,
2253 673 2309 725 et
2335 664 2706 725 formandu'm
2748 666 3035 722 dictamen
3063 663 3389 737 oppositum.

2056 750 2121 804 In
2149 748 2452 823 hypothesi
2498 753 2708 817 autem,
2740 746 2890 820 quod
2932 750 3080 802 Deus
3123 747 3305 819 ageret
3329 760 3390 800 ex

2055 831 2386 888 necessitate
2414 835 2652 898 naturae,
2680 830 2852 886 homo
2880 827 3097 884 habens
3122 827 3185 883 in
3219 826 3395 898 aliquo

2056 912 2296 968 instanti
2329 910 2610 985 ¹iudicium
2636 910 2859 967 dictans
2905 908 3121 966 bonum
3159 907 3393 999 particu-

2057 996 2179 1052 lare
2229 992 2687 1066 prosequendum
2752 990 2892 1061 esse,
2950 1007 3069 1048 non
3116 994 3295 1062 posset
3336 989 3393 1044 in

2054 1075 2256 1134 eodem
2300 1076 2541 1132 instanti
2586 1075 2908 1148 oppositum
2950 1071 3234 1146 judicium
3285 1070 3396 1127 for-

2055 1173 2235 1213 mare.
2267 1156 2551 1221 Quoniam
2595 1154 2863 1230 praedicta
2894 1158 3139 1226 potestas
3184 1147 3400 1209 dehet-et

2057 1237 2283 1295 homini
2310 1237 2622 1294 convenire
2661 1242 2723 1291 ut
2761 1232 3139 1291 subordinato
3169 1235 3278 1289 Deo
3304 1246 3398 1305 po-

2058 1317 2200 1375 tenti
2230 1318 2293 1374 in
2319 1317 2519 1374 eodem
2547 1316 2788 1372 instanti
2817 1313 2889 1371 ad
2918 1312 3287 1370 formandum
3313 1327 3399 1383 op-

2060 1400 2306 1471 positum
2362 1398 2646 1471 judicium
2688 1412 3059 1454 concurrere.
3116 1398 3399 1468 Repugnat

2060 1497 2218 1547 vero,
2248 1480 2398 1554 quod
2427 1483 2573 1536 Deus
2600 1494 2773 1552 agens
2799 1475 2871 1535 ex
2892 1477 3223 1535 necessitate
3244 1481 3400 1532 natu·

2061 1576 2140 1617 rae
2164 1561 2339 1633 possit
2356 1561 2418 1616 in
2440 1560 2640 1617 eodem
2664 1559 2998 1625 instanti,in
3015 1573 3128 1630 quo
3145 1556 3216 1613 ad
3233 1570 3399 1612 unum

2060 1642 2368 1706 concurrit,
2401 1640 2546 1697 illud
2574 1640 2860 1707 omittere,
2903 1646 2960 1697 et
2980 1654 3317 1697 concurrere
3341 1635 3404 1693 ad

2061 1723 2386 1795 oppositum
2406 1745 2420 1788 3
2443 1721 2580 1794 quia
2601 1720 2694 1776 hic
2715 1719 2916 1779 modus
2938 1719 3144 1794 agendi
3171 1725 3255 1775 est
3280 1732 3403 1790 pro·

2064 1806 2243 1877 prius,
2272 1809 2330 1861 et
2356 1803 2757 1860 constitutivus
2784 1803 3005 1877 agentis
3026 1800 3219 1857 liberi.
3253 1798 3406 1855 Unde

2058 1885 2337 1959 judicium
2378 1884 2636 1942 bominis
2683 1883 2746 1939 in
2800 1881 3068 1955 praediota
3116 1879 3403 1955 hypothesi

2066 1983 2182 2024 non
2227 1971 2375 2023 esset
2402 1966 2650 2022 liberum
2705 1963 2891 2021 adhuc
2921 1969 2985 2019 ut
3004 1981 3128 2040 quo,
3153 1961 3249 2018 sed
3270 1961 3410 2017 voli-

2065 2048 2284 2105 tionem
2312 2047 2555 2104 omnino
2583 2047 2965 2103 necessariam
2997 2045 3261 2100 inferret.
3309 2045 3413 2097 Nec

2067 2131 2445 2203 apprehensio
2466 2128 2601 2186 boni
2625 2129 2687 2184 in
2699 2144 2925 2184 commu
2936 2128 2993 2183 ni
3021 2131 3249 2199 pararet
3271 2139 3413 2198 prac-

2066 2212 2175 2268 tice
2201 2212 2355 2267 viam
2371 2210 2438 2266 ad
2457 2207 2835 2300 judicandum
2859 2224 2989 2264 cum
3007 2204 3411 2263 indifferentia

2066 2291 2164 2348 sed
2184 2307 2246 2347 se
2271 2291 2505 2349 haberet
2531 2289 2690 2362 quasi
2720 2304 2878 2346 mere
2890 2287 3261 2361 speculative3
3285 2299 3412 2340 nam

2030 2385 2034 2398 ·
2068 2372 2314 2445 cognitio
2341 2369 2707 2434 universalis,
2753 2368 2846 2424 vel
2875 2367 3053 2424 boni'
3039 2383 3102 2422 in
3125 2363 3415 2423 communi

2067 2457 2302 2509 eatenus
2351 2450 2571 2508 confert
2624 2443 2696 2504 ad
2747 2446 3093 2513 libertatem,
3142 2450 3416 2518 quatenus

2069 2536 2339 2590 c'onnotat
2391 2536 2725 2605 potestatem
2754 2527 3044 2586 formandi
3072 2527 3175 2584 div
3178 2543 3321 2592 ersa,
3359 2530 3411 2581 et

2070 2614 2324 2686 opposita
2340 2611 2555 2686 judicia
2576 2609 2948 2684 particularia
2975 2607 3309 2666 immediate
3332 2621 3420 2662 re-

2068 2693 2328 2766 gulantia
2352 2690 2687 2747 volitionem
2719 2712 2735 2756 3
2782 2704 2906 2761 quae
2929 2693 3176 2761 potestas
3199 2689 3260 2743 in
3283 2701 3419 2759 prte-

2070 2771 2218 2828 dicta
2245 2770 2545 2846 hypothesi
2592 2785 2712 2827 non
2744 2768 2983 2835 adesset,
3014 2774 3076 2824 ut
3120 2772 3339 2826 constat
3355 2781 3420 2822 ex

2071 2851 2255 2909 dietis.

2146 2933 2277 2987 359.
2321 2929 2686 3002 Replicabis:
2733 2928 3011 3003 quoniam
3048 2929 3307 3001 primum
3330 2927 3559 3000 ju-Remffi

2074 3013 2289 3070 dicium
2332 3013 2604 3087 regulans
2661 3012 2913 3084 primam
2947 3010 3154 3085 Angeli
3197 3009 3426 3066 volitio-

2075 3111 2210 3152 nem
2239 3109 2355 3150 non
2377 3093 2486 3148 fuit
2501 3094 2563 3149 in
2584 3091 2788 3166 Angeli
2807 3096 3077 3164 potestate
3096 3114 3111 3157 ;
3137 3095 3199 3147 et
3226 3091 3425 3148 nihilo·

2076 3177 2271 3232 minus
2297 3173 2500 3231 volitio
2524 3172 2869 3246 subsequuta
2895 3171 3005 3228 tuit
3027 3171 3214 3231 libera
3246 3195 3259 3230 :
3300 3189 3428 3248 ergo

2075 3272 2147 3313 ex
2165 3272 2252 3325 eo,
2283 3253 2433 3328 quod
2456 3256 2569 3310 Deo
2589 3258 2790 3326 agente
2808 3267 2881 3309 ex
2902 3254 3238 3324 necessitate
3267 3259 3428 3311 natu-

2079 3336 2454 3412 rae,judicium
2481 3334 2789 3407 practicum
2812 3335 3080 3408 regularis
3094 3336 3429 3394 volitionem

2077 3424 2351 3477 creaturae
2399 3430 2516 3471 non
2562 3420 2709 3471 esset
2736 3414 2798 3469 in
2830 3414 2955 3487 ejus
2998 3420 3290 3486 potestate,
3321 3415 3431 3471 mi-

2079 3502 2240 3558 nime
2257 3497 2562 3559 evincitur,
2587 3493 2736 3568 quod
2765 3510 2882 3550 non
2900 3502 3046 3551 esset
3063 3494 3269 3553 libera.
3300 3499 3432 3554 Con·

2077 3578 2373 3653 sequentia
2411 3580 2646 3632 constat.
2692 3575 2885 3631 Minor
2913 3591 3050 3632 vero
3094 3577 3435 3649 supponitur

2079 3677 2150 3718 ex
2176 3663 2417 3715 tractatu
2444 3654 2515 3712 de
2533 3654 2788 3729 Angelis.
2813 3655 2998 3728 Major
3025 3660 3219 3712 autem
3248 3661 3432 3713 osten-

2081 3742 2237 3797 ditur
2256 3753 2422 3805 3nam
2449 3751 2578 3792 cum
2603 3736 2871 3791 voluntas
2895 3736 2972 3790 sit
2995 3737 3252 3808 potentia
3276 3750 3433 3799 caeca,

2081 3816 2401 3879 necessario
2428 3816 2490 3871 in
2515 3815 2769 3888 quolibet
2795 3820 2919 3872 actu
2946 3817 3222 3888 supponit
3249 3814 3437 3891 cogni-

2082 3903 2299 3958 tionem
2339 3896 2560 3969 objecti,
2612 3896 2674 3952 in
2725 3895 2875 3968 quod
2928 3895 3113 3952 fertur
3141 3918 3154 3952 ε
3209 3912 3345 3971 ergo
3383 3893 3432 3949 si

2084 3982 2339 4057 primum
2386 3976 2667 4051 judicium
2718 3976 2925 4049 Angeli
2978 3976 3177 4034 fuisset
3216 3978 3279 4033 in
3323 3977 3439 4049 ejus

2086 4067 2375 4137 potestate,
2430 4064 2487 4115 et
2523 4064 2715 4115 ortum
2754 4057 2985 4114 duceret
3030 4074 3101 4115 ex
3129 4059 3316 4116 libera
3340 4072 3438 4115 vo-

2086 4143 2325 4201 luntatis
2376 4139 2774 4212 applicatione,
2824 4138 3059 4196 deberet
3121 4152 3442 4213 supponere

2086 4224 2267 4281 alium
2296 4227 2482 4280 actum
2501 4220 2842 4286 intellectuS,
2867 4235 2978 4292 quo
2994 4220 3097 4276 illa
3118 4222 3439 4285 volitio‚seu

2087 4303 2270 4360 libera
2315 4299 2618 4374 applicatio
2643 4297 3011 4373 dirigeretur,
3063 4306 3117 4357 et
3143 4301 3227 4357 sic
3275 4312 3443 4372 usque

2087 4386 2152 4441 in
2179 4383 2502 4441 infinitum.
2531 4380 2692 4446 Quod
2713 4381 3130 4438 inconveniens
3157 4398 3277 4439 non
3301 4382 3441 4438 vita-

2088 4471 2203 4533 tur,
2222 4464 2336 4521 nisi
2357 4461 2611 4521 sistendo
2633 4463 2695 4518 in
2718 4462 2911 4534 aliquo
2930 4460 3147 4535 judicio
3161 4461 3442 4535 simplici·

2086 4552 2176 4603 ter
2201 4544 2539 4609 necessario,
2565 4543 2716 4615 quod
2735 4549 3092 4615 supponatur
3114 4542 3185 4599 ad
3211 4557 3440 4601 omnem

2090 4625 2334 4684 liberam
2359 4624 2720 4681 volitionem.

2163 4704 2556 4778 Respondetur
2569 4701 2927 4761 concedendo
2947 4703 3249 4776 maJorem,
3277 4715 3442 4776 quam
3455 4710 3601 4761 εοιιιωι

2090 4792 2239 4845 recte
2281 4785 2497 4842 evincit
2530 4784 2762 4841 inducta
2790 4783 3067 4857 probatio,
3104 4789 3164 4840 ut
3188 4785 3445 4842 declara-

2088 4866 2283 4923 vimus
2310 4868 2369 4920 in
2394 4872 2557 4921 tract.
2607 4863 2671 4918 de
2713 4863 2963 4937 Anyelis,
3010 4864 3153 4937 disp.
3191 4866 3277 4931 11,
3319 4862 3441 4919 dub.

2089 4948 2274 5012 unico,
2298 4961 2451 5001 num.
2477 4945 2569 5011 21,
2589 4951 2640 4998 et
2661 4950 2823 5000 tract.
2855 4943 2920 4999 de
2955 4942 3439 5016 Velitatur-iodim.

2090 5029 2148 5095 2,
2177 5023 2302 5081 dub.
2345 5026 2391 5101 1,
2425 5041 2578 5080 num.
2613 5024 2697 5091 19,
2723 5030 2771 5078 et
2802 5026 2862 5079 in
2899 5024 2999 5081 hoc
3027 5031 3186 5081 tract.
3217 5024 3362 5097 disp.
3391 5024 3443 5087 5,
