3647 5753
305 561 493 607 Occurri-

319 619 385 658 tur
397 622 494 656 con·

306 661 509 706 firmatio·

336 712 456 756 tioni.

307 1283 431 1331 Isaiae
442 1284 507 1330 58.

323 2992 510 3038 Tertium

371 3052 494 3094 argn-

327 3097 524 3137 mentum.

382 3776 460 3821 sio.

516 377 628 433 696

525 552 649 603 tum
673 545 1004 610 Dominum,
1032 547 1337 614 antequam
1361 532 1692 592 humanitas
1714 526 1879 585 unita

522 628 711 686 Verbo
738 629 802 684 in
832 641 1029 685 rerum
1075 629 1282 681 natura
1315 620 1604 684 existeret,
1660 626 1879 685 nequa-

518 726 692 784 quam
721 709 1002 766 meruisse
1026 728 1039 770 ς
1062 721 1179 762 non
1217 703 1377 761 enim
1407 697 1623 756 mereri
1671 694 1873 768 potuit,

520 791 637 848 nisi
661 795 721 846 ut
748 791 1030 846 homozet
1050 788 1221 844 homo
1245 798 1362 840 non
1403 781 1514 837 fuit
1562 774 1878 851 usquedum

520 873 852 929 humanitas
896 872 1017 946 ejus
1063 870 1128 925 in
1174 882 1374 924 rerum
1439 867 1649 919 natura
1695 857 1879 931 posita

516 960 618 1014 est.
647 954 763 1010 Ubi
777 970 914 1012 vero
933 954 1120 1026 primo
1138 950 1201 1006 in
1218 963 1414 1006 rerum
1437 952 1646 1001 natura
1665 939 1875 1005 extitit,

516 1040 734 1098 scilicet
754 1038 816 1093 in
845 1037 1034 1110 primo
1058 1032 1298 1090 instanti
1322 1045 1439 1087 suae
1463 1021 1876 1098 conceptionis,

519 1121 828 1194 acceptavit
873 1123 1117 1191 pactum,
1148 1120 1205 1172 et
1244 1110 1657 1187 promissiones
1697 1123 1731 1163 a
1766 1107 1882 1160 Deo

518 1204 633 1261 sibi
660 1203 853 1267 factas,
879 1200 1087 1274 quibus
1114 1204 1229 1255 tota
1250 1195 1544 1267 Scriptura
1578 1192 1749 1264 plena
1774 1191 1877 1255 est,

515 1284 678 1359 juxta
707 1279 852 1337 illud
882 1281 1039 1336 Isaiae
1059 1278 1131 1332 53
1162 1298 1175 1332 ε
1203 1276 1268 1334 Si
1285 1276 1525 1350 posuerit
1545 1289 1648 1345 pro
1667 1274 1882 1343 peccato

518 1369 771 1422 animam
821 1379 1001 1426 suam,
1058 1358 1263 1415 videbit
1307 1374 1484 1412 semen
1554 1355 1877 1423 lonyoevum.

518 1445 685 1503 Unde
724 1458 1024 1517 nunquam
1053 1439 1328 1496 meritum
1357 1435 1569 1493 Christi
1617 1429 1884 1506 praecedit

519 1532 763 1601 pactum,
794 1523 893 1581 sed
940 1521 1180 1594 potiuse
1204 1534 1481 1575 converso
1526 1521 1775 1589 pactum,
1828 1516 1885 1568 et

518 1607 825 1680 acceptatio
844 1602 1058 1660 Christi
1103 1601 1386 1674 praecessit
1418 1599 1540 1672 ejus
1579 1594 1878 1659 meritum,

521 1706 640 1777 non
662 1687 893 1762 quidem
920 1686 1229 1750 duratione,
1259 1682 1358 1740 sed
1398 1687 1625 1746 natura,
1650 1681 1706 1734 et
1744 1694 1885 1732 cau-

522 1766 691 1894 201th
698 1772 855 1893 tffiud
892 1833 962 1892 de
987 1834 1207 1891 Sanctis
1257 1819 1524 1888 Patribus
1570 1823 1884 1883 dicendum

521 1924 606 1977 est
632 1918 856 1990 (saltem
901 1931 1004 1988 pro
1044 1916 1219 1985 nunc)
1246 1912 1537 1969 Christum
1573 1904 1886 1965 Dominum

524 2004 830 2072 antequam
858 1998 922 2053 in
944 2011 1142 2052 rerum
1165 2000 1376 2051 natura
1396 1989 1709 2048 secundum
1737 2002 1888 2060 prae-

523 2079 770 2137 sentiam
790 2076 1085 2151 temporis,
1130 2081 1192 2131 ut
1214 2075 1386 2132 homo
1407 2071 1695 2136 existeret,
1735 2065 1888 2124 exti-

523 2161 660 2218 tisse
682 2163 795 2218 Deo
821 2159 1053 2233 physice
1080 2162 1420 2230 praesentem
1442 2155 1506 2210 in
1541 2150 1894 2214 aeternitate,

525 2242 889 2314 extitisseque
910 2239 990 2296 ibi
1010 2242 1317 2312 praesentes
1336 2252 1537 2294 omnes
1556 2249 1688 2290 suos
1709 2235 1883 2298 actus,

529 2329 695 2397 atque
717 2321 855 2379 adeo
884 2327 1129 2393 pactum,
1156 2325 1211 2376 et
1231 2318 1673 2392 acceptationem
1697 2313 1884 2378 illam,

530 2419 702 2477 quam
727 2401 928 2458 habuit
951 2401 1014 2457 in
1042 2400 1233 2472 primo
1254 2398 1495 2455 instanti
1516 2411 1632 2452 suae
1650 2407 1892 2464 concep-

530 2484 725 2549 tionis,
758 2489 813 2540 et
839 2498 957 2539 non
978 2482 1093 2538 nisi
1135 2481 1523 2554 dependenter
1545 2479 1615 2536 ab
1637 2479 1893 2547 accepta-

530 2567 688 2624 tione
717 2564 889 2621 fuisse
914 2564 978 2619 in
1007 2566 1121 2621 Deo
1142 2563 1447 2637 praesentia
1493 2563 1616 2637 ejus
1656 2557 1888 2615 merita.

530 2653 621 2704 An
644 2653 833 2704 autem
863 2647 966 2702 hoc
994 2646 1169 2702 fuerit
1195 2644 1499 2710 sufficiens,
1531 2647 1595 2699 ut
1618 2640 1893 2697 meritum

532 2729 746 2785 Christi
775 2728 1041 2786 influeret
1058 2727 1356 2783 meritorie
1385 2727 1448 2781 in
1468 2725 1717 2800 gratiam
1738 2721 1896 2778 anti-

535 2825 781 2884 quorum
800 2811 1055 2878 Patrum,
1083 2823 1280 2876 necne,
1298 2805 1554 2863 dicemus
1570 2805 1728 2861 infra
1748 2803 1891 2876 disp.

539 2892 638 2947 ult.
669 2896 726 2946 et
752 2890 921 2947 latius
949 2891 1013 2946 in
1040 2889 1286 2945 materia
1314 2886 1383 2944 de
1406 2887 1830 2943 Incarnatione.

614 2972 706 3026 52.
745 2971 1020 3045 Arguitur
1066 2968 1274 3025 tertio:
1303 2967 1439 3041 quia
1482 2973 1545 3023 ut
1585 2967 1756 3024 homo
1798 2981 1899 3038 per

541 3061 727 3112 actum
755 3054 977 3110 malum
1018 3051 1398 3116 demereatur,
1432 3065 1549 3107 non
1582 3048 1901 3122 requiritur

540 3140 786 3209 pactum,
818 3132 917 3189 sed
937 3131 1141 3188 sufficit
1167 3130 1525 3205 condignitas
1553 3145 1750 3202 poenae,
1775 3143 1901 3200 quas

540 3218 604 3274 in
630 3218 755 3290 ipso
783 3221 908 3273 actu
937 3217 1092 3273 malo
1118 3212 1432 3271 secundum
1458 3230 1519 3271 se
1542 3210 1901 3270 considerato

540 3298 828 3371 reperitur
855 3318 868 3353 ε
917 3313 1052 3371 ergo
1099 3313 1202 3354 nec
1244 3296 1417 3354 etiam
1460 3299 1521 3350 ut
1567 3309 1668 3367 per
1713 3296 1901 3349 actum

540 3378 756 3436 bonum
809 3384 1118 3436 mereatur.
1170 3380 1331 3434 Patet
1378 3372 1780 3448 consequentia
1831 3387 1902 3428 ex

542 3460 782 3533 paritate
824 3459 1083 3527 rationis,
1116 3464 1171 3516 et
1197 3459 1332 3532 quia
1373 3473 1490 3514 non
1519 3457 1713 3512 minus
1738 3451 1904 3509 debi-

542 3547 663 3597 tum
717 3545 803 3597 est
854 3540 1157 3613 praemium
1209 3538 1427 3597 actibus
1484 3536 1677 3602 bonis,
1727 3548 1904 3607 quam

543 3621 713 3676 malis
739 3620 1107 3692 supplicium.

502 3748 520 3759 .
617 3699 1012 3774 Respondetur
1071 3701 1331 3775 negando
1403 3695 1903 3770 consequentiam;

544 3782 846 3858 disparitas
864 3783 1022 3839 enim
1045 3789 1128 3839 est
1155 3781 1477 3847 manifeste,
1502 3779 1776 3853 quoniam
1805 3776 1907 3834 ille

543 3865 644 3937 qui
682 3870 957 3929 meretur,
1002 3864 1244 3936 acquirit
1283 3878 1385 3936 per
1424 3863 1698 3919 meritum
1722 3860 1817 3933 jus
1843 3858 1907 3912 in

547 3949 1014 4002 remunerantem
1032 3943 1101 3999 ad
1125 3944 1430 4016 praemium
1451 3942 1564 3998 sibi
1587 3939 1909 3998 retribuen-

546 4026 705 4094 dum,
735 4026 884 4099 quod
907 4025 1036 4083 fieri
1066 4026 1281 4097 nequit,
1308 4025 1422 4081 nisi
1449 4023 1778 4098 sponsione,
1811 4024 1910 4078 aut

547 4113 707 4180 pacto
784 4107 964 4180 ipsius
1046 4106 1475 4162 remunerantis
1504 4148 1517 4171 ,
1589 4102 1908 4177 praesertim

544 4187 773 4262 quando
798 4203 938 4259 opus
959 4187 1329 4243 meritorium
1351 4186 1486 4241 aliis
1512 4184 1697 4240 titulis
1723 4183 1778 4240 ei
1806 4181 1910 4239 de-

546 4266 729 4325 betur.
763 4267 871 4333 Qui
918 4273 1106 4323 autem
1148 4266 1493 4331 demeretur,
1543 4266 1775 4321 nullum
1815 4263 1911 4338 lus

548 4350 806 4422 acquirit,
842 4350 1072 4422 proprie
1096 4349 1375 4421 loquendo
1395 4373 1409 4416 ;
1432 4347 1531 4405 sed
1553 4346 1741 4420 potius
1767 4362 1910 4419 quo-

547 4430 855 4488 dammodo
882 4430 1026 4487 illud
1049 4430 1255 4487 tribuit
1272 4428 1472 4503 judici,
1502 4434 1563 4484 ut
1588 4429 1777 4501 ipsum
1801 4444 1911 4501 pu-

549 4511 690 4569 niat.
718 4511 805 4567 Ad
824 4512 973 4586 quod
1000 4512 1137 4568 satis
1163 4516 1401 4574 constat,
1427 4510 1652 4567 nullam
1691 4509 1913 4583 requiri

544 4588 751 4665 judicis
778 4592 1237 4664 promissionem,
1269 4590 1405 4664 quia
1432 4590 1553 4663 ipse
1573 4589 1670 4663 qui
1700 4593 1907 4661 peccat,

548 4688 650 4729 sua
674 4674 968 4732 voluntate
991 4674 1066 4728 sit
1086 4689 1268 4747 poenae
1296 4672 1598 4737 obnoxius,
1630 4672 1915 4744 quatenus

549 4759 750 4828 sponte
792 4753 950 4811 laedit
986 4753 1254 4810 divinum
1295 4752 1530 4830 bonum,
1566 4751 1809 4823 facitque
1851 4749 1917 4805 in

547 4851 617 4895 eo
645 4835 1126 4909 inaequalitatem:
1160 4833 1230 4891 ad
1268 4835 1427 4909 cujus
1469 4832 1911 4898 restitutionem,

551 4922 608 4973 et
649 4916 1074 4989 reparationem
1115 4913 1314 4969 damni
1357 4915 1526 4981 illati,
1573 4927 1698 4987 quae
1724 4910 1788 4968 fit
1814 4926 1918 4984 per

554 5012 803 5069 poenam,
836 5011 904 5053 eo
941 4995 1065 5068 ipso
1092 5000 1338 5053 tenetur.
1384 4995 1561 5051 Plura
1589 4994 1704 5051 alia
1743 5009 1919 5069 argn-

1607 357 1700 413 DE
1738 352 2046 411 NATURA
2083 347 2362 404 MERITI.

2012 527 2210 580 menta
2261 521 2327 578 in
2387 524 2647 576 nostram
2709 511 3058 571 sententiam
3121 507 3388 582 congerit

2012 605 2184 676 Vasq.
2215 620 2342 677 quas
2367 607 2564 659 tamen
2588 612 2660 654 ex
2686 594 2853 651 dictis
2881 592 3047 649 facile
3071 590 3228 647 solvi
3251 604 3389 661 pos-

2011 692 2147 746 sunt
2174 708 2186 744 :
2222 685 2376 742 unde
2402 696 2521 740 non
2546 686 2633 738 est
2656 694 2758 736 cur
2781 677 2845 734 in
2871 689 3073 734 eorum
3094 672 3391 730 solutione

2014 769 2263 843 amplius
2283 768 2687 824 immoremur.

2475 953 2762 1010 DUBIUM
2800 949 2915 1005 VII.

2096 1120 2381 1188 Traditur,
2410 1124 2461 1173 et
2485 1117 2800 1190 explicatur
2824 1112 3008 1167 meriti
3034 1109 3310 1176 definitio.

2090 1281 2453 1340 Examinatis
2503 1274 2928 1336 conditionibus
2978 1272 3049 1329 ad
3102 1272 3391 1328 meritum

2018 1364 2327 1440 requisitis,
2361 1366 2583 1436 oportet
2618 1361 2740 1435 jam
2786 1355 3097 1414 essentiam
3141 1354 3290 1428 ejus,
3337 1357 3396 1409 et

2017 1453 2286 1505 naturam
2313 1444 2635 1516 explicare:
2664 1436 2813 1511 quod
2843 1434 3250 1510 praestabimus
3287 1449 3397 1490 ex-

2018 1524 2283 1602 ponendo
2309 1522 2711 1581 definitionem
2731 1518 2911 1574 illius.

2642 1683 2756 1753 §1-

2288 1840 2613 1901 Communis
2639 1838 2823 1893 meriti
2854 1835 3118 1907 definitio.

2092 1999 2188 2056 53.
2216 1998 2368 2054 Solet
2394 1995 2668 2052 meritum
2697 1992 2779 2048 ita
2802 1988 3076 2047 definiri:
3117 1986 3274 2061 Opus
3300 1987 3397 2041 αιὶ
3429 1991 3522 2048 12³1

2019 2096 2237 2146 merce-3,
2284 2079 2370 2133 vel
2419 2077 2711 2150 praemium
2747 2072 3004 2128 debetur:
3048 2070 3143 2126 vel
3192 2068 3393 2132 aliter,
3430 2041 3529 2132 αξ

2022 2161 2173 2234 Opus
2216 2159 2495 2230 conserens
2529 2157 2629 2227 jus
2672 2153 2748 2209 ad
2789 2153 3103 2225 praemium:
3152 2148 3284 2204 sive
3333 2141 3536 2202 utstiess

2023 2242 2194 2316 Caiet.
2227 2237 2432 2296 definit
2470 2250 2659 2309 opusc.
2703 2231 2774 2290 de
2800 2230 2939 2288 Fide
2978 2236 3033 2287 et
3071 2228 3396 2302 operibus:

2022 2323 2127 2380 lus
2171 2321 2247 2378 ad
2286 2320 2591 2393 praemium.
2627 2313 2829 2371 Differt
2866 2318 3055 2369 autem
3110 2309 3404 2382 posterior

2026 2405 2143 2461 haec
2167 2398 2437 2458 diffinitio
2459 2414 2493 2455 a
2518 2394 2738 2452 duabus
2766 2392 3076 2467 prioribus,
3102 2389 3260 2464 quod
3281 2391 3406 2446 iliae

2025 2482 2319 2540 diffiniunt
2347 2477 2627 2535 meritum
2651 2476 2715 2532 in
2734 2479 3014 2541 concreto,
3038 2478 3097 2529 et
3117 2472 3201 2528 ita
3227 2471 3294 2527 in
3314 2469 3407 2526 eis

2026 2564 2362 2639 subiectum,
2393 2560 2608 2616 scilicet
2634 2573 2790 2631 opus,
2823 2556 3059 2629 ponitur
3086 2554 3212 2611 loco
3230 2566 3406 2627 gene-

2030 2647 2125 2714 ris,
2151 2645 2317 2719 juxta
2341 2654 2710 2699 communem
2752 2636 2989 2694 modum
3018 2633 3196 2690 Arist.
3228 2639 3288 2689 et
3327 2634 3398 2686 D.

2028 2726 2236 2783 Thom.
2290 2720 2605 2780 definiendi
2673 2722 2934 2775 concreta
2997 2712 3395 2772 accidentalia.

2030 2810 2160 2864 Haec
2183 2819 2321 2863 vero
2359 2800 2562 2858 definit
2589 2800 2652 2856 in
2679 2797 2958 2856 abstracto
2997 2797 3184 2868 ipsam
3215 2792 3400 2849 ratio-

2031 2904 2166 2946 nem
2192 2884 2407 2952 meriti,
2440 2888 2496 2941 et
2517 2883 2596 2939 ita
2618 2897 2736 2938 non
2762 2878 3100 2954 subjectum,
3130 2873 3231 2932 sed
3261 2889 3402 2946 prae·

2030 2969 2282 3026 dicatum
2326 2963 2593 3036 superius
2632 2961 2852 3019 obtinet
2889 2960 2955 3015 in
2998 2973 3066 3014 ea
3110 2956 3400 3012 rationem

2030 3049 2285 3126 generis;
2328 3045 2641 3119 subjectum
2686 3047 2874 3099 autem
2919 3036 3254 3113 ponendum
3279 3038 3404 3092 erat

2033 3132 2154 3188 loco
2180 3125 2523 3185 differentias
2551 3122 2690 3180 :sed
2729 3121 2866 3196 quia
2904 3117 3238 3175 differentia
3279 3130 3400 3172 me-

2035 3212 2154 3279 riti,
2185 3216 2242 3269 et
2285 3208 2426 3266 ordo
2453 3206 2524 3264 ad
2563 3211 2751 3262 actum
2796 3204 3142 3267 humanum,
3172 3200 3277 3273 qui
3321 3201 3403 3255 est

2034 3294 2155 3368 ejus
2180 3291 2514 3365 subiectum,
2547 3286 2891 3344 sufficienter
2916 3283 3276 3358 exprimitur
3300 3296 3401 3355 per

2035 3376 2097 3449 ly
2134 3374 2209 3430 ad
2232 3374 2517 3446 praemium
2542 3369 2750 3440 (solum
2787 3366 2946 3424 enim
2992 3366 3107 3439 jus,
3145 3362 3300 3437 quod
3340 3362 3399 3417 in

2037 3459 2162 3512 actu
2190 3454 2444 3509 humano
2485 3447 2779 3515 fundatur,
2812 3446 3119 3520 praemium
3149 3443 3400 3517 respicit)

2037 3550 2179 3607 opus
2207 3548 2324 3589 non
2346 3531 2455 3588 fuit
2482 3530 2545 3587 in
2574 3528 2842 3602 praedicta
2869 3525 3219 3582 diffinitione
3246 3519 3402 3580 aliud

2039 3613 2257 3687 aliquid
2283 3610 2610 3686 superaddi.

2112 3696 2183 3750 Et
2232 3692 2501 3766 quamvis
2550 3702 2888 3748 communes
2940 3702 3138 3744 rerum
3190 3682 3570 3780 defini-2253*

2039 3775 2222 3832 tiones
2261 3775 2345 3844 (ut
2370 3776 2456 3830 est
2493 3770 2629 3838 haec,
2673 3785 2848 3842 quam
2875 3765 3246 3837 tradidimus)
3286 3780 3405 3822 non

2039 3861 2159 3912 tam
2199 3850 2526 3926 probandae,
2550 3866 2724 3923 quam
2744 3864 2816 3906 ex
2846 3845 3143 3905 communi
3168 3845 3407 3919 sapien-

2040 3941 2165 3992 tum
2192 3932 2523 3999 traditione,
2554 3935 2611 3988 et
2644 3928 2969 4002 receptione
3009 3924 3405 3993 admittendas,

2040 4019 2097 4073 et
2139 4012 2491 4088 exponendae
2535 4011 2669 4077 sint,
2701 4026 2773 4067 ex
2817 4007 2983 4064 dictis
3022 4006 3088 4062 in
3134 4010 3252 4063 tota
3301 4006 3413 4061 hac

2041 4097 2427 4171 disputatione
2474 4092 2791 4157 deducitur,
2841 4089 2979 4146 satis
3022 4093 3413 4162 congruenter

2044 4177 2326 4253 praedictis
2365 4172 2801 4232 definitionibus
2840 4171 3116 4227 meritum
3143 4166 3409 4225 definiri.

2044 4258 2273 4314 Etenim
2299 4258 2383 4328 (ut
2420 4271 2493 4312 ex
2537 4252 2702 4310 dictis
2747 4255 2985 4321 constat)
3011 4250 3079 4307 ad
3126 4247 3418 4305 meritum

2044 4337 2398 4397 necessarius
2436 4339 2540 4401 est,
2571 4339 2628 4390 et
2662 4331 2863 4389 sufficit
2899 4336 3054 4388 actus
3092 4329 3414 4396 humanus,

2044 4418 2213 4486 liber,
2252 4417 2435 4474 honus
2474 4413 2795 4484 moraliter,
2836 4411 3062 4469 elicitus
3107 4426 3141 4466 a
3184 4409 3423 4465 viatore

2046 4519 2176 4561 cum
2205 4506 2384 4575 pacto,
2415 4499 2537 4556 sive
2578 4496 2962 4571 promissione
2989 4494 3087 4551 Dei
3115 4491 3185 4550 de
3226 4493 3421 4568 largi-

2045 4585 2204 4642 tione
2232 4581 2479 4656 praemii.
2505 4579 2673 4636 Ratio
2710 4593 2845 4653 ergo
2871 4575 3069 4633 meriti
3101 4574 3429 4632 consistere

2046 4664 2230 4731 dehet,
2263 4665 2356 4721 vel
2384 4662 2448 4719 in
2489 4660 2681 4733 aliquo
2719 4674 2834 4716 uno
2872 4673 2944 4714 ex
2984 4654 3289 4729 praedictiS,
3322 4656 3428 4712 vel

2048 4747 2112 4804 in
2156 4744 2385 4805 omibus
2430 4744 2608 4800 simui
2651 4739 2915 4814 sumptis,
2965 4740 3059 4796 vel
3111 4738 3176 4795 in
3220 4737 3432 4810 aliquo

2048 4829 2238 4895 tertio,
2269 4825 2418 4900 quod
2470 4825 2533 4881 in
2580 4827 2705 4880 actu
2740 4822 3014 4887 humano,
3048 4818 3248 4893 positis
3293 4819 3434 4876 iuis

2051 4914 2326 4982 tanquam
2379 4905 2774 4970 fundamento,
2831 4902 2923 4959 vel
2967 4897 3429 4967 conditionibus,

2052 4993 2307 5050 resultat.
2352 4992 2482 5048 Non
2509 4988 2788 5062 primum,
2829 4984 3046 5059 alioqui
3088 4981 3273 5058 posito
3316 4981 3435 5039 illo

3280 5078 3430 5132 nno,
