3647 5753
1344 402 1523 460 DISP.
1565 403 1687 470 VII,
1734 405 1896 462 DUB.
1944 408 2042 463 lv.

215 551 417 623 datur,
454 574 581 629 quae
629 564 821 634 nequit
871 580 995 621 esse
1032 568 1165 635 alia,
1209 588 1379 644 quam
1407 574 1593 647 gratia

215 649 293 688 ex
315 650 400 701 se,
446 643 506 692 et
531 638 603 694 ab
627 639 937 702 intrinseco
957 647 1168 707 efficax.

90 723 185 811 ἰ13·ιέ
262 793 274 803 ·
308 716 433 772 172.
476 718 623 775 Tum
645 723 839 789 etiam,
865 727 1001 797 quia
1023 730 1255 803 propria
1276 733 1592 805 Semipela-

161 804 537 866 “granorum
562 810 774 859 asserta
795 821 912 862 non
935 807 1169 867 aliunde
1190 814 1399 869 melius
1427 814 1592 872 inno·

214 881 439 934 tescere
478 888 729 950 possunt,
780 901 952 958 quam
1004 904 1074 946 ex
1125 893 1352 965 scriptis
1398 896 1589 951 Fausti

216 958 528 1032 Regiensis
551 962 704 1020 inter
724 981 818 1023 eos
846 970 1140 1043 principis,
1166 991 1290 1047 quae
1305 975 1591 1034 habentur

219 1046 357 1097 torn.
390 1044 424 1095 4
477 1041 800 1104 Bibliothec.
830 1049 940 1107 SS.
971 1051 1230 1112 patrum.
1277 1058 1445 1114 Docet
1485 1075 1589 1114 au-

210 1124 335 1210 tem
377 1124 622 1180 Faustus
686 1131 1084 1189 necessitatem
1118 1137 1317 1209 gratiae
1369 1154 1590 1211 praeve-

211 1202 439 1258 mentis
483 1206 574 1261 lib.
618 1209 660 1274 1,
693 1226 812 1282 cap.
841 1213 897 1278 6,
944 1213 1038 1269 uhi
1069 1217 1394 1288 ponderans
1439 1219 1587 1276 illud

206 1283 473 1370 Apostoli
506 1286 523 1340 1
553 1285 622 1341 ad
639 1289 897 1348 Corinth.
933 1293 997 1349 15
1032 1318 1045 1351 ι
1075 1318 1100 1347 «
1130 1298 1322 1355 Gratia
1347 1300 1586 1357 Deisum

215 1383 242 1410 a
277 1360 337 1415 id
368 1363 519 1452 quod
541 1382 692 1433 sum,
731 1389 755 1419 »
791 1373 1249 1450 inquit:Pr1mas
1269 1387 1457 1452 partes
1477 1383 1584 1437 soli

213 1448 485 1528 a-gratiae
506 1446 599 1518 pie
619 1447 901 1525 subjectus
928 1455 1280 1531 adscripsit.»
1308 1462 1377 1515 Et
1403 1481 1524 1535 cap.
1552 1464 1587 1517 9

208 1526 341 1609 111ῑῇ
376 1544 400 1573 α
432 1525 597 1581 Nunc
620 1527 724 1585 ista
747 1529 996 1590 dicentes
1018 1552 1137 1593 non
1167 1538 1420 1596 laborem
1459 1558 1586 1616 gra-

212 1621 240 1648 κ
274 1604 375 1656 11ae
397 1618 779 1678 coaequamus,
800 1613 896 1669 sed
919 1618 1160 1675 omnino
1185 1622 1429 1694 gratiam
1459 1623 1586 1680 sine

210 1704 253 1773 ιι·
268 1690 707 1755 comparatione
733 1700 1143 1768 praeponimus,
1170 1722 1195 1753 1>
1220 1703 1287 1756 Et
1327 1704 1509 1775 capite
1559 1706 1577 1760 1

198 1762 464 1851 ejusdem
491 1768 866 1845 libridixerat
891 1802 904 1835 ε
935 1802 959 1832 «
994 1783 1107 1855 Ego
1136 1784 1406 1853 arbitror,
1432 1785 1582 1858 quod

204 1868 230 1890 1.
272 1841 515 1902 libertas
565 1850 794 1910 arbitrii
840 1857 948 1914 sibi
1008 1862 1116 1917 soli
1157 1862 1412 1921 sufficere
1457 1867 1583 1922 sine

206 1948 232 1974 α
263 1926 542 1997 praesidio
580 1935 779 2005 gratiae
807 1952 924 1993 nou
953 1944 1217 2011 potuerit,
1261 1946 1435 2002 etiam
1482 1962 1581 2002 an-

205 2013 499 2096 «tequam
548 2013 920 2088 privilegium
974 2020 1134 2077 illius
1204 2026 1579 2099 transgressio

204 2110 230 2137 a
263 2089 536 2146 violaret.
563 2094 857 2155 Quomodo
886 2115 1022 2158 vero
1069 2119 1219 2159 nunc
1249 2111 1428 2176 potest
1467 2105 1576 2162 sibi

201 2188 230 2215 e
260 2168 390 2224 sola
412 2170 686 2241 sufficere,
714 2174 783 2232 ad
824 2180 981 2253 cujus
1010 2185 1399 2257 arrogantiam
1432 2185 1576 2242 dici-

200 2270 228 2294 ·‹
265 2254 361 2303 tur
395 2268 407 2301 :
436 2254 586 2315 Quia
625 2255 752 2312 sine
773 2274 865 2316 me
895 2262 1041 2317 nihil
1075 2265 1304 2336 potestis
1348 2265 1577 2322 facere?

200 2354 224 2375 u
262 2329 350 2413 Ad
379 2333 541 2405 cujus
570 2342 1074 2412 praesumptionem
1116 2344 1349 2401 divinus
1388 2362 1577 2403 sermo

194 2432 222 2453 α
258 2407 545 2484 dirigitur
580 2435 593 2468 ε
625 2417 748 2472 Nisi
772 2420 1047 2478 Dominus
1075 2423 1444 2481 aedificaverit
1469 2425 1574 2483 do-

192 2510 222 2537 «
262 2504 451 2557 mum,
478 2493 543 2548 111
576 2511 789 2553 vanum
834 2500 1243 2560 laboraverunt
1280 2505 1574 2577 quiaedifi-

192 2594 216 2617 u
255 2578 396 2628 cant
421 2590 548 2630 eam
572 2578 598 2631 ⁶?
621 2578 767 2641 Quid
795 2582 985 2655 utique
1007 2586 1243 2643 elationi
1285 2588 1412 2644 sine
1436 2604 1572 2662 gra-

190 2676 218 2700 u
253 2654 337 2709 tia
382 2655 657 2726 perficere
702 2659 1030 2737 denegatur,
1079 2667 1394 2725 humilitati
1440 2685 1569 2726 cum

193 2755 220 2784 a
251 2738 448 2808 gratia
493 2737 738 2811 implere
776 2745 1119 2804 conceditur.
1149 2770 1174 2801 »
1233 2750 1569 2822 Expressio-

185 2830 319 2871 rem
347 2816 536 2875 adhuc
563 2824 916 2882 mentionem
944 2829 1144 2902 gratiae
1173 2832 1414 2900 comitis,
1446 2834 1569 2890 sive

177 2903 559 2969 cooperantis
614 2903 747 2959 facit
789 2903 939 2962 idem
991 2911 1228 2966 Faustus
1266 2913 1561 2970 eodemne».

189 2981 237 3045 1,
271 2998 405 3052 cap.
437 2983 491 3047 5,
521 2983 615 3039 ubi
640 2986 720 3040 ait
752 3007 765 3041 ε
799 3009 823 3040 ιι
857 2990 1072 3047 Verum
1094 2993 1258 3066 Juxta
1312 2995 1566 3051 Catholi-

181 3074 380 3114 u>cam
449 3065 728 3136 regulam,
778 3083 950 3139 opera
1001 3070 1141 3146 legis
1191 3080 1558 3144 evacuantur,

186 3161 214 3188 a
245 3155 385 3211 quae
429 3143 745 3201 secundum
789 3148 1018 3205 literam
1058 3159 1192 3209 sunt
1218 3178 1230 3219 ;
1256 3159 1311 3210 et
1349 3169 1416 3210 ea
1437 3171 1563 3227 quae

185 3244 212 3268 «ι
248 3225 384 3290 post
422 3225 691 3295 gratiam,
717 3228 1025 3287 comitante
1068 3234 1271 3305 gratia,
1312 3235 1562 3307 gerenda

183 3321 212 3344 ιι
243 3306 414 3365 sunt,
465 3312 824 3363 asseruntur.
865 3330 889 3358 1>
925 3311 993 3365 Et
1036 3331 1159 3385 cap.
1223 3316 1555 3387 ll,inqu1t:

183 3403 212 3430 «
245 3381 419 3445 Quod
448 3385 596 3439 Deus
620 3395 897 3461 praecepta
916 3391 1115 3449 divina
1155 3410 1255 3466 per
1275 3393 1562 3452 laboriosa

180 3483 204 3512 α
245 3463 557 3520 servitutis
602 3467 802 3536 officia,
833 3472 1019 3544 gratia
1059 3484 1396 3547 cooperante
1433 3492 1559 3533 ser-

178 3564 206 3591 «
238 3543 525 3600 vantibus
590 3563 831 3622 regnum
881 3553 1104 3611 coeleste
1164 3558 1451 3628 promisit.
1489 3560 1558 3613 Et

173 3645 200 3672 ιι
231 3623 337 3678 lib.
371 3625 425 3690 2,
451 3644 569 3699 cap.
611 3629 693 3695 10,
738 3633 886 3685 circa
907 3634 1087 3700 finem,
1114 3634 1193 3690 ait
1220 3657 1232 3691 :
1275 3632 1424 3700 Quin
1453 3655 1548 3710 po-

175 3729 201 3749 ·‹
235 3707 381 3769 tius,
445 3718 784 3782 cooperante
848 3712 1150 3787 adjutorio,
1225 3719 1399 3775 etiam
1452 3737 1556 3777 suo

234 3803 420 3859 opere
446 3787 512 3844 fit
533 3790 760 3865 dignus,
783 3801 838 3850 et
864 3811 993 3852 cum
1036 3796 1184 3854 bona
1209 3801 1554 3858 conscientia

179 3895 202 3916 «
236 3872 470 3927 beatus,
500 3894 525 3924 n
557 3876 628 3929 Et
672 3871 828 3933 idem
896 3878 1016 3936 fere
1057 3880 1555 3950 habetCassianus

167 3953 377 4008 collat.
438 3955 523 4019 13,
585 3964 644 4011 ut
683 3958 938 4015 vidimus
981 3961 1122 4034 disp.
1154 3963 1207 4029 3,
1246 3980 1405 4019 num.
1453 3966 1553 4019 135

169 4040 220 4087 et
255 4036 391 4089 174.
421 4035 568 4091 'l‘um
616 4037 882 4112 denique,
933 4041 1065 4115 quia
1108 4041 1164 4097 id
1206 4052 1398 4116 aperte
1434 4050 1552 4114 'tes-

90 4136 136 4176 ιιι.
174 4120 338 4172 tatur
411 4120 472 4173 D.
526 4122 761 4193 August.
803 4125 861 4178 in
902 4124 995 4179 lib.
1045 4125 1108 4179 de
1141 4127 1388 4198 praedest.
1429 4126 1546 4184 ST.

169 4214 297 4270 cap.
353 4200 402 4263 1,
454 4198 553 4254 ubi
600 4200 672 4257 de
711 4203 1184 4278 Semipelagianis
1228 4207 1308 4262 sic
1361 4208 1551 4280 loqui-

174 4284 272 4333 tur
298 4298 319 4332 .·
351 4300 379 4330 a
409 4280 1015 4341 Perveneruntautem
1039 4284 1118 4340 ibi
1143 4285 1347 4343 fratres
1369 4289 1549 4345 nostri

173 4382 194 4404 a
228 4365 290 4414 nt
336 4363 650 4432 praeveniri
718 4364 1040 4422 voluntates
1077 4368 1381 4425 hominum
1445 4370 1548 4426 Dei

169 4461 192 4486 ‹-
221 4440 421 4514 gratia
442 4438 749 4508 fateantur,
782 4450 948 4517 atque
967 4451 1030 4500 ut
1043 4446 1111 4502 ad
1141 4448 1366 4504 nullum
1408 4465 1549 4521 opus

169 4544 192 4566 «ι
222 4519 573 4587 bonum,vel
592 4522 1002 4596 incipiendum,
1022 4529 1111 4585 vel
1131 4528 1266 4601 perii
1274 4528 1547 4600 piendum

171 4624 196 4652 κ
243 4600 368 4658 sibi
397 4616 749 4675 quemquam
778 4622 939 4677 posse
964 4609 1219 4666 sufficere
1232 4610 1539 4668 sentiant.»

167 4682 247 4736 Ex
268 4680 491 4754 quibus
519 4682 745 4755 liquido
766 4684 1557 4764 habetur,SemipelagianoS‚·

166 4762 283 4819 imo
313 4769 376 4820 et
398 4763 704 4837 Pelagium
725 4765 788 4820 in
827 4768 1030 4826 ultimo
1050 4770 1141 4826 sui
1160 4772 1375 4827 erroris
1395 4777 1543 4828 statu

161 4843 383 4902 dixisse
434 4849 492 4901 et
528 4846 857 4903 confessum
886 4849 1058 4908 fuisse
1152 4854 1544 4911 necessitatem

159 4925 381 4996 gratiae,
410 4932 530 4983 tam
579 4930 1007 5000 praevenientis,
1037 4948 1209 5005 quam
1256 4936 1543 4992 comitan-

163 5006 250 5073 tis,
285 5015 350 5063 ut
395 5009 574 5065 latius
602 5010 961 5068 ostendimus
999 5015 1117 5071 loco
1142 5032 1315 5089 supra
1352 5019 1538 5076 citat0.

2982 412 3085 467 115

1811 579 1935 635 173.
1982 581 2065 635 Ex
2092 580 2299 653 quibus
2338 579 2609 638 omnibus
2656 580 2941 638 refellitur
2982 580 3086 636 illa

1725 659 1918 717 Suarii
1962 666 2274 735 responsio,
2306 665 2581 736 quoniam
2611 663 2911 735 praedictus
2930 666 3085 719 Con-

1724 741 1842 795 cilii
1874 758 2057 799 canon
2080 743 2143 798 in
2164 759 2259 800 eos
2298 742 2589 818 dirigitur,
2615 742 2712 815 qui
2761 741 3087 799 asserebant

1723 821 1905 876 Deum
1946 828 2245 896 expectare
2297 824 2553 880 hominis
2616 824 2972 880 voluntatem
3015 822 3077 878 in

1719 902 2144 976 justificationis
2211 906 2438 981 negotio
2470 928 2483 963 ε
2551 905 2701 979 quod
2761 905 3083 960 Concilium

1723 983 1960 1043 damnat
2007 988 2069 1043 in
2092 1003 2262 1044 sensu
2286 986 2356 1044 ab
2385 989 2523 1061 ipsis
2552 990 2792 1053 intento,
2821 987 2966 1044 alias
2987 986 3085 1042 ni-

1722 1063 1807 1119 hil
1831 1064 2106 1123 adversus
2122 1068 2254 1124 illos
2276 1067 2573 1135 diffiniret,
2595 1068 2740 1124 sicut
2762 1065 2930 1124 modo
2946 1068 3083 1122 Sua·

1723 1228 1873 1284 nihil
1919 1236 2117 1287 contra
2174 1246 2339 1287 suam
2399 1229 2723 1287 doctrinam
2783 1230 3074 1286 decretum

1721 1306 1918 1367 fuisse.
1951 1310 2123 1383 Atqui
2145 1310 2614 1384 Semipelagiani,
2642 1310 2739 1383 qui
2769 1311 2949 1365 Deum
2978 1309 3079 1364 hu-

1722 1404 1925 1445 manas
1971 1392 2297 1448 voluntates
2322 1396 2620 1463 expectare
2647 1388 2927 1453 dicebant,
2961 1390 3078 1445 mi-

1721 1470 1880 1527 nime
1907 1471 2191 1546 negabant
2214 1472 2605 1530 necessitatem
2630 1472 2830 1547 gratiae
2858 1487 3077 1544 praeve-

1721 1552 1955 1619 nientis,
1981 1558 2038 1609 et
2081 1555 2423 1623 comitantiS,
2456 1561 2518 1611 ut
2550 1559 2770 1611 constat
2794 1570 2864 1609 ex
2893 1569 3078 1626 nuper

1718 1631 1883 1689 dictis
1911 1655 1923 1689 :
1972 1650 2107 1709 ergo
2143 1636 2320 1692 aliam
2370 1637 2616 1710 gratiam
2667 1633 2968 1709 negabant,
2995 1640 3077 1690 'ex

1717 1714 1878 1787 cujus
1906 1717 2756 1789 negationeinferebant,Deum
2779 1720 3082 1788 expectare

1716 1793 2023 1850 hominum
2053 1798 2373 1854 voluntates
2407 1818 2421 1852 ε
2471 1797 2588 1852 haec
2615 1801 2804 1852 autem
2839 1810 2958 1851 non
2981 1811 3075 1866 po·

1715 1880 1822 1932 test
1848 1892 1969 1933 esse
1984 1878 2116 1943 alia,
2151 1879 2263 1933 nisi
2285 1877 2471 1952 gratia
2497 1893 2568 1934 ex
2588 1894 2649 1933 se
2674 1877 2888 1943 efficax,
2920 1876 3076 1933 infe—

1717 1972 1868 2023 19115,
1901 1964 1955 2014 et
2000 1974 2240 2015 causans
2262 1959 2656 2017 infallibiliter
2677 1959 3076 2031 operationem

1715 2044 2008 2094 nostram:
2044 2055 2179 2113 ergo
2215 2040 2536 2097 Concilium
2560 2040 2979 2095 Arausicanum
3008 2039 3075 2094 in

1710 2115 1815 2172 hoc
1861 2134 2030 2174 sensu
2077 2118 2317 2177 damnat
2367 2121 2605 2176 illorum
2634 2118 2979 2182 doctrinam,
3013 2124 3069 2173 et

1709 2205 1985 2254 assertam
2001 2198 2072 2255 ab
2094 2200 2233 2272 ipsis
2253 2197 2878 2273 propositionem,quod
2902 2198 3065 2261 heus,

1708 2283 1770 2330 ut
1784 2282 2022 2349 puryari
2042 2281 2290 2347 velimus,
2318 2288 2535 2336 nostras
2560 2281 2865 2334 voluntates
2885 2295 3073 2350 expec-

1705 2363 1806 2412 tat.
1859 2359 2055 2416 Minor
2099 2359 2438 2433 subsumpta
2478 2361 2676 2432 liquet,
2722 2359 2858 2432 quia
2896 2374 3072 2430 supra

1704 2438 1952 2510 gratiam
1978 2440 2445 2511 praevenientem,
2471 2445 2527 2496 et
2551 2439 3069 2506 comitantem,non

1705 2525 1789 2574 est
1830 2520 2194 2594 assignabilis
2234 2522 2349 2578 alia
2395 2522 2598 2597 gratia,
2631 2521 2744 2576 nisi
2791 2519 2977 2593 gratia
2996 2535 3067 2575 ex

1703 2614 1782 2664 se,
1810 2605 1867 2655 et
1894 2600 1964 2656 ab
2004 2602 2318 2659 intrinseco
2344 2602 2556 2668 efficax,
2589 2617 2712 2675 quae
2734 2616 2853 2657 non
2872 2601 3060 2656 solum

1705 2695 1810 2737 nos
1855 2683 2081 2750 excitet,
2122 2687 2177 2738 et
2227 2683 2288 2738 in
2330 2688 2454 2739 actu
2507 2683 2697 2756 primo
2736 2681 3061 2747 constituat,

1702 2760 1851 2832 quod
1874 2768 1958 2818 est
2006 2763 2305 2836 proprium
2332 2764 2530 2838 gratiae
2550 2762 2883 2819 sufficientis
2911 2777 3060 2833 pra:-

1703 2836 1989 2899 'venientis
2020 2867 2035 2910 ;
2091 2844 2183 2901 vel
2212 2860 2315 2901 nos
2342 2843 2571 2919 adjuvet
2599 2842 2933 2901 immediate
2961 2842 3055 2899 in-

1702 2921 1932 2980 fluendo
1955 2925 2017 2979 in
2038 2939 2213 2997 opera
2240 2931 2454 2994 nostra,
2480 2925 2628 2998 quod
2653 2932 2737 2982 est
2759 2924 3059 2998 proprium

1698 3004 1900 3075 gratiae
1926 3004 2252 3061 comitantis
2288 3027 2300 3061 :
2348 3021 2554 3063 verum
2594 3007 2771 3062 etiam
2799 3020 2904 3061 nos
2929 3001 3048 3059 effi-

1697 3084 1924 3150 caciter,
1950 3089 2006 3140 et
2046 3084 2439 3142 infallibiliter
2480 3084 2551 3141 ad
2571 3083 2927 3157 operandum
2958 3099 3061 3155 ap—

1698 3163 1886 3234 plicet,
1912 3168 2116 3220 etcum
2140 3165 2470 3237 operatione
2495 3165 2820 3239 conjungat.
2853 3165 3054 3230 Porr0,

1695 3243 1845 3316 quod
1865 3243 2043 3301 iidem
2068 3245 2176 3317 ipsi
2198 3245 2663 3319 semipelagiani,
2689 3245 2786 3317 qui
2808 3243 3057 3318 gratiam

1697 3326 2239 3396 praevenientem-et
2264 3327 2634 3383 comitantem
2658 3341 2832 3398 opera
2858 3331 3055 3382 nostra

1692 3405 2089 3473 concedebant,
2121 3405 2377 3463 dicerent
2405 3409 2585 3463 Deum
2624 3411 2922 3478 expectare
2948 3422 3055 3462 vo-

3126 606 3261 665 Major

3126 657 3273 700 suarii·

3118 705 3286 765 imaue*

3138 762 3267 800 natio.

1685 1180 1688 1181 ν
1724 1160 1837 1213 rez,
1888 1153 1944 1205 et
1987 1149 2323 1206 Adversarii
2363 1148 2561 1205 dicunt
2612 1149 2674 1204 in
2721 1164 2788 1206 eo
2828 1147 3084 1204 Concilio
3179 1197 3189 1205 .

1694 3485 1941 3543 luntates
1962 3492 2200 3553 nostras,
2227 3492 2442 3543 constat
2456 3502 2526 3543 ex
2549 3490 2752 3542 Fausto
2781 3485 3051 3558 Regiensi
3068 3502 3261 3544 Faustus-

1690 3582 1867 3638 supra
1915 3567 2094 3623 relato
2127 3588 2138 3623 ε
2184 3583 2320 3623 nam
2378 3567 2473 3622 lib.
2526 3568 2570 3632 l,
2620 3584 2741 3639 cap.
2808 3567 2890 3631 19,
2924 3565 3004 3621 ait
3037 3586 3049 3620 :

1688 3644 1867 3702 Porro
1886 3664 1991 3719 pro
2012 3649 2227 3702 ratione
2243 3648 2476 3719 justitia
2488 3664 2588 3718 per
2610 3664 2664 3702 sc
2678 3647 2924 3719 effectum
2944 3662 3054 3700 non

1681 3729 1919 3799 peremit,
1949 3742 2157 3799 nempe
2181 3729 2328 3784 Deus
2358 3751 2372 3794 ς
2398 3729 2531 3804 quia
2560 3728 2893 3782 voluntatem
2913 3727 3047 3798 ejicit,

1688 3810 1784 3885 qui
1808 3816 1885 3863 est
1906 3809 2254 3882 puryandus,
2279 3816 2528 3881 expectat
2543 3828 2561 3862 .·
2579 3825 2703 3880 quae
2728 3826 2790 3863 su
2801 3814 2863 3863 nt
2889 3807 3053 3879 ipsis·

1687 3891 1837 3945 sima
1864 3887 2044 3946 verba
2060 3905 2091 3946 a
2114 3890 2371 3947 Concilio
2393 3889 2716 3962 reprobata.
2750 3890 2816 3943 Et
2832 3889 3054 3944 similia

1687 3969 1914 4026 dixerat
1940 3988 2062 4043 cap.
2093 3972 2158 4026 10
2186 3976 2242 4028 et
2271 3972 2353 4038 ll,
2387 3975 2442 4028 et
2470 3976 2662 4042 postea
2684 3970 2931 4025 inculcat
2953 3970 3045 4025 lib.

1685 4053 1739 4117 2,
1771 4068 1897 4123 cap.
1931 4053 2013 4109 10.
2781 4079 2786 4084 ·

1761 4131 2155 4189 confirmatur
2224 4134 2464 4206 primo:
2525 4148 2662 4189 nam
2728 4131 3047 4188 Concilium
3088 4136 3246 4179 contir-

1685 4210 1923 4269 damnat
1944 4218 2280 4279 asserenteS,
2307 4216 2486 4270 Deum
2515 4217 2813 4285 expectare
2840 4212 3050 4268 huma-

1686 4308 1789 4349 nas
1809 4295 2152 4361 voluntates,
2181 4300 2241 4350 ut
2270 4311 2585 4370 purgemur
2607 4311 2640 4351 a
2665 4294 3049 4368 peccato,quia

1685 4389 1786 4446 per
1826 4375 2004 4447 ipsius
2044 4376 2291 4448 Spiritus
2343 4376 2525 4432 sancti
2572 4375 2944 4442 infusionem,
2992 4380 3049 4431 et

3092 4186 3231 4229 mutto.

1682 4456 2076 4527 operationem
2099 4455 2181 4522 fit,
2217 4462 2282 4512 ut
2308 4456 2543 4530 purgari
2582 4455 2852 4521 velimuS,
2879 4455 3044 4529 Juxta
3142 4535 3143 4538 Ἴ

1683 4533 1829 4589 illud
1877 4537 2203 4592 Salomonis
2234 4557 2247 4592 ε
2303 4536 2660 4608 preparatur
2710 4536 2939 4591 volunta
3012 4554 3046 4591 a

1682 4616 1919 4671 Domino
1944 4634 1966 4683 ,·
2015 4622 2070 4672 et
2114 4615 2259 4672 illud
2305 4615 2561 4688 Apostoli
2591 4636 2603 4671 ε
2656 4615 2804 4672 Deus
2830 4624 2907 4671 cst
2939 4620 3049 4673 ,cui

1679 4703 1941 4768 operatur
1970 4698 2030 4751 in
2075 4697 2229 4752 nobis
2278 4703 2327 4751 et
2354 4696 2507 4761 velle,
2537 4703 2587 4750 ct
2623 4698 2892 4768 perficere,
2942 4705 3038 4754 etc.

1681 4778 1832 4851 Ergo
1857 4777 2022 4834 illam
2049 4778 2299 4852 gratiam
2324 4776 2572 4849 exposcit
2595 4777 2937 4846 Concilium,
2970 4796 3046 4836 ne

1679 4861 1828 4914 Deus
1855 4858 2078 4915 dicatur
2105 4863 2403 4932 expectare
2443 4858 2767 4916 voluntates
2792 4865 3038 4931 nostras,

1677 4957 1772 5012 per
1811 4958 1980 5019 quam
1999 4943 2080 5013 fit,
2129 4948 2191 4996 ιιι
2227 4941 2464 5013 puryari
2501 4940 2754 4996 velimuS.
2786 4940 2893 4997 Sed
2919 4945 3042 5000 sola

1678 5022 1863 5095 gratia
1884 5037 1953 5078 ex
1981 5038 2042 5079 se
2073 5019 2267 5078 efficax
2306 5026 2391 5077 est
2436 5024 2566 5093 apta
2594 5020 2663 5077 ad
2692 5021 2845 5077 hunc
2869 5021 3041 5080 effec-
