3647 5753
1365 259 1543 316 mse.
1587 257 1681 324 ιν,
1728 255 1892 312 DUB.
1938 257 2033 313 111.
2562 236 2565 239 ’
2988 261 3095 316 651

239 448 309 499 ut
340 443 554 516 species
585 439 1057 513 praestantissima
1094 434 1409 509 superioris
1434 449 1611 508 gene-

251 525 330 583 ris
367 525 442 581 sit
492 522 837 596 simpliciter
883 518 1274 593 imperfectior
1317 512 1614 589 speciebus

247 603 469 663 ordinis
498 602 809 669 inferioris,
843 615 1104 657 excessus
1143 598 1352 670 quippe
1392 593 1615 652 ordinis

248 684 563 758 superioris
589 698 762 755 supra
787 680 1127 736 inferiorem
1149 676 1314 735 debet
1335 677 1398 732 in
1423 676 1617 747 aliqua

249 770 451 825 saltem
472 765 656 839 specie
683 763 955 827 relucere,
988 766 1155 832 atque
1177 757 1392 815 salvari
1421 780 1434 824 ;
1460 752 1617 828 atqui

253 848 393 907 ordo
437 843 895 920 supernaturalis
942 847 1026 898 est
1061 840 1197 914 quid
1241 837 1505 912 superius
1546 833 1619 892 ad

256 929 520 988 ordinem
564 926 904 990 naturalem,
938 927 998 978 ut
1024 938 1095 978 ex
1122 919 1390 977 terminis
1419 917 1615 989 liquet,

255 1017 312 1068 et
352 1008 586 1066 aliunde
623 1006 808 1080 gratia
848 1001 1209 1060 sanctificans
1235 1006 1319 1057 est
1343 1002 1621 1072 praestan-

259 1092 484 1150 tissima
522 1091 732 1162 species
774 1087 998 1144 ordinis
1025 1081 1508 1158 supernaturalis;
1539 1080 1624 1135 si-

259 1174 492 1249 quidem
523 1173 674 1227 inter
703 1170 845 1226 alias
875 1167 1088 1223 formas
1119 1164 1371 1238 praedicti
1399 1159 1625 1218 ordinis

263 1256 562 1332 participat
640 1251 1066 1310 nobilissimum
1145 1252 1477 1320 conceptum
1553 1260 1626 1301 ex

265 1347 424 1414 parte
469 1337 585 1404 Dei,
632 1351 837 1408 nempe
885 1334 1170 1389 rationem
1216 1330 1494 1396 essentiae,
1527 1343 1626 1384 seu

266 1428 486 1478 naturae
512 1417 747 1482 divinae,
781 1420 842 1470 ut
878 1413 1231 1471 ostendimus
1256 1412 1435 1477 eodem
1462 1414 1625 1464 tract.

264 1503 406 1576 disp.
445 1503 500 1565 4,
532 1498 658 1554 dub.
691 1499 726 1552 3
753 1520 766 1562 ;
796 1512 929 1569 ergo
951 1494 1140 1568 gratia
1160 1490 1521 1548 sanctificans
1547 1492 1632 1546 est

266 1582 607 1655 simpliciter
631 1577 932 1652 perfectior
957 1573 1249 1647 speciebus
1277 1572 1503 1629 ordinis
1524 1586 1632 1626 na-

271 1663 496 1726 turalis,
528 1666 583 1717 et
609 1662 1018 1728 consequenter
1046 1655 1332 1712 terminus
1354 1651 1633 1726 justifica-

274 1745 550 1819 tionis-est
573 1739 875 1814 perfectior
902 1737 1261 1809 simpliciter,
1286 1750 1460 1808 quam
1482 1748 1638 1789 crea·

272 1826 447 1883 tionis
476 1823 779 1881 terminus,
826 1817 982 1883 Quod
1010 1833 1275 1890 expresse
1303 1817 1457 1871 inter
1494 1814 1635 1870 alios

223 1944 234 1953 -
272 1910 472 1962 Patres
498 1904 687 1959 docuit
717 1903 780 1957 D.
813 1903 1046 1972 August.
1075 1905 1234 1953 tract.
1266 1900 1359 1962 72,
1386 1898 1446 1951 in
1466 1894 1633 1952 Joan.

271 1985 340 2044 ad
369 1986 473 2042 illa
502 1982 673 2040 verba
701 2004 712 2038 :
742 1981 962 2053 Majora
989 1980 1184 2033 horum
1213 1979 1397 2050 saciet,
1427 1975 1521 2031 ubi
1545 1991 1639 2030 as-

269 2068 410 2125 serit
453 2066 639 2139 majus
674 2062 823 2136 ’quid
861 2076 980 2118 esse
1014 2058 1327 2134 justificare
1368 2057 1634 2130 impium,

270 2165 445 2223 quam
472 2161 664 2203 creare
686 2145 893 2201 coelum
915 2145 970 2198 et
994 2147 1229 2196 terram.
1253 2142 1322 2194 Et
1348 2154 1524 2194 serm.
1553 2139 1634 2202 15,

270 2231 343 2287 de
384 2227 576 2286 verbis
606 2224 836 2283 Domini
867 2245 878 2278 :
911 2222 1114 2279 Melius
1140 2228 1235 2284 est,
1271 2218 1475 2291 inquit,
1511 2220 1642 2289 jus-

274 2322 391 2369 tum
412 2328 538 2376 esse,
570 2328 736 2385 quam
758 2308 1028 2362 homine-m
1048 2322 1173 2358 esse.
1208 2302 1276 2360 Si
1301 2304 1573 2358 hominem
1596 2306 1643 2355 ιε

275 2398 404 2469 secie
432 2394 591 2462 Οειιε,
622 2400 670 2446 ει
688 2393 903 2463 justum
944 2396 1003 2443 tu
1044 2396 1091 2442 ιε
1118 2388 1279 2459 [αείε,
1311 2386 1506 2441 melius
1531 2384 1643 2439 alt-

274 2476 410 2550 quid
425 2476 590 2548 facis,
622 2489 788 2546 quam
814 2472 941 2543 [εείι
973 2472 1133 2524 Deus,

79 2582 266 2637 >moena
362 2561 454 2615 37.
501 2555 605 2612 Sed
646 2570 896 2626 oppones
937 2574 949 2609 ε
1008 2552 1296 2608 terminus
1334 2547 1645 2606 creationis

78 4044 266 4090 mlutio.

275 2646 366 2698 est
386 2655 490 2696 ens
519 2638 580 2693 in
601 2642 880 2709 quantum
909 2650 1029 2701 enS,
1060 2632 1344 2688 terminus
1366 2646 1501 2686 vero
1520 2630 1646 2704 jus-

275 2719 614 2777 tificationis
640 2723 726 2774 est
764 2733 865 2772 ens
896 2714 1244 2789 particulare
1272 2710 1405 2767 :sed
1446 2726 1548 2766 ens
1585 2710 1646 2766 in

274 2807 564 2876 quantum
592 2816 694 2856 ens
722 2804 805 2855 est
844 2796 1096 2853 nobilior
1137 2793 1441 2857 terminuS,
1474 2807 1647 2864 quam

274 2882 389 2940 sub
439 2883 662 2939 ratione
711 2878 1048 2953 particulari
1099 2897 1111 2930 ε
1155 2891 1289 2948 ergo
1328 2874 1540 2930 creatio
1578 2888 1649 2928 ex

280 2971 447 3040 parte
499 2963 737 3020 termini
786 2967 868 3017 est
915 2956 1169 3015 nobilior
1219 2953 1645 3029 justificatione.

281 3046 566 3103 Suadetur
595 3044 810 3107 minor,
837 3041 973 3114 quia
1000 3054 1104 3095 ens
1134 3037 1195 3092 in
1222 3041 1502 3109 quantum
1524 3049 1645 3100 enS,

279 3134 371 3188 est
420 3127 704 3184 terminus
753 3123 1039 3186 infinituS,
1090 3119 1375 3191 siquidem
1426 3118 1651 3173 nullam

279 3210 535 3282 explicat
563 3204 1110 3263 determinationem
1138 3216 1150 3250 ε
1184 3198 1335 3255 unde
1364 3196 1647 3272 provenit,

283 3291 437 3366 quod
471 3290 773 3364 praedictus
820 3286 1109 3344 terminus
1148 3287 1411 3354 exposcat
1451 3279 1653 3335 infini-

291 3381 410 3431 tam
441 3374 715 3429 virtutem
759 3372 820 3425 in
862 3373 1082 3442 agente,
1115 3369 1172 3420 et
1204 3361 1354 3435 quod
1394 3367 1656 3420 creatura

294 3474 415 3514 non
439 3456 610 3528 possit
634 3452 780 3509 illud
804 3452 1085 3524 attingere
1107 3446 1292 3503 adhuc
1310 3445 1658 3501 instrumen-

297 3539 510 3594 taliter.
526 3539 640 3591 Ens
663 3540 853 3591 autem
879 3531 1243 3605 particulare,
1267 3533 1326 3584 ut
1346 3534 1429 3585 est
1448 3528 1653 3602 gratia,

298 3634 416 3676 non
443 3619 686 3691 explicat
711 3614 1061 3671 infinitatem
1093 3634 1104 3667 :
1128 3628 1238 3685 qua
1266 3609 1335 3666 de
1362 3625 1528 3666 causa
1557 3626 1660 3683 po·-

298 3707 406 3761 test
427 3718 459 3758 a
480 3706 740 3758 creatura
760 3691 964 3753 saltem
990 3690 1516 3752 instrumentaliter
1536 3709 1662 3765 pro-

300 3786 452 3852 duci,
493 3789 554 3838 ut
593 3786 812 3838 constat
837 3795 907 3836 ex
955 3778 1122 3834 dictis
1163 3793 1266 3848 pro
1297 3777 1484 3849 prima
1522 3793 1662 3833 con-

300 3867 578 3926 clusione.
632 3866 782 3937 Ergo
825 3861 1196 3920 excellentior
1244 3857 1528 3914 terminus
1580 3861 1664 3912 est

302 3968 407 4008 ens
430 3950 493 4005 in
520 3953 795 4021 quantum
820 3958 1131 4014 ensfquam
1162 3947 1262 3997 ens
1294 3941 1660 4013 particulare.

381 4029 790 4103 Respondetur‚
822 4022 1244 4098 quod'quando
1285 4022 1496 4077 dicitur
1546 4027 1664 4078 ter-

306 4112 536 4167 minum
581 4106 890 4163 creationis
930 4119 1051 4159 esse
1097 4119 1218 4168 enS,
1279 4101 1341 4157 in
1387 4107 1667 4173 quantum

306 4209 430 4258 enS,
483 4192 541 4264 ly
584 4191 641 4243 in
686 4194 975 4265 quantum,
1023 4199 1140 4240 non
1193 4181 1527 4254 reduplicat,
1574 4185 1669 4237 aut

307 4271 594 4346 specificat
639 4268 957 4340 terminum
1001 4263 1338 4338 productum
1385 4279 1483 4336 per
1511 4279 1670 4319 crea-

309 4356 549 4416 tionem,
583 4351 675 4406 hic
712 4349 872 4405 enim
920 4361 1148 4418 semper
1189 4350 1272 4401 est
1313 4342 1542 4415 aliquod
1570 4359 1675 4400 ens

311 4437 675 4513 particulare,
707 4438 762 4489 et
787 4431 1019 4487 finitum
1046 4453 1060 4496 3
1088 4444 1222 4484 nam
1255 4432 1534 4500 repugnat
1562 4426 1676 4482 ali-

307 4519 460 4596 quod
514 4516 811 4574 intinitum
868 4512 1126 4588 produci.
1184 4509 1290 4567 Sed
1358 4507 1677 4581 reduplicat

310 4603 599 4659 rationem
634 4595 733 4652 sub
773 4612 902 4672 qua,
937 4592 1234 4666 propriam
1262 4590 1590 4654 creationiS,
1621 4593 1679 4645 et

308 4680 598 4759 significat
618 4677 970 4735 creationem
990 4673 1268 4746 respicere
1289 4688 1457 4728 suum
1483 4670 1680 4727 termi-

312 4782 482 4830 num,
514 4778 631 4819 non
660 4760 764 4816 sub
793 4758 986 4830 aliqua
1015 4754 1294 4818 restricta,
1320 4759 1377 4811 et
1403 4751 1681 4808 determi-

314 4850 456 4904 nata
486 4843 728 4907 ratione,
762 4839 860 4897 sed
887 4834 1203 4894 secundum
1227 4834 1510 4891 rationem
1534 4849 1683 4889 com-

316 4942 561 4987 munem
606 4921 777 4981 entis.
825 4921 991 4978 Ratio
1032 4925 1223 4976 autem
1269 4915 1367 4973 sub
1413 4931 1524 4994 qua
1565 4929 1684 4973 non

1746 431 2020 504 importat
2049 447 2172 488 rem
2216 430 2570 505 productam,
2603 433 2699 491 sed
2746 436 2927 508 magis
2973 453 3104 494 mo-

1746 514 1884 572 dum
1935 514 2344 589 productionis„
2392 522 2452 572 ut
2489 533 2561 574 ex
2604 533 2665 574 se
2712 518 2905 592 liquet.
2944 520 3107 579 Unde

1747 597 1986 671 objectio
2034 613 2150 654 non
2190 597 2404 655 evincit
2442 600 2791 657 creationem
2830 618 2901 658 ex
2950 609 3111 676 parte

1749 680 1987 737 termini
2020 680 2277 752 producti
2305 696 2426 738 esse
2455 684 2913 756 praestantiorem
2938 687 3112 761 justi-

1751 762 2031 829 ficatione,
2064 762 2213 835 quod
2242 762 2306 819 in
2335 763 2437 819 hac
2462 765 2712 822 secunda
2749 770 3114 828 conclusione

1751 861 2070 921 negamus:
2102 844 2200 901 sed
2243 846 2444 918 probat
2488 863 2610 905 esse
2650 849 2997 908 nobiliorem
3039 869 3113 911 ex

1756 931 1915 1002 parte
1955 924 2111 981 modi
2153 926 2375 999 agendi,
2408 928 2556 1001 quod
2588 930 2775 1001 prima
2803 935 3119 991 assertione

1754 1008 2156 1067 concessimus.
2226 1010 2454 1082 Alioqui
2513 1010 2714 1067 eodem
2781 1022 3122 1086 argumento

1755 1092 2150 1159 conficeretur,
2182 1095 2534 1151 creationem
2587 1093 2840 1151 formicae
2885 1113 3007 1155 csse
3050 1115 3123 1157 ex

1760 1179 1919 1247 parte
1958 1173 2218 1239 termini,
2265 1189 2364 1229 seu
2410 1175 2493 1231 rei
2523 1174 2682 1230 factae
2727 1176 3124 1247 perfectiorem

1759 1254 2017 1311 hominis
2062 1255 2437 1328 generatione
2458 1279 2477 1323 ς
2521 1253 2671 1328 quod
2719 1259 2914 1314 tamen
2957 1277 3128 1318 nemo

1761 1334 2048 1393 concedet.
2100 1336 2169 1389 Et
2214 1335 2350 1391 hinc
2397 1336 2582 1392 obiter
2630 1335 2874 1394 habetur
2920 1339 3131 1399 decisio

1763 1415 2002 1473 alterius
2051 1415 2419 1482 difficultatis,
2465 1433 2637 1489 quam
2689 1420 2755 1472 D.
2787 1420 2990 1477 Thom.
3023 1438 3131 1479 ex·-

1765 1515 1957 1574 presse
1985 1514 2101 1555 non
2132 1499 2404 1567 resolvit3
2435 1499 2722 1567 videlicet,
2750 1518 2824 1558 an
2853 1502 3130 1569 absolute,

1765 1587 1820 1638 et
1865 1580 2096 1637 attentis
2136 1580 2427 1647 omnibus,
2470 1581 2801 1655 J‘ustificatio
2849 1584 3019 1657 impii
3059 1588 3135 1643 sit

1739 1660 2132 1735 ‘praestantius
2161 1677 2320 1733 opuS,
2353 1678 2527 1734 quam
2553 1664 2788 1721 creatio.
2814 1668 2959 1722 Nam
3001 1684 3135 1725 cum

1769 1743 2043 1800 nobilitas
2083 1742 2485 1815 operationum
2535 1746 2720 1816 potius
2766 1756 3136 1806 mensuretur

1771 1842 1944 1899 penes
1973 1823 2209 1881 modum
2239 1823 2560 1898 attingendi
2592 1826 2930 1894 terminum,
2963 1845 3138 1902 quam
3171 1858 3177 1879 ι
3228 1857 3231 1860 «

1774 1923 1947 1981 penes
1999 1907 2320 1962 terminum
2383 1910 2674 1973 attactum,
2734 1912 2795 1961 ut
2847 1908 3141 1968 inductive

1775 1993 1952 2063 potest
2008 1987 2262 2054 ostendi;
2306 2002 2657 2059 consequens
2700 1989 2945 2058 videtur,
2991 1992 3143 2065 quod

1773 2069 1988 2128 creatio
2014 2068 2092 2123 sit
2127 2066 2384 2124 absolute
2413 2066 2668 2125 nobilior
2688 2070 3095 2142 justificatione
3128 2095 3143 2129 ε

1777 2169 1915 2211 nam
1947 2153 2052 2207 illa
2079 2156 2162 2207 est
2186 2150 2489 2223 perfectior
2515 2167 2584 2207 ex
2614 2157 2773 2223 parte
2794 2155 2950 2210 modi
2973 2156 3147 2212 attin·

1774 2236 1967 2313 gendi,
2017 2235 2285 2308 quamvis
2348 2234 2466 2290 haze
2526 2235 2769 2309 attingat
2821 2240 3140 2296 terminum

1778 2316 2200 2391 perfectiorem.

1852 2392 1944 2446 38.
1970 2388 2075 2445 Sed
2108 2388 2494 2444 nihilominus
2517 2388 2831 2446 tenendum
2853 2397 2954 2455 est,
2976 2393 3145 2467 Justi-
3202 2419 3316 2462 laei-

1779 2471 2106 2528 ficationem
2153 2469 2319 2541 impii
2364 2468 2640 2536 absolute,
2670 2476 2727 2527 et
2754 2473 2985 2528 attentis
3012 2490 3142 2529 om-
3181 2467 3326 2528 {¹0⁰²ss

1780 2552 1952 2609 nibus
1992 2548 2458 2605 excellentiorem
2499 2565 2619 2605 esse
2652 2554 2957 2609 creatione.
2992 2517 3334 2612 Tumiiitli'fffi‘-

1778 2633 1913 2707 quia
1941 2631 2223 2687 motivum
2255 2630 2517 2702 proxime
2558 2630 2917 2688 insinuatum
2955 2636 3143 2691 solum
3172 2617 3340 2663 ⁸⁰¹¹m0·

1783 2715 2002 2789 probat,
2034 2713 2256 2771 caeteris
2287 2712 2539 2786 paribus,
2572 2720 2627 2771 et
2654 2715 2810 2772 intra
2850 2717 3003 2774 idem
3043 2735 3145 2794 ge-

1783 2815 1925 2863 nus;
1972 2795 2067 2851 ubi
2098 2795 2257 2851 enim
2296 2811 2513 2868 genera
2553 2802 2688 2851 sunt
2715 2796 2962 2864 diversa,
2996 2806 3147 2858 recte

1782 2880 2049 2945 cohaeret,
2074 2874 2221 2950 quod
2251 2878 2506 2948 operatio
2540 2878 2841 2950 perfectior
2874 2896 2943 2937 ex
2987 2887 3147 2953 parte

1785 2959 1940 3017 modi
1965 2956 2283 3031 attIngendi
2314 2958 2655 3024 terminum,
2683 2960 2757 3014 sit
2781 2961 3143 3032 simpliciter,

1785 3046 1840 3098 et
1891 3039 2122 3096 attentis
2168 3037 2436 3094 omnibus
2490 3040 2882 3112 imperfectior
2929 3063 2941 3096 :
2992 3048 3147 3099 actus

1786 3121 1945 3180 enim
1973 3118 2222 3175 scientiae
2266 3121 2549 3175 naturalis
2576 3137 2646 3176 ex
2675 3126 2833 3193 parte
2860 3121 3017 3178 modi
3058 3127 3149 3179 at-

1788 3203 2046 3277 tingendi
2074 3202 2374 3276 objectum,
2410 3218 2617 3274 nempe
2640 3203 2811 3268 clare,
2845 3211 2941 3260 aut
2964 3206 3150 3263 intui-

1790 3288 1925 3352 tive,
1984 3283 2320 3357 praeeminet
2373 3284 2522 3340 actui
2578 3283 2710 3340 fidei
2773 3285 3001 3357 infusae,
3050 3290 3149 3363 qui

1791 3369 2066 3440 importat
2092 3362 2328 3420 modum
2377 3363 2699 3438 attingendi
2729 3366 3149 3440 imperfectum,

1791 3448 2056 3505 videlicet
2077 3444 2331 3511 obscure,
2364 3450 2420 3500 et
2456 3446 2520 3501 in
2559 3446 2888 3506 testimonio
2926 3452 3157 3509 extrin-

1791 3545 1917 3586 seco
1945 3544 2090 3599 :quo
2115 3542 2230 3583 non
2252 3524 2531 3592 obstante,
2560 3532 2714 3582 actus
2741 3526 2874 3585 fidei
2902 3538 2987 3587 est
3006 3533 3155 3591 sim-

1795 3612 2051 3686 pliciter,
2108 3613 2164 3665 et
2212 3607 2440 3664 attentis
2513 3609 2783 3666 omnibus
2848 3614 3153 3685 perfectior

1793 3691 2115 3768 cognitione
2142 3689 2413 3756 naturali,
2445 3689 2516 3747 ob
2552 3691 2871 3748 maximam
2901 3693 3154 3755 diversi-

1797 3782 1969 3833 tatem
2013 3773 2164 3828 inter
2206 3777 2513 3844 utrumque
2538 3789 2733 3847 genuS,
2765 3780 3154 3839 et-excessum

1797 3858 1970 3914 unius
2008 3869 2180 3927 supra
2208 3851 2389 3908 alium
2417 3875 2429 3908 ε
2458 3857 2678 3909 constat
2705 3860 2913 3920 autem,
2937 3858 3156 3932 justifi-

1798 3939 2078 3997 cationem
2119 3934 2449 4006 impiiesse
2478 3935 2762 3991 actionem
2803 3936 3027 3996 ordinis
3054 3961 3160 4001 su-

1801 4015 2594 4093 pernaturalis;creationem
2622 4031 2761 4072 vero
2802 4016 2873 4072 ad
2916 4026 3161 4083 natura-

1801 4101 1915 4156 lem
1961 4096 2226 4155 ordinem
2269 4095 2558 4169 pertinere
2587 4117 2599 4152 :
2630 4112 2765 4171 ergo
2793 4098 3159 4176 simpliciter,

1801 4188 1859 4240 et
1908 4179 2137 4238 attentis
2188 4176 2456 4234 omnibus
2502 4178 2831 4252 justificatio
2882 4187 3161 4247 creationi

1806 4266 2051 4336 praestat.
2084 4258 2242 4324 Quod
2266 4259 2549 4316 motivum
2571 4260 2756 4335 tetigit
2778 4264 2841 4318 D.
2867 4264 3071 4325 Thom.
3100 4270 3220 4348 in„
3254 4303 3385 4355 Tho„

1807 4343 2093 4418 praesenti,
2140 4343 2200 4397 in
2246 4359 2389 4413 resp.
2430 4341 2504 4396 ad
2544 4344 2599 4408 2,
2643 4342 2793 4414 quod
2833 4344 3173 4410 intendebat

1810 4424 2071 4497 probare,
2107 4422 2456 4479 creationem
2496 4437 2617 4478 esse
2660 4422 3004 4497 simpliciter
3035 4448 3174 4505 per-

1810 4505 2101 4562 fectiorem
2165 4501 2586 4577 justificatione,
2637 4504 2773 4575 quia
2839 4506 2943 4565 illa
3005 4512 3179 4572 habet

1809 4586 2294 4643 universaliorem
2314 4586 2631 4642 terminum
2647 4609 2660 4643 ε
2678 4590 3174 4664 respondetenim,

1811 4669 1955 4749 quod
1974 4668 2171 4724 bonum
2193 4670 2438 4725 universi
2457 4676 2532 4724 est
2552 4671 2756 4740 majus,
2787 4690 2954 4749 quam
2973 4677 3178 4736 bonum

1808 4751 2149 4828 particulare
2170 4753 2355 4815 unium,
2386 4752 2435 4807 si
2461 4754 2772 4823 accipiatur
2800 4763 3091 4837 utrumque
3117 4765 3182 4819 in

1739 4862 1747 4942 Ι
1813 4833 1994 4890 eodem
2018 4849 2205 4902 ρεπενε
2220 4851 2237 4886 .·
2262 4832 2354 4889 sed
2373 4832 2572 4887 bonum
2594 4836 2788 4903 qratiae
2810 4839 2975 4896 unius
2994 4846 3185 4916 majus

1814 4921 1913 4984 est,
1963 4931 2130 4990 quam
2179 4913 2378 4969 bonum
2428 4920 2639 4970 naturae
2687 4918 2856 4973 totius
2901 4924 3173 4985 universi.
