3647 5753
1306 375 1488 431 mse.
1529 375 1652 442 v11,
1699 353 1870 431 nus.
1908 376 2003 431 1v.
2670 450 2672 454 ἲ
2951 377 3054 433 199

136 567 169 600 e·
198 546 369 604 tionis
407 563 540 603 cum
582 552 795 605 aeterna
848 547 1221 622 dispositione
1278 548 1399 614 Dei,
1450 563 1555 605 nec

135 619 161 699 ξ
199 626 541 684 verbotenus
578 628 887 685 recurrisse
913 628 985 685 ad
1039 628 1322 702 principia
1364 627 1556 685 scien-

137 718 159 749 n
201 706 290 762 tiae
308 705 535 774 mediae,
559 707 719 780 quasi
743 707 870 765 ideo
888 713 1034 764 esset
1053 708 1195 765 utile
1214 722 1402 773 orare,
1419 706 1557 779 quia

201 789 344 845 Deus
393 794 530 845 ante
561 804 733 846 omne
774 788 1065 847 decretum
1121 788 1470 862 praeviderit,
1498 793 1559 846 et

201 873 388 941 postea
425 867 766 937 decreverit,
815 869 964 942 quod
990 869 1133 926 siin
1161 870 1283 938 hac,
1332 870 1426 926 vel
1455 869 1559 925 illa

198 950 502 1015 occasione,
568 951 692 1017 hoc,
735 952 829 1008 vel
869 952 972 1008 illo
1011 949 1182 1008 modo
1235 966 1552 1017 oraremus,

201 1037 328 1088 tunc
350 1033 810 1090 consentiremus
843 1033 1151 1098 vocationi,
1196 1033 1559 1090 vinceremus

198 1114 572 1171 tentationem
597 1130 855 1188 gravem,
883 1114 974 1170 vel
999 1113 1145 1170 alios
1163 1113 1393 1170 effectus
1415 1128 1561 1170 asse·

198 1208 524 1267 queremur.
584 1193 647 1250 Id
681 1210 864 1268 neque
910 1198 1255 1266 apparenter
1300 1193 1562 1250 insinuat

204 1277 268 1330 D.
295 1274 566 1344 Thomas,
589 1275 689 1331 sed
717 1281 897 1333 totum
921 1273 1212 1347 negotium
1243 1279 1469 1331 revocat
1488 1271 1561 1330 ad

206 1355 517 1413 maximam
536 1356 1051 1420 universalitatem,
1072 1360 1239 1428 atque
1253 1353 1561 1411 efficaciam

203 1433 409 1491 divinae
434 1437 688 1502 virtutis,
715 1442 771 1493 et
798 1433 1194 1509 providentiae.
1223 1436 1350 1491 Haec
1376 1434 1557 1503 enim,

208 1515 403 1588 inquit,
436 1515 705 1589 providet
723 1516 919 1573 omnia
938 1531 1065 1588 quae
1081 1513 1190 1570 sub
1209 1529 1564 1587 quocumque

207 1597 403 1655 ordine
440 1599 836 1662 continentur,
878 1599 1022 1671 quin
1048 1595 1268 1669 aliquid
1294 1598 1416 1672 ejus
1441 1596 1563 1652 dis-

210 1678 541 1749 positionem
563 1677 964 1752 subterfugiat.
988 1676 1152 1733 Unde
1174 1676 1304 1733 licet
1326 1692 1425 1749 per
1441 1692 1566 1733 ora-

212 1758 414 1814 tionem
436 1759 726 1832 possimus
748 1759 1059 1814 immutare
1081 1755 1348 1814 ordinem
1371 1756 1560 1830 hujus,

210 1839 295 1895 vel
320 1840 558 1896 alterius
584 1856 770 1898 causas
820 1836 1185 1912 particularis
1229 1836 1566 1894 inclinantis

212 1920 271 1977 in
290 1922 536 1994 aliquem
579 1922 865 1988 effectum,
909 1921 1055 1977 sicut
1081 1919 1284 1978 accidit
1302 1919 1367 1976 in
1393 1917 1568 1974 infir-

213 2001 400 2059 mitate
442 2002 748 2069 Ezechiae3
799 2001 1066 2057 ordinem
1118 2004 1314 2056 tamen
1354 1998 1568 2055 divinae

214 2084 576 2156 providentiis
629 2085 918 2142 invertere
947 2098 1064 2140 non
1103 2083 1381 2148 valemus,
1432 2079 1570 2154 quia

217 2182 311 2223 nos
336 2166 458 2240 ipsi,
507 2172 566 2223 et
593 2167 883 2223 orationes
929 2169 1138 2220 nostrae
1162 2163 1268 2219 sub
1295 2162 1401 2219 illo
1431 2161 1569 2218 uni-

217 2249 595 2306 versalissimo
642 2248 849 2305 ordine
903 2246 1294 2304 continentur.
1363 2247 1569 2302 Deser-

220 2331 374 2388 viunt
400 2330 576 2405 igitur
632 2330 919 2386 orationes
968 2343 1086 2385 non
1137 2326 1208 2384 ad
1248 2327 1571 2382 immutan-

219 2411 347 2467 dum
410 2410 559 2483 quod
641 2414 789 2467 Deus
847 2408 1122 2475 absolute,
1165 2414 1223 2464 et
1272 2407 1572 2464 efficaciter

221 2491 489 2560 decrevit3
536 2492 641 2549 sed
670 2496 733 2547 ut
778 2492 1045 2548 ordinem
1074 2508 1105 2547 a
1132 2490 1333 2546 divina
1374 2489 1573 2562 provi-

225 2571 406 2629 dentia
432 2574 850 2646 praescriptum,
882 2571 1028 2628 sicut
1058 2571 1186 2627 aliae
1228 2585 1410 2627 causae
1437 2584 1574 2641 par-

227 2654 489 2723 ticulares,
517 2658 907 2728 exequantur.
941 2654 1201 2710 Decrevit
1239 2652 1398 2710 enim
1428 2653 1575 2707 Deus

230 2750 337 2792 non
376 2737 556 2793 solum
612 2737 863 2802 effectus,
906 2734 1003 2791 sed
1054 2734 1229 2791 etiam
1283 2731 1492 2797 media,
1518 2736 1575 2788 et

224 2833 422 2886 causas,
449 2819 662 2894 quibus
704 2817 937 2876 effectus
982 2816 1399 2874 mandarentur
1438 2829 1575 2871 exe-

225 2901 470 2972 quutioni
496 2927 511 2969 ;
539 2908 602 2959 et
627 2902 780 2958 inter
808 2900 909 2955 has
936 2915 1131 2955 causas
1155 2900 1330 2955 etiam
1358 2896 1575 2954 oratio-

226 2999 319 3041 nes
371 2984 762 3041 continentur.
848 2980 1010 3039 Unde
1075 2983 1267 3055 inepte
1341 2980 1571 3046 dicitur,

230 3062 425 3122 trustra
450 3081 575 3122 esse
617 3064 906 3122 orationes
928 3062 998 3118 ad
1026 3064 1291 3132 salutem,
1321 3062 1370 3117 si
1397 3060 1577 3118 semel

229 3146 363 3204 Deus
386 3146 640 3205 decrevit
685 3146 940 3203 absolute
964 3145 1229 3203 conferre
1267 3145 1451 3218 ipsam
1492 3159 1579 3199 sa-

231 3228 414 3293 lutem,
455 3243 701 3300 eamque
729 3243 829 3300 per
876 3226 1160 3283 auxilium
1188 3241 1259 3282 ex
1282 3241 1343 3282 se
1384 3223 1580 3281 efficax

229 3308 513 3381 exequitur
541 3310 607 3365 in
635 3314 894 3380 tempore
925 3330 939 3372 ;
963 3306 1097 3378 quia
1138 3307 1285 3361 Deus
1306 3305 1451 3362 forte
1476 3302 1580 3359 de-

231 3390 398 3447 crevit
438 3392 684 3448 salutem
714 3395 776 3445 ut
818 3387 1273 3459 consequendam
1304 3404 1402 3462 per
1445 3403 1580 3445 ora-

232 3470 454 3527 tionem.
508 3473 580 3525 Et
626 3469 755 3526 ideo
783 3485 900 3527 non
946 3468 1264 3540 superfluit,
1295 3473 1351 3525 et
1397 3468 1581 3525 multo

236 3550 414 3605 minus
464 3548 777 3625 rejicienda
804 3555 891 3605 est
928 3549 1129 3614 oratio,
1180 3549 1444 3621 quamvis
1484 3564 1580 3605 re·-

233 3632 479 3703 quiratur
530 3631 819 3688 auxilium
874 3629 946 3686 ab
993 3630 1305 3687 intrinseco
1359 3630 1576 3698 efficax,

232 3710 368 3784 quod
405 3713 699 3769 orantium
738 3717 872 3768 vota
899 3711 969 3767 ad
1014 3711 1454 3783 exequutionem
1481 3727 1582 3768 eo-

238 3805 376 3857 rum,
405 3808 530 3864 quae
556 3790 907 3855 desiderant,
957 3790 1254 3847 efficaciter
1290 3790 1577 3864 perducat.

239 3870 407 3927 Immo
417 3872 646 3929 etiamsi
664 3875 811 3928 Deus
831 3870 1174 3927 decrevisset
1189 3885 1306 3926 non
1321 3872 1584 3929 conferre

239 3952 507 4007 auxilium
528 3968 601 4008 ex
626 3967 687 4007 se
730 3952 926 4008 efficax
966 3950 1037 4006 ad
1078 3953 1583 4024 consequutionem

240 4032 441 4099 salutis,
473 4033 659 4090 adhuc
695 4032 1000 4089 dicendum
1024 4048 1142 4088 non
1168 4040 1310 4100 erat,
1366 4036 1586 4091 oratio-

244 4127 366 4169 nem
393 4112 511 4170 t'ore
537 4113 806 4169 inutilem
838 4138 852 4180 ;
900 4115 1035 4186 quia
1063 4112 1247 4169 adhuc
1293 4117 1588 4185 praestaret

246 4191 303 4247 in
343 4209 441 4250 suo
497 4209 706 4268 genere
756 4193 1177 4259 sufficientiam,
1252 4201 1309 4250 et
1377 4196 1588 4251 coleret

248 4274 429 4342 Deum,
454 4281 511 4333 et
536 4292 569 4333 a
594 4274 1020 4333 committendis
1049 4272 1311 4346 pluribus
1351 4274 1587 4347 peccatis

248 4362 515 4414 averteret
554 4358 871 4415 hominem.
931 4356 1094 4413 Unde
1120 4357 1249 4413 licet
1276 4356 1589 4414 frustrare-

250 4440 334 4492 tur
351 4453 450 4494 suo
477 4438 772 4510 potissimo
798 4436 1017 4503 effectu,
1052 4453 1260 4510 nempe
1283 4453 1591 4509 consequu-

250 4516 394 4575 tione
434 4518 633 4574 salutis
665 4542 679 4584 ;
736 4518 1122 4574 nihilominus
1150 4523 1209 4574 ut
1237 4534 1469 4591 prorsus
1495 4518 1588 4573 in-

252 4594 400 4653 utilis
437 4599 604 4674 abjici
632 4613 752 4655 non
791 4597 1038 4665 deberet,
1085 4615 1215 4655 cum
1249 4604 1332 4656 tot
1358 4597 1594 4657 haberet

254 4676 483 4745 effectus,
532 4685 589 4735 et
627 4679 921 4735 utilitates.
983 4680 1140 4736 Sicut
1181 4681 1356 4736 etiam
1408 4680 1594 4754 gratia

256 4757 594 4816 sanctificans
645 4758 915 4815 destituta
960 4759 1110 4817 dono
1156 4759 1596 4833 perseverantiae

259 4850 365 4892 non
408 4840 727 4912 assequitur
771 4839 1007 4895 salutem
1043 4863 1056 4904 ;
1110 4845 1167 4895 et
1212 4839 1598 4897 nihilominus

262 4918 443 4973 nullus
465 4934 620 4976 sanae
645 4918 860 4974 mentis
885 4919 1037 4985 dicit,
1080 4934 1203 4976 esse
1237 4919 1506 4976 inutilem
1533 4919 1597 4975 in

264 4997 488 5069 reprobo
530 5000 687 5074 justo
713 5023 727 5052 ι
760 5004 979 5070 praestat
1016 5001 1176 5057 enim
1206 5016 1307 5073 per
1351 5000 1598 5073 seipsam

1686 548 1881 621 plures
1905 549 2356 618 convenientias,
2382 548 2718 606 mundando
2745 564 2777 605 a
2805 552 3050 621 peccato,

1684 628 2094 687 sanctificando
2144 630 2466 697 hominem,
2515 635 2572 686 et
2614 627 2804 687 dando
2844 629 2908 685 in
2950 644 3055 686 suo

1683 725 1899 785 genere
1922 710 2325 769 sufficientiam
2358 711 2429 769 ad
2480 713 2724 768 salutem
2751 734 2766 778 ;
2789 711 3056 784 quamvis

1687 795 1813 847 actu
1834 791 2021 865 ipsam
2047 807 2164 848 non
2192 797 2541 865 assequatur,
2575 790 2689 848 nisi
2718 792 2828 865 ipsi
2856 790 3056 867 adJ'un·

1686 875 1855 944 gatur
1891 870 2111 929 donum
2158 872 2604 945 perseverantiae
2629 872 2701 929 ab
2741 873 3058 931 intrinseco

1687 949 1905 1008 efficax.
1923 953 2117 1024 Neque
2136 951 2297 1008 enim
2321 958 2382 1007 ut
2403 951 2621 1025 aliquid
2642 950 2866 1009 dicatur
2891 953 3051 1021 utile,

1690 1030 2007 1104 requiritur
2027 1029 2176 1104 quod
2203 1032 2403 1088 omnia
2431 1036 2679 1104 praestet,
2710 1033 2801 1088 vel
2832 1031 2901 1088 ab
2923 1033 3059 1090 aliis

1691 1111 1982 1184 requisitis
2002 1127 2120 1169 non
2146 1110 2462 1184 dependeat
2486 1138 2501 1180 ;
2529 1111 2629 1169 sed
2656 1112 2880 1181 sufficit,
2907 1114 3059 1187 quod

1691 1191 1755 1247 in
1778 1191 2015 1264 proprio
2038 1206 2269 1265 genere,
2300 1197 2357 1248 et
2378 1191 2449 1248 ad
2474 1208 2560 1259 ea,
2590 1208 2716 1266 quae
2741 1207 2859 1248 suae
2884 1194 3057 1252 lineae

1690 1276 1845 1338 sunt,
1900 1270 2369 1328 convenientiam
2410 1272 2682 1345 importet
2711 1295 2724 1329 ε
2791 1274 3060 1347 quamvis

1692 1350 1762 1408 ad
1791 1351 1928 1416 alia,
1962 1350 2076 1407 nisi
2099 1352 2232 1408 aliis
2255 1352 2544 1425 requisitis
2584 1351 2886 1426 adjunctis,
2940 1370 3057 1413 non

1691 1431 2063 1491 seextendat.
2114 1434 2184 1488 Et
2210 1449 2383 1491 nemo
2423 1434 2846 1492 catholicorum
2888 1435 3054 1502 dicet,

1692 1515 2016 1572 orationem
2063 1515 2274 1570 Christi
2303 1514 2374 1572 ad
2422 1517 2673 1583 Patrem,
2705 1517 2908 1575 Matth.
2937 1521 3011 1577 26
3046 1540 3059 1575 :

1692 1594 1763 1654 Si
1777 1596 2036 1669 possibile
2054 1604 2150 1663 est,
2195 1603 2440 1652 transeat
2465 1615 2502 1652 a
2521 1616 2606 1654 me
2631 1599 2787 1655 calix
2812 1603 2931 1667 iste,
2964 1601 3064 1658 in-

1697 1677 1900 1733 utilem
1930 1676 2124 1743 fuisse,
2163 1677 2428 1749 quamvis
2456 1678 2626 1733 illum
2652 1679 2915 1736 effectum
2944 1697 3062 1741 non

1695 1755 2032 1822 obtinuerit,
2071 1763 2129 1813 et
2153 1757 2422 1829 quamvis
2465 1757 2727 1815 Christus
2764 1766 2917 1817 certo
2966 1777 3066 1819 co-

1695 1836 1980 1912 gnoverit,
2004 1835 2157 1909 quod
2201 1836 2374 1892 illum
2415 1853 2533 1894 non
2577 1844 2700 1896 erat
2749 1856 3064 1915 consequu-

1696 1924 1847 1974 tura.

1770 1997 2075 2055 279.Unde
2091 1998 2266 2055 etiam
2284 2002 2433 2070 patet
2447 1999 2516 2055 ad
2533 1999 3055 2071 confirmationem;
3073 2022 3262 2068 occurri.

1696 2078 1836 2152 quia
1860 2080 1991 2137 licet
2013 2079 2412 2146 correctiones,
2443 2081 2891 2149 exhortationes,
2921 2099 3062 2141 con-
3084 2078 3265 2165 ‘3339‘

1699 2165 1851 2231 silia,
1883 2168 1940 2220 et
1985 2168 2262 2237 praecepta
2305 2179 2422 2219 non
2468 2169 2845 2236 assequantur
2894 2181 3063 2220 suum
3102 2170 3226 2215 noni.

1700 2247 1974 2303 ultimum
2000 2246 2261 2303 effectum
2307 2245 2369 2301 in
2412 2245 2710 2318 reprobis:
2762 2246 3034 2304 nihilomi

1702 2345 1812 2386 nus
1850 2345 1966 2387 non
1987 2328 2060 2387 ob
2080 2329 2186 2386 hoc
2230 2328 2482 2394 inutiles,
2533 2333 2589 2384 et
2627 2328 3069 2401 impertinentes

1701 2408 1955 2467 dicendm
1973 2412 2106 2464 sunt
2131 2431 2146 2475 ;
2178 2413 2446 2481 praestant
2467 2407 2627 2465 enim
2650 2408 2714 2464 in
2734 2425 2839 2467 suo
2858 2424 3070 2484 genere

1701 2490 2102 2547 sufficientiam
2148 2487 2220 2545 ad
2268 2487 2723 2562 consequendam
2775 2490 3068 2546 salutem:

1702 2567 2013 2628 ostendunt
2029 2568 2205 2624 etiam
2233 2567 2548 2624 bonitatem
2579 2566 2698 2631 Dei,
2732 2568 2830 2641 qui
2853 2572 2934 2625 tot
2955 2582 3074 2624 me·

1702 2652 1816 2708 diis
1847 2649 2122 2725 peccatori
2152 2649 2433 2706 succurrit
2458 2672 2470 2706 :
2525 2648 2771 2706 reddunt
2799 2654 3074 2723 praeterea

1706 2734 2004 2791 hominem
2023 2731 2491 2799 inexcusabilem,
2511 2733 2607 2804 qui
2625 2731 2841 2789 eisdem
2865 2731 3074 2788 mediis

1706 2815 1789 2871 uti
1819 2814 2018 2887 potuit,
2050 2817 2105 2870 et
2132 2812 2337 2879 noluit,
2372 2815 2431 2867 ut
2466 2811 2810 2887 justificetur
2837 2815 2985 2869 Deus
3007 2812 3070 2870 in

1706 2895 2073 2956 sermonibus
2098 2896 2236 2962 suis,
2262 2902 2318 2951 et
2343 2896 2537 2951 vincat
2554 2912 2686 2952 cum
2703 2896 3069 2970 judicaverit.

1708 2982 1896 3044 Quare
1939 2978 2072 3034 licet
2114 2975 2356 3049 reprobo
2389 2975 2506 3033 haec
2545 2978 2763 3034 auxilia
2809 2978 3073 3036 ultimate

1708 3076 1826 3118 non
1857 3057 2175 3132 proficiant,
2208 3062 2444 3131 possunt
2470 3063 2665 3115 tamen
2694 3056 2986 3131 proficere,
3018 3065 3077 3117 et

1708 3137 1860 3196 haud
1883 3140 2067 3195 levem
2090 3137 2400 3195 utilitatem
2425 3138 2748 3205 conferunt,
2775 3155 2906 3194 cum
2928 3140 3077 3196 hanc

1711 3225 2043 3294 potestatem
2101 3220 2163 3276 in
2198 3236 2301 3276 suo
2349 3234 2560 3294 genere
2603 3223 3072 3290 communicant;

1710 3307 1877 3374 atque
1916 3300 2044 3358 ideo
2080 3316 2198 3357 non
2235 3307 2372 3356 sunt
2423 3301 2765 3375 appellanda
2818 3302 3071 3369 inutilia,

1711 3380 2166 3455 impertinentia,
2223 3384 2320 3436 aut
2358 3377 2671 3448 delusoria,
2741 3388 2803 3438 ut
2841 3381 3075 3456 quidam

1712 3476 2012 3534 perperam
2041 3457 2339 3533 objiciunt.
2363 3461 2432 3514 Et
2451 3460 2532 3516 sic
2554 3462 2616 3516 D.
2645 3462 2879 3535 August.
2905 3461 3079 3518 diluit
3112 3461 3280 3519 12⁸⁰ss-

1713 3541 1860 3597 hanc
1879 3540 2253 3612 obJ'ectionem
2278 3541 2337 3594 in
2360 3540 2455 3594 lib.
2471 3540 2535 3593 de
2555 3548 2783 3613 corrept.
2803 3548 2852 3595 et
2869 3542 3074 3610 qratia,

1711 3624 1823 3695 sere
1847 3640 1944 3691 per
1995 3628 2186 3687 totum,
2230 3625 2288 3676 et
2315 3620 2641 3692 specialiter
2679 3640 2800 3695 cap.
2853 3624 2936 3689 10,
2984 3624 3081 3678 in-

1711 3703 1838 3777 quit
1876 3723 1890 3756 :
1935 3723 1960 3753 α
2004 3703 2185 3755 Nemo
2223 3697 2390 3767 dicat,
2451 3714 2568 3755 non
2594 3715 2717 3757 esse
2755 3701 3084 3775 corripien-

1720 3803 1747 3836 «
1776 3781 1917 3837 dum
1958 3779 2132 3851 (idem
2163 3778 2422 3853 intellige
2447 3778 2517 3837 de
2556 3779 3080 3848 exhortationibuS,

1713 3862 1785 3919 de
1832 3860 2144 3935 praeceptis,
2198 3857 2269 3914 de
2309 3859 2586 3929 consiliis,
2619 3864 2749 3933 etc.)
2774 3862 2872 3935 qui
2912 3879 3088 3921 exor-

1722 3968 1748 3999 α
1777 3943 1922 4001 bitat
1939 3943 2009 3999 de
2033 3942 2127 3999 via
2144 3943 2297 4016 justa
2321 3964 2335 4008 ;
2361 3943 2460 4000 sed
2486 3943 2542 4000 ei
2566 3943 2837 4012 reditum,
2868 3951 2924 4003 et
2953 3962 3089 4020 per-

1723 4049 1750 4080 «
1776 4023 2166 4082 severantiam
2195 4039 2228 4079 a
2274 4024 2522 4080 Domino
2550 4029 2777 4081 tantum
2805 4041 2926 4084 esse
2953 4043 3088 4099 pos-

1723 4130 1750 4160 «
1781 4104 2024 4163 cendam
2058 4126 2072 4161 ε
2115 4119 2287 4160 nemo
2329 4103 2601 4177 prudens,
2659 4110 2714 4162 et
2753 4105 2940 4163 fidelis
2985 4107 3089 4165 hoc

1724 4212 1749 4243 α
1778 4188 1949 4245 dicat.
1996 4187 2056 4242 Si
2075 4187 2236 4243 enim
2263 4185 2576 4243 secundum
2606 4189 2959 4262 propositum
2982 4207 3089 4247 vo-

1726 4293 1752 4324 «
1773 4276 1930 4327 catus
1950 4274 2035 4326 est
2056 4270 2179 4335 iste,
2213 4269 2587 4342 proculdubio
2616 4270 2706 4325 illi
2733 4271 2909 4327 etiam
2935 4272 3088 4345 quod

1726 4373 1752 4405 α
1780 4351 2111 4423 corripitur,
2157 4354 2304 4407 Deus
2349 4355 2687 4423 cooperatur
2738 4351 2802 4406 in
2846 4349 3086 4410 bonum.

1728 4453 1753 4485 α
1783 4433 1993 4487 Utrum
2017 4430 2309 4487 autem·sic
2329 4430 2406 4485 sit
2425 4436 2674 4497 vocatus,
2694 4432 2968 4502 quoniam
2989 4433 3087 4506 qui

1726 4535 1755 4566 ι
1782 4511 2041 4583 corripit,
2069 4511 2264 4575 nescit,
2293 4509 2461 4565 faciat
2481 4510 2602 4583 ipse
2629 4527 2759 4567 cum
2788 4512 3085 4582 charitate,

1730 4615 1755 4647 α
1783 4591 1932 4666 quod
1951 4591 2055 4647 scit
2075 4607 2197 4647 esse
2220 4589 2567 4647 faciendum.
2596 4591 2710 4647 Scit
2729 4592 2890 4648 enim
2913 4595 3090 4651 talem

1731 4696 1756 4727 α
1783 4671 2237 4745 corripiendum,
2293 4670 2510 4728 facturo
2556 4674 2671 4729 Deo
2698 4672 2884 4730 autad
2913 4674 3094 4733 mise-

1733 4776 1759 4809 «
1790 4752 2121 4819 ricordiam,
2175 4756 2272 4808 aut
2298 4751 2369 4808 ad
2410 4750 2712 4826 judicium.
2763 4754 3094 4813 Misericor—

1735 4858 1760 4889 «
1789 4835 1948 4892 diam
1975 4833 2228 4907 quidem,
2278 4834 2328 4889 si
2351 4850 2383 4889 a
2405 4850 2592 4891 massa
2627 4834 2968 4908 perditionis
2995 4836 3095 4895 ille

1736 4938 1762 4971 ιι
1786 4917 1884 4989 qui
1913 4916 2242 4987 corripitur,
2290 4916 2490 4989 gratiae
2517 4916 2782 4991 largitate
2819 4916 3098 4976 discretus

1737 5022 1764 5053 α
1792 5003 1880 5056 est
1925 5018 1950 5049 n
1994 5000 2292 5067 (statuerat
2313 5002 2504 5054 autem
2550 4999 2605 5055 S.
2654 4999 2857 5056 Doctor
2882 5017 3002 5074 cap.
3035 5003 3092 5069 8,
