3647 5753
1295 440 1474 496 DISP.
1526 439 1648 507 v11,
1693 439 1860 495 DUB.
1903 441 1999 496 111.
2980 438 3056 493 49

191 588 387 645 futuro
417 609 432 645 ε
465 588 565 646 sed
588 588 860 662 praedicta
883 587 1095 647 ablatio
1115 587 1554 661 estsimpliciter

189 667 567 740 impossibilis
599 691 613 725 :
641 685 779 745 ergo
803 676 860 727 et
885 668 1191 727 dissensus.
1241 670 1390 743 Ergo
1413 683 1555 741 sup-

188 750 372 824 posita
392 750 639 809 scientia
657 751 867 819 media,
894 767 1012 809 non
1031 750 1201 809 datur
1221 767 1360 809 vera
1382 748 1557 806 indit-

189 832 460 900 serentia,
509 838 566 890 et
617 838 859 906 potestas
904 833 975 892 ad
1023 832 1386 891 utrumlibet.
1428 833 1557 889 Haec

183 912 439 970 secunda
503 914 908 986 consequentia
968 919 1117 973 recte
1181 913 1433 970 infertur
1484 927 1558 969 ex

188 992 404 1066 prima,
429 997 488 1051 et
507 994 616 1050 ista
634 998 719 1051 est
737 994 975 1052 evidens
993 1011 1064 1053 ex
1087 994 1417 1068 praemissis.
1439 995 1557 1049 Ma-

180 1073 278 1146 jor
299 1079 514 1142 autem,
543 1075 811 1147 quamvis
831 1078 905 1131 sit
926 1076 1252 1141 manifesta,
1276 1072 1558 1149 probatur

187 1153 262 1211 ad
283 1154 622 1221 hominem3
648 1170 784 1212 nam
808 1155 935 1214 ideo
957 1156 1293 1215 Adversarii
1319 1159 1551 1231 negant,

182 1233 340 1307 quod
369 1235 551 1307 posita
574 1236 762 1309 gratia
788 1252 859 1293 ex
883 1252 945 1293 se
968 1236 1177 1296 efficaci
1206 1237 1278 1295 ad
1307 1250 1557 1295 consen-

186 1331 342 1381 sum,
367 1314 660 1372 dissensus
685 1316 760 1371 sit
779 1317 1006 1375 homini
1029 1317 1288 1376 absolute
1309 1315 1556 1390 possibi-

190 1396 282 1461 lis,
324 1397 463 1470 quia
509 1398 684 1455 homo
716 1401 914 1474 nequit
940 1400 1171 1459 auferre
1209 1400 1360 1457 illud
1387 1399 1556 1457 auxi-

192 1478 338 1533 lium
378 1477 594 1545 efficax,
642 1496 771 1538 cum
814 1499 926 1556 quo
951 1482 1243 1540 dissensus
1281 1479 1555 1556 conjungi

190 1573 309 1615 non
339 1559 536 1615 valet:
569 1575 705 1634 ergo
744 1567 805 1618 ut
844 1561 1134 1619 dissensus
1183 1563 1260 1619 sit
1298 1559 1556 1618 absolute

191 1636 504 1709 possibilis,
527 1638 695 1697 debet
717 1656 839 1699 esse
860 1640 1117 1700 absolute
1139 1640 1431 1716 possibilis
1451 1640 1556 1697 ab·

191 1717 330 1775 latio
353 1717 775 1792 impedimenti,
802 1739 933 1779 cum
957 1739 1069 1797 quo
1095 1723 1386 1780 dissensus
1407 1739 1557 1780 com-

191 1800 326 1872 poni
354 1817 475 1858 non
498 1810 696 1875 potest.
720 1804 915 1862 Minor
937 1820 1074 1863 vero
1097 1803 1390 1878 probatur;
1417 1817 1554 1861 nam

190 1879 407 1938 ablatio
429 1883 686 1942 scientiae
713 1884 919 1942 mediae
947 1900 1064 1942 non
1100 1889 1185 1942 est
1228 1886 1341 1942 Deo
1369 1884 1556 1958 possi-

193 1960 345 2028 bilis,
399 1963 544 2020 alias
594 1966 726 2023 talis
769 1966 1010 2023 scientia
1057 1981 1173 2022 non
1218 1966 1559 2023 conveniret

194 2042 304 2099 Deo
333 2047 674 2111 necessario,
703 2045 801 2102 sed
838 2045 1040 2113 libere,
1068 2053 1234 2118 atque
1260 2044 1390 2103 ideo
1415 2062 1556 2119 sup-

192 2124 374 2195 posito
394 2124 747 2193 decreto,seu
767 2127 1182 2185 deliberatione
1205 2128 1450 2201 propriae
1462 2144 1558 2186 vo·

195 2206 464 2274 luntatis;
487 2214 545 2265 et
563 2214 974 2281 consequenter
994 2226 1112 2267 non
1135 2209 1280 2266 foret
1318 2209 1556 2267 scientia

193 2288 405 2356 media,
427 2290 533 2347 hoc
548 2296 633 2347 est
662 2290 921 2348 medians
948 2291 1102 2348 inter
1127 2290 1425 2348 scientiam
1454 2292 1556 2349 Dei

195 2372 543 2439 naturalem,
571 2377 629 2429 et
665 2372 944 2440 liberam;
973 2374 1072 2430 sed
1095 2374 1241 2431 foret
1263 2373 1552 2446 adaequate

199 2449 383 2507 libera
410 2473 423 2508 ε
450 2453 600 2525 quod
627 2452 958 2510 Adversarii
1001 2455 1131 2511 totis
1158 2454 1382 2511 viribus
1408 2455 1558 2512 refu-

194 2532 380 2607 giunt.
411 2535 518 2591 Sed
534 2535 684 2608 quod
707 2542 791 2592 est
819 2539 932 2593 Deo
955 2535 1326 2610 impossihile,
1357 2542 1443 2593 est
1463 2536 1557 2593 ab·

193 2617 374 2671 solute
392 2616 771 2689 impossibile,
801 2618 1004 2675 saltem
1053 2619 1115 2674 in
1139 2618 1230 2674 his
1274 2634 1399 2690 quae
1439 2632 1556 2673 non

186 2698 527 2769 exprimunt
568 2699 892 2766 malitiam;
939 2715 1069 2755 cum
1109 2697 1376 2772 quaelibet
1419 2713 1557 2755 vera

192 2779 442 2850 potentia
462 2779 826 2837 contineatur
849 2782 912 2838 in
935 2780 1436 2853 omnipotentia,et
1456 2778 1556 2836 de-

195 2860 415 2917 rivetur
430 2859 500 2919 ab
529 2862 634 2919 illa
653 2885 666 2919 :
689 2864 833 2921 sicut
859 2861 1125 2936 quaelibet
1153 2862 1267 2918 alia
1286 2861 1557 2935 perfectio

195 2942 566 3015 participatur
594 2961 628 3001 a
650 2946 784 3001 Deo.
815 2947 963 3019 Ergo
992 2943 1283 3017 supposita
1317 2943 1557 3000 scientia

195 3021 383 3078 media
413 3023 482 3080 de
506 3041 783 3083 consensu
815 3026 1007 3082 futuro
1027 3069 1041 3092 ,
1068 3023 1445 3097 impossibilis
1472 3029 1557 3080 est

196 3103 410 3161 ablatio
454 3106 856 3179 impedimenti
881 3149 895 3174 ,
932 3123 1062 3164 cum
1108 3122 1220 3179 quo
1264 3104 1557 3163 dissensus

195 3187 460 3262 conjungi
491 3204 609 3245 non
631 3195 830 3263 potest.

265 3269 656 3328 confirmatur
679 3269 948 3335 secunde,
981 3275 1037 3326 et
1063 3268 1390 3325 declaratur
1426 3284 1556 3325 am-

195 3352 342 3423 plius
367 3377 382 3418 ;
416 3368 550 3408 nam
575 3353 850 3426 implicat,
877 3351 1026 3426 quod
1050 3351 1265 3425 aliquid
1293 3351 1370 3406 sit
1396 3349 1556 3407 abso·

195 3435 308 3491 lute
334 3433 625 3507 possibile,
675 3439 731 3491 et
749 3434 899 3507 quod
923 3451 1040 3492 non
1061 3434 1247 3499 detur,
1295 3449 1398 3490 nec
1425 3431 1554 3489 dari

195 3515 366 3586 possit
394 3515 583 3586 aliqua
602 3530 770 3571 causa
798 3516 1068 3579 existens,
1098 3531 1223 3587 quae
1246 3512 1392 3570 illud
1424 3528 1555 3585 pos-

195 3593 357 3652 sibile
383 3593 600 3651 efficere
627 3595 834 3660 valeat,
867 3610 931 3650 ac
954 3593 1221 3651 reducere
1247 3593 1319 3650 ad
1341 3592 1556 3650 exerci-

197 3674 338 3730 tium
371 3699 385 3740 ;
432 3674 671 3747 eoquod
721 3675 991 3747 possibile
1021 3675 1290 3747 importat
1336 3673 1555 3746 depen-

200 3752 448 3811 dentiam
506 3772 539 3811 a
579 3772 748 3812 causa
810 3755 1106 3819 existente,
1177 3755 1269 3810 vel
1329 3758 1555 3827 potente

200 3835 455 3901 existere,
497 3843 552 3894 et
597 3835 736 3893 dicit
764 3836 1030 3893 ordinem
1070 3835 1141 3892 ad
1186 3835 1552 3892 existentiam

199 3913 306 3970 sibi
334 3933 434 3988 per
463 3916 797 3989 praedictam,
818 3932 1048 3973 causam
1092 3912 1576 3972 communicabi-·

206 3994 332 4050 lem.
363 3997 528 4069 Atqui
551 3997 714 4053 nulla
733 4013 902 4053 causa
921 3997 1115 4053 existit
1136 3997 1198 4054 in
1223 4012 1420 4054 rerum
1445 4011 1555 4052 na-

204 4079 344 4140 tura,
377 4092 477 4133 nec
512 4082 694 4149 potest
730 4077 995 4143 existere,
1036 4093 1160 4149 quae
1194 4076 1552 4133 ablationem

202 4155 445 4214 scientiae
494 4158 699 4215 medias
766 4159 951 4216 valeat
1012 4158 1251 4225 efficere,
1313 4172 1555 4231 eamque

205 4234 541 4295 ablationem
582 4238 651 4294 ad
679 4238 1020 4295 exercitium
1073 4237 1343 4296 reducere
1376 4259 1389 4294 :
1419 4252 1555 4311 ergo

205 4317 412 4376 ablatio
464 4320 717 4378 scientiae
756 4320 962 4377 mediae
1002 4337 1118 4377 non
1174 4326 1259 4378 est
1298 4312 1554 4378 absulute

209 4400 501 4470 possibilis.
544 4406 798 4476 Cumque
823 4402 1113 4460 dissensus
1141 4418 1258 4459 non
1284 4403 1359 4458 sit
1385 4402 1555 4459 abso-

212 4481 321 4538 lute
345 4483 643 4555 possibilis,
667 4485 778 4541 nisi
803 4485 977 4541 etiam
999 4485 1072 4540 sit
1093 4483 1379 4557 possibilis
1401 4483 1556 4540 abla-

209 4561 287 4618 tio
312 4563 722 4636 impedimenti,
768 4580 897 4621 cum
924 4581 1035 4637 quo
1078 4563 1370 4620 dissensus
1393 4579 1555 4620 com-

213 4643 342 4712 poni
396 4659 506 4700 non
565 4651 764 4717 potest,
813 4642 1130 4718 cujusmodi
1182 4649 1266 4699 est
1315 4643 1555 4700 scientia

215 4722 397 4780 media
446 4724 512 4782 de
560 4741 836 4782 consensu
877 4724 1266 4781 infallibiliter
1318 4723 1551 4792 futur03

219 4800 425 4875 liquido
463 4804 727 4869 infertur,
769 4809 954 4861 stante
990 4804 1092 4860 tali
1130 4803 1387 4871 scientia,
1432 4804 1556 4861 dis-

218 4899 440 4941 sensum
489 4903 603 4944 non
648 4903 771 4944 esse
816 4885 1069 4944 absolute
1114 4885 1466 4960 possibilem,
1493 4903 1556 4944 ac

221 4979 313 5036 per
346 4981 691 5041 consequens
713 4966 958 5041 gratiam
1003 4966 1281 5024 efficacem
1325 4969 1555 5041 regula-

221 5049 330 5103 tam
357 5064 457 5122 per
492 5050 790 5107 scientiam
819 5049 1066 5107 mediam
1087 5056 1346 5109 evertere
1373 5050 1555 5109 liber-

1685 592 1883 646 tatem.
1934 590 2147 647 Caetera
2190 593 2467 655 constant,
2537 592 2595 646 et
2638 588 2825 663 maior
2871 585 3052 660 primi

1685 671 2008 747 syllogismi
2060 669 2336 745 probatur
2388 669 2804 728 considerando
2849 684 3052 727 omnes

1685 765 1882 808 causas
1901 752 2208 810 existentes
2238 776 2252 819 ς
2284 768 2419 809 nam
2448 753 2512 809 in
2536 751 2741 825 primis
2763 753 2912 808 Deus
2934 764 3053 806 non

1688 836 1868 904 potest
1908 848 1942 888 a
1983 848 2045 890 se
2087 832 2388 891 excludere
2430 832 2733 890 scientiam
2774 830 3050 894 mediam,

1688 912 1833 968 alias
1881 919 2027 969 esset
2078 911 2227 970 liber
2276 914 2339 970 in
2387 910 2796 987 praenoscendo
2860 911 3057 968 futura

1685 992 2094 1062 conditionata,
2132 994 2282 1068 quod
2315 1001 2526 1070 negant
2554 993 2909 1052 Adversarii.
2942 996 3058 1051 Nec

1687 1076 1955 1133 voluntas
2001 1091 2157 1133 nunc
2181 1076 2434 1134 existens
2462 1079 2642 1149 potest
2667 1076 2836 1132 illam
2862 1075 3055 1131 scien-

1688 1156 1830 1214 tiam
1862 1157 2112 1216 mediam
2134 1157 2449 1224 destruere,
2492 1159 2585 1215 vel
2616 1156 2900 1231 impedire
2930 1179 2944 1223 ;
2970 1154 3057 1211 si-

1686 1238 1920 1313 quidem
1986 1257 2115 1298 cum
2162 1242 2429 1299 voluntas
2474 1241 2709 1314 ponitur
2750 1240 2812 1296 in
2859 1254 3054 1295 rerum

1689 1328 1911 1389 natura,
1954 1324 2225 1396 supponit
2275 1323 2570 1397 praefuisse
2614 1323 2679 1379 in
2719 1323 2833 1378 Deo
2873 1321 3050 1377 talem

1686 1404 2005 1473 scientiam,
2036 1411 2093 1463 et
2118 1405 2189 1463 ad
2219 1407 2572 1480 praeteritum
2616 1421 2731 1481 non
2761 1404 2930 1461 datur
2957 1419 3054 1460 ac-

1688 1483 1787 1541 tio.
1843 1486 1959 1543 Nec
2005 1486 2235 1543 tandem
2282 1492 2366 1544 est
2409 1484 2802 1560 excogitabilis
2856 1484 3048 1556 aliqua

1687 1580 1874 1630 causa,
1904 1580 2031 1637 quae
2079 1567 2252 1639 possit
2280 1566 2407 1623 fieri
2446 1564 2718 1631 existens,
2766 1569 2825 1621 et
2864 1564 3052 1637 impe-

1687 1644 1833 1713 dire,
1878 1648 1968 1703 vel
2009 1647 2311 1705 excludere
2362 1648 2529 1704 illam
2584 1644 3006 1719 praescientiam
3031 1668 3046 1711 ;

1689 1741 1826 1781 nam
1854 1741 2218 1800 quaecumque
2261 1731 2524 1801 ponatur,
2574 1725 2846 1799 supponit
2870 1727 3048 1781 Deum

1688 1805 1760 1862 ab
1811 1813 2029 1865 aeterno
2079 1811 2255 1866 talem
2302 1808 2722 1882 praescientiam
2759 1805 3041 1863 habuisse.

1688 1888 1863 1944 Nulla
1902 1889 2079 1964 igitur
2102 1895 2185 1946 est
2211 1906 2379 1946 causa
2418 1890 2686 1954 existens,
2734 1887 2825 1944 vel
2852 1890 3051 1959 potens

1686 1968 1950 2035 existere,
2022 1986 2148 2041 quae
2196 1970 2416 2028 efficere
2465 1970 2653 2026 valeat
2698 1967 3048 2024 ablationem

1687 2048 1939 2106 scientim
1985 2050 2210 2115 mediae,
2283 2065 2523 2123 eamque
2574 2047 2925 2105 ablationem
2976 2043 3048 2104 ad

1686 2130 2023 2188 exercitium
2054 2131 2342 2189 reducere.

1760 2212 1853 2268 73.
1899 2212 2266 2286 Respondent
2303 2213 2491 2285 primo
2542 2210 2893 2277 Adversarii,
2945 2219 3244 2284 po-Primum

3107 2272 3208 2314 eltu-

1688 2296 1947 2350 testatem
1976 2293 2272 2351 auferendi
2299 2292 2599 2351 scientiam
2628 2291 2880 2349 mediam
2908 2307 3047 2349 con-
3082 2319 3208 2372 glum.

1687 2391 1889 2432 sensus
1931 2374 2317 2433 conditionate
2362 2375 2543 2432 futuri
2591 2389 2710 2431 non
2739 2374 3048 2431 convenire

1688 2457 1971 2513 voluntati
1997 2463 2198 2514 creatae
2224 2456 2287 2513 in
2312 2461 2461 2513 statu
2488 2453 2765 2518 absoluto,
2805 2455 2904 2527 qui
2926 2454 3046 2529 jam

1686 2539 1957 2611 supponit
1987 2539 2400 2611 praescientiam
2431 2538 2530 2595 Dei
2558 2562 2571 2604 ;
2602 2538 2746 2594 bene
2769 2543 2961 2593 tamen
2985 2536 3048 2593 in

1687 2623 1837 2674 statu
1858 2618 2266 2684 conditionatO,
2311 2618 2407 2691 qui
2431 2617 2500 2673 ad
2529 2616 2712 2690 ipsam
2744 2616 3049 2689 praescien-
3118 2628 3127 2636 ·

1688 2698 1830 2755 tiam
1856 2700 2223 2772 supponitur.
2267 2698 2421 2755 Fieri
2462 2698 2620 2755 enim
2652 2697 2850 2770 potuit,
2900 2696 3047 2770 quod

1688 2780 1752 2836 in
1773 2779 1974 2838 eadem
2015 2782 2324 2847 occasione,
2370 2785 2576 2837 etcum
2608 2777 2818 2837 eadem
2864 2779 3049 2854 gratia

1689 2861 1955 2919 voluntas
1982 2859 2171 2920 creata
2196 2878 2256 2918 se
2282 2858 2697 2918 determinaret
2724 2858 2793 2916 ad
2822 2858 3047 2917 dissen-

1687 2960 1838 3000 sum.
1873 2945 1937 2999 In
1964 2960 2075 3016 quo
2101 2960 2231 3001 casu
2280 2945 2428 3000 Deus
2454 2959 2571 3000 non
2600 2940 2834 2998 haberet
2859 2942 3047 2998 scien-

1688 3023 1831 3078 tiam
1881 3023 2133 3080 mediam
2162 3023 2231 3080 de
2257 3038 2532 3080 consensu
2558 3022 2621 3078 in
2660 3021 2858 3078 eadem
2886 3037 3047 3078 occa-

1685 3105 1869 3171 sione,
1932 3110 1988 3161 et
2046 3121 2176 3160 cum
2214 3105 2413 3161 eadem
2466 3104 2652 3179 gratia
2710 3103 2903 3159 futuro
2929 3126 2942 3168 ;
2986 3118 3049 3158 ac

1689 3183 1932 3258 proinde
1989 3185 2287 3241 tolleretur
2333 3185 2831 3258 impedimentum,
2899 3181 3048 3255 quod

1687 3264 1859 3323 modo
1884 3281 2012 3321 cum
2041 3264 2300 3323 dissensu
2323 3266 2591 3341 conjungi
2617 3280 2730 3322 non
2757 3265 2929 3320 valet.

1763 3348 2043 3402 Caeterum
2093 3346 2211 3403 baec
2251 3346 2544 3420 responsio
2584 3343 2776 3403 verbis
2823 3347 3253 3400 tantumooelum·

1687 3427 1962 3494 consistit,
2007 3434 2064 3484 et
2104 3428 2270 3485 facile
2314 3427 2660 3484 confutatur.
2714 3428 2862 3481 Tum
2914 3426 3049 3498 quia

1685 3515 1866 3566 status
1885 3508 2307 3566 conditionatus
2348 3511 2641 3584 regulatur
2671 3525 2771 3581 per
2816 3506 3051 3563 habitu-

1686 3589 1884 3646 dinem
1903 3587 1972 3645 ad
1986 3594 2197 3644 statum
2214 3587 2536 3645 absolutum
2559 3613 2573 3656 ;
2590 3594 2824 3645 eatenus
2838 3587 3050 3660 quippe

1687 3671 2037 3736 verificatur,
2062 3671 2209 3744 quod
2254 3673 2473 3737 Petrus,
2504 3671 2553 3726 si
2584 3675 2891 3743 poneretur
2919 3668 3051 3723 talis

1684 3751 1957 3816 conditio,
2008 3751 2372 3816 consentiret,
2422 3755 2703 3823 quatenus
2742 3765 2809 3806 ea
2852 3746 3052 3804 condi-

1687 3833 1843 3889 tione
1870 3832 2053 3903 posita
2090 3830 2373 3887 consentit
2406 3851 2418 3886 ε
2447 3846 2583 3904 ergo
2612 3834 2672 3885 ut
2700 3827 3044 3893 verificetur,

1684 3916 1897 3991 quodsi
1922 3918 2232 3989 poneretur
2257 3913 2384 3969 talis
2405 3913 2675 3980 conditi0,
2703 3910 3051 3968 consentiret

1687 3997 1887 4063 libere,
1908 3996 2223 4070 requiritur
2245 3995 2391 4069 quod
2407 4011 2472 4052 ea
2493 3994 2820 4052 conditione
2845 3992 3045 4065 posita,

1688 4078 1869 4136 libere
1894 4075 2213 4135 consentiat
2239 4097 2252 4132 :
2281 4091 2416 4150 ergo
2459 4075 2674 4148 pariter
2697 4080 2759 4130 ut
2784 4071 3049 4130 verifice-

1687 4165 1799 4228 tur,
1844 4157 1994 4231 quod
2032 4156 2083 4213 si
2126 4162 2435 4228 poneretur
2477 4155 2608 4211 talis
2646 4153 2916 4217 conditio,
2970 4152 3049 4208 ita

1683 4241 2052 4305 consentiret,
2079 4238 2227 4311 quod
2248 4239 2425 4294 simul
2450 4236 2685 4294 haberet
2712 4240 3049 4309 potestatem

1686 4321 1757 4377 ad
1778 4321 2123 4394 oppositum,
2145 4321 2461 4393 requiritur
2477 4316 2625 4391 quod
2641 4333 2707 4373 ea
2721 4315 3050 4373 conditione

1688 4403 1888 4475 posita,
1921 4402 2000 4457 ita
2026 4401 2362 4466 consentiat,
2396 4405 2457 4457 ut
2483 4398 2687 4456 habeat
2715 4401 3047 4470 potestatem

1686 4483 1757 4540 ad
1777 4483 2124 4557 oppositum.
2144 4484 2501 4554 Atquibomo
2517 4484 2581 4538 in
2602 4485 2749 4537 statu
2768 4479 3043 4544 absoluto,

1684 4570 1742 4623 et
1782 4562 2079 4637 purificata
2118 4562 2465 4630 conditione,
2514 4577 2631 4618 non
2660 4559 2827 4617 habet
2856 4563 3047 4632 potes-

1685 4650 1860 4702 tatem
1889 4645 1959 4702 ad
1987 4643 2364 4701 auferendum
2414 4640 2835 4715 praescientiam
2863 4637 2937 4696 de
2964 4639 3047 4697 fu·

1686 4732 1816 4783 turo
1842 4741 2139 4789 consensu,
2170 4740 2300 4780 cum
2321 4741 2432 4796 qua
2456 4721 2814 4797 praescientia
2834 4719 3050 4777 dissen-

1684 4823 1781 4863 sus
1819 4805 2087 4880 conjungi
2141 4820 2258 4861 non
2296 4806 2470 4861 valet.
2527 4805 2676 4877 Ergo
2727 4801 2960 4867 frustra,
2994 4806 3047 4859 et

1686 4888 1986 4962 nugatorie
2028 4886 2098 4943 ad
2125 4892 2334 4944 statum
2373 4883 2826 4942 conditionatum
2857 4898 3056 4939 recur-

1687 4969 1839 5026 ritur
1887 4983 1989 5040 pro
2038 4965 2318 5024 salvanda
2363 4963 2689 5038 hujusmodi
2756 4968 3048 5037 potestate.

1686 5051 1832 5105 Tum
1860 5049 2057 5114 etiam,
2088 5047 2224 5119 quia
2271 5046 2722 5118 implicatorium
2749 5049 2851 5110 est,
2902 5042 3052 5116 quod

3113 3404 3193 3442 tur.
