3647 5753
1425 381 1605 439 DISP.
1650 382 1749 447 ΙΙΙ,
1793 382 1961 440 DUB.
2004 386 2098 443 IV.

302 556 424 613 tur,
454 558 512 607 ut
536 549 725 608 videat
747 552 888 621 (haec
911 552 1121 626 quippe
1146 568 1217 610 ex
1238 552 1297 610 vi
1320 550 1522 609 formae
1543 568 1676 626 pos-

298 638 441 688 sunt
465 638 614 690 recte
640 633 949 707 componi),
974 632 1073 690 sed
1100 634 1235 707 quia
1251 649 1369 692 non
1397 633 1674 707 dependet

306 713 372 769 in
391 728 602 788 genere
629 731 811 771 causae
824 713 1148 770 materialis
1171 731 1204 771 a
1230 714 1472 783 visione,
1498 731 1671 789 quam

299 794 461 850 elicit
493 818 505 861 ;
561 795 704 852 sicut
747 794 937 869 gratia
987 794 1411 852 communicata
1463 795 1672 852 adultis

305 875 588 950 dependet
619 877 688 934 ab
717 876 935 934 actibus
956 876 1404 945 contritionis,et
1419 878 1673 936 charita-

304 959 380 1014 tis
413 984 425 1025 ;
459 975 639 1031 neque
667 960 826 1016 enim
854 958 1002 1016 visio
1024 957 1275 1015 deservit
1303 957 1372 1013 ad
1393 960 1672 1017 essentia-

308 1042 424 1098 lem
466 1042 707 1097 luminis
749 1041 1150 1114 receptionem,
1178 1045 1240 1097 ut
1272 1056 1342 1097 ex
1381 1057 1442 1098 se
1471 1043 1665 1115 liquet,

309 1140 492 1196 neque
520 1124 590 1180 ad
633 1127 1016 1197 receptionem
1046 1125 1438 1186 voluntariam
1460 1125 1621 1181 illius
1651 1147 1665 1183 :

310 1212 429 1261 tum
452 1207 588 1278 quia
610 1208 856 1278 receptio
879 1205 1122 1263 luminis
1145 1220 1262 1263 non
1289 1210 1374 1262 est
1398 1207 1669 1264 volunta-

306 1289 394 1344 ria
421 1288 700 1361 proxime,
721 1290 865 1345 sicut
883 1289 1128 1361 receptio
1140 1288 1339 1362 gratiae
1361 1294 1512 1344 :tum
1534 1290 1669 1362 quia

306 1371 452 1427 visio
498 1386 615 1427 non
641 1376 725 1427 est
751 1377 906 1426 actus
952 1370 1120 1436 liber,
1173 1369 1270 1427 sed
1322 1369 1668 1444 simpliciter

305 1452 951 1510 necessariuS.Aliunde
995 1453 1171 1510 etiam
1213 1454 1412 1510 lumen
1437 1458 1522 1509 est
1546 1453 1667 1510 dis-

303 1535 511 1606 positio
558 1533 629 1591 ad
676 1534 980 1600 visionem,
1014 1540 1075 1590 ut
1114 1534 1371 1591 diximus
1420 1536 1661 1601 tract.2,

297 1615 442 1688 disp.
473 1620 528 1680 4,
560 1616 687 1672 dub.
719 1617 772 1683 3,
807 1613 960 1671 unde
1001 1616 1200 1688 nequit
1241 1614 1305 1670 in
1341 1613 1541 1672 eodem
1567 1630 1669 1690 ge-

301 1713 441 1754 nere
486 1714 667 1755 causae
712 1697 1067 1769 dispositivae
1115 1696 1456 1771 dependere.
1488 1698 1667 1754 Simi-

301 1778 435 1834 liter
465 1779 717 1851 potentia
746 1779 932 1835 visiva
971 1795 1092 1838 non
1120 1777 1402 1853 dependet
1444 1778 1515 1834 ab
1542 1784 1665 1836 actu

301 1859 536 1915 videndi
565 1865 841 1932 tanquam
866 1877 897 1917 a
918 1860 1291 1934 dispositione
1317 1884 1329 1927 ;
1354 1858 1487 1933 quia
1516 1876 1668 1932 prae-

293 1940 445 1999 dicta
469 1944 722 2015 potentia
758 1960 875 2001 non
912 1942 1084 2001 habet
1112 1944 1398 2002 rationem
1440 1943 1661 2011 formae,

291 2024 394 2081 sed
418 2026 783 2099 proprietatis
821 2026 1177 2083 dimanantis
1199 2043 1230 2083 a
1259 2027 1447 2084 forma
1473 2047 1485 2082 :
1515 2026 1667 2085 unde

299 2123 415 2165 non
467 2109 604 2181 petit
631 2111 913 2166 actionem
960 2115 1015 2167 et
1067 2109 1501 2182 dispositionem
1544 2108 1666 2165 dis-

293 2187 499 2245 tinctas
543 2189 613 2245 ab
643 2191 879 2255 actione,
911 2195 968 2247 et
1017 2189 1407 2264 dispositione.
1457 2190 1665 2248 mediis

287 2270 502 2343 quibus
529 2274 987 2330 communicatur
1012 2272 1298 2340 forma,ad
1324 2290 1497 2346 quam
1524 2290 1664 2330 con-

285 2355 572 2426 sequitur.
606 2356 831 2413 Pariter
847 2357 1066 2414 vocatio
1101 2373 1218 2415 non
1240 2362 1321 2413 est
1350 2356 1660 2422 forma‚sed

288 2435 557 2506 quaedam
585 2437 782 2503 motio,
813 2453 938 2508 quae
963 2452 1032 2493 ex
1069 2454 1279 2511 genere
1306 2453 1409 2495 suo
1438 2438 1659 2493 nullam

290 2514 730 2585 dispositionem
763 2517 1125 2589 praerequirit
1152 2541 1165 2584 ;
1189 2516 1286 2573 sed
1310 2517 1498 2589 potius
1538 2518 1661 2591 ipsa

294 2598 462 2653 unice
478 2596 781 2654 ordinatur
798 2597 867 2654 ad
889 2598 1253 2656 excitandum
1271 2599 1660 2672 hominem,ut

287 2692 353 2733 se
403 2676 670 2750 disponat
697 2678 767 2734 ad
798 2679 1105 2753 justitiam.
1132 2683 1197 2735 In
1238 2680 1421 2753 gratia
1465 2687 1656 2738 autem

286 2758 680 2817 sanctificante
698 2761 955 2817 militant
969 2761 1219 2817 rationes
1233 2760 1493 2831 diversae,
1504 2778 1567 2818 ac
1594 2762 1656 2818 in

288 2840 574 2915 praedictis
619 2843 921 2916 exempliS,
967 2849 1028 2901 ut
1090 2847 1307 2901 constat
1358 2859 1431 2901 ex
1481 2861 1655 2919 supra

286 2924 454 2981 dictis
483 2948 496 2982 ε
520 2926 672 2983 unde
693 2931 932 2998 oportet,
965 2926 1116 3000 quod
1145 2927 1314 2984 aliter
1341 2925 1410 2983 de
1438 2926 1653 2984 actibus

287 3006 358 3063 ab
385 3023 450 3064 ea
476 3007 909 3081 procedentibus
936 3007 1347 3065 discurramus,

39 3118 249 3162 numm·
360 3088 445 3143 Ad
466 3089 962 3146 confirmationem
1008 3089 1438 3163 respondemus„
1466 3091 1648 3166 majo-

68 3170 235 3263 2¹23?
288 3186 409 3227 rem
437 3188 551 3229 non
574 3189 696 3230 esse
716 3173 1127 3229 universaliter
1147 3190 1368 3238 veram,
1397 3171 1494 3229 sed
1518 3176 1649 3229 tan-

223 3250 235 3261 '
286 3258 407 3309 tum
432 3254 720 3311 verificari
764 3255 826 3309 in
853 3253 1105 3310 motibus
1151 3253 1502 3318 successivis,
1547 3270 1648 3309 cu·-

277 3333 530 3405 jusmodi
553 3339 686 3390 sunt
703 3334 1080 3402 calefactio,et
1097 3333 1505 3398 deambulatio,
1523 3348 1647 3405 quae

281 3412 366 3469 ibi
397 3415 1155 3473 recensentur.Falsificatur
1178 3421 1366 3472 autem
1384 3415 1447 3470 in
1469 3414 1644 3472 moti-⁴

279 3495 386 3551 bus
429 3499 830 3563 instantaneiS,
856 3504 910 3555 et
953 3499 1235 3572 perfectis,
1268 3497 1464 3571 quales
1510 3502 1644 3553 sunt

276 3579 544 3651 cognitio,
571 3585 625 3635 et
648 3580 865 3646 volitio,
899 3596 1021 3652 quae
1049 3580 1118 3637 ad
1147 3580 1395 3656 gratiam
1421 3595 1642 3653 praepa-

277 3665 434 3714 rant.
483 3661 552 3734 Et
605 3660 752 3715 ratio
814 3658 1156 3717 differentiae
1211 3665 1312 3726 est,
1365 3660 1640 3731 quoniam

273 3740 498 3812 priores
545 3747 732 3797 motus
788 3748 1077 3813 nequeunt
1103 3741 1326 3799 fieri'in
1372 3743 1633 3808 instanti,

266 3819 370 3876 sed
396 3825 745 3877 consumunt
768 3826 989 3893 tempus
1017 3823 1316 3896 :quocirca
1351 3829 1638 3896 nequeunt

263 3899 466 3957 adesse
496 3902 555 3956 in
585 3903 842 3969 instanti,
877 3905 940 3957 in
985 3919 1096 3976 quo
1136 3904 1391 3976 primum
1423 3903 1636 3976 produ-

262 3981 417 4038 citur
464 3984 752 4039 terminus
779 4007 793 4050 ;
846 3982 944 4039 sed
1010 3985 1102 4040 vel
1157 3984 1326 4040 illum
1377 3989 1635 4056 tempore

266 4062 614 4133 praecedunt,
647 4072 701 4120 et
727 4080 861 4120 eum
903 4063 1222 4136 producunt
1247 4089 1260 4131 ;
1285 4066 1376 4121 vel
1408 4071 1529 4137 post
1557 4065 1632 4120 il-

261 4145 386 4199 lum
417 4150 674 4217 tempore
694 4152 1093 4219 sequuntur,et
1116 4145 1187 4202 ab
1209 4162 1275 4204 eo
1299 4147 1626 4220 procedunt,

263 4230 328 4280 ut
349 4223 516 4281 facile
538 4233 754 4284 constat
803 4229 866 4284 in
907 4227 1276 4286 calefactione
1303 4233 1632 4302 comparata

256 4321 393 4362 cum
473 4307 683 4362 calore.
743 4308 1097 4364 Posteriores
1168 4314 1358 4365 autem
1442 4311 1629 4364 motus

260 4383 641 4458 perficiuntur
670 4386 731 4442 in
750 4388 1009 4451 instanti,
1036 4386 1190 4445 unde
1215 4389 1299 4445 eis
1316 4405 1432 4447 non
1457 4403 1628 4460 repu-

255 4471 415 4540 gnat,
443 4466 650 4522 saltem
680 4472 763 4522 est
782 4484 853 4525 ex
877 4468 981 4524 hoc
1007 4469 1208 4539 capite,
1239 4469 1389 4543 quod
1421 4469 1629 4525 termi-

258 4563 404 4603 num
444 4545 779 4619 dispositive
818 4550 1173 4615 antecedant,
1218 4557 1274 4606 et
1320 4551 1390 4607 ad
1431 4551 1628 4607 termi-

255 4645 400 4686 num
426 4629 680 4686 effective
695 4634 1211 4704 consequantur.Et
1235 4633 1314 4688 ita
1334 4648 1395 4688 se
1415 4631 1627 4689 habent

250 4716 411 4767 actus
439 4711 821 4776 contritionis,
854 4718 909 4768 et
954 4713 1251 4768 charitatis
1280 4712 1350 4768 ad
1377 4712 1625 4787 gratiam

245 4790 723 4849 sanctificantem.

3065 402 3177 459 603

2405 565 2536 633 gv.

1908 711 2155 792 Reliquis
2172 717 2408 789 ejusdem
2429 723 2702 867 oipirbionis
2740 727 3079 796 aryumentis

2386 810 2449 849 sa
2478 812 2525 850 ts
2566 804 2604 853 t.

1889 942 2011 998 100.
2055 946 2333 1020 Arguitur
2373 950 2593 1023 quinto,
2618 953 2753 1024 quia
2798 956 2961 1012 nulla
2998 968 3378 1032 causaqummm

1802 1022 2056 1082 efficiens
2105 1035 2287 1100 potest
2350 1031 2674 1104 dependere
2720 1051 2750 1091 a
2795 1053 2896 1093 suo
2942 1037 3163 1104 effectu,
3181 1041 3361 1127 'gggffim

1803 1104 1918 1160 nisi
1941 1105 2013 1162 ad
2050 1123 2348 1167 summum
2376 1112 2439 1167 in
2478 1128 2688 1187 genere
2707 1131 2887 1172 causae
2931 1116 3166 1173 finalis:
3364 1115 3385 1131 ⁶

1802 1197 1938 1259 ergo
1957 1187 2008 1241 si
2049 1189 2237 1260 gratia
2281 1199 2427 1250 esset
2452 1209 2617 1250 causa
2647 1194 2892 1253 efficiens
2938 1202 3168 1252 actuum

1800 1265 2187 1333 contritionis„
2213 1276 2267 1326 et
2296 1274 2513 1330 amoris
2536 1274 2907 1332 existentium
2951 1279 3014 1333 in
3043 1277 3169 1334 ins-

1801 1345 1947 1400 tanti
1985 1346 2431 1419 justificationiS,
2466 1369 2584 1410 non
2622 1362 2807 1428 posset
2847 1355 2917 1412 ab
2953 1358 3037 1414 eis
3066 1357 3169 1414 de-

1802 1424 2053 1496 pendere
2076 1426 2138 1483 in
2164 1444 2377 1503 genere
2402 1449 2582 1490 causae
2609 1433 2959 1508 dispositivae
2993 1454 3169 1495 :con-

1799 1520 2042 1577 sequens
2086 1514 2169 1564 est
2213 1511 2441 1580 salsum,
2466 1514 2748 1595 siquidem
2779 1517 3032 1589 praedicti
3073 1535 3170 1576 ac-

1801 1589 1892 1640 tus
1936 1586 2007 1642 ad
2049 1590 2299 1662 gratiam
2349 1591 2680 1667 disponunt,
2706 1603 2769 1652 ut
2820 1597 3171 1656 determinat

1800 1667 2123 1726 Concilium
2174 1672 2436 1732 Trident.
2470 1677 2608 1735 locis
2666 1695 2839 1751 supra
2885 1681 3087 1751 citatis,
3113 1686 3171 1739 et
3197 1733 3230 1776 c
3313 1735 3323 1745 .

1800 1748 2002 1807 docent
2046 1755 2406 1813 unanimiter
2432 1759 2707 1834 Theologi
2736 1781 2750 1815 ε
2791 1737 3381 1835 ergofalsumrr‘i'ffii.

1799 1835 1903 1896 est,
1935 1833 2084 1904 quod
2122 1836 2311 1908 gratia
2336 1838 2412 1893 sit
2452 1856 2622 1898 causa
2648 1841 2898 1899 efficiens
2925 1844 3167 1916 praedic-

1800 1916 1994 1967 tarum
2025 1917 2446 1987 operationum.

1875 1993 2268 2054 confirmatur
2303 2021 2316 2056 ε
2342 2015 2479 2057 nam
2503 2003 2602 2075 qui
2627 2006 2789 2077 ponit
2808 2006 3064 2064 effective
3084 2009 3170 2065 ul·
3197 2040 3359 2085 conflr-

1798 2076 2003 2134 timam
2033 2079 2470 2154 dispositionem
2503 2084 2572 2141 ad
2609 2087 2864 2160 aliquam
2894 2089 3164 2158 formam,
3207 2089 3357 2135 &¹³⁰-

1799 2159 1962 2230 ponit
1991 2160 2250 2221 effective
2276 2165 2463 2237 ipsam
2493 2165 2763 2234 formam,
2802 2170 2965 2243 juxta
3009 2187 3171 2228 com-

1798 2254 1977 2297 mune
2037 2242 2523 2318 Philosophorum
2589 2249 2954 2321 proloquium
3006 2272 3021 2308 ε
3069 2251 3170 2309 sed

1795 2321 1983 2392 gratia
2025 2325 2221 2396 nequit
2247 2341 2482 2383 causare
2501 2327 2759 2386 effective
2802 2331 3072 2403 seipsam,
3105 2338 3171 2389 ut

1795 2399 1972 2473 liquet
2004 2419 2074 2459 ex
2106 2407 2371 2463 terminis
2403 2423 2574 2483 :ergo
2593 2410 2780 2483 gratia
2809 2413 3005 2483 nequit
3029 2430 3169 2470 cau-

1792 2495 1922 2538 sare
1978 2482 2236 2543 efl'ective
2282 2488 2553 2545 ultimam
2600 2489 3037 2564 dispositionem
3092 2492 3167 2549 ad

1791 2563 2059 2636 seipsam,
2088 2581 2296 2639 nempe
2322 2575 2477 2625 actus
2505 2572 2892 2639 contritionis,
2918 2579 2975 2629 et
3000 2589 3165 2632 amo·

1793 2640 1875 2697 ris
1901 2646 2212 2703 existentes
2226 2646 2299 2702 ⁴in
2324 2648 2565 2705 instanti
2588 2650 3037 2724 justificationis.

1869 2727 1952 2782 Ad
1970 2739 2377 2803 argumentum
2402 2733 2781 2805 respondetur
2800 2733 3161 2793 concedendo
3174 2775 3366 2828 Remu,

1788 2810 2127 2869 antecedens
2169 2813 2525 2870 intellectum
2575 2818 2643 2873 de
2690 2832 2856 2874 causa
2884 2816 3160 2875 efficiente
3198 2822 3335 2868 stoan

1789 2909 1933 2965 pure
1959 2889 2298 2960 extrins'eca,
2330 2902 2385 2952 et
2431 2913 2555 2969 quae
2603 2900 2829 2954 tantum
2858 2883 3375 2972 compare-mffluffm,

1789 2979 1885 3030 tur
1929 2988 2029 3045 per
2057 2973 2293 3031 modum
2322 2992 2507 3033 causae
2535 2977 2829 3035 efficientis
2862 3002 2876 3036 ε
2907 2979 3005 3036 sed
3046 2997 3152 3039 ne-

1783 3056 1910 3128 gari
1926 3056 2109 3132 debet,
2135 3057 2183 3111 si
2214 3057 2574 3133 intelligatur
2597 3060 2666 3116 de
2687 3077 2855 3117 causa
2875 3061 3153 3119 efficiente

1784 3136 2116 3204 intrinseca,
2141 3152 2266 3208 quae
2292 3138 2470 3194 simul
2494 3140 2700 3197 habeat
2726 3141 3012 3197 rationem
3030 3142 3154 3199 for-

1781 3231 1917 3279 mae;
1949 3216 2279 3289 hujusmodi
2301 3218 2461 3274 enim
2494 3236 2666 3277 causa
2693 3221 2946 3277 efficiens
2967 3227 3153 3293 potest

1779 3294 2104 3369 dependere
2149 3312 2181 3352 a
2220 3313 2323 3354 suo
2368 3297 2566 3356 effectu
2617 3302 2679 3357 in
2717 3317 2928 3376 genere
2971 3318 3154 3362 causae

1778 3379 2099 3435 materialis
2145 3376 2518 3450 dispositivae,
2553 3389 2614 3439 ut
2657 3388 2807 3455 patet
2849 3383 2912 3438 in
2960 3384 3150 3444 forma

1777 3459 2171 3528 substantiali,
2198 3476 2324 3533 quae
2365 3463 2534 3519 eflicit
2563 3482 2664 3537 per
2692 3466 3149 3526 dimanationem

1776 3559 1909 3599 suas
1932 3544 2337 3616 proprietates;
2363 3550 2634 3604 ettamen
2663 3547 2733 3605 ab
2756 3547 2972 3605 eisdem
3001 3549 3149 3608 sicut

1774 3641 1806 3680 a
1829 3625 2202 3697 dispositione
2217 3625 2514 3697 dependet.
2533 3631 2730 3686 Gratia
2746 3635 2934 3686 autem
2956 3647 3017 3688 se
3037 3632 3145 3690 ha-

1774 3704 1870 3762 bet
1915 3706 2017 3762 hoc
2073 3706 2379 3779 posteriori
2430 3708 2601 3766 modo
2643 3710 2714 3766 ad
2756 3711 3137 3783 operationes,

1769 3805 1909 3860 quas
1939 3790 2001 3845 in
2034 3789 2275 3845 instanti
2301 3788 2732 3863 Justiflcationis
2759 3794 2916 3849 elicit
2948 3815 2961 3849 ε
2991 3796 3143 3854 unde

1770 3885 1888 3927 non
1932 3876 2212 3944 repugnat
2232 3870 2307 3937 ei,
2351 3871 2500 3943 quod
2529 3870 2599 3927 ab
2640 3873 2763 3928 illis
2806 3880 3078 3948 tanquam
3105 3892 3139 3934 a

1768 3948 2144 4022 dispositione
2174 3950 2510 4023 dependeat.

1844 4028 1926 4083 Ad
1955 4028 2454 4099 confirmationem
2501 4030 2806 4088 dicendum
2837 4038 2936 4101 est,
2969 4040 3178 4122 ante·S
3207 4082 3219 4124 ¹
3254 4078 3282 4121 ,ι

1765 4103 1968 4166 cedens
1990 4111 2176 4167 solum
2201 4111 2514 4178 verificari,
2546 4113 2776 4186 quando
2798 4116 3003 4172 ultima
3024 4115 3135 4171 dis-
3173 4090 3338 4188 ἓοῖιὶιῗῖ

1765 4192 1972 4263 positio
1999 4195 2289 4250 concurrit
2316 4195 2574 4252 effective
2601 4196 2671 4252 ad
2710 4197 2978 4265 formam,
3010 4199 3133 4256 sive
3174 4182 3318 4224 mm·

1762 4276 1837 4342 (et
1869 4274 1930 4329 in
1968 4273 2121 4330 idem
2152 4274 2322 4345 redit)
2349 4276 2578 4349 quando
2614 4277 2801 4334 forma
2830 4278 2900 4334 ab
2929 4280 3133 4335 ultima

1762 4355 2143 4427 dispositione
2216 4358 2454 4414 resultat
2518 4378 2531 4413 ε
2593 4374 2704 4430 quo
2764 4364 2923 4431 pacto
2973 4376 3133 4417 com-

1763 4442 2043 4507 parantur
2095 4436 2250 4492 inter
2308 4452 2368 4493 se
2428 4437 2582 4493 calor
2642 4444 2701 4493 ut
2762 4446 2978 4510 septem
3002 4484 3027 4508 ,Ἴ
3073 4446 3132 4498 et

1762 4515 1949 4571 forma
1992 4515 2158 4589 ignis,
2205 4518 2364 4573 Tunc
2408 4517 2616 4589 quippe
2664 4517 2807 4574 bene
2855 4519 3125 4588 infertur,

1760 4595 1908 4669 quod
1959 4597 2057 4668 qui
2103 4597 2360 4654 effective
2408 4599 2568 4669 ponit
2615 4599 2883 4656 ultimam
2933 4600 3131 4676 dispo-

1758 4675 2054 4738 sitionem.
2105 4682 2293 4733 causet
2340 4676 2596 4734 effective
2641 4678 2916 4746 formam,
2963 4681 3128 4753 juxta

1759 4754 1907 4810 illud
1941 4777 1954 4811 ε
1988 4757 2143 4828 Quod
2179 4764 2256 4812 est
2283 4775 2450 4813 causa
2477 4775 2650 4813 causat
2690 4767 2764 4814 est
2791 4777 2963 4815 causan
2990 4779 3133 4817 cau-

1757 4838 1869 4890 sati
1898 4836 1955 4890 in
1981 4837 2159 4890 eodem
2195 4854 2368 4892 causa:
2383 4854 2591 4907 genere.
2624 4836 2684 4892 Id
2720 4854 2858 4896 vero
2887 4856 3003 4897 non
3032 4858 3130 4899 ac-

1757 4914 1897 4970 cidit
1931 4916 1995 4971 in
2043 4920 2237 4972 nostro
2263 4932 2427 4983 casu;
2458 4919 2593 4989 quia
2632 4920 2818 4990 gratia
2865 4918 3127 4976 sanctifi-

1757 5012 1893 5053 cans
1913 5013 1983 5055 ex
2006 4997 2166 5052 nulla
2192 4996 2566 5069 dispositione
2587 4999 2843 5058 effective
2862 5002 3121 5059 resultat.
