3647 5753
92 1447 260 1490 Ultimo.

1411 381 1594 437 DISP.
1636 380 1783 445 V111,
1830 380 1992 436 DUB.
2037 381 2111 436 11.

298 554 677 628 producatur.
724 561 780 610 et
821 570 921 626 per
959 553 1134 609 aliam
1163 551 1451 608 diversam
1478 550 1656 608 actio-

298 652 431 694 nem
461 635 920 694 communicetur
959 633 1240 708 subJecto;
1271 632 1655 689 nihilominus

300 732 415 774 non
448 714 608 772 adest
632 730 843 788 urgens
871 713 1330 782 fundamentum,
1365 718 1425 768 ut
1449 712 1654 768 existi-

299 812 521 854 memus
543 797 623 853 ita
643 794 713 852 de
739 795 883 852 facto
909 796 1240 868 contingere
1255 824 1267 862 ;
1282 810 1416 850 nam
1438 793 1656 850 motiva

298 877 569 935 hactenus
593 876 881 949 proposita
902 876 1040 931 satis
1060 875 1354 938 evincunt,
1385 888 1506 930 esse
1526 889 1656 928 ma-

292 957 382 1030 gis
419 957 797 1014 connaturale
835 956 1033 1029 gratize
1072 954 1221 1018 fieri,
1252 959 1310 1010 et
1338 953 1495 1009 uniri
1516 951 1654 1008 sub-

291 1041 436 1112 jecto
462 1055 563 1112 per
590 1039 832 1095 eandem
862 1038 1174 1102 actionem;
1203 1042 1260 1093 et
1306 1035 1649 1102 communis,

296 1137 359 1177 ac
378 1120 573 1177 suavis
596 1119 696 1175 Dei
726 1118 1089 1191 providentia
1123 1126 1393 1190 operatur
1412 1116 1482 1173 de
1508 1116 1655 1172 facto

291 1203 454 1274 juxta
479 1199 867 1258 conditionem
893 1245 905 1265 ‚
937 1207 994 1257 et
1019 1201 1365 1274 exigentiam
1408 1214 1604 1254 rerum
1637 1218 1651 1253 ε

297 1296 433 1356 ergo
451 1281 638 1355 gratia
659 1279 728 1336 de
752 1280 895 1336 facto
923 1280 1109 1346 unica,
1134 1286 1190 1336 et
1210 1279 1407 1337 eadem
1436 1278 1655 1335 actione

299 1361 383 1428 fit,
413 1368 469 1418 et
491 1362 689 1418 unitur
714 1359 980 1433 subjecto.

374 1440 763 1498 confirmatur
788 1441 993 1496 ultimo
1012 1439 1322 1497 evertendo
1339 1438 1655 1511 principale

267 1535 274 1538 ’
299 1521 777 1578 Adversariorum
800 1521 1082 1576 motivum
1106 1543 1119 1586 ;
1163 1536 1301 1577 nam
1322 1518 1449 1576 ideo
1468 1519 1655 1593 gratia

301 1619 417 1659 non
462 1601 810 1659 educeretur
835 1616 907 1657 ex
946 1599 1195 1674 subJecto
1220 1643 1233 1666 ,
1275 1599 1410 1672 quia
1436 1598 1654 1656 excedit

298 1699 469 1740 omne
507 1681 842 1756 subjectum,
891 1687 1057 1754 atque
1098 1680 1228 1739 ideo
1254 1697 1370 1738 non
1397 1681 1552 1736 valet
1590 1679 1653 1735 in

300 1767 402 1822 illo
460 1764 867 1838 praecoxitineri
901 1762 1042 1820 :sed
1090 1764 1207 1820 haec
1254 1763 1402 1820 ratio
1441 1762 1650 1819 falsum

297 1848 584 1920 supponit,
615 1852 671 1902 et
701 1846 916 1902 nullius
947 1844 1170 1901 roboris
1195 1849 1278 1900 est
1308 1866 1320 1901 ε
1345 1860 1480 1918 ergo
1517 1859 1653 1917 gra-

299 1930 378 1986 tia
397 1927 658 1986 educitur
685 1944 756 1984 ex
793 1926 1063 1999 subjecto.
1093 1927 1279 2000 Major.
1307 1931 1483 1998 patet;
1516 1940 1651 1980 nam

301 2011 358 2067 id
389 2011 670 2084 praecipue
697 2009 1027 2065 Adversarii
1055 2012 1362 2064 causantur
1386 2050 1399 2070 ,
1440 2011 1502 2062 ut
1549 2021 1653 2061 ne·-

215 2112 226 2124 ·
296 2097 432 2166 gent
455 2091 705 2165 gratiam
754 2087 878 2146 fieri
912 2104 1012 2160 per
1053 2087 1413 2145 eductionem
1447 2129 1460 2153 ,
1512 2086 1654 2162 quia

299 2172 564 2231 videlicet
589 2172 775 2247 gratia
819 2175 904 2225 est
951 2170 1139 2226 forma
1179 2167 1406 2225 ordinis
1431 2166 1649 2234 divini;

257 2252 611 2327 subiectum
677 2266 814 2306 vero
885 2253 969 2304 est
1045 2248 1256 2305 entitas
1323 2247 1604 2303 naturalis
1633 2289 1646 2313 ‚

298 2335 450 2391 inter
494 2331 642 2405 quod
691 2336 748 2387 et
787 2329 1032 2386 formam
1062 2329 1225 2385 illam
1282 2344 1398 2386 non
1457 2344 1654 2402 recog-

299 2419 539 2469 noscunt
584 2411 1031 2484 proportionem.
1087 2410 1281 2464 Minor
1320 2414 1512 2464 autem
1557 2424 1654 2464 os-

299 2490 552 2548 tenditur
585 2512 598 2546 :
627 2497 747 2546 tum
774 2489 909 2562 quia
936 2495 1107 2553 actus,
1141 2504 1196 2545 v.
1239 2504 1294 2561 g.
1346 2485 1526 2552 Fidei,
1568 2491 1654 2542 est

300 2572 546 2643 qualitas
584 2569 1064 2642 supernaturalis,
1097 2572 1153 2625 et
1179 2567 1401 2623 ordinis
1427 2565 1646 2632 divini,

300 2656 356 2706 et
383 2654 576 2707 tamen
601 2665 713 2705 non
740 2646 802 2703 fit
843 2663 946 2721 per
984 2646 1354 2712 creationem,
1384 2644 1482 2701 sed
1508 2643 1651 2701 edu-

297 2731 448 2786 citur
473 2744 544 2784 ex
570 2727 815 2802 subjecto
848 2750 859 2782 :
889 2725 1171 2799 siquidem
1194 2724 1432 2781 credens
1471 2724 1646 2790 elicit,

297 2816 353 2866 et
390 2809 557 2866 efficit
586 2809 983 2883 principaliter
1032 2807 1203 2862 talem
1253 2815 1439 2863 actum
1474 2820 1652 2879 :ergo

297 2891 444 2964 quod
470 2892 655 2965 gratia
680 2890 753 2945 sit
780 2888 967 2945 forma
1002 2888 1226 2945 ordinis
1263 2886 1489 2954 divini,
1535 2887 1652 2943 mi·-

300 2973 458 3029 nime
480 2970 698 3044 probat,
718 2967 865 3042 qnod
890 2984 1005 3025 non
1029 2969 1202 3040 possit
1224 2968 1350 3025 lieri
1374 2983 1475 3040 per
1488 2966 1652 3024 educ-

299 3054 533 3110 tionem.
566 3053 714 3106 Tum
741 3050 935 3115 etiam,
961 3048 1096 3120 quia
1122 3050 1170 3104 si
1195 3047 1339 3104 illud
1367 3048 1650 3105 motivum

295 3138 440 3190 esset
478 3132 718 3205 alicujus
758 3130 1058 3196 momenti,
1101 3129 1274 3185 etiam
1314 3122 1646 3193 evinceret,

294 3212 444 3287 quod
464 3212 650 3289 gratia
674 3228 790 3268 non
837 3211 1102 3266 uniretur
1138 3208 1405 3283 subjecto,
1439 3225 1541 3265 nec
1580 3208 1652 3266 ab

296 3295 399 3351 illo
420 3295 482 3351 in
504 3308 607 3349 suo
626 3308 748 3349 esse
767 3289 1113 3362 dependeret
1136 3332 1148 3353 ,
1181 3288 1462 3360 siquidem
1486 3289 1646 3356 uni0,

294 3380 350 3431 et
374 3390 496 3431 esse
540 3372 740 3448 gratiae
779 3376 914 3426 sunt
941 3369 1163 3427 ordinis
1189 3368 1377 3426 divini
1399 3380 1424 3425 ἐ
1451 3385 1651 3426 conse-

294 3471 475 3527 quens
494 3461 578 3511 est
603 3459 796 3525 aperte
822 3452 1031 3507 falsum
1059 3493 1072 3514 ,
1097 3456 1152 3506 et
1179 3449 1249 3505 ab
1288 3448 1652 3506 Adversariis

296 3551 414 3594 non
438 3535 782 3599 admittitur,
800 3548 930 3589 cum
956 3532 1139 3605 potius
1161 3531 1464 3596 affirment,
1489 3531 1653 3588 unio-

297 3632 431 3675 nem
457 3615 657 3690 gratiae
684 3614 754 3671 ad
780 3612 1096 3687 subiectum
1125 3628 1246 3668 esse
1265 3610 1649 3668 eductionem:

296 3712 430 3771 ergo
458 3693 789 3768 praedictum
816 3691 1098 3748 motivum
1128 3691 1346 3748 nullius
1372 3692 1652 3748 momenti

297 3783 399 3835 est.
426 3780 573 3834 Tum
602 3775 866 3847 denique,
898 3773 1031 3846 quia
1059 3772 1127 3829 ad
1155 3772 1489 3829 salvandam
1513 3774 1653 3830 emi-

299 3860 559 3916 nentiam
586 3856 784 3932 gratiae
810 3870 984 3926 supra
1018 3853 1331 3927 subjectum
1369 3854 1510 3909 satis
1545 3858 1647 3921 est,

298 3941 446 4014 quod
472 3941 661 4017 gratia
688 3953 806 3995 non
850 3936 1119 3993 educatur
1159 3952 1229 3991 ex
1267 3935 1504 3993 entitate
1545 3936 1649 4002 rei,

300 4028 362 4078 ut
397 4029 484 4080 est
533 4020 787 4094 potentia
826 4017 1109 4075 naturalis
1160 4015 1410 4071 naturali
1463 4016 1652 4089 agenti

297 4100 576 4176 subjecta,
608 4100 706 4157 sed
734 4100 832 4158 fiat
856 4115 927 4156 ex
953 4097 1206 4164 entitate,
1254 4101 1420 4168 prout
1443 4103 1529 4152 est
1551 4112 1655 4169 po-

297 4182 478 4239 tentia
504 4180 926 4245 obedientialis,
953 4194 1077 4250 quae
1102 4177 1210 4235 soli
1237 4178 1348 4232 Deo
1376 4182 1437 4231 ut
1462 4177 1652 4250 agenti

300 4260 606 4334 principali
628 4259 1047 4325 substernitur,
1076 4273 1212 4315 nam
1233 4273 1302 4314 eo
1323 4257 1447 4328 ipso
1465 4258 1654 4328 splen-

298 4340 394 4398 det
418 4342 737 4398 eminentia
762 4340 961 4415 gratiae
988 4354 1161 4411 supra
1191 4342 1458 4393 naturam
1483 4352 1656 4411 :ergo

300 4437 420 4479 non
446 4420 604 4479 adest
631 4436 840 4495 urgens
868 4418 1311 4476 fundamentum
1337 4458 1350 4481 ,
1393 4422 1454 4472 ut
1481 4432 1656 4491 nege—

300 4520 430 4560 mus
454 4503 698 4578 gratiam
735 4501 863 4558 fieri
892 4517 993 4574 per
1019 4499 1376 4556 eductionem
1403 4514 1476 4555 ex
1505 4514 1657 4571 pras·

297 4584 592 4658 supposito
614 4581 883 4655 subjecto,
912 4580 1058 4636 sicut
1083 4578 1153 4634 de
1180 4578 1324 4634 facto
1357 4576 1501 4635 fiunt
1526 4594 1658 4636 om-

299 4682 402 4724 nes
427 4665 557 4723 alise
577 4662 879 4736 qualitates
900 4659 1210 4723 naturales,
1236 4664 1292 4715 et
1310 4675 1374 4714 su
1383 4663 1657 4731 pernata-

297 4748 485 4813 rales,
539 4760 666 4817 quae
707 4741 1021 4816 subiectum
1069 4739 1281 4794 factum
1330 4755 1430 4811 per
1478 4738 1656 4794 aliam

295 4826 583 4885 actionem
609 4826 959 4896 supponunt.

3040 380 3153 435 279

2409 554 2440 621 ς
2483 551 2550 605 11.

1844 701 2179 776 Refer-untur
2196 706 2469 759 sententias
2493 705 2800 768 contrarias,
2826 708 2876 757 et
2902 717 3093 756 earum

2182 786 2405 839 motivis
2444 786 2771 839 occurritur.

1871 945 1954 999 19.
2000 944 2199 1001 Prima
2242 942 2528 1002 sententia
2575 941 2741 999 nobis
2781 940 3020 997 adversa
3046 937 3338 1007 ‘le-senten-

1787 1021 1972 1080 rendit
1995 1065 2008 1088 ,
2056 1024 2305 1097 gratiam
2352 1022 2481 1079 fieri
2522 1037 2622 1094 per
2648 1020 3020 1077 creationem.
3067 1019 3149 1074 Ita
3163 1014 3244 1105 1⁵3³„
3244 1023 3340 1106 32³2

1786 1107 1982 1161 Scotus
2007 1107 2069 1158 in
2089 1107 2143 1171 2,
2176 1106 2305 1161 dist.
2337 1106 2428 1167 37,
2455 1110 2635 1179 quast.
2662 1104 2852 1164 unica,
2877 1104 2908 1169 ς
2935 1099 3147 1156 Eadem
3178 1095 3341 1155 Scotns'.

1785 1191 2134 1254 argumenta.
2160 1182 2414 1240 Durand.
2439 1183 2568 1237 dist.
2606 1183 2687 1247 18,
2705 1187 2889 1259 quast.
2915 1181 2969 1244 2,
2989 1196 3141 1234 num.
3161 1162 3351 1263 gssfffflj

1795 1265 1879 1322 13.
1913 1263 2067 1321 Idem
2096 1265 2309 1328 Scotus,
2344 1260 2667 1327 Durandus,
2694 1260 3019 1333 Capreolus,
3047 1260 3150 1314 Pa·
3163 1260 3337 1352 GP{,¹¹¹-‘¹f

1786 1346 1907 1403 lud.
1934 1344 2186 1412 Gabriel,
2233 1342 2554 1400 Richardus
2582 1344 2642 1397 in
2668 1344 2723 1407 4,
2763 1343 2891 1396 dist.
2951 1342 2996 1407 1,
3029 1341 3149 1395 an·
3164 1319 3361 1402 nialla.

1788 1426 1940 1483 ricus
1966 1425 2129 1503 quedl
2152 1467 2164 1480 .
2218 1425 2274 1489 4,
2308 1430 2489 1500 quaest.
2522 1424 2613 1488 37,
2648 1424 2801 1494 Vega
2830 1420 2923 1476 lib.
2980 1422 3035 1487 7,
3089 1420 3150 1474 in
3164 1407 3358 1510 2333}ss-

1793 1507 2036 1565 Trident.
2067 1524 2186 1578 cap.
2229 1507 2317 1571 13,
2343 1504 2543 1561 etalii.
2569 1504 2823 1561 Secunda
2844 1501 3006 1558 docet
3022 1516 3150 1575 gra·
3161 1506 3393 1562 perman„

1785 1590 1927 1646 tiam
1955 1605 2070 1646 non
2098 1586 2305 1651 creari,
2346 1585 2444 1642 sed
2471 1584 2763 1641 concreari
2805 1582 2874 1641 ad
2905 1581 3148 1655 produc·
3163 1555 3365 1600 amado.

1787 1669 2005 1726 tionem
2035 1668 2312 1732 hominis,
2358 1666 2456 1738 qui
2484 1669 2710 1721 creatur
2736 1663 2801 1720 in
2824 1679 2950 1721 esse
2974 1662 3144 1734 grati.

1787 1752 1870 1806 Ita
1910 1753 2153 1806 Ferrara
2177 1751 2233 1813 4,
2272 1755 2464 1804 contra
2486 1754 2686 1816 qentes,
2713 1763 2835 1818 cap.
2865 1747 2953 1811 57,
2986 1746 3150 1801 sotus

1787 1834 1848 1887 in
1867 1834 1922 1897 4,
1953 1833 2081 1888 dist.
2123 1835 2165 1898 l,
2194 1835 2381 1909 qualest.
2404 1829 2458 1892 3,
2493 1834 2604 1883 art.
2641 1830 2685 1892 1,
2713 1827 2966 1883 Thomas
2994 1828 3150 1883 Hur-
3241 1897 3247 1902 .

1785 1911 1917 1968 tado
1944 1915 2006 1967 in
2031 1911 2369 1968 Praecursore
2403 1906 2679 1977 Theolo90,
2711 1908 2857 1979 disp.
2895 1908 2939 1974 l,
2970 1906 3035 1961 de
3058 1923 3150 1962 su-

1781 1990 2128 2065 pernatur-al.
2154 1995 2484 2045 controvers.
2508 1988 2565 2052 6,
2589 1986 2825 2042 membro
2846 1987 2898 2053 3,
2925 1985 3023 2057 qui
3049 2000 3150 2058 pro

1784 2071 1984 2128 eadem
2031 2069 2305 2141 opinione
2355 2067 2532 2123 refert
2579 2068 2775 2139 plures
2824 2065 3149 2122 Thomistas

1785 2153 2070 2224 antiquos,
2102 2149 2286 2207 Tertia
2306 2148 2563 2205 affirmat
2587 2147 2840 2222 gratiam
2869 2146 2934 2201 in
2962 2147 3150 2220 rigore

1786 2248 1904 2289 non
1950 2231 2132 2297 educi,
2182 2245 2285 2285 nec
2309 2227 2514 2291 creari,
2546 2226 2644 2284 sed
2672 2225 2802 2283 fieri
2844 2242 2944 2297 per
2971 2225 3151 2282 actio-

1786 2329 1921 2369 nem
1966 2310 2195 2367 altioris
2239 2307 2485 2372 ordinis,
2523 2321 2733 2380 nempe
2770 2304 3145 2367 infusionem,

1784 2410 1909 2467 quae
1935 2394 2123 2450 solum
2169 2389 2484 2447 secundum
2523 2387 2660 2462 quid
2707 2393 2792 2443 est
2817 2385 3059 2450 eductio,
3092 2391 3148 2442 et

1787 2472 2079 2530 reducitur
2100 2469 2169 2527 ad
2191 2469 2559 2526 creationem.
2581 2470 2661 2524 lta
2682 2465 3023 2538 Choquetius
3044 2464 3137 2521 tib.
3159 2474 3348 2532 cinoque-

1783 2557 1840 2620 2,
1876 2556 1940 2610 de
1958 2570 2153 2610 causa
2171 2553 2380 2621 gyratis,
2410 2551 2551 2623 disp.
2581 2551 2634 2615 4,
2664 2566 2785 2620 cap.
2815 2550 2867 2614 2,
2897 2547 3131 2603 conclus.
3212 2528 3308 2567 '¹¹¹⁸'

1784 2635 1840 2698 3,
1886 2639 2116 2690 Arauxo
2142 2633 2202 2685 in
2229 2633 2478 2703 prasenti
2504 2672 2517 2691 .
2561 2628 2691 2684 dub.
2724 2631 2779 2693 2,
2810 2626 3048 2682 conclus,
3075 2627 3131 2692 2,
3161 2638 3349 2681 Arauxo.

1784 2715 1956 2786 (licet
1981 2712 2338 2771 contrarium
2366 2709 2514 2767 dicat
2540 2710 2779 2766 conclus.
2806 2709 2900 2778 4).
2931 2706 3139 2762 Marti—
3171 2687 3322 2731 PM&

1785 2809 1890 2852 nez
1917 2794 1987 2851 de
2009 2791 2194 2849 Prado
2219 2793 2256 2847 2
2274 2799 2422 2864 part.
2448 2790 2693 2863 Metaph.
2724 2795 3050 2844 controvers.
3083 2787 3133 2853 4,

1785 2886 1896 2934 art.
1946 2879 2001 2943 5,
2027 2880 2058 2946 g
2084 2878 2138 2942 4,
2186 2880 2242 2930 et
2281 2873 2401 2931 alii.
2439 2873 2497 2929 ld
2524 2888 2682 2938 vero,
2714 2871 2777 2926 in
2810 2885 2922 2941 quo
2948 2884 3149 2925 omnes

1783 2956 2180 3020 conveniunt,
2231 2968 2438 3025 nempe
2474 2952 2720 3027 gratiam
2748 2964 2865 3006 non
2893 2945 3020 3005 fieri
3048 2964 3149 3022 per

1782 3036 2169 3101 eductionem,
2196 3040 2378 3109 potest
2396 3031 2612 3090 eisdem
2636 3030 2990 3105 argumentis
3013 3046 3149 3102 pro-

1784 3116 1934 3182 bari,
1966 3132 2092 3188 quae
2114 3122 2307 3171 tamen
2335 3113 2544 3186 maJ'ori
2571 3128 2641 3170 ex
2670 3116 2829 3184 parte
2854 3111 3042 3167 soluta
3065 3124 3150 3166 re-

1784 3197 2068 3271 liquimus
2090 3201 2121 3265 g
2150 3194 2508 3268 praecedenti.
2622 3202 2625 3205 “

1840 3274 2142 3351 'Arguitur
2168 3290 2306 3349 ergo
2335 3273 2523 3347 primo
2546 3286 2621 3328 ex
2645 3286 2807 3327 sacra
2834 3269 3145 3343 Scriptura,
3165 3291 3345 3336 Primum

1785 3359 1849 3415 in
1872 3375 1985 3431 qna
2002 3355 2347 3432 justificatio,
2378 3369 2483 3409 seu·
2504 3351 2796 3424 productio
2815 3352 3015 3426 gratiae
3035 3350 3152 3425 jus·
3166 3341 3344 3434 'gggfflffi

1784 3436 2053 3494 tificantis
2074 3435 2393 3507 appellatur
2426 3430 2656 3496 creati0,
2692 3437 2752 3486 ut
2782 3432 2996 3487 Psalm.
3026 3432 3099 3486 50
3132 3451 3146 3485 ε
3182 3423 3360 3484 Psalm.'

1787 3517 1898 3576 Cor
1920 3517 2186 3572 mundum
2205 3531 2329 3569 crea
2356 3515 2417 3567 in
2436 3530 2519 3567 me
2546 3510 2710 3567 Dea-5.
2743 3508 2828 3564 Ad
2850 3510 3060 3566 Coloss.
3086 3511 3140 3565 2:
3184 3489 3341 3582 Δῇορο,

1786 3597 1978 3655 Creati
1997 3599 2058 3652 in
2090 3594 2339 3667 operibus
2357 3592 2528 3648 bonis.
2571 3592 2640 3644 Et
2687 3588 2757 3645 ad
2785 3591 2969 3646 Galat.
2995 3589 3101 3644 ult.
3131 3610 3144 3644 ε
3232 3588 3310 3630 ¹⁰⁸-
3392 3605 3396 3609 ·

1784 3679 1822 3737 I
1820 3699 1858 3736 n
1871 3678 2092 3737 Christo
2112 3675 2245 3732 Jesu
2263 3692 2357 3730 nec
2377 3673 2719 3729 circumcisio
2738 3671 2957 3747 aliquid
2983 3670 3146 3738 valet,
3178 3636 3340 3729 Adga-

1784 3777 1880 3817 nec
1922 3759 2246 3832 praeputium
2273 3798 2286 3821 ,
2340 3756 2432 3809 sed
2481 3770 2627 3809 nova
2671 3760 2949 3809 creatura.
3003 3754 3151 3826 Ergo

1784 3840 1971 3915 gratia
1997 3836 2060 3893 fit
2082 3851 2183 3909 per
2208 3834 2579 3891 creationem.

1861 3917 2248 3977 confirmatur
2291 3914 2481 3988 primo
2506 3929 2578 3969 ex
2606 3914 2669 3968 D.
2696 3912 2901 3977 Thom,
2952 3910 3051 3984 qui
3092 3913 3152 3966 in
3183 3928 3339 3974 confir.

1784 4004 1841 4070 2,
1870 4003 1998 4057 dist.
2030 4001 2102 4055 26
2123 4004 2302 4072 quest.
2333 3997 2515 4061 unica,
2545 3995 2698 4048 ανε.2
2718 3992 2792 4047 ad
2812 3994 2847 4046 5
2871 3992 2983 4049 ait:
3010 3989 3152 4049 Cum
3191 3984 3324 4071 Ἢξξξὲ

1781 4084 1971 4153 qratia
1996 4079 2386 4150 corrumpitur,
2417 4075 2587 4130 simul
2612 4075 2674 4129 in
2701 4071 2940 4128 nihilum
2967 4071 3107 4127 redit
3133 4090 3152 4125 .·
3226 4060 3343 4122 .'rno'.

1785 4178 1922 4237 ergo
1940 4178 2013 4219 ex
2032 4162 2153 4234 ejus
2171 4156 2458 4216 sententia
2480 4153 2687 4230 gratias
2732 4151 3044 4209 destructio
3070 4156 3156 4208 est

1787 4240 2135 4301 annihilatio
2168 4260 2182 4295 ε
2212 4253 2347 4312 ergo
2368 4237 2493 4310 ejus
2512 4232 2806 4307 productio
2821 4232 3149 4295 estereatio‚

1785 4339 1911 4395 quae
1935 4322 2056 4379 sola
2084 4314 2501 4378 annihilationi
2522 4312 2949 4386 correspondet.
2973 4314 3041 4366 Et
3066 4329 3157 4367 su-

1787 4421 1894 4479 pra
1920 4409 2104 4482 quast.
2130 4402 2250 4467 110,
2280 4406 2390 4454 art.
2415 4400 2451 4454 2
2471 4398 2546 4452 ad
2570 4397 2624 4461 3,
2641 4394 2888 4463 affirmat
2905 4393 3155 4467 gratiam

1789 4485 2020 4559 proprie
2042 4477 2324 4553 loquendo
2369 4494 2486 4535 non
2515 4475 2662 4542 fieri,
2707 4475 2800 4531 vel
2839 4473 3151 4546 corrumpi,

1785 4567 1878 4623 sed
1921 4564 2118 4628 meari,
2165 4577 2239 4615 em
2287 4576 2346 4614 eo
2387 4556 2530 4637 quod
2580 4556 2823 4612 homines
2859 4554 3158 4610 secundum

1788 4652 1968 4722 ipsam
2005 4648 2280 4700 creentur.
2313 4642 2382 4695 Et
2406 4642 2468 4694 in
2490 4644 2673 4715 quast.
2703 4637 2738 4691 3
2771 4635 2836 4690 de
2887 4637 3152 4708 potentia,

1741 4758 1748 4765 ·
1788 4736 1896 4786 art.
1923 4728 1958 4782 8
1985 4725 2059 4781 ad
2078 4726 2132 4789 3,
2157 4720 2319 4778 docet
2340 4719 2590 4795 gratiam
2616 4715 2802 4773 creari
2842 4715 3157 4772 secundum

1788 4807 1939 4884 quod
1977 4804 2159 4863 creari
2210 4807 2391 4876 potest
2433 4798 2744 4858 convenire
2791 4797 2992 4855 formae
3038 4812 3160 4856 non

1789 4888 2147 4950 subsistenti.
2770 4916 2773 4919 ι

1866 4968 2255 5029 confirmatur
2305 4961 2553 5024 secundo
2604 4979 2677 5021 ex
2738 4963 2802 5019 D.
2861 4959 3150 5034 chrysost.
