3647 5753
390 429 393 432 ‘
491 422 604 476 572

277 2461 446 2512 Expen-

499 610 527 641 «
556 588 808 661 aliquem
839 587 1105 644 ordinem
1148 584 1587 656 posterioritatis
1613 582 1684 639 ad
1723 599 1862 657 gra-

501 690 526 721 «
557 669 698 724 tiam
728 667 913 740 :quod
941 684 1059 724 non
1096 666 1266 723 habet
1292 665 1532 721 attritio.
1563 686 1589 716 »
1634 666 1780 719 Nam
1809 663 1859 719 si

497 748 836 805 informatio
874 753 1027 804 actus
1071 746 1437 805 contritionis
1484 760 1585 818 per
1610 744 1859 818 gratiam

493 831 753 888 consistit
795 832 858 887 in
886 846 952 887 eo
981 830 1231 903 praecise,
1264 828 1412 900 quod
1441 833 1596 884 actus
1639 827 1859 883 contri-

495 910 671 968 tionis
697 912 970 968 coexistat
995 911 1196 985 gratiae
1231 910 1294 965 in
1318 909 1559 965 instanti
1577 905 1858 982 justifica-

496 992 689 1059 tionis,
721 997 778 1048 et
798 1009 916 1049 non
936 992 1205 1063 exposcit,
1249 989 1399 1062 quod
1427 1006 1458 1046 a
1483 989 1689 1063 gratia,
1722 993 1858 1043 tan-

492 1090 665 1148 quam
695 1091 728 1131 a
756 1074 1043 1147 principio
1071 1073 1329 1129 effectivo
1359 1070 1639 1146 procedat,
1691 1070 1858 1127 nulla

491 1155 822 1211 differentia
844 1160 1022 1226 potest
1049 1153 1333 1227 assignari
1380 1154 1534 1209 inter
1555 1151 1857 1209 contritio-

494 1251 649 1301 nem,
682 1242 737 1291 et
759 1234 1115 1291 attritionem
1155 1240 1437 1306 quantum
1467 1232 1537 1289 ad
1564 1231 1856 1288 informa-

493 1321 709 1378 tionem
733 1334 834 1390 per
866 1318 1116 1391 gratiam
1146 1341 1159 1383 ;
1192 1322 1359 1389 atque
1406 1315 1535 1373 ideo
1580 1317 1743 1371 nulla
1770 1317 1856 1370 est

493 1402 659 1466 ratio,
685 1400 756 1456 ob
770 1416 944 1472 quam
961 1398 1229 1455 contritio
1247 1399 1319 1453 sit
1336 1398 1523 1472 gratia
1541 1395 1849 1469 posterior:

487 1482 636 1556 quod
676 1488 873 1539 tamen
924 1487 1011 1538 est
1063 1486 1257 1552 aperte
1295 1486 1494 1536 contra
1547 1482 1608 1535 D.
1642 1479 1850 1536 Thom.

486 1565 609 1621 loco
632 1564 898 1637 proxime
928 1562 1128 1618 relat0.
1156 1562 1395 1633 Sequela
1408 1566 1492 1617 est
1520 1559 1847 1626 manifesta,

484 1645 621 1716 quia
659 1644 834 1702 etiam
881 1642 1106 1699 attritio
1158 1646 1341 1713 potest
1382 1640 1745 1707 continuari,
1795 1645 1853 1696 et

483 1726 796 1781 coexistere
818 1723 880 1778 in
910 1721 1152 1777 instanti
1177 1718 1637 1794 justificationis;
1667 1719 1852 1777 immo

485 1810 667 1876 potest
688 1821 721 1860 a
740 1803 927 1877 gratia
950 1803 1249 1873 imperari,
1281 1807 1338 1857 et
1359 1801 1487 1858 fieri
1517 1800 1693 1875 digna
1732 1801 1852 1856 vita

483 1889 717 1949 aeterna,
749 1884 893 1939 sicut
915 1883 1017 1938 alii
1046 1889 1203 1938 actus
1222 1882 1694 1954 supernaturales
1716 1886 1850 1936 tunc

482 1966 789 2022 existentes
809 1986 821 2020 :
852 1979 988 2037 ergo
1009 1963 1058 2018 si
1077 1964 1526 2036 praescindamus
1538 1962 1608 2018 ab
1624 1962 1847 2018 influxu

482 2047 739 2105 effectivo
765 2046 981 2120 gratiae,
1020 2050 1076 2102 et
1115 2047 1306 2102 solum
1327 2044 1688 2101 attendamus
1727 2045 1849 2119 ejus

483 2129 961 2185 informationem
988 2169 1001 2194 ,
1065 2128 1228 2183 nulla
1288 2126 1614 2182 differentia
1668 2129 1848 2198 potest

482 2210 768 2284 assignari
786 2209 939 2265 inter
958 2207 1396 2272 attritionem,et
1414 2205 1842 2272 contritionem,

480 2297 763 2362 quantum
788 2288 857 2346 ad
880 2287 1288 2355 differentiam,
1320 2302 1494 2359 quam
1524 2288 1590 2342 D.
1631 2287 1843 2343 Thom.

484 2371 1125 2500 ¹nt332³3¹f123t<⁸mfirmantur
1154 2441 1452 2516 urgentius
1493 2442 1609 2498 haec
1646 2443 1848 2500 omnia

260 2510 381 2552 ‘¹¹¹⁰‘
394 2521 458 2552 ω’·
483 2541 553 2582 ex
577 2527 645 2580 D.
679 2524 883 2578 Thom.
909 2528 1103 2595 quaest.
1131 2524 1395 2596 proxime
1417 2523 1607 2590 citata,
1640 2531 1751 2578 art.
1783 2524 1839 2588 3,

317 2568 423 2611 gens

260 2607 458 2658 uliud.et
489 2607 582 2662 ubi
623 2605 890 2678 proponit
932 2606 1275 2679 vigesimum
1324 2610 1729 2678 argumentum
1779 2604 1844 2661 in

259 2656 443 2700 evidens

261 2705 450 2749 testimo-
481 2686 633 2740 hunc
656 2683 891 2740 modum
925 2704 939 2738 ε
969 2690 1156 2757 Agens
1185 2681 1430 2739 infinita}
1456 2684 1690 2739 virtutis
1720 2698 1841 2740 non

290 2754 419 2798 nium.

479 2765 699 2838 indiget
724 2762 1094 2835 dispositione
1121 2763 1191 2820 ad
1235 2763 1624 2821 inducendum
1670 2765 1841 2821 effec-

478 2854 569 2902 tus
600 2866 611 2900 :
640 2844 734 2900 sed
765 2847 910 2901 Deus
942 2842 1260 2919 justificans
1282 2844 1528 2917 impium
1557 2850 1640 2902 est
1667 2860 1842 2919 agens

476 2923 723 2982 infinitae
762 2921 995 2981 virtutis
1030 2941 1206 3003 :ergo
1235 2941 1350 2981 non
1381 2926 1626 2998 requirit
1666 2941 1838 3000 usum

476 3004 646 3062 liberi
670 3005 899 3062 arbitrii
922 3023 992 3062 ex
1015 3012 1174 3079 parte
1205 3007 1461 3063 hominis
1489 3006 1558 3063 ad
1586 3022 1839 3064 commu-

474 3086 785 3143 nicandum
813 3087 865 3144 ei
894 3088 1162 3161 gratiam.
1197 3089 1299 3143 Cui
1329 3093 1668 3162 argumento
1716 3104 1838 3145 res-

474 3168 684 3240 pondet
710 3189 722 3223 :
753 3190 777 3220 a
812 3166 898 3223 Ad
921 3171 996 3224 20
1024 3167 1355 3237 dicendum,
1404 3170 1551 3242 quod
1578 3170 1687 3225 ista
1714 3168 1837 3224 dis-

475 3271 500 3301 «
535 3249 738 3321 positio
766 3264 884 3305 non
915 3249 1233 3321 requiritur
1270 3257 1500 3323 propter
1545 3251 1836 3321 impoten-

475 3352 503 3382 «
533 3330 674 3386 tiam
722 3329 959 3402 agentis,
1017 3330 1115 3386 sed
1169 3336 1399 3402 propter
1446 3331 1834 3388 conditionem

477 3434 503 3465 «
536 3410 885 3483 recipientis,
916 3410 1133 3468 scilicet
1160 3413 1494 3477 voluntatis,
1539 3428 1665 3485 quae
1717 3413 1835 3468 im-

475 3516 501 3545 «
534 3490 746 3547 mutari
765 3506 877 3557 non
906 3498 1083 3562 potest
1099 3509 1198 3564 per
1214 3492 1570 3558 violentiam,
1592 3491 1690 3548 sed
1709 3509 1835 3564 pro-

473 3597 499 3627 «
534 3573 660 3642 prio
676 3577 833 3628 motu
857 3572 1163 3630 immutata
1174 3575 1338 3629 r.1ste
1360 3579 1548 3629 autem
1568 3580 1755 3630 motus
1768 3575 1834 3629 li·

472 3679 498 3709 «
531 3654 653 3711 beri
682 3653 914 3711 arbitrii
945 3672 1061 3713 uon
1092 3657 1280 3713 solum
1308 3672 1367 3712 se
1405 3655 1576 3713 habet
1610 3656 1681 3711 ad
1706 3673 1833 3731 gra·

471 3759 498 3790 «
529 3737 669 3793 tiam
698 3742 759 3792 ut
780 3735 1206 3807 dispositio,sed
1230 3744 1290 3793 ut
1312 3739 1827 3810 complementum;

472 3840 499 3871 «
527 3818 887 3890 operationes
909 3816 1067 3872 enim
1085 3818 1490 3889 suntquaedam
1504 3820 1830 3891 completio·

473 3918 500 3949 α
530 3912 633 3953 nes
651 3895 978 3952 habituum.
998 3897 1162 3953 Unde
1186 3897 1592 3968 perfectionem
1609 3900 1828 3972 agentis

474 4001 499 4031 «
530 3982 845 4042 attestatur,
885 3976 1032 4047 quod
1056 3976 1284 4032 habitus
1314 3976 1616 4034 inducatur
1649 3980 1827 4034 simul

474 4083 501 4114 α
530 4075 656 4115 cum
675 4074 777 4113 sua
792 4058 1148 4129 operatione;
1167 4060 1300 4130 quia
1317 4060 1584 4131 perfectio
1598 4061 1826 4117 effectus

472 4162 497 4191 «
529 4139 884 4195 demonstrat
925 4137 1331 4207 perfectionem
1360 4156 1558 4197 causae.
1593 4162 1618 4191 »
1665 4139 1823 4205 Quod

467 4218 863 4275 testimonium
887 4216 1184 4273 evidenter
1209 4225 1403 4276 nostro
1419 4220 1633 4294 judicio
1653 4222 1823 4277 evin-

462 4300 555 4365 cit,
585 4301 648 4355 D.
691 4298 896 4354 Thom.
948 4299 1182 4365 sentire,
1225 4300 1374 4372 quod
1415 4305 1568 4357 actus
1615 4301 1821 4358 ultimo

459 4380 770 4452 disponens
799 4377 866 4434 ad
888 4379 1133 4452 gratiam
1144 4381 1163 4453 j
1174 4379 1549 4437 ustificantem
1569 4380 1821 4453 procedit

457 4461 715 4517 effective
737 4460 807 4516 ab
828 4459 1027 4516 eadem
1043 4462 1247 4533 gratia.
1275 4464 1422 4517 Tum
1446 4463 1580 4534 quia
1595 4463 1648 4518 S.
1663 4464 1811 4520 Doct.

458 4541 679 4605 asserit,
729 4539 879 4612 quod
920 4541 1221 4612 praedictus
1262 4548 1418 4598 actus
1464 4558 1582 4598 non
1626 4544 1815 4600 solum

453 4629 538 4678 est
560 4620 855 4693 dispositio
878 4620 947 4676 ad
975 4623 1246 4694 gratiam,
1304 4622 1401 4680 sed
1453 4623 1626 4679 etiam
1657 4640 1816 4680 com-

457 4704 812 4775 plementum
843 4702 1023 4767 illius,
1051 4702 1114 4758 in
1143 4710 1423 4776 quantum
1451 4704 1705 4776 operatio
1730 4710 1814 4761 est

451 4784 936 4856 complementum
962 4782 1190 4839 habitus
1218 4805 1230 4839 :
1255 4801 1390 4859 ergo
1413 4783 1713 4857 praedictus
1729 4802 1813 4841 ac-

450 4872 540 4919 tus
563 4867 814 4936 respectu
837 4862 1091 4935 ejusdem
1113 4865 1312 4937 gratiae
1334 4865 1502 4922 habet
1539 4880 1661 4923 esse
1690 4865 1812 4921 dis-

444 4944 812 5017 positionem,
862 4946 917 4997 et
955 4946 1383 5015 operationem;
1427 4946 1525 5002 sed
1567 4962 1684 5002 non
1724 4952 1810 5003 est

443 5023 741 5097 dispositio
759 5021 828 5077 ad
851 5022 1261 5092 auxilium,sed
1290 5026 1359 5081 ad
1379 5026 1631 5100 gratiam
1650 5041 1811 5083 sanc-

1166 416 1260 471 DE
1300 412 1910 474 DISPOSITIONIBUS
1949 411 2047 465 AD
2086 408 2748 465 JUSTIFICATIONEM.

1991 580 2334 647 tiflcantem,
2364 586 2429 636 nt
2454 596 2525 637 ex
2545 595 2606 636 se
2628 580 2823 651 liquet,
2850 583 2905 634 et
2928 579 2991 632 D.
3019 576 3223 632 Thom.
3254 590 3355 629 sa-

1992 661 2065 717 tis
2084 662 2362 733 exprimit
2394 677 2565 736 :ergo
2595 677 2712 717 non
2757 665 2842 716 est
2878 656 3133 731 operatio
3161 654 3356 711 elicita

1992 757 2025 798 a
2075 743 2198 798 solo
2239 740 2587 806 auxilio,sed
2628 757 2660 797 a
2706 741 2891 814 gratia
2936 734 3347 793 sanctificante.

1991 822 2139 875 Tum
2160 822 2355 886 etiam,
2388 824 2524 894 quia
2566 824 2631 877 D.
2661 821 2866 877 Thom.
2900 817 3101 892 probat
3127 822 3350 872 motum

1991 900 2162 957 liberi
2192 901 2422 958 arbitrii
2449 918 2571 958 esse
2592 902 3082 972 complementum
3127 897 3347 970 gratiae,

1990 980 2060 1036 ad
2088 997 2260 1054 quam
2289 982 2578 1055 disponit;
2605 981 2741 1055 quia
2768 980 3023 1054 operatio
3062 984 3145 1034 est
3189 992 3349 1034 com-

1991 1063 2346 1135 plementum
2410 1064 2637 1121 habitus
2683 1085 2696 1119 ε
2759 1078 2883 1135 quae
2944 1061 3349 1134 consequentia

1990 1143 2154 1199 nulla
2171 1150 2335 1210 esset,
2382 1145 2431 1200 si
2463 1151 2650 1202 motus
2678 1144 2779 1201 ille
2821 1159 2937 1199 non
2966 1141 3349 1215 procedereta

1986 1225 2174 1299 gratia
2221 1224 2522 1292 habituali,
2555 1225 2625 1281 ad
2676 1242 2849 1298 quam
2891 1223 3163 1297 disponit.
3201 1225 3347 1278 Tum

1986 1307 2121 1377 quia
2150 1308 2212 1362 D.
2262 1307 2470 1364 Thom.
2502 1306 2766 1372 affirmat,
2810 1310 3066 1377 spectare
3119 1303 3190 1360 ad
3217 1320 3350 1376 per-

1987 1385 2291 1443 fectionem
2321 1388 2440 1452 Dei,
2487 1386 2634 1460 quod
2683 1386 2944 1443 habitum
2991 1385 3168 1440 simul
3220 1401 3348 1440 cum

1985 1483 2088 1523 sua
2110 1468 2442 1539 operatione
2470 1467 2740 1524 infundat
2774 1488 2786 1522 :
2832 1482 2969 1540 ergo
3001 1466 3255 1538 loquitur
3281 1465 3351 1522 de

1985 1549 2337 1620 operatione,
2382 1565 2507 1622 quae
2534 1548 2757 1606 habitui
2804 1545 3264 1619 correspondeat,
3293 1552 3347 1602 et

1986 1628 2056 1684 ab
2083 1645 2150 1686 eo
2180 1629 2463 1702 procedat.
2493 1632 2640 1686 Tum
2670 1630 2936 1703 denique,
2989 1628 3122 1700 quia
3165 1635 3224 1683 ut
3274 1643 3346 1684 ex

1985 1713 2248 1766 contextu
2277 1710 2471 1782 liquet,
2509 1714 2568 1767 D.
2602 1712 2807 1767 Thom.
2839 1709 3016 1774 docet,
3061 1706 3210 1781 quod
3239 1708 3346 1763 ha·-

1984 1787 2136 1844 bitus
2160 1790 2359 1863 gratiae
2387 1791 2451 1845 in
2469 1790 2707 1848 instanti
2723 1788 3149 1864 justificationis
3170 1787 3343 1852 elicit,

1983 1875 2039 1926 et
2066 1869 2235 1927 habet
2262 1872 2516 1945 aliquam
2546 1873 2938 1946 operationem
2972 1893 2984 1927 :
3015 1869 3111 1927 sed
3143 1885 3346 1943 opera-

1984 1951 2082 2018 tio,
2108 1952 2171 2007 in
2200 1969 2378 2025 quam
2405 1954 2592 2028 gratia
2619 1955 2726 2009 viae
2773 1954 3054 2026 praecipue
3083 1951 3341 2016 inclinat,

1981 2037 2067 2089 est
2087 2040 2243 2091 actus
2262 2036 2563 2091 charitatis
2597 2051 2767 2109 :ergo
2805 2036 2992 2109 gratia
3035 2031 3346 2089 habitualis

1980 2113 2045 2169 in
2079 2116 2318 2173 instanti
2357 2116 2784 2191 justificationis
2812 2116 2969 2173 elicit
3011 2114 3343 2186 praedictum

1982 2201 2216 2253 actum:
2267 2197 2501 2254 aliunde
2553 2204 2743 2253 autem
2788 2197 2953 2269 juxta
2997 2196 3342 2251 sententiam

1981 2278 2035 2333 S.
2066 2280 2321 2336 Doctoris
2342 2280 2540 2352 nequit
2561 2278 2689 2336 dari
2713 2279 2775 2335 in
2799 2280 2903 2335 illo
2932 2277 3170 2333 instanti
3195 2278 3346 2333 alius

1980 2358 2276 2415 charitatis
2299 2368 2471 2427 actuS,
2500 2376 2571 2416 ne
2598 2358 2709 2416 duo
2739 2358 3051 2416 accidentia
3076 2358 3195 2414 solo
3229 2374 3343 2413 nu-

1980 2453 2142 2495 mero
2163 2439 2394 2496 diversa
2411 2441 2474 2496 in
2497 2440 2697 2497 eodem
2725 2439 2974 2513 subjecto
2998 2438 3341 2498 coexistant:

1978 2534 2115 2593 ergo
2159 2522 2251 2577 vel
2298 2521 2605 2578 dicendum
2652 2526 2753 2586 est,
2814 2526 3000 2576 actum
3047 2520 3344 2575 charitatis

1978 2600 2153 2670 (idem
2194 2603 2454 2675 intellige
2476 2601 2545 2658 de
2572 2607 2695 2658 actu
2723 2601 3108 2664 contritionis)
3149 2601 3214 2656 in
3238 2600 3344 2656 illo

1977 2682 2217 2739 instanti
2261 2685 2602 2740 existentem
2634 2700 2749 2740 non
2789 2683 3093 2754 disponere
3132 2683 3346 2739 ultimo

1976 2763 2047 2818 ad
2073 2766 2339 2838 gratiam,
2372 2766 2519 2840 quod
2563 2771 2646 2822 est
2673 2763 2913 2821 omnino
2940 2763 3153 2819 falsum
3187 2788 3200 2829 ;
3247 2765 3342 2822 vel

1974 2845 2205 2903 concedi
2233 2846 2418 2913 debet,
2469 2845 2618 2920 quod
2660 2847 2825 2919 juxta
2866 2845 3218 2902 senteutiam
3271 2850 3338 2905 D.

1974 2928 2176 2984 Thom.
2203 2937 2358 2986 actus
2384 2927 2682 2985 charitatis
2699 2928 2904 2983 ultimo
2932 2926 3245 2999 disponens
3267 2929 3338 2985 ad

1970 3009 2216 3082 gratiam
2250 3009 2721 3073 sanctificantem,
2755 3007 2826 3063 ab
2878 3006 3078 3064 eadem
3126 3010 3334 3082 gratia,

1972 3095 2245 3162 tanquam
2297 3108 2329 3148 a
2376 3091 2663 3164 principio
2714 3088 2975 3145 effectivo
3051 3088 3332 3161 procedat.

1971 3169 2131 3234 Quod
2159 3172 2304 3226 citra
2331 3187 2565 3229 omnem
2591 3169 3086 3243 ponderationem,
3110 3178 3210 3225 aut
3234 3170 3336 3227 de·—

1970 3249 2295 3307 ductionem
2345 3252 2548 3307 asserit
2596 3253 2649 3306 S.
2711 3252 2873 3306 Doct.
2925 3250 3043 3305 illis
3097 3249 3332 3307 verbis:

1968 3330 2155 3388 Motus
2184 3330 2343 3386 liberi
2383 3330 2610 3385 arbitrii
2636 3347 2747 3385 non
2791 3331 2967 3384 solum
3007 3331 3235 3386 sehabet
3258 3332 3335 3386 acl

1964 3414 2211 3482 ,qratiam
2238 3420 2300 3468 ut
2320 3413 2621 3485 dispositio,
2647 3412 2738 3466 sed
2760 3419 2820 3466 ut
2846 3413 3290 3485 complementum
3313 3432 3331 3479 ,·

1968 3497 2310 3565 operationes
2336 3496 2480 3548 enim
2507 3501 2637 3548 suut
2676 3493 2922 3570 quaedam
2961 3495 3330 3567 completiones

1968 3574 2359 3629 habituumAEt
2378 3573 2600 3630 similia
2624 3573 2793 3631 habet
2811 3574 3086 3630 D.'shom.
3113 3573 3323 3630 ibidem

1965 3655 2191 3726 inresp.
2236 3654 2311 3708 ad
2345 3655 2427 3719 13,
2485 3660 2532 3707 et
2581 3654 2615 3708 3
2658 3662 2812 3726 part.
2842 3662 3023 3729 quoest.
3073 3656 3161 3719 86,
3210 3662 3318 3709 art.

1963 3734 1998 3788 6
2020 3735 2095 3788 ad
2130 3737 2179 3789 l.

2037 3815 2293 3886 Denique
2331 3814 2542 3870 veritas
2583 3820 2792 3870 nostrae
2832 3813 3154 3870 assertionis
3180 3816 3558 3876 con-Alindoia

1962 3893 2187 3951 firmari
2213 3902 2391 3968 potest
2430 3895 2700 3952 omnibus
2728 3900 2794 3950 D.
2826 3898 3026 3952 Thom.
3063 3875 3544 3961 testimo-‘⁰25¹‘

1962 3976 2094 4044 niiS,
2127 3993 2250 4049 quae
2272 3977 2649 4049 allegavimus
2692 3977 2832 4049 disp.
2859 3977 3084 4048 praececl.
3107 3977 3232 4034 dub.
3263 3980 3320 4046 6,

1960 4062 2021 4112 ut
2041 4059 2467 4115 ostenderemus
2498 4064 2684 4114 actum
2712 4058 3026 4124 charitatis,
3060 4060 3149 4116 vel
3194 4076 3327 4116 con-

1959 4138 2211 4195 tritionis
2250 4139 2571 4210 dependere
2620 4140 3001 4195 essentialiter
3055 4156 3089 4195 a
3138 4142 3327 4214 gratia

1955 4218 2358 4285 sanctificante,
2386 4225 2657 4292 tanquam
2680 4236 2713 4274 a
2737 4220 3021 4292 principio
3041 4220 3301 4278 effectivo
3313 4248 3330 4289 ;

1955 4317 2088 4357 nam
2121 4318 2153 4357 a
2174 4303 2399 4359 fortiori
2418 4308 2754 4375 praesentem
2779 4303 3175 4368 assertionem,
3201 4321 3331 4376 quae

1955 4380 2206 4453 procedit
2237 4382 2549 4439 secundum
2581 4385 2761 4458 legem
2793 4384 2893 4439 Dei
2939 4382 3322 4452 ordinariam,

1950 4463 2475 4521 confirmant.Sunt
2494 4466 2667 4521 etiam
2697 4465 2811 4521 alia
2839 4467 3125 4539 principia
3147 4483 3327 4540 gene—-

1951 4547 2099 4602 ralia
2128 4548 2190 4602 in
2213 4548 2308 4603 via
2333 4549 2388 4604 S.
2419 4551 2710 4620 Doct.quae
2731 4548 2868 4604 satis
2889 4547 3131 4606 suadent
3177 4551 3329 4607 hanc

1952 4627 2364 4683 resolutionem
2409 4642 2531 4683 esse
2569 4627 2690 4698 ejus
2733 4628 2915 4683 menti
2957 4629 3142 4703 magis
3185 4645 3326 4687 con-

1947 4707 2216 4773 formem,
2250 4725 2420 4780 quam
2461 4709 2761 4766 adversam
2788 4735 2802 4778 ;
2832 4711 2916 4766 eis
2969 4717 3163 4769 tamen
3198 4718 3327 4769 ute-

1947 4804 2082 4845 mur
2109 4787 2284 4845 dubio
2310 4791 2568 4862 sequenti
2595 4812 2608 4847 :
2642 4791 2793 4848 unde
2820 4807 2937 4848 non
2987 4799 3206 4865 oportet
3231 4794 3329 4851 hic

1944 4866 2160 4924 diutius
2203 4870 2526 4925 immorari.
2557 4873 2703 4926 Nam
2731 4888 2855 4943 quae
2881 4871 3157 4938 diximus,
3188 4880 3327 4929 sunt

1943 4949 2084 5007 adeo
2113 4951 2430 5024 perspicua,
2480 4958 2540 5007 ut
2568 4953 2735 5010 facile
2772 4956 3117 5012 convincant
3143 4955 3324 5012 intel-

1944 5031 2154 5088 lectum
2187 5037 2335 5089 recte
2355 5032 2719 5105 dispositum.

3141 5119 3173 5186 ὅ
3212 5118 3312 5174 1v.
