<?xml version="1.0" encoding="UTF-8"?>
<!DOCTYPE html PUBLIC "-//W3C//DTD XHTML 1.0 Transitional//EN"
    "http://www.w3.org/TR/xhtml1/DTD/xhtml1-transitional.dtd">
<html xmlns="http://www.w3.org/1999/xhtml" xml:lang="en" lang="en">
 <head>
  <title>
</title>
<meta http-equiv="Content-Type" content="text/html;charset=utf-8" />
  <meta name='ocr-system' content='tesseract 3.04.00' />
  <meta name='ocr-capabilities' content='ocr_page ocr_carea ocr_par ocr_line ocrx_word'/>
</head>
<body>
  <div class='ocr_page' id='page_1' title='image "./collegiisalmant00carmgoog_0536.png"; bbox 0 0 3647 5753; ppageno 0'>
   <div class='ocr_carea' id='block_1_1' title="bbox 312 777 484 871">
    <p class='ocr_par' dir='ltr' id='par_1_1' title="bbox 312 777 484 871">
     <span class='ocr_line' id='line_1_1' title="bbox 312 777 484 821; baseline -0.006 0"><span class='ocrx_word' id='word_1_1' title='bbox 312 777 484 821; x_wconf 85' lang='lat' dir='ltr'>Diluun·</span> 
     </span>
     <span class='ocr_line' id='line_1_2' title="bbox 363 831 439 871; baseline 0.013 -3"><span class='ocrx_word' id='word_1_2' title='bbox 363 831 439 871; x_wconf 87' lang='lat' dir='ltr'>tur.</span> 
     </span>
    </p>
   </div>
   <div class='ocr_carea' id='block_1_2' title="bbox 316 2555 497 2694">
    <p class='ocr_par' dir='ltr' id='par_1_2' title="bbox 316 2555 497 2694">
     <span class='ocr_line' id='line_1_3' title="bbox 316 2555 497 2596; baseline -0.006 0"><span class='ocrx_word' id='word_1_3' title='bbox 316 2555 497 2596; x_wconf 80' lang='lat' dir='ltr'>Functus</span> 
     </span>
     <span class='ocr_line' id='line_1_4' title="bbox 326 2601 497 2658; baseline 0 -14"><span class='ocrx_word' id='word_1_4' title='bbox 326 2601 497 2658; x_wconf 72' lang='lat' dir='ltr'>difficul-</span> 
     </span>
     <span class='ocr_line' id='line_1_5' title="bbox 351 2656 461 2694; baseline 0 0"><span class='ocrx_word' id='word_1_5' title='bbox 351 2656 461 2694; x_wconf 79' lang='lat' dir='ltr'>tatis.</span> 
     </span>
    </p>
   </div>
   <div class='ocr_carea' id='block_1_3' title="bbox 314 3848 494 4042">
    <p class='ocr_par' dir='ltr' id='par_1_3' title="bbox 314 3848 494 4042">
     <span class='ocr_line' id='line_1_6' title="bbox 341 3848 482 3892; baseline 0 0"><span class='ocrx_word' id='word_1_6' title='bbox 341 3848 482 3892; x_wconf 85' lang='lat' dir='ltr'>Prima</span> 
     </span>
     <span class='ocr_line' id='line_1_7' title="bbox 328 3897 494 3942; baseline 0 -1"><span class='ocrx_word' id='word_1_7' title='bbox 328 3897 494 3942; x_wconf 87' lang='lat' dir='ltr'>conclu·</span> 
     </span>
     <span class='ocr_line' id='line_1_8' title="bbox 361 3947 441 3992; baseline 0 -2"><span class='ocrx_word' id='word_1_8' title='bbox 361 3947 441 3992; x_wconf 86' lang='lat' dir='ltr'>sio.</span> 
     </span>
     <span class='ocr_line' id='line_1_9' title="bbox 314 3997 491 4042; baseline 0.023 -4"><span class='ocrx_word' id='word_1_9' title='bbox 314 3997 366 4039; x_wconf 86' lang='lat' dir='ltr'>D.</span> <span class='ocrx_word' id='word_1_10' title='bbox 388 3997 491 4042; x_wconf 81' lang='lat' dir='ltr'>Tho.</span> 
     </span>
    </p>
   </div>
   <div class='ocr_carea' id='block_1_4' title="bbox 335 4406 472 4452">
    <p class='ocr_par' dir='ltr' id='par_1_4' title="bbox 335 4406 472 4452">
     <span class='ocr_line' id='line_1_10' title="bbox 335 4406 472 4452; baseline -0.015 -1"><span class='ocrx_word' id='word_1_11' title='bbox 335 4406 472 4452; x_wconf 81' lang='lat' dir='ltr'>Ratio.</span> 
     </span>
    </p>
   </div>
   <div class='ocr_carea' id='block_1_5' title="bbox 524 407 675 502">
    <p class='ocr_par' dir='ltr' id='par_1_5' title="bbox 524 407 675 502">
     <span class='ocr_line' id='line_1_11' title="bbox 524 407 675 502; baseline 0 -1"><span class='ocrx_word' id='word_1_12' title='bbox 524 446 634 502; x_wconf 84' lang='lat'>514</span> <span class='ocrx_word' id='word_1_13' title='bbox 664 407 675 418; x_wconf 20' lang='grc' dir='ltr'><strong>Χ</strong></span> 
     </span>
    </p>
   </div>
   <div class='ocr_carea' id='block_1_6' title="bbox 518 613 1886 2392">
    <p class='ocr_par' dir='ltr' id='par_1_6' title="bbox 524 613 1882 768">
     <span class='ocr_line' id='line_1_12' title="bbox 531 613 1882 689; baseline -0.001 -20"><span class='ocrx_word' id='word_1_14' title='bbox 531 618 713 687; x_wconf 88' lang='lat' dir='ltr'>potest</span> <span class='ocrx_word' id='word_1_15' title='bbox 733 614 946 682; x_wconf 82' lang='lat' dir='ltr'>mereri</span> <span class='ocrx_word' id='word_1_16' title='bbox 969 615 1369 672; x_wconf 85' lang='lat' dir='ltr'>remissionem</span> <span class='ocrx_word' id='word_1_17' title='bbox 1388 615 1595 689; x_wconf 89' lang='lat' dir='ltr'>peccati</span> <span class='ocrx_word' id='word_1_18' title='bbox 1618 613 1882 679; x_wconf 83' lang='lat' dir='ltr'>venialis,</span> 
     </span>
     <span class='ocr_line' id='line_1_13' title="bbox 524 695 1402 768; baseline 0.003 -15"><span class='ocrx_word' id='word_1_19' title='bbox 524 700 691 768; x_wconf 84' lang='lat' dir='ltr'>atque</span> <span class='ocrx_word' id='word_1_20' title='bbox 716 695 846 753; x_wconf 86' lang='lat' dir='ltr'>ideo</span> <span class='ocrx_word' id='word_1_21' title='bbox 872 695 1063 768; x_wconf 89' lang='lat' dir='ltr'>ipsum</span> <span class='ocrx_word' id='word_1_22' title='bbox 1090 695 1402 756; x_wconf 86' lang='lat' dir='ltr'>destruere.</span> 
     </span>
    </p>

    <p class='ocr_par' dir='ltr' id='par_1_7' title="bbox 518 776 1886 2392">
     <span class='ocr_line' id='line_1_14' title="bbox 598 776 1885 851; baseline 0 -20"><span class='ocrx_word' id='word_1_23' title='bbox 598 777 715 844; x_wconf 81' lang='lat' dir='ltr'>Hae,</span> <span class='ocrx_word' id='word_1_24' title='bbox 734 776 993 850; x_wconf 88' lang='lat' dir='ltr'>inquam,</span> <span class='ocrx_word' id='word_1_25' title='bbox 1013 777 1355 851; x_wconf 86' lang='lat' dir='ltr'>objectiones</span> <span class='ocrx_word' id='word_1_26' title='bbox 1371 795 1488 836; x_wconf 92' lang='lat' dir='ltr'>non</span> <span class='ocrx_word' id='word_1_27' title='bbox 1506 779 1784 836; x_wconf 82' lang='lat' dir='ltr'>referunt.</span> <span class='ocrx_word' id='word_1_28' title='bbox 1797 776 1885 832; x_wconf 85' lang='lat' dir='ltr'>Ad</span> 
     </span>
     <span class='ocr_line' id='line_1_15' title="bbox 524 858 1886 934; baseline 0.001 -22"><span class='ocrx_word' id='word_1_29' title='bbox 524 858 775 929; x_wconf 88' lang='lat' dir='ltr'><strong>primam</strong></span> <span class='ocrx_word' id='word_1_30' title='bbox 787 859 943 915; x_wconf 88' lang='lat' dir='ltr'>enim</span> <span class='ocrx_word' id='word_1_31' title='bbox 959 859 1347 931; x_wconf 89' lang='lat' dir='ltr'>respondetur,</span> <span class='ocrx_word' id='word_1_32' title='bbox 1358 865 1641 934; x_wconf 88' lang='lat' dir='ltr'>peccatum</span> <span class='ocrx_word' id='word_1_33' title='bbox 1656 859 1886 916; x_wconf 84' lang='lat' dir='ltr'>veniale</span> 
     </span>
     <span class='ocr_line' id='line_1_16' title="bbox 521 938 1882 1013; baseline 0.001 -20"><span class='ocrx_word' id='word_1_34' title='bbox 521 938 691 1013; x_wconf 86' lang='lat' dir='ltr'>hujus</span> <span class='ocrx_word' id='word_1_35' title='bbox 705 944 882 995; x_wconf 88' lang='lat' dir='ltr'>status</span> <span class='ocrx_word' id='word_1_36' title='bbox 899 940 1213 1013; x_wconf 82' lang='lat' dir='ltr'>importare</span> <span class='ocrx_word' id='word_1_37' title='bbox 1228 958 1344 998; x_wconf 92' lang='lat' dir='ltr'>non</span> <span class='ocrx_word' id='word_1_38' title='bbox 1362 942 1549 998; x_wconf 88' lang='lat' dir='ltr'>solum</span> <span class='ocrx_word' id='word_1_39' title='bbox 1565 939 1882 997; x_wconf 80' lang='lat' dir='ltr'>carentiam</span> 
     </span>
     <span class='ocr_line' id='line_1_17' title="bbox 523 1019 1884 1095; baseline 0.001 -20"><span class='ocrx_word' id='word_1_40' title='bbox 523 1019 884 1076; x_wconf 83' lang='lat' dir='ltr'>rectitudinis</span> <span class='ocrx_word' id='word_1_41' title='bbox 924 1022 1223 1091; x_wconf 80' lang='lat' dir='ltr'>naturaliS,</span> <span class='ocrx_word' id='word_1_42' title='bbox 1256 1038 1380 1095; x_wconf 65' lang='lat' dir='ltr'>quse</span> <span class='ocrx_word' id='word_1_43' title='bbox 1422 1027 1604 1094; x_wconf 87' lang='lat' dir='ltr'>posset</span> <span class='ocrx_word' id='word_1_44' title='bbox 1643 1037 1745 1094; x_wconf 86' lang='lat' dir='ltr'>per</span> <span class='ocrx_word' id='word_1_45' title='bbox 1787 1035 1884 1076; x_wconf 86' lang='lat' dir='ltr'>ac-</span> 
     </span>
     <span class='ocr_line' id='line_1_18' title="bbox 521 1102 1881 1171; baseline 0 -14"><span class='ocrx_word' id='word_1_46' title='bbox 521 1105 612 1157; x_wconf 89' lang='lat' dir='ltr'>tus</span> <span class='ocrx_word' id='word_1_47' title='bbox 639 1102 921 1159; x_wconf 83' lang='lat' dir='ltr'>virtuosos</span> <span class='ocrx_word' id='word_1_48' title='bbox 945 1105 1236 1160; x_wconf 82' lang='lat' dir='ltr'>naturales</span> <span class='ocrx_word' id='word_1_49' title='bbox 1265 1104 1529 1161; x_wconf 87' lang='lat' dir='ltr'>resarciri</span> <span class='ocrx_word' id='word_1_50' title='bbox 1552 1103 1683 1171; x_wconf 78' lang='lat' dir='ltr'>3sed</span> <span class='ocrx_word' id='word_1_51' title='bbox 1705 1102 1881 1158; x_wconf 90' lang='lat' dir='ltr'>etiam</span> 
     </span>
     <span class='ocr_line' id='line_1_19' title="bbox 521 1182 1880 1257; baseline 0 -18"><span class='ocrx_word' id='word_1_52' title='bbox 521 1183 837 1239; x_wconf 85' lang='lat' dir='ltr'>carentiam</span> <span class='ocrx_word' id='word_1_53' title='bbox 868 1182 1112 1240; x_wconf 81' lang='lat' dir='ltr'>fervoris</span> <span class='ocrx_word' id='word_1_54' title='bbox 1139 1185 1455 1252; x_wconf 77' lang='lat' dir='ltr'>charitatiS,</span> <span class='ocrx_word' id='word_1_55' title='bbox 1488 1189 1542 1241; x_wconf 89' lang='lat' dir='ltr'>et</span> <span class='ocrx_word' id='word_1_56' title='bbox 1570 1184 1880 1257; x_wconf 85' lang='lat' dir='ltr'>aliqualem</span> 
     </span>
     <span class='ocr_line' id='line_1_20' title="bbox 523 1261 1884 1336; baseline 0.001 -19"><span class='ocrx_word' id='word_1_57' title='bbox 523 1261 801 1335; x_wconf 87' lang='lat' dir='ltr'>injuriam</span> <span class='ocrx_word' id='word_1_58' title='bbox 846 1263 947 1319; x_wconf 91' lang='lat' dir='ltr'>Dei</span> <span class='ocrx_word' id='word_1_59' title='bbox 993 1264 1452 1336; x_wconf 88' lang='lat' dir='ltr'>supernaturalis</span> <span class='ocrx_word' id='word_1_60' title='bbox 1500 1263 1775 1331; x_wconf 76' lang='lat' dir='ltr'>authoriS‚</span> <span class='ocrx_word' id='word_1_61' title='bbox 1827 1267 1884 1319; x_wconf 88' lang='lat' dir='ltr'>et</span> 
     </span>
     <span class='ocr_line' id='line_1_21' title="bbox 522 1340 1882 1424; baseline 0.001 -26"><span class='ocrx_word' id='word_1_62' title='bbox 522 1340 679 1398; x_wconf 89' lang='lat' dir='ltr'>finis.</span> <span class='ocrx_word' id='word_1_63' title='bbox 712 1341 877 1399; x_wconf 88' lang='lat' dir='ltr'>Unde</span> <span class='ocrx_word' id='word_1_64' title='bbox 900 1345 1095 1400; x_wconf 89' lang='lat' dir='ltr'>nullus</span> <span class='ocrx_word' id='word_1_65' title='bbox 1125 1349 1279 1400; x_wconf 91' lang='lat' dir='ltr'>actus</span> <span class='ocrx_word' id='word_1_66' title='bbox 1309 1361 1449 1417; x_wconf 91' lang='lat' dir='ltr'>pure</span> <span class='ocrx_word' id='word_1_67' title='bbox 1469 1345 1755 1424; x_wconf 82' lang='lat' dir='ltr'>naturalis</span> <span class='ocrx_word' id='word_1_68' title='bbox 1783 1343 1882 1399; x_wconf 89' lang='lat' dir='ltr'>ha-</span> 
     </span>
     <span class='ocr_line' id='line_1_22' title="bbox 521 1419 1880 1500; baseline 0.002 -21"><span class='ocrx_word' id='word_1_69' title='bbox 521 1422 615 1480; x_wconf 91' lang='lat' dir='ltr'>bet</span> <span class='ocrx_word' id='word_1_70' title='bbox 660 1419 1124 1482; x_wconf 76' lang='lat' dir='ltr'>contrarietatem</span> <span class='ocrx_word' id='word_1_71' title='bbox 1172 1425 1461 1500; x_wconf 81' lang='lat' dir='ltr'>adaequate</span> <span class='ocrx_word' id='word_1_72' title='bbox 1505 1425 1880 1483; x_wconf 87' lang='lat' dir='ltr'>sufficientem</span> 
     </span>
     <span class='ocr_line' id='line_1_23' title="bbox 525 1503 1882 1580; baseline 0.002 -20"><span class='ocrx_word' id='word_1_73' title='bbox 525 1503 594 1560; x_wconf 87' lang='lat' dir='ltr'>ad</span> <span class='ocrx_word' id='word_1_74' title='bbox 640 1504 1049 1563; x_wconf 90' lang='lat' dir='ltr'>destruendum</span> <span class='ocrx_word' id='word_1_75' title='bbox 1096 1513 1383 1579; x_wconf 88' lang='lat' dir='ltr'>peccatum</span> <span class='ocrx_word' id='word_1_76' title='bbox 1429 1508 1658 1564; x_wconf 84' lang='lat' dir='ltr'>veniale</span> <span class='ocrx_word' id='word_1_77' title='bbox 1711 1508 1882 1580; x_wconf 87' lang='lat' dir='ltr'>hujus</span> 
     </span>
     <span class='ocr_line' id='line_1_24' title="bbox 521 1587 1882 1661; baseline 0.003 -20"><span class='ocrx_word' id='word_1_78' title='bbox 521 1590 719 1643; x_wconf 77' lang='lat' dir='ltr'>statuS.</span> <span class='ocrx_word' id='word_1_79' title='bbox 752 1587 837 1643; x_wconf 88' lang='lat' dir='ltr'>Ad</span> <span class='ocrx_word' id='word_1_80' title='bbox 862 1587 1171 1644; x_wconf 89' lang='lat' dir='ltr'>secundam</span> <span class='ocrx_word' id='word_1_81' title='bbox 1199 1588 1505 1646; x_wconf 91' lang='lat' dir='ltr'>dicendum</span> <span class='ocrx_word' id='word_1_82' title='bbox 1547 1594 1649 1655; x_wconf 91' lang='lat' dir='ltr'>est,</span> <span class='ocrx_word' id='word_1_83' title='bbox 1684 1605 1882 1661; x_wconf 86' lang='lat' dir='ltr'>pecca·-</span> 
     </span>
     <span class='ocr_line' id='line_1_25' title="bbox 523 1671 1880 1744; baseline 0.003 -20"><span class='ocrx_word' id='word_1_84' title='bbox 523 1675 646 1724; x_wconf 88' lang='lat' dir='ltr'>tum</span> <span class='ocrx_word' id='word_1_85' title='bbox 666 1671 898 1727; x_wconf 78' lang='lat' dir='ltr'>veniale</span> <span class='ocrx_word' id='word_1_86' title='bbox 921 1671 982 1726; x_wconf 93' lang='lat' dir='ltr'>in</span> <span class='ocrx_word' id='word_1_87' title='bbox 1006 1671 1271 1744; x_wconf 83' lang='lat' dir='ltr'>praesenti</span> <span class='ocrx_word' id='word_1_88' title='bbox 1289 1677 1435 1728; x_wconf 89' lang='lat' dir='ltr'>statu</span> <span class='ocrx_word' id='word_1_89' title='bbox 1460 1673 1667 1730; x_wconf 77' lang='lat' dir='ltr'>afferre</span> <span class='ocrx_word' id='word_1_90' title='bbox 1687 1688 1880 1729; x_wconf 90' lang='lat' dir='ltr'>secum</span> 
     </span>
     <span class='ocr_line' id='line_1_26' title="bbox 518 1749 1882 1828; baseline 0.002 -22"><span class='ocrx_word' id='word_1_91' title='bbox 518 1749 1004 1823; x_wconf 88' lang='lat' dir='ltr'>impedimentum</span> <span class='ocrx_word' id='word_1_92' title='bbox 1024 1752 1334 1824; x_wconf 85' lang='lat' dir='ltr'>prohibens</span> <span class='ocrx_word' id='word_1_93' title='bbox 1356 1751 1426 1809; x_wconf 89' lang='lat' dir='ltr'>ab</span> <span class='ocrx_word' id='word_1_94' title='bbox 1443 1752 1701 1828; x_wconf 83' lang='lat' dir='ltr'>ingressu</span> <span class='ocrx_word' id='word_1_95' title='bbox 1717 1753 1882 1809; x_wconf 85' lang='lat' dir='ltr'>coelo-</span> 
     </span>
     <span class='ocr_line' id='line_1_27' title="bbox 522 1831 1879 1900; baseline 0.002 -14"><span class='ocrx_word' id='word_1_96' title='bbox 522 1847 672 1898; x_wconf 89' lang='lat' dir='ltr'>rum,</span> <span class='ocrx_word' id='word_1_97' title='bbox 706 1837 762 1887; x_wconf 91' lang='lat' dir='ltr'>et</span> <span class='ocrx_word' id='word_1_98' title='bbox 807 1831 877 1888; x_wconf 91' lang='lat' dir='ltr'>ab</span> <span class='ocrx_word' id='word_1_99' title='bbox 917 1839 1133 1890; x_wconf 82' lang='lat' dir='ltr'>aeterna</span> <span class='ocrx_word' id='word_1_100' title='bbox 1179 1834 1551 1900; x_wconf 89' lang='lat' dir='ltr'>beatitudine,</span> <span class='ocrx_word' id='word_1_101' title='bbox 1602 1841 1658 1891; x_wconf 90' lang='lat' dir='ltr'>et</span> <span class='ocrx_word' id='word_1_102' title='bbox 1701 1835 1879 1891; x_wconf 88' lang='lat' dir='ltr'>simul</span> 
     </span>
     <span class='ocr_line' id='line_1_28' title="bbox 518 1912 1882 1988; baseline 0.002 -21"><span class='ocrx_word' id='word_1_103' title='bbox 518 1912 734 1969; x_wconf 87' lang='lat' dir='ltr'>mereri</span> <span class='ocrx_word' id='word_1_104' title='bbox 782 1928 1010 1984; x_wconf 84' lang='lat' dir='ltr'>poenam</span> <span class='ocrx_word' id='word_1_105' title='bbox 1041 1915 1387 1988; x_wconf 84' lang='lat' dir='ltr'>Purgatorii‚</span> <span class='ocrx_word' id='word_1_106' title='bbox 1421 1931 1544 1988; x_wconf 82' lang='lat' dir='ltr'>quae</span> <span class='ocrx_word' id='word_1_107' title='bbox 1585 1914 1754 1973; x_wconf 93' lang='lat' dir='ltr'>modo</span> <span class='ocrx_word' id='word_1_108' title='bbox 1780 1932 1882 1970; x_wconf 88' lang='lat' dir='ltr'>su-</span> 
     </span>
     <span class='ocr_line' id='line_1_29' title="bbox 520 1993 1882 2068; baseline 0 -18"><span class='ocrx_word' id='word_1_109' title='bbox 520 1993 879 2065; x_wconf 88' lang='lat' dir='ltr'>pernaturali</span> <span class='ocrx_word' id='word_1_110' title='bbox 907 2001 1223 2059; x_wconf 88' lang='lat' dir='ltr'>exercetur.</span> <span class='ocrx_word' id='word_1_111' title='bbox 1272 1997 1341 2050; x_wconf 87' lang='lat' dir='ltr'>Et</span> <span class='ocrx_word' id='word_1_112' title='bbox 1378 1994 1449 2052; x_wconf 87' lang='lat' dir='ltr'>ex</span> <span class='ocrx_word' id='word_1_113' title='bbox 1476 1996 1580 2053; x_wconf 90' lang='lat' dir='ltr'>bac</span> <span class='ocrx_word' id='word_1_114' title='bbox 1609 2001 1770 2068; x_wconf 88' lang='lat' dir='ltr'>parte</span> <span class='ocrx_word' id='word_1_115' title='bbox 1809 1995 1882 2051; x_wconf 86' lang='lat' dir='ltr'>ad</span> 
     </span>
     <span class='ocr_line' id='line_1_30' title="bbox 520 2075 1882 2149; baseline 0.001 -20"><span class='ocrx_word' id='word_1_116' title='bbox 520 2075 1021 2147; x_wconf 82' lang='lat' dir='ltr'>supernaturalem</span> <span class='ocrx_word' id='word_1_117' title='bbox 1051 2075 1318 2133; x_wconf 89' lang='lat' dir='ltr'>ordinem</span> <span class='ocrx_word' id='word_1_118' title='bbox 1348 2076 1615 2148; x_wconf 88' lang='lat' dir='ltr'>pertinet,</span> <span class='ocrx_word' id='word_1_119' title='bbox 1646 2076 1882 2149; x_wconf 83' lang='lat' dir='ltr'>ejusque</span> 
     </span>
     <span class='ocr_line' id='line_1_31' title="bbox 525 2152 1882 2229; baseline 0.002 -20"><span class='ocrx_word' id='word_1_120' title='bbox 525 2152 788 2210; x_wconf 86' lang='lat' dir='ltr'>remissio</span> <span class='ocrx_word' id='word_1_121' title='bbox 815 2155 1133 2226; x_wconf 88' lang='lat' dir='ltr'>computari</span> <span class='ocrx_word' id='word_1_122' title='bbox 1161 2156 1356 2229; x_wconf 88' lang='lat' dir='ltr'>nequit</span> <span class='ocrx_word' id='word_1_123' title='bbox 1381 2156 1532 2212; x_wconf 91' lang='lat' dir='ltr'>inter</span> <span class='ocrx_word' id='word_1_124' title='bbox 1553 2155 1703 2213; x_wconf 89' lang='lat' dir='ltr'>bona</span> <span class='ocrx_word' id='word_1_125' title='bbox 1730 2161 1882 2213; x_wconf 90' lang='lat' dir='ltr'>tem-</span> 
     </span>
     <span class='ocr_line' id='line_1_32' title="bbox 527 2233 1881 2309; baseline 0.002 -18"><span class='ocrx_word' id='word_1_126' title='bbox 527 2235 767 2307; x_wconf 91' lang='lat' dir='ltr'>poralia.</span> <span class='ocrx_word' id='word_1_127' title='bbox 798 2234 907 2291; x_wconf 89' lang='lat' dir='ltr'>Sed</span> <span class='ocrx_word' id='word_1_128' title='bbox 954 2233 1024 2291; x_wconf 89' lang='lat' dir='ltr'>ad</span> <span class='ocrx_word' id='word_1_129' title='bbox 1052 2236 1172 2309; x_wconf 87' lang='lat' dir='ltr'>ejus</span> <span class='ocrx_word' id='word_1_130' title='bbox 1218 2236 1693 2294; x_wconf 90' lang='lat' dir='ltr'>condonationem</span> <span class='ocrx_word' id='word_1_131' title='bbox 1722 2237 1881 2294; x_wconf 82' lang='lat' dir='ltr'>indi-</span> 
     </span>
     <span class='ocr_line' id='line_1_33' title="bbox 522 2315 1882 2392; baseline 0.003 -20"><span class='ocrx_word' id='word_1_132' title='bbox 522 2330 722 2390; x_wconf 81' lang='lat' dir='ltr'>gemus</span> <span class='ocrx_word' id='word_1_133' title='bbox 751 2315 942 2388; x_wconf 88' lang='lat' dir='ltr'>aliqua</span> <span class='ocrx_word' id='word_1_134' title='bbox 965 2315 1362 2374; x_wconf 87' lang='lat' dir='ltr'>misericordia</span> <span class='ocrx_word' id='word_1_135' title='bbox 1384 2318 1483 2374; x_wconf 91' lang='lat' dir='ltr'>Dei</span> <span class='ocrx_word' id='word_1_136' title='bbox 1514 2323 1574 2373; x_wconf 89' lang='lat' dir='ltr'>ut</span> <span class='ocrx_word' id='word_1_137' title='bbox 1599 2334 1882 2392; x_wconf 87' lang='lat' dir='ltr'>superna-</span> 
     </span>
    </p>
   </div>
   <div class='ocr_carea' id='block_1_7' title="bbox 525 2395 1881 2546">
    <p class='ocr_par' dir='ltr' id='par_1_8' title="bbox 525 2395 1881 2546">
     <span class='ocr_line' id='line_1_34' title="bbox 525 2395 1881 2472; baseline 0.005 -22"><span class='ocrx_word' id='word_1_138' title='bbox 525 2396 730 2451; x_wconf 87' lang='lat' dir='ltr'>turalis</span> <span class='ocrx_word' id='word_1_139' title='bbox 755 2395 1032 2462; x_wconf 77' lang='lat' dir='ltr'>authoriS,</span> <span class='ocrx_word' id='word_1_140' title='bbox 1052 2413 1221 2469; x_wconf 91' lang='lat' dir='ltr'>quem</span> <span class='ocrx_word' id='word_1_141' title='bbox 1247 2414 1348 2470; x_wconf 90' lang='lat' dir='ltr'>per</span> <span class='ocrx_word' id='word_1_142' title='bbox 1375 2399 1564 2472; x_wconf 90' lang='lat' dir='ltr'>ipsum</span> <span class='ocrx_word' id='word_1_143' title='bbox 1594 2406 1881 2472; x_wconf 83' lang='lat' dir='ltr'>peccatum</span> 
     </span>
     <span class='ocr_line' id='line_1_35' title="bbox 526 2475 1694 2546; baseline 0.005 -15"><span class='ocrx_word' id='word_1_144' title='bbox 526 2475 856 2546; x_wconf 87' lang='lat' dir='ltr'>aliqualiter</span> <span class='ocrx_word' id='word_1_145' title='bbox 883 2475 1246 2535; x_wconf 82' lang='lat' dir='ltr'>offendimus,</span> <span class='ocrx_word' id='word_1_146' title='bbox 1691 2493 1694 2495; x_wconf 73' lang='grc'>’</span> 
     </span>
    </p>
   </div>
   <div class='ocr_carea' id='block_1_8' title="bbox 524 2554 1883 3335">
    <p class='ocr_par' dir='ltr' id='par_1_9' title="bbox 524 2554 1883 3335">
     <span class='ocr_line' id='line_1_36' title="bbox 597 2554 1882 2630; baseline 0.008 -23"><span class='ocrx_word' id='word_1_147' title='bbox 597 2554 899 2626; x_wconf 90' lang='lat' dir='ltr'>Supposito</span> <span class='ocrx_word' id='word_1_148' title='bbox 944 2570 1097 2628; x_wconf 84' lang='lat' dir='ltr'>ergo,</span> <span class='ocrx_word' id='word_1_149' title='bbox 1128 2557 1278 2629; x_wconf 90' lang='lat' dir='ltr'>quod</span> <span class='ocrx_word' id='word_1_150' title='bbox 1327 2564 1611 2630; x_wconf 90' lang='lat' dir='ltr'>peccatum</span> <span class='ocrx_word' id='word_1_151' title='bbox 1651 2560 1882 2618; x_wconf 84' lang='lat' dir='ltr'>veniale</span> 
     </span>
     <span class='ocr_line' id='line_1_37' title="bbox 527 2633 1883 2706; baseline 0.007 -19"><span class='ocrx_word' id='word_1_152' title='bbox 527 2633 694 2705; x_wconf 85' lang='lat' dir='ltr'>hujus</span> <span class='ocrx_word' id='word_1_153' title='bbox 736 2638 913 2688; x_wconf 89' lang='lat' dir='ltr'>status</span> <span class='ocrx_word' id='word_1_154' title='bbox 958 2635 1230 2706; x_wconf 87' lang='lat' dir='ltr'>importet</span> <span class='ocrx_word' id='word_1_155' title='bbox 1273 2641 1558 2695; x_wconf 87' lang='lat' dir='ltr'>maculam</span> <span class='ocrx_word' id='word_1_156' title='bbox 1602 2640 1883 2696; x_wconf 89' lang='lat' dir='ltr'>intrinse-</span> 
     </span>
     <span class='ocr_line' id='line_1_38' title="bbox 526 2711 1883 2791; baseline 0.007 -23"><span class='ocrx_word' id='word_1_157' title='bbox 526 2728 672 2776; x_wconf 86' lang='lat' dir='ltr'>cam,</span> <span class='ocrx_word' id='word_1_158' title='bbox 703 2717 759 2768; x_wconf 91' lang='lat' dir='ltr'>et</span> <span class='ocrx_word' id='word_1_159' title='bbox 779 2711 927 2784; x_wconf 91' lang='lat' dir='ltr'>quod</span> <span class='ocrx_word' id='word_1_160' title='bbox 956 2714 1136 2770; x_wconf 90' lang='lat' dir='ltr'>deleri</span> <span class='ocrx_word' id='word_1_161' title='bbox 1166 2732 1282 2773; x_wconf 89' lang='lat' dir='ltr'>non</span> <span class='ocrx_word' id='word_1_162' title='bbox 1306 2720 1505 2791; x_wconf 88' lang='lat' dir='ltr'>posssit</span> <span class='ocrx_word' id='word_1_163' title='bbox 1527 2720 1752 2776; x_wconf 92' lang='lat' dir='ltr'>homini</span> <span class='ocrx_word' id='word_1_164' title='bbox 1774 2720 1883 2777; x_wconf 92' lang='lat' dir='ltr'>ha-</span> 
     </span>
     <span class='ocr_line' id='line_1_39' title="bbox 527 2791 1883 2870; baseline 0.008 -25"><span class='ocrx_word' id='word_1_165' title='bbox 527 2791 683 2846; x_wconf 87' lang='lat' dir='ltr'>benti</span> <span class='ocrx_word' id='word_1_166' title='bbox 709 2796 995 2863; x_wconf 87' lang='lat' dir='ltr'>peccatum</span> <span class='ocrx_word' id='word_1_167' title='bbox 1019 2796 1280 2864; x_wconf 86' lang='lat' dir='ltr'>mortale,</span> <span class='ocrx_word' id='word_1_168' title='bbox 1309 2813 1410 2853; x_wconf 87' lang='lat' dir='ltr'>nec</span> <span class='ocrx_word' id='word_1_169' title='bbox 1432 2797 1533 2870; x_wconf 73' lang='lat' dir='ltr'>per</span> <span class='ocrx_word' id='word_1_170' title='bbox 1555 2804 1708 2855; x_wconf 89' lang='lat' dir='ltr'>actus</span> <span class='ocrx_word' id='word_1_171' title='bbox 1725 2815 1883 2857; x_wconf 88' lang='lat' dir='ltr'>mere</span> 
     </span>
     <span class='ocr_line' id='line_1_40' title="bbox 527 2872 1883 2954; baseline 0.007 -26"><span class='ocrx_word' id='word_1_172' title='bbox 527 2872 854 2940; x_wconf 80' lang='lat' dir='ltr'>naturales3</span> <span class='ocrx_word' id='word_1_173' title='bbox 887 2872 1201 2932; x_wconf 87' lang='lat' dir='ltr'>videndum</span> <span class='ocrx_word' id='word_1_174' title='bbox 1228 2883 1330 2942; x_wconf 87' lang='lat' dir='ltr'>est,</span> <span class='ocrx_word' id='word_1_175' title='bbox 1361 2881 1546 2951; x_wconf 89' lang='lat' dir='ltr'>qualis</span> <span class='ocrx_word' id='word_1_176' title='bbox 1571 2882 1756 2954; x_wconf 83' lang='lat' dir='ltr'>gratia</span> <span class='ocrx_word' id='word_1_177' title='bbox 1783 2899 1883 2938; x_wconf 90' lang='lat' dir='ltr'>su·-</span> 
     </span>
     <span class='ocr_line' id='line_1_41' title="bbox 525 2955 1878 3034; baseline 0.006 -24"><span class='ocrx_word' id='word_1_178' title='bbox 525 2955 914 3027; x_wconf 87' lang='lat' dir='ltr'>pernaturalis</span> <span class='ocrx_word' id='word_1_179' title='bbox 940 2955 1011 3012; x_wconf 94' lang='lat' dir='ltr'>ad</span> <span class='ocrx_word' id='word_1_180' title='bbox 1037 2957 1157 3030; x_wconf 88' lang='lat' dir='ltr'>ejus</span> <span class='ocrx_word' id='word_1_181' title='bbox 1187 2959 1585 3018; x_wconf 89' lang='lat' dir='ltr'>remissionem</span> <span class='ocrx_word' id='word_1_182' title='bbox 1623 2962 1878 3034; x_wconf 88' lang='lat' dir='ltr'>sufficiat,</span> 
     </span>
     <span class='ocr_line' id='line_1_42' title="bbox 524 3033 1877 3112; baseline 0.007 -21"><span class='ocrx_word' id='word_1_183' title='bbox 524 3040 579 3091; x_wconf 90' lang='lat' dir='ltr'>et</span> <span class='ocrx_word' id='word_1_184' title='bbox 605 3033 979 3103; x_wconf 87' lang='lat' dir='ltr'>desideretur,</span> <span class='ocrx_word' id='word_1_185' title='bbox 1005 3038 1421 3106; x_wconf 87' lang='lat' dir='ltr'>extrinsecane,</span> <span class='ocrx_word' id='word_1_186' title='bbox 1447 3057 1521 3097; x_wconf 89' lang='lat' dir='ltr'>an</span> <span class='ocrx_word' id='word_1_187' title='bbox 1545 3041 1877 3112; x_wconf 88' lang='lat' dir='ltr'>intrinseca,</span> 
     </span>
     <span class='ocr_line' id='line_1_43' title="bbox 526 3113 1881 3186; baseline 0.008 -15"><span class='ocrx_word' id='word_1_188' title='bbox 526 3115 857 3183; x_wconf 85' lang='lat' dir='ltr'>habitualis,</span> <span class='ocrx_word' id='word_1_189' title='bbox 884 3118 976 3175; x_wconf 82' lang='lat' dir='ltr'>vel</span> <span class='ocrx_word' id='word_1_190' title='bbox 997 3120 1232 3175; x_wconf 88' lang='lat' dir='ltr'>actualis</span> <span class='ocrx_word' id='word_1_191' title='bbox 1247 3123 1274 3177; x_wconf 69' lang='lat'>1³</span> <span class='ocrx_word' id='word_1_192' title='bbox 1289 3125 1469 3186; x_wconf 89' lang='lat' dir='ltr'>Quam</span> <span class='ocrx_word' id='word_1_193' title='bbox 1492 3113 1881 3181; x_wconf 85' lang='lat' dir='ltr'>difficultatem</span> 
     </span>
     <span class='ocr_line' id='line_1_44' title="bbox 525 3198 1883 3277; baseline 0.009 -24"><span class='ocrx_word' id='word_1_194' title='bbox 525 3198 764 3273; x_wconf 89' lang='lat' dir='ltr'>majoris</span> <span class='ocrx_word' id='word_1_195' title='bbox 790 3199 1070 3256; x_wconf 88' lang='lat' dir='ltr'>claritatis</span> <span class='ocrx_word' id='word_1_196' title='bbox 1094 3202 1280 3275; x_wconf 86' lang='lat' dir='ltr'>gratia</span> <span class='ocrx_word' id='word_1_197' title='bbox 1308 3219 1408 3276; x_wconf 90' lang='lat' dir='ltr'>per</span> <span class='ocrx_word' id='word_1_198' title='bbox 1436 3211 1626 3277; x_wconf 91' lang='lat' dir='ltr'>partes</span> <span class='ocrx_word' id='word_1_199' title='bbox 1653 3206 1883 3265; x_wconf 87' lang='lat' dir='ltr'>decide-</span> 
     </span>
     <span class='ocr_line' id='line_1_45' title="bbox 526 3295 673 3335; baseline 0.02 -3"><span class='ocrx_word' id='word_1_200' title='bbox 526 3295 673 3335; x_wconf 78' lang='lat' dir='ltr'>mus,</span> 
     </span>
    </p>
   </div>
   <div class='ocr_carea' id='block_1_9' title="bbox 1132 3444 1271 3512">
    <p class='ocr_par' dir='ltr' id='par_1_10' title="bbox 1132 3444 1271 3512">
     <span class='ocr_line' id='line_1_46' title="bbox 1132 3444 1271 3512; baseline 0.029 -16"><span class='ocrx_word' id='word_1_201' title='bbox 1132 3445 1163 3512; x_wconf 68' lang='grc' dir='ltr'>ς</span> <span class='ocrx_word' id='word_1_202' title='bbox 1204 3444 1271 3500; x_wconf 87' lang='lat'>11.</span> 
     </span>
    </p>
   </div>
   <div class='ocr_carea' id='block_1_10' title="bbox 671 3605 1757 3767">
    <p class='ocr_par' dir='ltr' id='par_1_11' title="bbox 671 3605 1757 3767">
     <span class='ocr_line' id='line_1_47' title="bbox 671 3605 1757 3670; baseline 0.006 -6"><span class='ocrx_word' id='word_1_203' title='bbox 671 3605 1015 3664; x_wconf 78' lang='lat' dir='ltr'>Statuuntur</span> <span class='ocrx_word' id='word_1_204' title='bbox 1054 3615 1161 3663; x_wconf 81' lang='lat' dir='ltr'>tres</span> <span class='ocrx_word' id='word_1_205' title='bbox 1199 3611 1566 3669; x_wconf 76' lang='lat' dir='ltr'>conclusiones</span> <span class='ocrx_word' id='word_1_206' title='bbox 1605 3622 1757 3670; x_wconf 78' lang='lat' dir='ltr'>ante·</span> 
     </span>
     <span class='ocr_line' id='line_1_48' title="bbox 843 3692 1660 3767; baseline 0.01 -23"><span class='ocrx_word' id='word_1_207' title='bbox 843 3692 1195 3745; x_wconf 80' lang='lat' dir='ltr'>assertionem</span> <span class='ocrx_word' id='word_1_208' title='bbox 1220 3695 1579 3767; x_wconf 76' lang='lat' dir='ltr'>praecipuam.</span> <span class='ocrx_word' id='word_1_209' title='bbox 1657 3715 1660 3718; x_wconf 85' lang='lat'><strong>·</strong></span> 
     </span>
    </p>
   </div>
   <div class='ocr_carea' id='block_1_11' title="bbox 517 3842 1888 5147">
    <p class='ocr_par' dir='ltr' id='par_1_12' title="bbox 517 3842 1888 5147">
     <span class='ocr_line' id='line_1_49' title="bbox 597 3842 1884 3920; baseline 0.01 -24"><span class='ocrx_word' id='word_1_210' title='bbox 597 3842 727 3900; x_wconf 84' lang='lat'>305.</span> <span class='ocrx_word' id='word_1_211' title='bbox 758 3843 1070 3900; x_wconf 89' lang='lat' dir='ltr'>Dicendum</span> <span class='ocrx_word' id='word_1_212' title='bbox 1099 3848 1183 3899; x_wconf 91' lang='lat' dir='ltr'>est</span> <span class='ocrx_word' id='word_1_213' title='bbox 1223 3845 1430 3916; x_wconf 91' lang='lat' dir='ltr'>primo,</span> <span class='ocrx_word' id='word_1_214' title='bbox 1464 3854 1749 3920; x_wconf 89' lang='lat' dir='ltr'>peccatum</span> <span class='ocrx_word' id='word_1_215' title='bbox 1778 3868 1884 3909; x_wconf 91' lang='lat' dir='ltr'>ve-</span> 
     </span>
     <span class='ocr_line' id='line_1_50' title="bbox 525 3923 1884 4006; baseline 0.009 -27"><span class='ocrx_word' id='word_1_216' title='bbox 525 3923 681 3980; x_wconf 88' lang='lat' dir='ltr'>niale</span> <span class='ocrx_word' id='word_1_217' title='bbox 708 3925 929 3982; x_wconf 82' lang='lat' dir='ltr'>auferri</span> <span class='ocrx_word' id='word_1_218' title='bbox 970 3941 1085 3983; x_wconf 92' lang='lat' dir='ltr'>non</span> <span class='ocrx_word' id='word_1_219' title='bbox 1134 3942 1293 3998; x_wconf 89' lang='lat' dir='ltr'>posse</span> <span class='ocrx_word' id='word_1_220' title='bbox 1319 3926 1528 4003; x_wconf 90' lang='lat' dir='ltr'>absque</span> <span class='ocrx_word' id='word_1_221' title='bbox 1567 3932 1757 4006; x_wconf 90' lang='lat' dir='ltr'>aliqua</span> <span class='ocrx_word' id='word_1_222' title='bbox 1785 3934 1884 3991; x_wconf 90' lang='lat' dir='ltr'>in-</span> 
     </span>
     <span class='ocr_line' id='line_1_51' title="bbox 525 4006 1878 4082; baseline 0.008 -18"><span class='ocrx_word' id='word_1_223' title='bbox 525 4008 772 4065; x_wconf 90' lang='lat' dir='ltr'>trinseca</span> <span class='ocrx_word' id='word_1_224' title='bbox 798 4006 1033 4082; x_wconf 86' lang='lat' dir='ltr'>subjecti</span> <span class='ocrx_word' id='word_1_225' title='bbox 1080 4008 1416 4067; x_wconf 88' lang='lat' dir='ltr'>mutatione.</span> <span class='ocrx_word' id='word_1_226' title='bbox 1450 4014 1532 4069; x_wconf 88' lang='lat' dir='ltr'>Ita</span> <span class='ocrx_word' id='word_1_227' title='bbox 1577 4017 1641 4071; x_wconf 93' lang='lat' dir='ltr'>D.</span> <span class='ocrx_word' id='word_1_228' title='bbox 1674 4017 1878 4075; x_wconf 90' lang='lat' dir='ltr'>Thom.</span> 
     </span>
     <span class='ocr_line' id='line_1_52' title="bbox 524 4090 1888 4174; baseline 0.007 -26"><span class='ocrx_word' id='word_1_229' title='bbox 524 4091 661 4148; x_wconf 86' lang='lat' dir='ltr'>locis</span> <span class='ocrx_word' id='word_1_230' title='bbox 689 4090 845 4146; x_wconf 79' lang='lat' dir='ltr'>infra</span> <span class='ocrx_word' id='word_1_231' title='bbox 892 4090 1229 4158; x_wconf 76' lang='lat' dir='ltr'>referendiS,</span> <span class='ocrx_word' id='word_1_232' title='bbox 1267 4098 1322 4149; x_wconf 91' lang='lat' dir='ltr'>et</span> <span class='ocrx_word' id='word_1_233' title='bbox 1354 4098 1738 4155; x_wconf 90' lang='lat' dir='ltr'>communiter</span> <span class='ocrx_word' id='word_1_234' title='bbox 1765 4101 1888 4174; x_wconf 88' lang='lat' dir='ltr'>ejus</span> 
     </span>
     <span class='ocr_line' id='line_1_53' title="bbox 525 4175 1886 4249; baseline 0.008 -20"><span class='ocrx_word' id='word_1_235' title='bbox 525 4176 820 4249; x_wconf 90' lang='lat' dir='ltr'>Discipuli,</span> <span class='ocrx_word' id='word_1_236' title='bbox 853 4179 908 4232; x_wconf 88' lang='lat' dir='ltr'>et</span> <span class='ocrx_word' id='word_1_237' title='bbox 954 4175 1058 4231; x_wconf 88' lang='lat' dir='ltr'>alii</span> <span class='ocrx_word' id='word_1_238' title='bbox 1083 4175 1367 4234; x_wconf 88' lang='lat' dir='ltr'>Authores</span> <span class='ocrx_word' id='word_1_239' title='bbox 1407 4187 1736 4249; x_wconf 78' lang='lat' dir='ltr'>asserenteS,</span> <span class='ocrx_word' id='word_1_240' title='bbox 1769 4198 1886 4240; x_wconf 88' lang='lat' dir='ltr'>non</span> 
     </span>
     <span class='ocr_line' id='line_1_54' title="bbox 524 4260 1887 4335; baseline 0.003 -19"><span class='ocrx_word' id='word_1_241' title='bbox 524 4274 686 4332; x_wconf 88' lang='lat' dir='ltr'>posse</span> <span class='ocrx_word' id='word_1_242' title='bbox 714 4264 1002 4332; x_wconf 81' lang='lat' dir='ltr'>peccatum</span> <span class='ocrx_word' id='word_1_243' title='bbox 1036 4262 1279 4318; x_wconf 87' lang='lat' dir='ltr'>mortale</span> <span class='ocrx_word' id='word_1_244' title='bbox 1306 4260 1483 4317; x_wconf 87' lang='lat' dir='ltr'>deleri</span> <span class='ocrx_word' id='word_1_245' title='bbox 1515 4260 1725 4335; x_wconf 88' lang='lat' dir='ltr'>absque</span> <span class='ocrx_word' id='word_1_246' title='bbox 1752 4280 1887 4320; x_wconf 91' lang='lat' dir='ltr'>mu-</span> 
     </span>
     <span class='ocr_line' id='line_1_55' title="bbox 521 4341 1887 4419; baseline 0.007 -24"><span class='ocrx_word' id='word_1_247' title='bbox 521 4341 737 4399; x_wconf 90' lang='lat' dir='ltr'>tatione</span> <span class='ocrx_word' id='word_1_248' title='bbox 784 4341 1099 4398; x_wconf 88' lang='lat' dir='ltr'>intrinseca</span> <span class='ocrx_word' id='word_1_249' title='bbox 1148 4343 1473 4416; x_wconf 83' lang='lat' dir='ltr'>peccatoris,</span> <span class='ocrx_word' id='word_1_250' title='bbox 1525 4359 1665 4416; x_wconf 91' lang='lat' dir='ltr'>quos</span> <span class='ocrx_word' id='word_1_251' title='bbox 1709 4362 1887 4419; x_wconf 89' lang='lat' dir='ltr'>supra</span> 
     </span>
     <span class='ocr_line' id='line_1_56' title="bbox 522 4420 1886 4502; baseline 0.006 -26"><span class='ocrx_word' id='word_1_252' title='bbox 522 4420 786 4479; x_wconf 89' lang='lat' dir='ltr'>dedimus</span> <span class='ocrx_word' id='word_1_253' title='bbox 830 4422 957 4478; x_wconf 82' lang='lat' dir='ltr'>dub.</span> <span class='ocrx_word' id='word_1_254' title='bbox 988 4425 1041 4491; x_wconf 89' lang='lat'>6,</span> <span class='ocrx_word' id='word_1_255' title='bbox 1072 4427 1103 4493; x_wconf 64' lang='grc' dir='ltr'>ξ</span> <span class='ocrx_word' id='word_1_256' title='bbox 1130 4425 1183 4481; x_wconf 79' lang='lat'>2.</span> <span class='ocrx_word' id='word_1_257' title='bbox 1218 4423 1684 4481; x_wconf 89' lang='lat' dir='ltr'>Fundamentum</span> <span class='ocrx_word' id='word_1_258' title='bbox 1714 4426 1886 4502; x_wconf 89' lang='lat' dir='ltr'>hujus</span> 
     </span>
     <span class='ocr_line' id='line_1_57' title="bbox 521 4501 1888 4574; baseline 0.004 -17"><span class='ocrx_word' id='word_1_259' title='bbox 521 4502 905 4559; x_wconf 89' lang='lat' dir='ltr'>conclusionis</span> <span class='ocrx_word' id='word_1_260' title='bbox 947 4501 1189 4560; x_wconf 89' lang='lat' dir='ltr'>habetur</span> <span class='ocrx_word' id='word_1_261' title='bbox 1233 4520 1303 4560; x_wconf 90' lang='lat' dir='ltr'>ex</span> <span class='ocrx_word' id='word_1_262' title='bbox 1351 4502 1566 4561; x_wconf 91' lang='lat' dir='ltr'>ibidem</span> <span class='ocrx_word' id='word_1_263' title='bbox 1615 4504 1798 4574; x_wconf 88' lang='lat' dir='ltr'>dictis,</span> <span class='ocrx_word' id='word_1_264' title='bbox 1830 4514 1888 4565; x_wconf 89' lang='lat' dir='ltr'>et</span> 
     </span>
     <span class='ocr_line' id='line_1_58' title="bbox 524 4581 1886 4660; baseline 0.006 -24"><span class='ocrx_word' id='word_1_265' title='bbox 524 4586 705 4654; x_wconf 87' lang='lat' dir='ltr'>potest</span> <span class='ocrx_word' id='word_1_266' title='bbox 724 4581 829 4637; x_wconf 87' lang='lat' dir='ltr'>sub</span> <span class='ocrx_word' id='word_1_267' title='bbox 850 4582 955 4639; x_wconf 88' lang='lat' dir='ltr'>hac</span> <span class='ocrx_word' id='word_1_268' title='bbox 982 4582 1170 4639; x_wconf 88' lang='lat' dir='ltr'>forma</span> <span class='ocrx_word' id='word_1_269' title='bbox 1191 4582 1467 4655; x_wconf 87' lang='lat' dir='ltr'>applicari</span> <span class='ocrx_word' id='word_1_270' title='bbox 1497 4604 1510 4640; x_wconf 73' lang='grc' dir='ltr'><strong>ε</strong></span> <span class='ocrx_word' id='word_1_271' title='bbox 1540 4601 1678 4642; x_wconf 88' lang='lat' dir='ltr'>nam</span> <span class='ocrx_word' id='word_1_272' title='bbox 1710 4603 1886 4660; x_wconf 90' lang='lat' dir='ltr'>repu-</span> 
     </span>
     <span class='ocr_line' id='line_1_59' title="bbox 520 4662 1885 4738; baseline 0.004 -20"><span class='ocrx_word' id='word_1_273' title='bbox 520 4668 657 4738; x_wconf 80' lang='lat' dir='ltr'>gnat</span> <span class='ocrx_word' id='word_1_274' title='bbox 698 4662 918 4719; x_wconf 87' lang='lat' dir='ltr'>auferri</span> <span class='ocrx_word' id='word_1_275' title='bbox 948 4669 1234 4735; x_wconf 90' lang='lat' dir='ltr'>peccatum</span> <span class='ocrx_word' id='word_1_276' title='bbox 1264 4665 1509 4731; x_wconf 88' lang='lat' dir='ltr'>veniale,</span> <span class='ocrx_word' id='word_1_277' title='bbox 1541 4666 1682 4738; x_wconf 91' lang='lat' dir='ltr'>quin</span> <span class='ocrx_word' id='word_1_278' title='bbox 1722 4668 1885 4725; x_wconf 81' lang='lat' dir='ltr'>ause-</span> 
     </span>
     <span class='ocr_line' id='line_1_60' title="bbox 522 4740 1886 4820; baseline 0.004 -21"><span class='ocrx_word' id='word_1_279' title='bbox 522 4748 684 4800; x_wconf 88' lang='lat' dir='ltr'>ratur</span> <span class='ocrx_word' id='word_1_280' title='bbox 711 4740 942 4816; x_wconf 90' lang='lat' dir='ltr'>aliquod</span> <span class='ocrx_word' id='word_1_281' title='bbox 970 4758 1040 4799; x_wconf 87' lang='lat' dir='ltr'>ex</span> <span class='ocrx_word' id='word_1_282' title='bbox 1063 4744 1384 4817; x_wconf 73' lang='lat' dir='ltr'>principiiS,</span> <span class='ocrx_word' id='word_1_283' title='bbox 1413 4762 1446 4802; x_wconf 91' lang='lat' dir='ltr'>a</span> <span class='ocrx_word' id='word_1_284' title='bbox 1467 4746 1673 4820; x_wconf 90' lang='lat' dir='ltr'>quibus</span> <span class='ocrx_word' id='word_1_285' title='bbox 1696 4749 1759 4804; x_wconf 92' lang='lat' dir='ltr'>in</span> <span class='ocrx_word' id='word_1_286' title='bbox 1780 4765 1886 4805; x_wconf 92' lang='lat' dir='ltr'>suo</span> 
     </span>
     <span class='ocr_line' id='line_1_61' title="bbox 522 4824 1881 4903; baseline 0.003 -21"><span class='ocrx_word' id='word_1_287' title='bbox 522 4824 651 4882; x_wconf 86' lang='lat' dir='ltr'>fieri</span> <span class='ocrx_word' id='word_1_288' title='bbox 672 4869 685 4893; x_wconf 91' lang='lat'>‚</span> <span class='ocrx_word' id='word_1_289' title='bbox 736 4830 792 4882; x_wconf 89' lang='lat' dir='ltr'>et</span> <span class='ocrx_word' id='word_1_290' title='bbox 836 4826 1169 4882; x_wconf 88' lang='lat' dir='ltr'>conservari</span> <span class='ocrx_word' id='word_1_291' title='bbox 1217 4827 1505 4902; x_wconf 62' lang='lat' dir='ltr'>adaequate</span> <span class='ocrx_word' id='word_1_292' title='bbox 1558 4828 1837 4903; x_wconf 89' lang='lat' dir='ltr'>dependet</span> <span class='ocrx_word' id='word_1_293' title='bbox 1865 4854 1881 4897; x_wconf 78' lang='lat'>3</span> 
     </span>
     <span class='ocr_line' id='line_1_62' title="bbox 523 4904 1886 4983; baseline 0.004 -21"><span class='ocrx_word' id='word_1_294' title='bbox 523 4922 661 4963; x_wconf 87' lang='lat' dir='ltr'>nam</span> <span class='ocrx_word' id='word_1_295' title='bbox 705 4904 963 4979; x_wconf 87' lang='lat' dir='ltr'>quandiu</span> <span class='ocrx_word' id='word_1_296' title='bbox 1013 4905 1282 4979; x_wconf 84' lang='lat' dir='ltr'>praedicta</span> <span class='ocrx_word' id='word_1_297' title='bbox 1329 4908 1613 4982; x_wconf 87' lang='lat' dir='ltr'>principia</span> <span class='ocrx_word' id='word_1_298' title='bbox 1651 4926 1886 4983; x_wconf 87' lang='lat' dir='ltr'>perma-</span> 
     </span>
     <span class='ocr_line' id='line_1_63' title="bbox 524 4987 1879 5061; baseline 0.003 -18"><span class='ocrx_word' id='word_1_299' title='bbox 524 4992 683 5053; x_wconf 86' lang='lat' dir='ltr'>nent,</span> <span class='ocrx_word' id='word_1_300' title='bbox 715 5003 856 5059; x_wconf 89' lang='lat' dir='ltr'>opus</span> <span class='ocrx_word' id='word_1_301' title='bbox 888 4992 994 5055; x_wconf 88' lang='lat' dir='ltr'>est,</span> <span class='ocrx_word' id='word_1_302' title='bbox 1028 4987 1177 5059; x_wconf 90' lang='lat' dir='ltr'>quod</span> <span class='ocrx_word' id='word_1_303' title='bbox 1199 4994 1428 5046; x_wconf 87' lang='lat' dir='ltr'>maneat</span> <span class='ocrx_word' id='word_1_304' title='bbox 1451 4988 1604 5047; x_wconf 91' lang='lat' dir='ltr'>idem</span> <span class='ocrx_word' id='word_1_305' title='bbox 1631 4990 1879 5061; x_wconf 82' lang='lat' dir='ltr'>effectus,</span> 
     </span>
     <span class='ocr_line' id='line_1_64' title="bbox 517 5065 1887 5147; baseline 0.006 -26"><span class='ocrx_word' id='word_1_306' title='bbox 517 5068 680 5140; x_wconf 82' lang='lat' dir='ltr'>juxta</span> <span class='ocrx_word' id='word_1_307' title='bbox 719 5065 865 5122; x_wconf 85' lang='lat' dir='ltr'>illud</span> <span class='ocrx_word' id='word_1_308' title='bbox 900 5088 913 5122; x_wconf 77' lang='lat' dir='ltr'><strong><em>z</em></strong></span> <span class='ocrx_word' id='word_1_309' title='bbox 942 5066 1098 5125; x_wconf 83' lang='lat' dir='ltr'>Idem</span> <span class='ocrx_word' id='word_1_310' title='bbox 1136 5087 1363 5127; x_wconf 77' lang='lat' dir='ltr'>manens</span> <span class='ocrx_word' id='word_1_311' title='bbox 1390 5072 1530 5127; x_wconf 80' lang='lat' dir='ltr'>idem</span> <span class='ocrx_word' id='word_1_312' title='bbox 1558 5088 1764 5146; x_wconf 81' lang='lat' dir='ltr'>semper</span> <span class='ocrx_word' id='word_1_313' title='bbox 1787 5074 1887 5147; x_wconf 83' lang='lat' dir='ltr'>fa-</span> 
     </span>
    </p>
   </div>
   <div class='ocr_carea' id='block_1_12' title="bbox 1453 433 2407 498">
    <p class='ocr_par' dir='ltr' id='par_1_13' title="bbox 1453 433 2407 498">
     <span class='ocr_line' id='line_1_65' title="bbox 1453 433 2407 498; baseline -0.001 0"><span class='ocrx_word' id='word_1_314' title='bbox 1453 443 1544 498; x_wconf 83' lang='lat' dir='ltr'>DE</span> <span class='ocrx_word' id='word_1_315' title='bbox 1582 440 2164 496; x_wconf 77' lang='lat' dir='ltr'><strong>JUSTIFICATIONE</strong></span> <span class='ocrx_word' id='word_1_316' title='bbox 2204 433 2407 498; x_wconf 87' lang='lat' dir='ltr'>IMPII.</span> 
     </span>
    </p>
   </div>
   <div class='ocr_carea' id='block_1_13' title="bbox 1987 581 3390 692">
    <p class='ocr_par' dir='ltr' id='par_1_14' title="bbox 1987 581 3390 692">
     <span class='ocr_line' id='line_1_66' title="bbox 1987 581 3390 692; baseline 0.004 -23"><span class='ocrx_word' id='word_1_317' title='bbox 1987 581 1990 586; x_wconf 9' lang='grc' dir='ltr'>ᾖ</span> <span class='ocrx_word' id='word_1_318' title='bbox 2021 615 2095 669; x_wconf 83' lang='lat' dir='ltr'>cit</span> <span class='ocrx_word' id='word_1_319' title='bbox 2124 614 2265 668; x_wconf 85' lang='lat' dir='ltr'>idem</span> <span class='ocrx_word' id='word_1_320' title='bbox 2294 612 2433 670; x_wconf 88' lang='lat' dir='ltr'>:sed</span> <span class='ocrx_word' id='word_1_321' title='bbox 2462 591 2692 672; x_wconf 85' lang='lat' dir='ltr'>nullum</span> <span class='ocrx_word' id='word_1_322' title='bbox 2738 635 2806 674; x_wconf 87' lang='lat' dir='ltr'>ex</span> <span class='ocrx_word' id='word_1_323' title='bbox 2837 616 3123 690; x_wconf 77' lang='lat' dir='ltr'>praedictis</span> <span class='ocrx_word' id='word_1_324' title='bbox 3163 618 3390 692; x_wconf 88' lang='lat' dir='ltr'>princi-</span> 
     </span>
    </p>
   </div>
   <div class='ocr_carea' id='block_1_14' title="bbox 2011 695 3391 2857">
    <p class='ocr_par' dir='ltr' id='par_1_15' title="bbox 2011 695 3391 2857">
     <span class='ocr_line' id='line_1_67' title="bbox 2023 695 3389 773; baseline 0.005 -23"><span class='ocrx_word' id='word_1_325' title='bbox 2023 695 2132 768; x_wconf 88' lang='lat' dir='ltr'>piis</span> <span class='ocrx_word' id='word_1_326' title='bbox 2161 696 2400 761; x_wconf 81' lang='lat' dir='ltr'>auferri,</span> <span class='ocrx_word' id='word_1_327' title='bbox 2433 698 2527 754; x_wconf 85' lang='lat' dir='ltr'>vel</span> <span class='ocrx_word' id='word_1_328' title='bbox 2552 699 2772 755; x_wconf 90' lang='lat' dir='ltr'>variari</span> <span class='ocrx_word' id='word_1_329' title='bbox 2802 705 2982 773; x_wconf 89' lang='lat' dir='ltr'>potest</span> <span class='ocrx_word' id='word_1_330' title='bbox 3013 699 3225 773; x_wconf 88' lang='lat' dir='ltr'>absque</span> <span class='ocrx_word' id='word_1_331' title='bbox 3252 717 3389 757; x_wconf 89' lang='lat' dir='ltr'>mu-</span> 
     </span>
     <span class='ocr_line' id='line_1_68' title="bbox 2021 775 3391 853; baseline 0.003 -22"><span class='ocrx_word' id='word_1_332' title='bbox 2021 775 2235 832; x_wconf 89' lang='lat' dir='ltr'>tatione</span> <span class='ocrx_word' id='word_1_333' title='bbox 2280 775 2594 834; x_wconf 88' lang='lat' dir='ltr'>intrinseca</span> <span class='ocrx_word' id='word_1_334' title='bbox 2638 778 2898 853; x_wconf 75' lang='lat' dir='ltr'>subJecti,</span> <span class='ocrx_word' id='word_1_335' title='bbox 2941 780 3005 836; x_wconf 92' lang='lat' dir='ltr'>in</span> <span class='ocrx_word' id='word_1_336' title='bbox 3035 796 3147 853; x_wconf 93' lang='lat' dir='ltr'>quo</span> <span class='ocrx_word' id='word_1_337' title='bbox 3191 780 3391 837; x_wconf 84' lang='lat' dir='ltr'>existit</span> 
     </span>
     <span class='ocr_line' id='line_1_69' title="bbox 2021 856 3390 934; baseline 0.004 -23"><span class='ocrx_word' id='word_1_338' title='bbox 2021 859 2311 927; x_wconf 91' lang='lat' dir='ltr'>peccatum</span> <span class='ocrx_word' id='word_1_339' title='bbox 2336 856 2564 913; x_wconf 86' lang='lat' dir='ltr'>veniale</span> <span class='ocrx_word' id='word_1_340' title='bbox 2589 879 2602 913; x_wconf 92' lang='lat'><strong>:</strong></span> <span class='ocrx_word' id='word_1_341' title='bbox 2626 875 2761 932; x_wconf 80' lang='lat' dir='ltr'>ergo</span> <span class='ocrx_word' id='word_1_342' title='bbox 2790 864 3072 934; x_wconf 84' lang='lat' dir='ltr'>repugnat</span> <span class='ocrx_word' id='word_1_343' title='bbox 3093 859 3260 932; x_wconf 86' lang='lat' dir='ltr'>hujus</span> <span class='ocrx_word' id='word_1_344' title='bbox 3290 875 3390 917; x_wconf 86' lang='lat' dir='ltr'>re-</span> 
     </span>
     <span class='ocr_line' id='line_1_70' title="bbox 2020 933 3389 1009; baseline 0.005 -19"><span class='ocrx_word' id='word_1_345' title='bbox 2020 935 2218 992; x_wconf 88' lang='lat' dir='ltr'>missio</span> <span class='ocrx_word' id='word_1_346' title='bbox 2266 933 2475 1009; x_wconf 87' lang='lat' dir='ltr'>absque</span> <span class='ocrx_word' id='word_1_347' title='bbox 2517 938 2832 996; x_wconf 87' lang='lat' dir='ltr'>intrinseca</span> <span class='ocrx_word' id='word_1_348' title='bbox 2877 940 3200 997; x_wconf 88' lang='lat' dir='ltr'>mutatione</span> <span class='ocrx_word' id='word_1_349' title='bbox 3243 939 3389 996; x_wconf 85' lang='lat' dir='ltr'>sub-</span> 
     </span>
     <span class='ocr_line' id='line_1_71' title="bbox 2011 1014 3385 1093; baseline 0.004 -22"><span class='ocrx_word' id='word_1_350' title='bbox 2011 1015 2166 1089; x_wconf 87' lang='lat' dir='ltr'>jecti.</span> <span class='ocrx_word' id='word_1_351' title='bbox 2195 1014 2479 1073; x_wconf 88' lang='lat' dir='ltr'>Probatur</span> <span class='ocrx_word' id='word_1_352' title='bbox 2501 1018 2715 1085; x_wconf 89' lang='lat' dir='ltr'>minor,</span> <span class='ocrx_word' id='word_1_353' title='bbox 2735 1020 2871 1093; x_wconf 89' lang='lat' dir='ltr'>quia</span> <span class='ocrx_word' id='word_1_354' title='bbox 2889 1019 3177 1093; x_wconf 89' lang='lat' dir='ltr'>principia</span> <span class='ocrx_word' id='word_1_355' title='bbox 3198 1035 3231 1076; x_wconf 88' lang='lat' dir='ltr'>a</span> <span class='ocrx_word' id='word_1_356' title='bbox 3250 1020 3385 1093; x_wconf 87' lang='lat' dir='ltr'>qui-</span> 
     </span>
     <span class='ocr_line' id='line_1_72' title="bbox 2018 1096 3379 1175; baseline 0.006 -23"><span class='ocrx_word' id='word_1_357' title='bbox 2018 1096 2123 1152; x_wconf 87' lang='lat' dir='ltr'>bus</span> <span class='ocrx_word' id='word_1_358' title='bbox 2149 1096 2440 1169; x_wconf 64' lang='lat' dir='ltr'>adaequate</span> <span class='ocrx_word' id='word_1_359' title='bbox 2466 1098 2747 1173; x_wconf 90' lang='lat' dir='ltr'>dependet</span> <span class='ocrx_word' id='word_1_360' title='bbox 2794 1107 3085 1175; x_wconf 86' lang='lat' dir='ltr'>peccatum</span> <span class='ocrx_word' id='word_1_361' title='bbox 3129 1102 3379 1170; x_wconf 85' lang='lat' dir='ltr'>veniale,</span> 
     </span>
     <span class='ocr_line' id='line_1_73' title="bbox 2016 1182 3382 1255; baseline 0.005 -23"><span class='ocrx_word' id='word_1_362' title='bbox 2016 1182 2152 1233; x_wconf 91' lang='lat' dir='ltr'>sunt</span> <span class='ocrx_word' id='word_1_363' title='bbox 2196 1183 2350 1234; x_wconf 87' lang='lat' dir='ltr'>actus</span> <span class='ocrx_word' id='word_1_364' title='bbox 2380 1195 2497 1236; x_wconf 92' lang='lat' dir='ltr'>non</span> <span class='ocrx_word' id='word_1_365' title='bbox 2543 1185 2899 1248; x_wconf 90' lang='lat' dir='ltr'>retractatus,</span> <span class='ocrx_word' id='word_1_366' title='bbox 2935 1198 3036 1255; x_wconf 91' lang='lat' dir='ltr'>per</span> <span class='ocrx_word' id='word_1_367' title='bbox 3084 1198 3255 1255; x_wconf 90' lang='lat' dir='ltr'>quem</span> <span class='ocrx_word' id='word_1_368' title='bbox 3283 1183 3382 1239; x_wconf 89' lang='lat' dir='ltr'>in-</span> 
     </span>
     <span class='ocr_line' id='line_1_74' title="bbox 2017 1256 3381 1336; baseline 0.005 -23"><span class='ocrx_word' id='word_1_369' title='bbox 2017 1256 2279 1326; x_wconf 89' lang='lat' dir='ltr'>ducitur;</span> <span class='ocrx_word' id='word_1_370' title='bbox 2323 1261 2579 1317; x_wconf 89' lang='lat' dir='ltr'>carentia</span> <span class='ocrx_word' id='word_1_371' title='bbox 2625 1260 2872 1320; x_wconf 86' lang='lat' dir='ltr'>fervoris</span> <span class='ocrx_word' id='word_1_372' title='bbox 2917 1262 3233 1331; x_wconf 77' lang='lat' dir='ltr'>charitatiS,</span> <span class='ocrx_word' id='word_1_373' title='bbox 3277 1279 3381 1336; x_wconf 90' lang='lat' dir='ltr'>per</span> 
     </span>
     <span class='ocr_line' id='line_1_75' title="bbox 2015 1339 3379 1416; baseline 0.007 -23"><span class='ocrx_word' id='word_1_374' title='bbox 2015 1355 2188 1411; x_wconf 89' lang='lat' dir='ltr'>quam</span> <span class='ocrx_word' id='word_1_375' title='bbox 2212 1339 2537 1416; x_wconf 77' lang='lat' dir='ltr'>formaliter</span> <span class='ocrx_word' id='word_1_376' title='bbox 2563 1343 2934 1400; x_wconf 90' lang='lat' dir='ltr'>constituitur</span> <span class='ocrx_word' id='word_1_377' title='bbox 2958 1367 2973 1411; x_wconf 90' lang='lat'>;</span> <span class='ocrx_word' id='word_1_378' title='bbox 3004 1349 3062 1400; x_wconf 88' lang='lat' dir='ltr'>et</span> <span class='ocrx_word' id='word_1_379' title='bbox 3089 1344 3279 1410; x_wconf 89' lang='lat' dir='ltr'>homo,</span> <span class='ocrx_word' id='word_1_380' title='bbox 3311 1344 3379 1402; x_wconf 88' lang='lat' dir='ltr'>in</span> 
     </span>
     <span class='ocr_line' id='line_1_76' title="bbox 2015 1419 3377 1498; baseline 0.005 -25"><span class='ocrx_word' id='word_1_381' title='bbox 2015 1435 2126 1491; x_wconf 91' lang='lat' dir='ltr'>quo</span> <span class='ocrx_word' id='word_1_382' title='bbox 2153 1419 2452 1492; x_wconf 89' lang='lat' dir='ltr'>recipitur;</span> <span class='ocrx_word' id='word_1_383' title='bbox 2477 1436 2614 1477; x_wconf 90' lang='lat' dir='ltr'>nam</span> <span class='ocrx_word' id='word_1_384' title='bbox 2643 1422 2715 1478; x_wconf 90' lang='lat' dir='ltr'>iis</span> <span class='ocrx_word' id='word_1_385' title='bbox 2745 1423 2964 1496; x_wconf 88' lang='lat' dir='ltr'>positis,</span> <span class='ocrx_word' id='word_1_386' title='bbox 2995 1429 3052 1480; x_wconf 90' lang='lat' dir='ltr'>et</span> <span class='ocrx_word' id='word_1_387' title='bbox 3077 1423 3377 1498; x_wconf 85' lang='lat' dir='ltr'>quibusvis</span> 
     </span>
     <span class='ocr_line' id='line_1_77' title="bbox 2016 1501 3376 1579; baseline 0.005 -22"><span class='ocrx_word' id='word_1_388' title='bbox 2016 1501 2148 1557; x_wconf 91' lang='lat' dir='ltr'>aliis</span> <span class='ocrx_word' id='word_1_389' title='bbox 2172 1502 2441 1574; x_wconf 79' lang='lat' dir='ltr'>praecisiS,</span> <span class='ocrx_word' id='word_1_390' title='bbox 2471 1505 2728 1560; x_wconf 84' lang='lat' dir='ltr'>salvatur</span> <span class='ocrx_word' id='word_1_391' title='bbox 2759 1507 3008 1563; x_wconf 89' lang='lat' dir='ltr'>essentia</span> <span class='ocrx_word' id='word_1_392' title='bbox 3035 1507 3244 1579; x_wconf 86' lang='lat' dir='ltr'>peccati</span> <span class='ocrx_word' id='word_1_393' title='bbox 3271 1522 3376 1564; x_wconf 86' lang='lat' dir='ltr'>ve-</span> 
     </span>
     <span class='ocr_line' id='line_1_78' title="bbox 2017 1582 3380 1661; baseline 0.007 -23"><span class='ocrx_word' id='word_1_394' title='bbox 2017 1582 3380 1661; x_wconf 76' lang='lat' dir='ltr'>nialiS,ut§praeced.exposuimus:atquinihilho-</span> 
     </span>
     <span class='ocr_line' id='line_1_79' title="bbox 2017 1665 3378 1731; baseline 0.006 -12"><span class='ocrx_word' id='word_1_395' title='bbox 2017 1680 2147 1720; x_wconf 91' lang='lat' dir='ltr'>rum</span> <span class='ocrx_word' id='word_1_396' title='bbox 2161 1665 2501 1731; x_wconf 83' lang='lat' dir='ltr'>variari,aut</span> <span class='ocrx_word' id='word_1_397' title='bbox 2519 1667 2736 1723; x_wconf 83' lang='lat' dir='ltr'>auferri</span> <span class='ocrx_word' id='word_1_398' title='bbox 2752 1670 2900 1726; x_wconf 84' lang='lat' dir='ltr'>valet</span> <span class='ocrx_word' id='word_1_399' title='bbox 2918 1669 3047 1725; x_wconf 84' lang='lat' dir='ltr'>sine</span> <span class='ocrx_word' id='word_1_400' title='bbox 3060 1669 3378 1726; x_wconf 87' lang='lat' dir='ltr'>mutatione</span> 
     </span>
     <span class='ocr_line' id='line_1_80' title="bbox 2014 1745 3374 1822; baseline 0.004 -21"><span class='ocrx_word' id='word_1_401' title='bbox 2014 1746 2327 1802; x_wconf 88' lang='lat' dir='ltr'>intrinseca</span> <span class='ocrx_word' id='word_1_402' title='bbox 2354 1745 2605 1820; x_wconf 88' lang='lat' dir='ltr'>subjecti,</span> <span class='ocrx_word' id='word_1_403' title='bbox 2641 1749 2704 1805; x_wconf 92' lang='lat' dir='ltr'>in</span> <span class='ocrx_word' id='word_1_404' title='bbox 2731 1766 2842 1822; x_wconf 92' lang='lat' dir='ltr'>quo</span> <span class='ocrx_word' id='word_1_405' title='bbox 2869 1749 3064 1807; x_wconf 86' lang='lat' dir='ltr'>existit</span> <span class='ocrx_word' id='word_1_406' title='bbox 3086 1756 3374 1822; x_wconf 85' lang='lat' dir='ltr'>peccatum</span> 
     </span>
     <span class='ocr_line' id='line_1_81' title="bbox 2016 1828 3375 1896; baseline 0.006 -14"><span class='ocrx_word' id='word_1_407' title='bbox 2016 1828 2273 1896; x_wconf 87' lang='lat' dir='ltr'>veniale;</span> <span class='ocrx_word' id='word_1_408' title='bbox 2305 1834 2458 1885; x_wconf 89' lang='lat' dir='ltr'>actus</span> <span class='ocrx_word' id='word_1_409' title='bbox 2484 1831 2644 1886; x_wconf 91' lang='lat' dir='ltr'>enim</span> <span class='ocrx_word' id='word_1_410' title='bbox 2673 1838 2735 1887; x_wconf 91' lang='lat' dir='ltr'>ut</span> <span class='ocrx_word' id='word_1_411' title='bbox 2757 1848 2875 1889; x_wconf 92' lang='lat' dir='ltr'>non</span> <span class='ocrx_word' id='word_1_412' title='bbox 2905 1837 3240 1890; x_wconf 90' lang='lat' dir='ltr'>retractatus</span> <span class='ocrx_word' id='word_1_413' title='bbox 3267 1848 3375 1890; x_wconf 89' lang='lat' dir='ltr'>ne-</span> 
     </span>
     <span class='ocr_line' id='line_1_82' title="bbox 2014 1906 3374 1984; baseline 0.006 -23"><span class='ocrx_word' id='word_1_414' title='bbox 2014 1906 2140 1979; x_wconf 91' lang='lat' dir='ltr'>quit</span> <span class='ocrx_word' id='word_1_415' title='bbox 2155 1923 2391 1976; x_wconf 88' lang='lat' dir='ltr'>cessare,</span> <span class='ocrx_word' id='word_1_416' title='bbox 2420 1910 2533 1965; x_wconf 89' lang='lat' dir='ltr'>nisi</span> <span class='ocrx_word' id='word_1_417' title='bbox 2557 1925 2657 1982; x_wconf 90' lang='lat' dir='ltr'>per</span> <span class='ocrx_word' id='word_1_418' title='bbox 2680 1913 3000 1984; x_wconf 88' lang='lat' dir='ltr'>oppositam</span> <span class='ocrx_word' id='word_1_419' title='bbox 3025 1912 3374 1969; x_wconf 84' lang='lat' dir='ltr'>retractatio-</span> 
     </span>
     <span class='ocr_line' id='line_1_83' title="bbox 2018 1992 3368 2060; baseline 0.003 -17"><span class='ocrx_word' id='word_1_420' title='bbox 2018 2004 2148 2044; x_wconf 90' lang='lat' dir='ltr'>nem</span> <span class='ocrx_word' id='word_1_421' title='bbox 2168 1992 2446 2047; x_wconf 90' lang='lat' dir='ltr'>:carentia</span> <span class='ocrx_word' id='word_1_422' title='bbox 2466 1993 2642 2048; x_wconf 91' lang='lat' dir='ltr'>etiam</span> <span class='ocrx_word' id='word_1_423' title='bbox 2659 1993 2906 2049; x_wconf 84' lang='lat' dir='ltr'>fervoris</span> <span class='ocrx_word' id='word_1_424' title='bbox 2923 1993 3050 2050; x_wconf 86' lang='lat' dir='ltr'>tolli</span> <span class='ocrx_word' id='word_1_425' title='bbox 3069 2008 3182 2049; x_wconf 89' lang='lat' dir='ltr'>non</span> <span class='ocrx_word' id='word_1_426' title='bbox 3197 1994 3368 2060; x_wconf 76' lang='lat' dir='ltr'>valet,</span> 
     </span>
     <span class='ocr_line' id='line_1_84' title="bbox 2013 2068 3374 2147; baseline 0.004 -25"><span class='ocrx_word' id='word_1_427' title='bbox 2013 2070 2216 2124; x_wconf 88' lang='lat' dir='ltr'>saltem</span> <span class='ocrx_word' id='word_1_428' title='bbox 2258 2068 2488 2136; x_wconf 87' lang='lat' dir='ltr'>directe,</span> <span class='ocrx_word' id='word_1_429' title='bbox 2540 2073 2652 2129; x_wconf 91' lang='lat' dir='ltr'>nisi</span> <span class='ocrx_word' id='word_1_430' title='bbox 2702 2089 2803 2147; x_wconf 90' lang='lat' dir='ltr'>per</span> <span class='ocrx_word' id='word_1_431' title='bbox 2841 2074 3031 2146; x_wconf 87' lang='lat' dir='ltr'>ipsum</span> <span class='ocrx_word' id='word_1_432' title='bbox 3078 2073 3374 2129; x_wconf 87' lang='lat' dir='ltr'>charitatis</span> 
     </span>
     <span class='ocr_line' id='line_1_85' title="bbox 2014 2150 3374 2227; baseline 0.004 -22"><span class='ocrx_word' id='word_1_433' title='bbox 2014 2150 2323 2217; x_wconf 81' lang='lat' dir='ltr'>servorem,</span> <span class='ocrx_word' id='word_1_434' title='bbox 2374 2154 2471 2226; x_wconf 92' lang='lat' dir='ltr'>qui</span> <span class='ocrx_word' id='word_1_435' title='bbox 2517 2154 2760 2227; x_wconf 71' lang='lat' dir='ltr'>aliquid·</span> <span class='ocrx_word' id='word_1_436' title='bbox 2795 2156 3176 2212; x_wconf 88' lang='lat' dir='ltr'>intrinsecum</span> <span class='ocrx_word' id='word_1_437' title='bbox 3221 2159 3308 2212; x_wconf 89' lang='lat' dir='ltr'>est</span> <span class='ocrx_word' id='word_1_438' title='bbox 3360 2175 3374 2210; x_wconf 73' lang='grc' dir='ltr'><em>ε</em></span> 
     </span>
     <span class='ocr_line' id='line_1_86' title="bbox 2017 2233 3374 2309; baseline 0.003 -21"><span class='ocrx_word' id='word_1_439' title='bbox 2017 2234 2188 2290; x_wconf 92' lang='lat' dir='ltr'>homo</span> <span class='ocrx_word' id='word_1_440' title='bbox 2214 2233 2460 2307; x_wconf 92' lang='lat' dir='ltr'>denique</span> <span class='ocrx_word' id='word_1_441' title='bbox 2507 2241 2827 2309; x_wconf 89' lang='lat' dir='ltr'>permanet,</span> <span class='ocrx_word' id='word_1_442' title='bbox 2862 2238 2975 2294; x_wconf 88' lang='lat' dir='ltr'>nisi</span> <span class='ocrx_word' id='word_1_443' title='bbox 3004 2237 3333 2294; x_wconf 87' lang='lat' dir='ltr'>destruatur</span> <span class='ocrx_word' id='word_1_444' title='bbox 3359 2261 3374 2304; x_wconf 87' lang='lat'>;</span> 
     </span>
     <span class='ocr_line' id='line_1_87' title="bbox 2014 2315 3379 2389; baseline 0.002 -19"><span class='ocrx_word' id='word_1_445' title='bbox 2014 2319 2070 2370; x_wconf 89' lang='lat' dir='ltr'>et</span> <span class='ocrx_word' id='word_1_446' title='bbox 2097 2315 2212 2371; x_wconf 85' lang='lat' dir='ltr'>haec</span> <span class='ocrx_word' id='word_1_447' title='bbox 2238 2316 2436 2372; x_wconf 89' lang='lat' dir='ltr'>omnia</span> <span class='ocrx_word' id='word_1_448' title='bbox 2464 2317 2782 2389; x_wconf 88' lang='lat' dir='ltr'>important</span> <span class='ocrx_word' id='word_1_449' title='bbox 2809 2318 3058 2389; x_wconf 88' lang='lat' dir='ltr'>aliquam</span> <span class='ocrx_word' id='word_1_450' title='bbox 3089 2318 3379 2373; x_wconf 87' lang='lat' dir='ltr'>intrinse-</span> 
     </span>
     <span class='ocr_line' id='line_1_88' title="bbox 2016 2396 3380 2468; baseline 0.003 -17"><span class='ocrx_word' id='word_1_451' title='bbox 2016 2411 2138 2452; x_wconf 89' lang='lat' dir='ltr'>cam</span> <span class='ocrx_word' id='word_1_452' title='bbox 2167 2396 2347 2468; x_wconf 90' lang='lat' dir='ltr'>ipsius</span> <span class='ocrx_word' id='word_1_453' title='bbox 2393 2397 2581 2454; x_wconf 89' lang='lat' dir='ltr'>homis</span> <span class='ocrx_word' id='word_1_454' title='bbox 2621 2398 3018 2464; x_wconf 89' lang='lat' dir='ltr'>mutationem,</span> <span class='ocrx_word' id='word_1_455' title='bbox 3052 2404 3109 2452; x_wconf 89' lang='lat' dir='ltr'>ut</span> <span class='ocrx_word' id='word_1_456' title='bbox 3136 2398 3276 2453; x_wconf 88' lang='lat' dir='ltr'>satis</span> <span class='ocrx_word' id='word_1_457' title='bbox 3302 2414 3380 2455; x_wconf 89' lang='lat' dir='ltr'>ex</span> 
     </span>
     <span class='ocr_line' id='line_1_89' title="bbox 2015 2477 3383 2552; baseline 0.002 -21"><span class='ocrx_word' id='word_1_458' title='bbox 2015 2477 2264 2549; x_wconf 88' lang='lat' dir='ltr'>seliquet</span> <span class='ocrx_word' id='word_1_459' title='bbox 2281 2493 2441 2551; x_wconf 86' lang='lat' dir='ltr'>:ergo</span> <span class='ocrx_word' id='word_1_460' title='bbox 2458 2479 2764 2535; x_wconf 89' lang='lat' dir='ltr'>nullumex</span> <span class='ocrx_word' id='word_1_461' title='bbox 2783 2478 3099 2552; x_wconf 85' lang='lat' dir='ltr'>principiis,</span> <span class='ocrx_word' id='word_1_462' title='bbox 3122 2495 3154 2533; x_wconf 92' lang='lat' dir='ltr'>a</span> <span class='ocrx_word' id='word_1_463' title='bbox 3167 2477 3383 2551; x_wconf 89' lang='lat' dir='ltr'>quibus</span> 
     </span>
     <span class='ocr_line' id='line_1_90' title="bbox 2018 2558 3380 2634; baseline 0.002 -20"><span class='ocrx_word' id='word_1_464' title='bbox 2018 2564 2304 2631; x_wconf 87' lang='lat' dir='ltr'>peccatum</span> <span class='ocrx_word' id='word_1_465' title='bbox 2327 2559 2619 2617; x_wconf 88' lang='lat' dir='ltr'>habituale</span> <span class='ocrx_word' id='word_1_466' title='bbox 2640 2560 2930 2634; x_wconf 58' lang='lat' dir='ltr'>adi-equale</span> <span class='ocrx_word' id='word_1_467' title='bbox 2950 2558 3248 2633; x_wconf 82' lang='lat' dir='ltr'>dependet.</span> <span class='ocrx_word' id='word_1_468' title='bbox 3270 2577 3380 2617; x_wconf 84' lang='lat' dir='ltr'>va-</span> 
     </span>
     <span class='ocr_line' id='line_1_91' title="bbox 2012 2638 3381 2714; baseline 0.004 -21"><span class='ocrx_word' id='word_1_469' title='bbox 2012 2638 2179 2707; x_wconf 82' lang='lat' dir='ltr'>riari,</span> <span class='ocrx_word' id='word_1_470' title='bbox 2215 2645 2309 2695; x_wconf 89' lang='lat' dir='ltr'>aut</span> <span class='ocrx_word' id='word_1_471' title='bbox 2355 2640 2574 2697; x_wconf 79' lang='lat' dir='ltr'>auferri</span> <span class='ocrx_word' id='word_1_472' title='bbox 2603 2643 2755 2697; x_wconf 90' lang='lat' dir='ltr'>valet</span> <span class='ocrx_word' id='word_1_473' title='bbox 2800 2641 3011 2714; x_wconf 86' lang='lat' dir='ltr'>absque</span> <span class='ocrx_word' id='word_1_474' title='bbox 3058 2641 3381 2699; x_wconf 91' lang='lat' dir='ltr'>mutatione</span> 
     </span>
     <span class='ocr_line' id='line_1_92' title="bbox 2018 2719 3372 2795; baseline 0.003 -21"><span class='ocrx_word' id='word_1_475' title='bbox 2018 2720 2326 2776; x_wconf 87' lang='lat' dir='ltr'>intrinseca</span> <span class='ocrx_word' id='word_1_476' title='bbox 2351 2719 2607 2794; x_wconf 86' lang='lat' dir='ltr'>subjecti,</span> <span class='ocrx_word' id='word_1_477' title='bbox 2640 2723 2702 2778; x_wconf 91' lang='lat' dir='ltr'>in</span> <span class='ocrx_word' id='word_1_478' title='bbox 2722 2738 2831 2795; x_wconf 92' lang='lat' dir='ltr'>quo</span> <span class='ocrx_word' id='word_1_479' title='bbox 2858 2722 3050 2795; x_wconf 90' lang='lat' dir='ltr'>ipsum</span> <span class='ocrx_word' id='word_1_480' title='bbox 3083 2726 3372 2794; x_wconf 89' lang='lat' dir='ltr'>peccatum</span> 
     </span>
     <span class='ocr_line' id='line_1_93' title="bbox 2019 2800 2476 2857; baseline 0.004 -2"><span class='ocrx_word' id='word_1_481' title='bbox 2019 2800 2246 2856; x_wconf 87' lang='lat' dir='ltr'>veniale</span> <span class='ocrx_word' id='word_1_482' title='bbox 2266 2800 2476 2857; x_wconf 82' lang='lat' dir='ltr'>existit.</span> 
     </span>
    </p>
   </div>
   <div class='ocr_carea' id='block_1_15' title="bbox 2091 2872 3564 2982">
    <p class='ocr_par' dir='ltr' id='par_1_16' title="bbox 2091 2872 3564 2982">
     <span class='ocr_line' id='line_1_94' title="bbox 2091 2872 3564 2982; baseline 0.003 -53"><span class='ocrx_word' id='word_1_483' title='bbox 2091 2872 2496 2943; x_wconf 85' lang='lat' dir='ltr'>Confirmatur,</span> <span class='ocrx_word' id='word_1_484' title='bbox 2527 2875 2662 2949; x_wconf 88' lang='lat' dir='ltr'>quia</span> <span class='ocrx_word' id='word_1_485' title='bbox 2690 2875 2759 2933; x_wconf 91' lang='lat' dir='ltr'>ad</span> <span class='ocrx_word' id='word_1_486' title='bbox 2808 2875 3212 2934; x_wconf 90' lang='lat' dir='ltr'>remissionem</span> <span class='ocrx_word' id='word_1_487' title='bbox 3241 2893 3372 2950; x_wconf 87' lang='lat' dir='ltr'>pec·</span> <span class='ocrx_word' id='word_1_488' title='bbox 3406 2889 3564 2982; x_wconf 43' lang='grc' dir='ltr'>ἓξὲξ·</span> 
     </span>
    </p>
   </div>
   <div class='ocr_carea' id='block_1_16' title="bbox 2015 2954 3458 5214">
    <p class='ocr_par' dir='ltr' id='par_1_17' title="bbox 2015 2954 3458 5214">
     <span class='ocr_line' id='line_1_95' title="bbox 2015 2954 3370 3030; baseline 0.003 -20"><span class='ocrx_word' id='word_1_489' title='bbox 2015 2954 2124 3011; x_wconf 91' lang='lat' dir='ltr'>cati</span> <span class='ocrx_word' id='word_1_490' title='bbox 2169 2956 2416 3012; x_wconf 83' lang='lat' dir='ltr'>venialis</span> <span class='ocrx_word' id='word_1_491' title='bbox 2462 2957 2656 3030; x_wconf 87' lang='lat' dir='ltr'>aliqua</span> <span class='ocrx_word' id='word_1_492' title='bbox 2702 2957 2945 3014; x_wconf 85' lang='lat' dir='ltr'>mutatio</span> <span class='ocrx_word' id='word_1_493' title='bbox 2988 2958 3305 3029; x_wconf 86' lang='lat' dir='ltr'>requiritur</span> <span class='ocrx_word' id='word_1_494' title='bbox 3356 2980 3370 3014; x_wconf 73' lang='grc' dir='ltr'>ε</span> 
     </span>
     <span class='ocr_line' id='line_1_96' title="bbox 2015 3034 3378 3114; baseline 0.004 -23"><span class='ocrx_word' id='word_1_495' title='bbox 2015 3034 2114 3092; x_wconf 87' lang='lat' dir='ltr'>sed</span> <span class='ocrx_word' id='word_1_496' title='bbox 2141 3036 2260 3093; x_wconf 58' lang='lat' dir='ltr'>haec</span> <span class='ocrx_word' id='word_1_497' title='bbox 2281 3035 2636 3095; x_wconf 83' lang='lat' dir='ltr'>desideratur</span> <span class='ocrx_word' id='word_1_498' title='bbox 2651 3054 2721 3095; x_wconf 89' lang='lat' dir='ltr'>ex</span> <span class='ocrx_word' id='word_1_499' title='bbox 2746 3044 2903 3110; x_wconf 86' lang='lat' dir='ltr'>parte</span> <span class='ocrx_word' id='word_1_500' title='bbox 2925 3039 3184 3096; x_wconf 88' lang='lat' dir='ltr'>hominis</span> <span class='ocrx_word' id='word_1_501' title='bbox 3206 3056 3378 3114; x_wconf 80' lang='lat' dir='ltr'>:ergo</span> 
     </span>
     <span class='ocr_line' id='line_1_97' title="bbox 2017 3115 3378 3179; baseline 0.003 -6"><span class='ocrx_word' id='word_1_502' title='bbox 2017 3115 2087 3173; x_wconf 90' lang='lat' dir='ltr'>ad</span> <span class='ocrx_word' id='word_1_503' title='bbox 2109 3118 2509 3176; x_wconf 88' lang='lat' dir='ltr'>remissionem</span> <span class='ocrx_word' id='word_1_504' title='bbox 2536 3119 2783 3176; x_wconf 88' lang='lat' dir='ltr'>venialis</span> <span class='ocrx_word' id='word_1_505' title='bbox 2806 3122 3129 3178; x_wconf 88' lang='lat' dir='ltr'>necessaria</span> <span class='ocrx_word' id='word_1_506' title='bbox 3153 3127 3239 3179; x_wconf 91' lang='lat' dir='ltr'>est</span> <span class='ocrx_word' id='word_1_507' title='bbox 3264 3122 3378 3178; x_wconf 91' lang='lat' dir='ltr'>ali-</span> 
     </span>
     <span class='ocr_line' id='line_1_98' title="bbox 2016 3200 3373 3277; baseline 0.003 -23"><span class='ocrx_word' id='word_1_508' title='bbox 2016 3215 2128 3271; x_wconf 92' lang='lat' dir='ltr'>qua</span> <span class='ocrx_word' id='word_1_509' title='bbox 2148 3200 2460 3258; x_wconf 86' lang='lat' dir='ltr'>intrinseca</span> <span class='ocrx_word' id='word_1_510' title='bbox 2480 3203 2740 3258; x_wconf 82' lang='lat' dir='ltr'>mutatio,</span> <span class='ocrx_word' id='word_1_511' title='bbox 2763 3203 3180 3276; x_wconf 86' lang='lat' dir='ltr'>Consequentia</span> <span class='ocrx_word' id='word_1_512' title='bbox 3205 3208 3373 3277; x_wconf 88' lang='lat' dir='ltr'>patet,</span> 
     </span>
     <span class='ocr_line' id='line_1_99' title="bbox 2016 3279 3378 3358; baseline 0.005 -24"><span class='ocrx_word' id='word_1_513' title='bbox 2016 3279 2149 3350; x_wconf 90' lang='lat' dir='ltr'>quia</span> <span class='ocrx_word' id='word_1_514' title='bbox 2178 3281 2420 3339; x_wconf 91' lang='lat' dir='ltr'>mutatio</span> <span class='ocrx_word' id='word_1_515' title='bbox 2446 3297 2517 3338; x_wconf 88' lang='lat' dir='ltr'>ex</span> <span class='ocrx_word' id='word_1_516' title='bbox 2544 3287 2702 3354; x_wconf 83' lang='lat' dir='ltr'>parte</span> <span class='ocrx_word' id='word_1_517' title='bbox 2723 3281 2992 3339; x_wconf 86' lang='lat' dir='ltr'>hominis</span> <span class='ocrx_word' id='word_1_518' title='bbox 3025 3289 3110 3341; x_wconf 90' lang='lat' dir='ltr'>est</span> <span class='ocrx_word' id='word_1_519' title='bbox 3132 3285 3242 3358; x_wconf 88' lang='lat' dir='ltr'>ipsi</span> <span class='ocrx_word' id='word_1_520' title='bbox 3270 3284 3378 3341; x_wconf 86' lang='lat' dir='ltr'>ho-</span> 
     </span>
     <span class='ocr_line' id='line_1_100' title="bbox 2018 3360 3374 3437; baseline 0.004 -22"><span class='ocrx_word' id='word_1_521' title='bbox 2018 3360 2168 3416; x_wconf 90' lang='lat' dir='ltr'>mini</span> <span class='ocrx_word' id='word_1_522' title='bbox 2190 3361 2520 3419; x_wconf 88' lang='lat' dir='ltr'>intrinseca.</span> <span class='ocrx_word' id='word_1_523' title='bbox 2542 3362 2725 3437; x_wconf 83' lang='lat' dir='ltr'>Major</span> <span class='ocrx_word' id='word_1_524' title='bbox 2744 3367 2934 3420; x_wconf 90' lang='lat' dir='ltr'>autem</span> <span class='ocrx_word' id='word_1_525' title='bbox 2961 3363 3187 3429; x_wconf 87' lang='lat' dir='ltr'>videtur</span> <span class='ocrx_word' id='word_1_526' title='bbox 3202 3368 3374 3432; x_wconf 90' lang='lat' dir='ltr'>certa,</span> 
     </span>
     <span class='ocr_line' id='line_1_101' title="bbox 2016 3442 3380 3517; baseline 0.002 -19"><span class='ocrx_word' id='word_1_527' title='bbox 2016 3442 2150 3514; x_wconf 85' lang='lat' dir='ltr'>quia</span> <span class='ocrx_word' id='word_1_528' title='bbox 2169 3443 2218 3499; x_wconf 88' lang='lat' dir='ltr'>si</span> <span class='ocrx_word' id='word_1_529' title='bbox 2238 3444 2436 3502; x_wconf 89' lang='lat' dir='ltr'>omnia</span> <span class='ocrx_word' id='word_1_530' title='bbox 2462 3444 2661 3502; x_wconf 88' lang='lat' dir='ltr'>eodem</span> <span class='ocrx_word' id='word_1_531' title='bbox 2695 3446 2867 3517; x_wconf 88' lang='lat' dir='ltr'>modo</span> <span class='ocrx_word' id='word_1_532' title='bbox 2893 3462 2953 3502; x_wconf 91' lang='lat' dir='ltr'>se</span> <span class='ocrx_word' id='word_1_533' title='bbox 2981 3446 3197 3505; x_wconf 86' lang='lat' dir='ltr'>habent</span> <span class='ocrx_word' id='word_1_534' title='bbox 3224 3461 3380 3502; x_wconf 90' lang='lat' dir='ltr'>nunc</span> 
     </span>
     <span class='ocr_line' id='line_1_102' title="bbox 2018 3526 3384 3596; baseline 0.002 -15"><span class='ocrx_word' id='word_1_535' title='bbox 2018 3541 2080 3581; x_wconf 88' lang='lat' dir='ltr'>ac</span> <span class='ocrx_word' id='word_1_536' title='bbox 2120 3530 2304 3592; x_wconf 88' lang='lat' dir='ltr'>antea,</span> <span class='ocrx_word' id='word_1_537' title='bbox 2354 3528 2583 3583; x_wconf 91' lang='lat' dir='ltr'>nullum</span> <span class='ocrx_word' id='word_1_538' title='bbox 2618 3526 2778 3584; x_wconf 90' lang='lat' dir='ltr'>adest</span> <span class='ocrx_word' id='word_1_539' title='bbox 2818 3527 3281 3596; x_wconf 87' lang='lat' dir='ltr'>fundamentum,</span> <span class='ocrx_word' id='word_1_540' title='bbox 3319 3533 3384 3585; x_wconf 92' lang='lat' dir='ltr'>ut</span> 
     </span>
     <span class='ocr_line' id='line_1_103' title="bbox 2018 3603 3375 3681; baseline 0.004 -21"><span class='ocrx_word' id='word_1_541' title='bbox 2018 3603 2273 3661; x_wconf 90' lang='lat' dir='ltr'>dicamus</span> <span class='ocrx_word' id='word_1_542' title='bbox 2300 3622 2451 3663; x_wconf 88' lang='lat' dir='ltr'>nunc</span> <span class='ocrx_word' id='word_1_543' title='bbox 2491 3623 2608 3663; x_wconf 91' lang='lat' dir='ltr'>non</span> <span class='ocrx_word' id='word_1_544' title='bbox 2629 3622 2751 3665; x_wconf 89' lang='lat' dir='ltr'>esse</span> <span class='ocrx_word' id='word_1_545' title='bbox 2791 3613 3078 3681; x_wconf 90' lang='lat' dir='ltr'>peccatum</span> <span class='ocrx_word' id='word_1_546' title='bbox 3123 3610 3375 3676; x_wconf 82' lang='lat' dir='ltr'>veniale,</span> 
     </span>
     <span class='ocr_line' id='line_1_104' title="bbox 2016 3687 3371 3768; baseline 0.003 -25"><span class='ocrx_word' id='word_1_547' title='bbox 2016 3687 2167 3760; x_wconf 91' lang='lat' dir='ltr'>quod</span> <span class='ocrx_word' id='word_1_548' title='bbox 2195 3694 2361 3745; x_wconf 89' lang='lat' dir='ltr'>antea</span> <span class='ocrx_word' id='word_1_549' title='bbox 2385 3693 2507 3746; x_wconf 90' lang='lat' dir='ltr'>erat</span> <span class='ocrx_word' id='word_1_550' title='bbox 2539 3712 2552 3747; x_wconf 87' lang='lat'>:</span> <span class='ocrx_word' id='word_1_551' title='bbox 2583 3704 2718 3763; x_wconf 81' lang='lat' dir='ltr'>ergo</span> <span class='ocrx_word' id='word_1_552' title='bbox 2739 3689 2810 3745; x_wconf 89' lang='lat' dir='ltr'>ad</span> <span class='ocrx_word' id='word_1_553' title='bbox 2839 3691 3083 3768; x_wconf 85' lang='lat' dir='ltr'>venialis</span> <span class='ocrx_word' id='word_1_554' title='bbox 3109 3690 3371 3747; x_wconf 89' lang='lat' dir='ltr'>destruc-</span> 
     </span>
     <span class='ocr_line' id='line_1_105' title="bbox 2021 3769 3376 3845; baseline 0.002 -20"><span class='ocrx_word' id='word_1_555' title='bbox 2021 3769 2234 3825; x_wconf 90' lang='lat' dir='ltr'>tionem</span> <span class='ocrx_word' id='word_1_556' title='bbox 2280 3769 2472 3842; x_wconf 89' lang='lat' dir='ltr'>aliqua</span> <span class='ocrx_word' id='word_1_557' title='bbox 2511 3770 2753 3827; x_wconf 91' lang='lat' dir='ltr'>mutatio</span> <span class='ocrx_word' id='word_1_558' title='bbox 2803 3772 3133 3845; x_wconf 89' lang='lat' dir='ltr'>requiritur.</span> <span class='ocrx_word' id='word_1_559' title='bbox 3177 3771 3376 3828; x_wconf 89' lang='lat' dir='ltr'>Minor</span> 
     </span>
     <span class='ocr_line' id='line_1_106' title="bbox 2017 3847 3380 3922; baseline 0.003 -19"><span class='ocrx_word' id='word_1_560' title='bbox 2017 3847 2264 3921; x_wconf 90' lang='lat' dir='ltr'>denique</span> <span class='ocrx_word' id='word_1_561' title='bbox 2289 3849 2640 3915; x_wconf 87' lang='lat' dir='ltr'>ostenditur;</span> <span class='ocrx_word' id='word_1_562' title='bbox 2686 3852 2960 3922; x_wconf 86' lang='lat' dir='ltr'>quoniam</span> <span class='ocrx_word' id='word_1_563' title='bbox 2999 3851 3237 3908; x_wconf 87' lang='lat' dir='ltr'>mutatio</span> <span class='ocrx_word' id='word_1_564' title='bbox 3279 3866 3380 3907; x_wconf 89' lang='lat' dir='ltr'>re-</span> 
     </span>
     <span class='ocr_line' id='line_1_107' title="bbox 2018 3928 3383 4005; baseline 0.004 -22"><span class='ocrx_word' id='word_1_565' title='bbox 2018 3928 2229 4001; x_wconf 88' lang='lat' dir='ltr'>quisita</span> <span class='ocrx_word' id='word_1_566' title='bbox 2254 3928 2324 3986; x_wconf 85' lang='lat' dir='ltr'>ad</span> <span class='ocrx_word' id='word_1_567' title='bbox 2352 3932 2591 4005; x_wconf 85' lang='lat' dir='ltr'>alicujus</span> <span class='ocrx_word' id='word_1_568' title='bbox 2618 3930 3084 3999; x_wconf 90' lang='lat' dir='ltr'>destructionem,</span> <span class='ocrx_word' id='word_1_569' title='bbox 3117 3948 3189 3989; x_wconf 92' lang='lat' dir='ltr'>ex</span> <span class='ocrx_word' id='word_1_570' title='bbox 3219 3938 3383 4005; x_wconf 88' lang='lat' dir='ltr'>parte</span> 
     </span>
     <span class='ocr_line' id='line_1_108' title="bbox 2018 4010 3374 4085; baseline 0.002 -18"><span class='ocrx_word' id='word_1_571' title='bbox 2018 4010 2139 4083; x_wconf 88' lang='lat' dir='ltr'>ejus</span> <span class='ocrx_word' id='word_1_572' title='bbox 2158 4011 2554 4069; x_wconf 88' lang='lat' dir='ltr'>constituenda</span> <span class='ocrx_word' id='word_1_573' title='bbox 2572 4016 2674 4077; x_wconf 89' lang='lat' dir='ltr'>est,</span> <span class='ocrx_word' id='word_1_574' title='bbox 2702 4029 2736 4068; x_wconf 89' lang='lat' dir='ltr'>a</span> <span class='ocrx_word' id='word_1_575' title='bbox 2755 4029 2867 4085; x_wconf 91' lang='lat' dir='ltr'>quo</span> <span class='ocrx_word' id='word_1_576' title='bbox 2894 4011 3041 4069; x_wconf 91' lang='lat' dir='ltr'>illud</span> <span class='ocrx_word' id='word_1_577' title='bbox 3062 4030 3374 4071; x_wconf 91' lang='lat' dir='ltr'>conserva-</span> 
     </span>
     <span class='ocr_line' id='line_1_109' title="bbox 2020 4094 3382 4167; baseline 0.005 -20"><span class='ocrx_word' id='word_1_578' title='bbox 2020 4097 2130 4162; x_wconf 91' lang='lat' dir='ltr'>tur,</span> <span class='ocrx_word' id='word_1_579' title='bbox 2179 4095 2273 4150; x_wconf 87' lang='lat' dir='ltr'>vel</span> <span class='ocrx_word' id='word_1_580' title='bbox 2298 4094 2360 4150; x_wconf 92' lang='lat' dir='ltr'>in</span> <span class='ocrx_word' id='word_1_581' title='bbox 2387 4110 2496 4166; x_wconf 90' lang='lat' dir='ltr'>quo</span> <span class='ocrx_word' id='word_1_582' title='bbox 2524 4094 2797 4167; x_wconf 89' lang='lat' dir='ltr'>recipitur</span> <span class='ocrx_word' id='word_1_583' title='bbox 2816 4118 2831 4163; x_wconf 72' lang='grc' dir='ltr'><strong>ς</strong></span> <span class='ocrx_word' id='word_1_584' title='bbox 2861 4100 3047 4152; x_wconf 87' lang='lat' dir='ltr'>stante</span> <span class='ocrx_word' id='word_1_585' title='bbox 3085 4095 3245 4153; x_wconf 89' lang='lat' dir='ltr'>enim</span> <span class='ocrx_word' id='word_1_586' title='bbox 3279 4112 3382 4154; x_wconf 88' lang='lat' dir='ltr'>eo-</span> 
     </span>
     <span class='ocr_line' id='line_1_110' title="bbox 2018 4174 3382 4251; baseline 0.003 -21"><span class='ocrx_word' id='word_1_587' title='bbox 2018 4174 2149 4233; x_wconf 90' lang='lat' dir='ltr'>dem</span> <span class='ocrx_word' id='word_1_588' title='bbox 2172 4175 2394 4232; x_wconf 89' lang='lat' dir='ltr'>inssuxu</span> <span class='ocrx_word' id='word_1_589' title='bbox 2415 4192 2486 4232; x_wconf 88' lang='lat' dir='ltr'>ex</span> <span class='ocrx_word' id='word_1_590' title='bbox 2509 4182 2667 4249; x_wconf 89' lang='lat' dir='ltr'>parte</span> <span class='ocrx_word' id='word_1_591' title='bbox 2688 4178 2927 4251; x_wconf 82' lang='lat' dir='ltr'>agentis,</span> <span class='ocrx_word' id='word_1_592' title='bbox 2953 4184 3008 4235; x_wconf 91' lang='lat' dir='ltr'>et</span> <span class='ocrx_word' id='word_1_593' title='bbox 3032 4176 3235 4235; x_wconf 88' lang='lat' dir='ltr'>eadem</span> <span class='ocrx_word' id='word_1_594' title='bbox 3257 4177 3382 4234; x_wconf 89' lang='lat' dir='ltr'>dis-</span> 
     </span>
     <span class='ocr_line' id='line_1_111' title="bbox 2021 4256 3385 4331; baseline 0.002 -20"><span class='ocrx_word' id='word_1_595' title='bbox 2021 4256 2300 4329; x_wconf 85' lang='lat' dir='ltr'>positione</span> <span class='ocrx_word' id='word_1_596' title='bbox 2319 4272 2391 4312; x_wconf 90' lang='lat' dir='ltr'>ex</span> <span class='ocrx_word' id='word_1_597' title='bbox 2411 4261 2570 4328; x_wconf 88' lang='lat' dir='ltr'>parte</span> <span class='ocrx_word' id='word_1_598' title='bbox 2599 4257 2768 4328; x_wconf 91' lang='lat' dir='ltr'>passi,</span> <span class='ocrx_word' id='word_1_599' title='bbox 2802 4273 2945 4329; x_wconf 89' lang='lat' dir='ltr'>opus</span> <span class='ocrx_word' id='word_1_600' title='bbox 2968 4263 3073 4326; x_wconf 90' lang='lat' dir='ltr'>est,</span> <span class='ocrx_word' id='word_1_601' title='bbox 3098 4257 3249 4331; x_wconf 92' lang='lat' dir='ltr'>quod</span> <span class='ocrx_word' id='word_1_602' title='bbox 3273 4263 3385 4316; x_wconf 85' lang='lat' dir='ltr'>stet</span> 
     </span>
     <span class='ocr_line' id='line_1_112' title="bbox 2018 4337 3377 4404; baseline 0.001 -9"><span class='ocrx_word' id='word_1_603' title='bbox 2018 4339 2191 4396; x_wconf 89' lang='lat' dir='ltr'>etiam</span> <span class='ocrx_word' id='word_1_604' title='bbox 2238 4337 2392 4395; x_wconf 91' lang='lat' dir='ltr'>idem</span> <span class='ocrx_word' id='word_1_605' title='bbox 2431 4337 2663 4395; x_wconf 83' lang='lat' dir='ltr'>effectus</span> <span class='ocrx_word' id='word_1_606' title='bbox 2704 4339 2842 4396; x_wconf 87' lang='lat' dir='ltr'>:sed</span> <span class='ocrx_word' id='word_1_607' title='bbox 2869 4339 3042 4397; x_wconf 88' lang='lat' dir='ltr'>homo</span> <span class='ocrx_word' id='word_1_608' title='bbox 3068 4341 3226 4397; x_wconf 86' lang='lat' dir='ltr'>solus</span> <span class='ocrx_word' id='word_1_609' title='bbox 3271 4344 3377 4404; x_wconf 85' lang='lat' dir='ltr'>est.</span> 
     </span>
     <span class='ocr_line' id='line_1_113' title="bbox 2017 4419 3458 4492; baseline -0.001 -18"><span class='ocrx_word' id='word_1_610' title='bbox 2017 4419 2117 4491; x_wconf 92' lang='lat' dir='ltr'>qui</span> <span class='ocrx_word' id='word_1_611' title='bbox 2144 4423 2459 4486; x_wconf 88' lang='lat' dir='ltr'>conservat,</span> <span class='ocrx_word' id='word_1_612' title='bbox 2490 4423 2546 4474; x_wconf 89' lang='lat' dir='ltr'>et</span> <span class='ocrx_word' id='word_1_613' title='bbox 2567 4420 2766 4492; x_wconf 89' lang='lat' dir='ltr'>recipit</span> <span class='ocrx_word' id='word_1_614' title='bbox 2794 4425 3083 4492; x_wconf 88' lang='lat' dir='ltr'>peccatum</span> <span class='ocrx_word' id='word_1_615' title='bbox 3113 4421 3380 4488; x_wconf 87' lang='lat' dir='ltr'>veniale;</span> <span class='ocrx_word' id='word_1_616' title='bbox 3453 4468 3458 4473; x_wconf 89' lang='lat'>.</span> 
     </span>
     <span class='ocr_line' id='line_1_114' title="bbox 2016 4498 3377 4574; baseline 0.001 -16"><span class='ocrx_word' id='word_1_617' title='bbox 2016 4500 2299 4574; x_wconf 89' lang='lat' dir='ltr'>siquidem</span> <span class='ocrx_word' id='word_1_618' title='bbox 2346 4498 2495 4556; x_wconf 89' lang='lat' dir='ltr'>istud</span> <span class='ocrx_word' id='word_1_619' title='bbox 2542 4506 2627 4557; x_wconf 90' lang='lat' dir='ltr'>est</span> <span class='ocrx_word' id='word_1_620' title='bbox 2674 4503 2895 4558; x_wconf 90' lang='lat' dir='ltr'>malum</span> <span class='ocrx_word' id='word_1_621' title='bbox 2942 4503 3344 4559; x_wconf 87' lang='lat' dir='ltr'>voluntarium</span> <span class='ocrx_word' id='word_1_622' title='bbox 3363 4545 3377 4569; x_wconf 91' lang='lat'>,</span> 
     </span>
     <span class='ocr_line' id='line_1_115' title="bbox 2016 4582 3379 4657; baseline 0.001 -18"><span class='ocrx_word' id='word_1_623' title='bbox 2016 4582 2166 4656; x_wconf 87' lang='lat' dir='ltr'>quod</span> <span class='ocrx_word' id='word_1_624' title='bbox 2189 4584 2360 4640; x_wconf 89' lang='lat' dir='ltr'>homo</span> <span class='ocrx_word' id='word_1_625' title='bbox 2382 4587 2573 4639; x_wconf 87' lang='lat' dir='ltr'>causat</span> <span class='ocrx_word' id='word_1_626' title='bbox 2594 4582 2655 4639; x_wconf 89' lang='lat' dir='ltr'>in</span> <span class='ocrx_word' id='word_1_627' title='bbox 2676 4584 2756 4640; x_wconf 86' lang='lat' dir='ltr'>sei</span> <span class='ocrx_word' id='word_1_628' title='bbox 2763 4599 2862 4657; x_wconf 90' lang='lat' dir='ltr'>pso</span> <span class='ocrx_word' id='word_1_629' title='bbox 2882 4608 2895 4651; x_wconf 76' lang='lat'>3</span> <span class='ocrx_word' id='word_1_630' title='bbox 2921 4599 3026 4641; x_wconf 89' lang='lat' dir='ltr'>nec</span> <span class='ocrx_word' id='word_1_631' title='bbox 3053 4583 3170 4639; x_wconf 89' lang='lat' dir='ltr'>alia</span> <span class='ocrx_word' id='word_1_632' title='bbox 3189 4599 3379 4653; x_wconf 86' lang='lat' dir='ltr'>causa,</span> 
     </span>
     <span class='ocr_line' id='line_1_116' title="bbox 2018 4664 3383 4738; baseline 0 -17"><span class='ocrx_word' id='word_1_633' title='bbox 2018 4665 2109 4721; x_wconf 86' lang='lat' dir='ltr'>vel</span> <span class='ocrx_word' id='word_1_634' title='bbox 2138 4679 2500 4729; x_wconf 76' lang='lat' dir='ltr'>conservanS,</span> <span class='ocrx_word' id='word_1_635' title='bbox 2527 4664 2619 4720; x_wconf 83' lang='lat' dir='ltr'>vel</span> <span class='ocrx_word' id='word_1_636' title='bbox 2639 4664 2922 4737; x_wconf 87' lang='lat' dir='ltr'>recipiens</span> <span class='ocrx_word' id='word_1_637' title='bbox 2940 4664 3254 4738; x_wconf 82' lang='lat' dir='ltr'>excogitari</span> <span class='ocrx_word' id='word_1_638' title='bbox 3276 4681 3383 4721; x_wconf 86' lang='lat' dir='ltr'>va-</span> 
     </span>
     <span class='ocr_line' id='line_1_117' title="bbox 2019 4745 3385 4821; baseline 0.001 -19"><span class='ocrx_word' id='word_1_639' title='bbox 2019 4748 2097 4804; x_wconf 88' lang='lat' dir='ltr'>let</span> <span class='ocrx_word' id='word_1_640' title='bbox 2121 4767 2134 4802; x_wconf 74' lang='grc' dir='ltr'><strong>ε</strong></span> <span class='ocrx_word' id='word_1_641' title='bbox 2157 4763 2293 4821; x_wconf 82' lang='lat' dir='ltr'>ergo</span> <span class='ocrx_word' id='word_1_642' title='bbox 2310 4746 2553 4821; x_wconf 87' lang='lat' dir='ltr'>mutatio</span> <span class='ocrx_word' id='word_1_643' title='bbox 2573 4745 2645 4802; x_wconf 87' lang='lat' dir='ltr'>ad</span> <span class='ocrx_word' id='word_1_644' title='bbox 2665 4745 3111 4805; x_wconf 87' lang='lat' dir='ltr'>destructionem</span> <span class='ocrx_word' id='word_1_645' title='bbox 3134 4748 3385 4805; x_wconf 88' lang='lat' dir='ltr'>venialis</span> 
     </span>
     <span class='ocr_line' id='line_1_118' title="bbox 2019 4828 3378 4902; baseline 0 -17"><span class='ocrx_word' id='word_1_646' title='bbox 2019 4829 2308 4902; x_wconf 89' lang='lat' dir='ltr'>requisita,</span> <span class='ocrx_word' id='word_1_647' title='bbox 2327 4845 2400 4886; x_wconf 90' lang='lat' dir='ltr'>ex</span> <span class='ocrx_word' id='word_1_648' title='bbox 2415 4833 2576 4901; x_wconf 89' lang='lat' dir='ltr'>parte</span> <span class='ocrx_word' id='word_1_649' title='bbox 2591 4828 2847 4886; x_wconf 89' lang='lat' dir='ltr'>hominis</span> <span class='ocrx_word' id='word_1_650' title='bbox 2861 4828 3261 4888; x_wconf 88' lang='lat' dir='ltr'>constituenda</span> <span class='ocrx_word' id='word_1_651' title='bbox 3272 4833 3378 4888; x_wconf 86' lang='lat' dir='ltr'>est.</span> 
     </span>
     <span class='ocr_line' id='line_1_119' title="bbox 2093 4911 3382 4988; baseline 0.001 -20"><span class='ocrx_word' id='word_1_652' title='bbox 2093 4914 2206 4969; x_wconf 90' lang='lat' dir='ltr'>Nec</span> <span class='ocrx_word' id='word_1_653' title='bbox 2240 4911 2432 4984; x_wconf 85' lang='lat' dir='ltr'>aliqua</span> <span class='ocrx_word' id='word_1_654' title='bbox 2478 4913 2773 4985; x_wconf 86' lang='lat' dir='ltr'>responsio</span> <span class='ocrx_word' id='word_1_655' title='bbox 2814 4917 2997 4986; x_wconf 89' lang='lat' dir='ltr'>potest</span> <span class='ocrx_word' id='word_1_656' title='bbox 3032 4911 3167 4970; x_wconf 89' lang='lat' dir='ltr'>huic</span> <span class='ocrx_word' id='word_1_657' title='bbox 3206 4928 3382 4988; x_wconf 78' lang='lat' dir='ltr'>argu-</span> 
     </span>
     <span class='ocr_line' id='line_1_120' title="bbox 2019 4991 3383 5067; baseline 0.003 -19"><span class='ocrx_word' id='word_1_658' title='bbox 2019 4999 2233 5058; x_wconf 86' lang='lat' dir='ltr'>mento.</span> <span class='ocrx_word' id='word_1_659' title='bbox 2254 4997 2311 5049; x_wconf 90' lang='lat' dir='ltr'>et</span> <span class='ocrx_word' id='word_1_660' title='bbox 2329 4992 2760 5050; x_wconf 88' lang='lat' dir='ltr'>confirmationi</span> <span class='ocrx_word' id='word_1_661' title='bbox 2783 4991 3067 5059; x_wconf 87' lang='lat' dir='ltr'>adbiberi,</span> <span class='ocrx_word' id='word_1_662' title='bbox 3086 5010 3212 5066; x_wconf 82' lang='lat' dir='ltr'>quae</span> <span class='ocrx_word' id='word_1_663' title='bbox 3231 5009 3383 5067; x_wconf 80' lang='lat' dir='ltr'>prae-</span> 
     </span>
     <span class='ocr_line' id='line_1_121' title="bbox 2018 5073 3385 5132; baseline 0.001 -1"><span class='ocrx_word' id='word_1_664' title='bbox 2018 5075 2175 5131; x_wconf 85' lang='lat' dir='ltr'>clusa</span> <span class='ocrx_word' id='word_1_665' title='bbox 2203 5089 2320 5132; x_wconf 91' lang='lat' dir='ltr'>non</span> <span class='ocrx_word' id='word_1_666' title='bbox 2348 5080 2582 5132; x_wconf 87' lang='lat' dir='ltr'>maneat</span> <span class='ocrx_word' id='word_1_667' title='bbox 2606 5090 2680 5131; x_wconf 88' lang='lat' dir='ltr'>ex</span> <span class='ocrx_word' id='word_1_668' title='bbox 2704 5073 2870 5131; x_wconf 89' lang='lat' dir='ltr'>dictis</span> <span class='ocrx_word' id='word_1_669' title='bbox 2910 5075 3030 5132; x_wconf 86' lang='lat' dir='ltr'>loco</span> <span class='ocrx_word' id='word_1_670' title='bbox 3055 5074 3245 5132; x_wconf 88' lang='lat' dir='ltr'>citato.</span> <span class='ocrx_word' id='word_1_671' title='bbox 3276 5075 3385 5132; x_wconf 90' lang='lat' dir='ltr'>So-</span> 
     </span>
     <span class='ocr_line' id='line_1_122' title="bbox 3257 5157 3385 5214; baseline 0.016 -2"><span class='ocrx_word' id='word_1_672' title='bbox 3257 5157 3385 5214; x_wconf 89' lang='lat' dir='ltr'>lum</span> 
     </span>
    </p>
   </div>
  </div>
 </body>
</html>
