3647 5753
575 457 687 512 842
1618 449 1709 503 DE
1752 448 2058 503 PRAEMIO
2096 446 2379 501 MERITI.

576 626 677 686 ris.
706 629 767 680 ut
794 623 931 680 satis
956 626 1176 680 constat
1200 636 1271 678 ex
1297 619 1461 677 dictis
1488 621 1628 694 disp.
1645 624 1697 687 3,
1724 620 1849 676 dub.
1886 622 1927 687 l,

571 714 627 765 et
656 707 840 764 multo
861 706 1045 780 magis
1074 709 1372 779 repugnat,
1400 701 1550 776 quod
1581 709 1834 775 peccator
1855 702 1933 758 il-

573 787 671 844 lud
723 794 1029 852 mereatur,
1084 790 1142 841 ut
1188 801 1257 841 ex
1318 801 1380 841 se
1441 785 1636 857 liquet.
1680 781 1933 840 Aliunde

570 869 745 926 etiam
789 865 1113 941 negandum
1141 869 1222 921 est
1263 864 1510 921 minoris
1537 864 1928 937 suppositum3

572 967 707 1007 nam
740 949 1011 1021 implicat,
1043 945 1191 1019 quod
1233 945 1505 1003 contritio
1551 945 1933 1020 conjungatur

570 1047 699 1088 cum
751 1034 899 1085 statu
947 1026 1156 1099 peccati
1184 1071 1196 1093 ,
1252 1029 1317 1081 ut
1368 1025 1725 1083 ostendimus
1764 1032 1925 1083 tract.

565 1111 788 1185 praeced.
814 1111 954 1182 disp.
982 1110 1036 1173 2,
1056 1107 1183 1163 dub.
1213 1108 1266 1170 6,
1294 1109 1400 1176 §2
1429 1103 1931 1179 Respondeturse-

571 1194 757 1252 cundo
807 1189 1124 1249 omittendo
1170 1191 1512 1263 praemissas,
1569 1193 1624 1244 et
1669 1189 1930 1263 negando

455 1323 464 1332 .
571 1273 1076 1347 consequentiam;
1104 1287 1240 1327 nam
1275 1270 1415 1326 illud
1443 1271 1777 1343 qualequale
1803 1286 1931 1327 me-

572 1361 754 1416 ritum
819 1363 1115 1430 repertum
1170 1357 1234 1411 in
1278 1356 1623 1412 contritione
1673 1355 1864 1411 elicita
1897 1371 1930 1411 a

570 1446 863 1515 peccatore
887 1481 899 1504 ,
959 1455 1076 1495 non
1150 1444 1364 1510 peteret
1425 1438 1773 1510 interrumpi
1806 1431 1931 1510 ‘per

565 1520 917 1593 subsequens
969 1526 1285 1593 peccatum,
1331 1519 1427 1575 sed
1472 1523 1657 1591 posset
1695 1534 1929 1576 conser-

568 1618 705 1659 vare
738 1602 990 1659 valorem
1044 1616 1214 1656 suum
1257 1616 1433 1673 usque
1462 1599 1531 1656 ad
1556 1602 1777 1673 praemii
1808 1601 1927 1657 col-

569 1684 868 1740 lationem.
922 1682 1198 1738 Meritum
1244 1687 1435 1738 autem
1494 1682 1554 1736 in
1578 1680 1806 1737 ordine
1858 1681 1925 1738 ad

568 1765 991 1837 reparationem
1024 1767 1147 1834 post
1188 1761 1410 1834 lapsum
1444 1762 1582 1833 petit
1611 1760 1680 1817 ab
1709 1761 1927 1818 intrin-

566 1861 693 1902 seco
722 1845 1070 1916 interrumpi
1097 1859 1198 1916 per
1226 1840 1575 1914 subsequens
1605 1851 1923 1914 peccatum;

567 1933 621 1985 et
660 1926 739 1982 ita
786 1930 1062 1999 repugnat
1088 1925 1141 1981 ei
1170 1922 1412 1980 efficacia
1461 1922 1805 1995 perducendi
1857 1923 1927 1980 ad

569 2006 901 2081 praedictum
952 2005 1286 2079 praemium;
1320 2002 1470 2076 quod
1515 2001 1757 2060 destruit
1803 2005 1926 2062 veri

568 2089 767 2147 meriti
795 2088 1100 2145 rationem.

373 2201 525 2254 opinio
639 2173 732 2227 74.
778 2168 1033 2226 Secunda
1076 2166 1361 2225 sententia
1398 2165 1573 2233 docet,
1620 2167 1927 2242 possejus·

367 2256 524 2345 ‘cogita
566 2256 687 2308 tum
712 2251 925 2308 mereri
954 2249 1024 2306 de
1068 2263 1321 2322 congruo
1351 2249 1774 2321 reparationem
1804 2253 1927 2321 post

351 2310 809 2405 agei-iffilapsum.
857 2334 927 2386 Et
971 2330 1103 2386 licet
1142 2328 1320 2401 aliqui
1373 2331 1495 2405 ejus
1536 2329 1764 2402 patroni
1807 2344 1924 2385 non

392 2410 498 2446 '¹0¹¹'-
563 2413 701 2468 satis
740 2412 1042 2484 explicent,
1075 2408 1243 2483 quale
1271 2411 1546 2466 meritum
1576 2408 1646 2465 de
1669 2424 1926 2484 congruo

564 2491 879 2559 adstruant,
908 2491 1092 2565 magis
1111 2495 1307 2546 tamen
1334 2488 1661 2564 significant
1686 2505 1747 2546 se
1768 2487 1924 2561 loqui

562 2570 632 2628 de
672 2572 880 2628 merito
906 2585 1157 2645 congruo
1209 2572 1461 2643 proprie,
1507 2577 1563 2628 et
1609 2570 1925 2627 intrinsece

358 2681 546 2723 anona.
563 2655 686 2711 tali.
719 2657 901 2718 Quam
919 2654 1254 2727 opinionem
1275 2658 1508 2711 tuentur
1521 2658 1583 2711 D.
1602 2656 1719 2712 Bon
1729 2658 1918 2712 avent.

348 2729 541 2806 Gabriel.
562 2738 621 2789 in
648 2736 702 2800 2,
730 2735 858 2790 dist.
890 2734 982 2800 28,
1008 2735 1067 2788 in
1093 2735 1434 2806 expositione
1460 2735 1663 2800 litterae,
1692 2732 1925 2789 Gabriel

561 2815 779 2882 ibidem,
823 2815 951 2869 dist.
982 2815 1074 2879 27,
1127 2820 1309 2885 quaest.
1371 2816 1417 2882 1,
1462 2821 1574 2871 art.
1607 2816 1660 2881 3,
1686 2815 1810 2870 dub.
1864 2816 1918 2871 3.

371 2930 533 2972 scmus·
562 2900 757 2956 Scotus
803 2900 863 2952 in
889 2898 943 2959 4,
968 2896 1096 2952 dist.
1142 2898 1196 2964 2,
1229 2905 1412 2975 quest.
1454 2900 1498 2962 l,
1532 2904 1641 2964 art,
1669 2899 1724 2953 2.
1770 2899 1925 2973 Vega

350 2980 535 3072 nxfffih
559 2978 623 3034 de
643 2977 942 3051 Justificat.
974 2982 1156 3055 quast.
1182 2978 1216 3031 6
1256 2977 1333 3032 ad
1357 2979 1411 3034 6.
1446 2978 1721 3035 Bellarm.
1753 2976 1849 3034 lib.
1888 2980 1924 3033 5

350 3059 623 3132 suarez.'d⁰
648 3061 951 3134 Justificat.
980 3076 1099 3133 cap.
1132 3061 1187 3116 2.
1213 3060 1423 3116 Suarez
1448 3060 1540 3117 lib.
1598 3062 1661 3116 12
1686 3062 1750 3116 de
1785 3078 1924 3131 yra-

351 3138 661 3212 amman-a,
689 3163 811 3219 cap.
836 3144 908 3200 38
942 3146 997 3198 et
1025 3140 1127 3198 alii
1156 3158 1296 3216 quos
1339 3143 1533 3211 refert,
1566 3149 1622 3201 et
1665 3145 1925 3219 sequitur

562 3224 806 3298 Ripalda
835 3222 934 3280 ubi
955 3238 1149 3295 supra,
1174 3231 1301 3280 sect.
1333 3224 1388 3280 3.

348 3333 546 3379 probatio
635 3305 920 3362 Probatur
941 3304 1131 3376 primo
1151 3321 1223 3362 ex
1243 3306 1413 3361 Sacra
1429 3305 1752 3379 Scriptura;
1785 3324 1922 3365 nam

343 3384 594 3476 ἦξθῐῐψ2
617 3387 870 3462 Paralip.
915 3403 1033 3458 cap.
1071 3387 1153 3453 19,
1180 3386 1415 3458 quidam
1446 3389 1730 3462 Propheta
1775 3391 1925 3448 dixit

344 3444 525 3528 arii-¹51.
560 3467 630 3525 ad
657 3469 930 3541 Josaphat
949 3469 1159 3542 Regem
1181 3469 1211 3521 J
1218 3466 1327 3523 uda
1353 3492 1367 3525 ι
1390 3467 1573 3541 Impia
1591 3472 1788 3543 praebes
1814 3491 1925 3529 au-

406 3535 470 3577 ²⁹·
558 3551 786 3614 milium,
813 3548 971 3603 ethis
991 3549 1086 3626 qui
1107 3547 1337 3603 oderunt
1367 3549 1686 3618 Dominum,
1720 3555 1925 3609 amici-

559 3634 641 3688 tia
652 3632 907 3703 junyeris
927 3648 945 3683 .·
964 3636 1014 3685 et
1056 3630 1257 3686 idcirco
1280 3633 1426 3687 iram
1450 3632 1667 3705 quidem
1692 3633 1927 3693 Domini

560 3712 871 3780 merebaris,
902 3713 993 3767 secl
1011 3711 1152 3767 bona
1174 3729 1338 3785 opera
1359 3714 1584 3770 inventa
1604 3722 1735 3771 sunt
1763 3719 1822 3772 in
1853 3725 1918 3774 te.

559 3793 777 3858 Quibus
824 3790 1016 3849 verbis
1059 3790 1427 3866 significavit,
1478 3797 1659 3851 Deum
1706 3796 1923 3854 intuitu

561 3875 846 3933 bonorum
874 3890 1133 3947 operum,
1164 3890 1288 3947 quae
1315 3876 1477 3948 prius
1508 3876 1716 3934 fecerat
1759 3881 1926 3937 Josa-

562 3959 717 4032 phat,
739 3958 907 4014 illum
932 3954 1224 4012 reduxisse
1240 3955 1309 4012 ad
1334 3957 1630 4030 antiquam
1647 3963 1918 4034 gratiam.

563 4041 713 4113 Ergo
735 4039 919 4112 justus
945 4050 1045 4108 per
1067 4033 1215 4092 bona
1243 4053 1417 4110 opera
1439 4043 1699 4096 meretur
1717 4044 1922 4101 saltem

563 4118 634 4176 de
655 4132 905 4191 congruo
933 4115 1358 4186 reparationem
1384 4122 1505 4189 post
1534 4119 1783 4194 lapsum.

351 4243 551 4336 &32¹2
574 4284 696 4350 186,
721 4289 830 4338 art.
858 4282 938 4345 10,
970 4278 1065 4335 ubi
1092 4276 1251 4335 docet
1271 4279 1588 4354 Religiosos
1601 4282 1769 4340 citius
1789 4303 1924 4343 sur-

372 4343 413 4385 1>
418 4371 430 4382 ·
445 4342 548 4386 '⁸⁶⁰‘
564 4381 701 4442 gere
743 4380 775 4420 a
814 4361 1069 4437 peccatis,
1101 4360 1236 4433 quia
1281 4361 1515 4434 perfecti
1564 4372 1720 4433 sunt,
1747 4383 1922 4439 quam

566 4447 658 4503 illi
677 4446 777 4520 qui
808 4443 1035 4501 virtutis
1061 4439 1249 4498 studio
1272 4457 1389 4499 non
1418 4442 1761 4503 incumbunt
1787 4469 1800 4505 :
1825 4449 1922 4506 sed

565 4528 686 4583 haec
717 4522 1044 4581 differentia
1096 4518 1371 4577 fundatur
1419 4523 1482 4579 in
1528 4525 1737 4599 majori
1783 4543 1923 4585 con-

560 4608 830 4684 gruitate,
855 4620 1027 4677 quam
1040 4604 1187 4659 Deus
1211 4603 1422 4676 reperit
1444 4603 1506 4659 in
1530 4608 1757 4664 meritis
1783 4626 1925 4683 prze-

559 4688 893 4749 cedentibus
932 4685 1375 4761 Religiosorum,
1409 4688 1594 4760 potius
1633 4707 1806 4764 quam
1860 4695 1923 4752 in

560 4773 814 4831 aliorum
839 4767 1067 4825 meritis
1095 4789 1107 4823 :
1130 4782 1266 4843 ergo
1287 4767 1473 4842 justus
1495 4774 1674 4845 potest
1695 4771 1762 4831 de
1783 4791 1923 4832 con-

561 4870 706 4930 gruo
726 4849 940 4907 mereri
965 4849 1388 4921 reparationem
1410 4856 1535 4922 post
1560 4851 1804 4924 lapsum.

338 4983 505 5075 affl
557 4932 726 5075 <1233
741 4929 1923 5086 ‘2⁵:1³33nsstss02353350232ff‘aaut

337 5041 755 5177 ‘ssff‘ssffff‘saphat
796 5109 898 5152 rex
943 5092 1089 5152 Juda
1135 5108 1254 5151 non
1301 5034 1626 5168 peceaveri‘i
1662 5102 1922 5174 graviter

640 4196 1030 4255 Confirmatur
1063 4211 1134 4252 ex
1174 4199 1239 4253 D.
1294 4197 1497 4254 Thom.
1538 4202 1592 4265 2,
1637 4203 1691 4268 2,
1735 4212 1919 4281 quaest.
1957 4242 1962 4248 .

2065 616 2373 691 praebendo
2394 616 2679 674 auxilium
2705 617 2844 693 Regi
2866 618 3072 684 lsrael;
3103 623 3270 690 atque
3297 615 3436 674 ideo

2062 699 2212 772 quod
2239 700 2359 773 ejus
2405 699 2615 756 merita
2656 696 3000 757 mortificata
3020 714 3136 756 non
3178 698 3431 755 fuerint.

2064 781 2321 838 Peccavit
2346 786 2541 837 tamen
2568 781 2877 839 venialiter
2896 796 2969 838 ex
2996 781 3257 837 humana
3283 796 3436 854 qua-

2062 859 2195 918 dam
2225 860 2540 928 affectione,
2588 867 2822 937 propter
2864 861 3015 935 quod
3053 861 3267 936 dignus
3305 867 3436 918 erat

2064 942 2254 1015 aliqua
2276 959 2441 1016 poena
2468 945 2793 1018 temporali,
2826 948 3028 1016 utputa
3056 942 3434 1011 infirmitate,

2060 1029 2264 1091 morte,
2284 1026 2376 1082 vel
2392 1025 2506 1082 alia
2526 1027 2871 1083 calamitate.
2893 1024 3000 1083 Sed
3014 1027 3160 1082 Deus
3177 1023 3255 1080 ad
3278 1023 3439 1082 bona

2061 1120 2234 1177 opera
2260 1106 2576 1176 attendens,
2606 1122 2833 1181 poenam
2858 1106 3006 1163 hanc
3033 1106 3141 1180 ipsi
3173 1106 3438 1163 remisit.

2062 1189 2130 1243 Et
2153 1190 2254 1247 hoc
2279 1188 2606 1263 significant
2628 1189 2806 1246 verba
2828 1190 3142 1263 Prophaetae
3158 1190 3442 1262 superius

2061 1272 2259 1329 relata.
2294 1274 2396 1329 Cui
2425 1273 2889 1346 interpretationi
2919 1271 3071 1329 favet
3101 1273 3164 1327 D.
3210 1271 3432 1329 Thom.

2062 1353 2174 1408 loco
2195 1356 2448 1426 proxime
2475 1355 2568 1410 cit.
2595 1356 2654 1408 in
2680 1370 2818 1426 resp.
2852 1353 2928 1407 ad
2947 1354 3001 1409 2.

2136 1434 2351 1491 Deinde
2399 1432 2775 1507 respondetur
2820 1432 3179 1490 admittendo
3206 1475 3222 1499 ‚
3272 1434 3436 1506 quod

2058 1515 2329 1588 Josaphat
2346 1515 2602 1591 graviter
2630 1514 2967 1588 peccaverit,
2999 1521 3054 1572 et
3073 1512 3227 1587 quod
3251 1516 3432 1580 Deus,

2058 1600 2119 1651 ut
2140 1596 2193 1652 ei
2214 1603 2490 1668 parceret,
2516 1596 2587 1655 ad
2609 1596 2844 1669 antiqua
2868 1594 3018 1652 bona
3042 1596 3227 1669 ipsius
3247 1610 3437 1668 opera

2058 1679 2384 1738 attenderit.
2417 1683 2502 1737 Ex
2555 1681 2662 1739 hoc
2711 1686 2906 1736 tamen
2959 1695 3076 1736 non
3125 1677 3396 1734 infertur
3417 1723 3430 1743 ,

2057 1760 2206 1832 quod
2248 1761 2513 1833 praedicta
2552 1778 2724 1834 opera
2776 1759 3087 1817 habuerint
3130 1759 3432 1817 rationem

2058 1844 2251 1900 meriti
2273 1844 2343 1901 de
2402 1861 2656 1921 congruo
2697 1845 2948 1917 proprie,
2976 1848 3045 1900 et
3096 1842 3430 1900 intrinsece

2059 1925 2216 1993 talis;
2245 1927 2343 1983 sed
2365 1932 2610 1994 tantum,
2635 1926 2784 2000 quod
2808 1926 3027 1984 fuerint
3051 1925 3334 1981 meritum
3362 1924 3436 1983 de

2056 2022 2309 2081 congruo
2355 2007 2626 2074 abusive,
2657 2014 2711 2065 et
2752 2005 3137 2081 metaphorice
3178 2002 3428 2073 dictum,

2060 2095 2227 2162 prout
2264 2088 2418 2145 idem
2465 2094 2568 2156 est,
2614 2106 2677 2146 ac
2704 2087 3056 2161 impetratio,
3097 2085 3187 2142 vel
3215 2101 3431 2144 conse·
3601 2087 3614 2152 ,l

2055 2171 2254 2243 quatio
2276 2172 2515 2246 alicujus
2537 2169 2820 2237 beneficii,
2852 2174 2914 2226 ut
2940 2184 3114 2240 supra
3134 2186 3291 2225 num.
3344 2171 3430 2226 72

2056 2251 2738 2385 dmggacxolnlisirmationem
2760 2325 3139 2399 respondetur
3153 2322 3429 2398 negando
3466 2354 3568 2396 55,

2057 2409 2345 2466 minorem
2375 2411 2723 2466 intellectam
2766 2407 2837 2465 de
2880 2407 3235 2480 congruitate
3279 2403 3564 2506 ,πο-ἓξ

2058 2490 2182 2563 prie
2206 2497 2442 2565 accepta,
2475 2506 2602 2563 quae
2636 2492 2909 2563 importat
2952 2488 3184 2561 aliquod
3206 2486 3305 2560 jus
3341 2502 3424 2544 ex

2058 2579 2216 2645 parte
2245 2573 2543 2630 merentis.
2575 2569 2681 2628 Sed
2703 2569 3032 2628 differentia
3054 2568 3158 2624 illa
3178 2567 3425 2625 aliunde

2057 2655 2360 2727 provenit,
2410 2659 2475 2709 ut
2519 2653 2809 2728 colligitur
2853 2668 2924 2710 ex
2947 2652 3018 2720 D.
3052 2649 3265 2706 Thom.
3294 2649 3424 2705 loco

2056 2736 2238 2792 citato.
2272 2736 2472 2792 Primo
2491 2750 2562 2792 ex
2589 2751 2674 2801 eo,
2699 2733 2849 2807 quod
2877 2730 3150 2805 Religiosi
3180 2729 3418 2804 perfecti

2058 2820 2262 2873 vacant
2303 2816 2490 2872 studio
2536 2814 2787 2883 virtutiS,
2818 2817 2875 2870 et
2919 2827 3037 2868 non
3083 2810 3165 2867 ita
3202 2822 3416 2885 praepe-

2056 2896 2297 2954 diuntur
2343 2899 2619 2956 vitiorum
2665 2895 2962 2952 vinculis:
2996 2892 3148 2950 unde
3194 2892 3246 2947 si
3268 2892 3414 2947 forte

2054 2981 2382 3049 ceciderint,
2415 2982 2704 3039 minorem
2741 2977 3261 3051 indispositionem,
3289 2973 3412 3030 sive

2059 3066 2443 3123 resistentiam
2517 3064 2730 3122 habent
2787 3061 2858 3119 ad
2920 3059 3355 3118 conversionem
3387 3098 3403 3120 ,

2050 3147 2215 3221 juxta
2237 3147 2384 3204 illud
2413 3147 2625 3203 Psalm.
2659 3145 2765 3201 36:
2797 3142 2940 3201 Cum
2986 3141 3254 3205 ceciderit,
3301 3155 3515 3208 noum
3535 3164 3586 3207 g,

2055 3229 2358 3285 collidetur.
2396 3230 2576 3292 Quem
2605 3228 2791 3283 locum
2837 3238 3132 3296 exponens
3177 3220 3562 3315 θνὶςειιὌήιῖεὲτι

2054 3310 2202 3366 hom.
2226 3312 2281 3377 4,
2314 3310 2503 3383 inquit
2531 3331 2543 3364 z
2569 3308 2820 3380 Injustus
2843 3306 2894 3359 si
2913 3304 3210 3376 peccaverit
3237 3344 3251 3365 .
3291 3316 3395 3355 non

2053 3393 2288 3465 poenitet,
2321 3400 2370 3448 et
2390 3399 2672 3466 peccatum
2698 3407 2861 3445 suum
2891 3387 3178 3443 emendare
3203 3384 3360 3439 nescit
3382 3402 3397 3435 ε

2043 3474 2236 3545 justus
2283 3482 2470 3529 autem
2506 3473 2610 3529 scit
2653 3469 2955 3534 emendare,
2986 3470 3090 3524 scit
3128 3467 3401 3534 con-iqerc.

2056 3555 2315 3613 Secundo
2364 3554 2632 3629 provenit
2657 3569 2730 3610 ex
2775 3549 3142 3625 providentia
3170 3546 3287 3610 Dei,
3315 3542 3411 3616 qui

2057 3652 2175 3693 non
2201 3637 2345 3693 solet
2375 3636 2765 3694 communiter
2784 3630 3133 3690 constituere
3155 3627 3416 3685 homines
3609 3654 3613 3759 Ι

2056 3718 2120 3773 in
2147 3722 2295 3773 statu
2325 3716 2550 3791 mag‘nae
2580 3713 2963 3788 perfectioniS,
3009 3710 3122 3767 nisi
3170 3706 3418 3783 praedes·

2057 3798 2226 3855 tinati
2248 3798 2366 3855 sint
2393 3819 2406 3853 :
2433 3796 2583 3854 unde
2619 3796 2690 3852 ad
2717 3794 2963 3852 eandem
2994 3789 3421 3865 providentiam
3601 3770 3610 3879 J

2055 3886 2269 3955 spectat
2314 3879 2579 3936 homines
2617 3877 2863 3952 insignis
2889 3872 3227 3939 sanctitatis,
3257 3871 3310 3926 si
3349 3869 3423 3927 ab
3607 3900 3610 3971 ιχ

2055 3980 2122 4021 ea
2148 3962 2486 4027 exciderint,
2520 3960 2590 4018 ad
2624 3961 2922 4033 antiquam
2961 3955 3213 4029 gratiam
3243 3951 3421 4009 redn-
3605 4016 3606 4019 Ἴ

2054 4061 2201 4102 cere.
2230 4043 2505 4100 Provenit
2526 4043 2696 4100 tertio
2715 4057 2785 4098 ex
2806 4055 2892 4105 eo,
2923 4036 3073 4110 quod
3095 4033 3421 4108 Religiosus

2051 4126 2286 4201 juvatur
2315 4140 2346 4179 a
2366 4124 2534 4181 sociis
2561 4122 2631 4180 ad
2663 4116 3101 4193 resurgendum,
3127 4118 3184 4171 et
3213 4128 3421 4187 provo-

2056 4214 2215 4266 catur
2242 4222 2444 4264 eorum
2471 4205 2773 4279 exempliS,
2808 4201 3194 4270 incitaturque
3233 4196 3422 4269 ipsias

2056 4290 2303 4347 instituti
2324 4289 2724 4353 observantiis,
2741 4287 2904 4360 juxta
2926 4280 3070 4339 illud
3090 4280 3416 4337 Ecclesiast.
3453 4316 3566 4359 m

2054 4375 2112 4429 -lz
2134 4372 2205 4431 Si
2223 4390 2368 4427 unus
2393 4370 2663 4436 ceciderit,
2691 4367 2761 4423 ab
2781 4366 2954 4422 altero
2989 4362 3275 4435 fulcietur,
3336 4359 3424 4419 Va
3482 4370 3520 4405 4-

2053 4456 2174 4523 soli,
2206 4454 2339 4532 quia
2360 4470 2482 4509 cum
2510 4451 2781 4515 ceciderit,
2807 4464 2917 4503 non
2936 4445 3096 4501 habet
3116 4442 3418 4499 sublevan-

2053 4543 2161 4592 tem
2206 4551 2277 4590 se.
2329 4534 2436 4591 Sed
2479 4531 2765 4606 reparatio
2810 4527 2927 4584 haec
2984 4524 3423 4599 Religiosorum

2055 4607 2388 4667 infallibilis
2434 4623 2552 4665 non
2596 4610 2698 4672 est,
2744 4618 2847 4659 nee
2888 4600 2957 4656 de
2988 4600 3092 4656 illa
3115 4601 3270 4655 extat
3298 4599 3419 4664 lex,

2055 4696 2150 4748 aut
2199 4688 2503 4765 promissio
2542 4686 2776 4754 divina;
2805 4698 2936 4740 cum
2979 4696 3098 4737 non
3124 4681 3304 4737 semel
3333 4681 3425 4736 vi-

2053 4772 2289 4830 deamus
2333 4771 2711 4837 contrarium,
2742 4772 2805 4824 ut
2829 4763 2969 4820 dum
3006 4762 3256 4820 aliorum
3288 4763 3425 4819 rui·

2055 4871 2192 4912 nam
2245 4855 2566 4921 miramur,
2620 4848 2920 4926 proprium
2948 4848 3174 4918 lapsum
3204 4843 3424 4900 sormi-

2052 4937 2273 4996 demus.
2292 4937 2452 5003 Quod
2467 4937 2758 5010 sapienter
2778 4930 3105 4990 insinuavit
3119 4931 3181 4986 D.
3204 4929 3414 4987 Thom.
3434 4971 3490 5015 D.
3514 4971 3582 5014 u

2054 5021 2166 5078 loco
2195 5022 2289 5076 cit.
2321 5022 2382 5076 in
2400 5036 2542 5093 resp.
2572 5018 2647 5074 ad
2671 5017 2725 5084 3,
2758 5013 2856 5071 ubi
2878 5012 2949 5071 de
2969 5009 3276 5085 Religiosis
3298 5011 3418 5067 ait:

2057 5127 2084 5160 α
2130 5103 2189 5160 Si
2230 5107 2423 5162 autem
2470 5098 2813 5177 perveniant
2858 5093 2929 5152 ad
2980 5093 3105 5161 hoc,
3148 5090 3301 5166 quod
3344 5106 3424 5149 ex

3080 5177 3422 5248 contemptu
