3647 5753
508 406 622 465 738
1474 412 1568 466 DE
1609 412 1937 469 INFLUXU
1977 413 2432 470 CHARITATIS.

508 580 675 638 nullo
695 578 867 638 modo
884 587 1116 650 crescat,
1140 592 1343 642 contra·
1362 583 1641 657 priorem:
1666 586 1873 642 Conse·

503 664 740 735 quentia
786 664 983 737 liquet,
1012 670 1075 721 et
1111 665 1288 725 etiam
1329 665 1669 725 antecedens
1701 688 1714 723 :
1744 672 1871 724 tum

504 746 642 817 quia
665 747 716 802 si
740 748 943 803 Petrus
964 763 1065 821 per
1084 748 1334 806 eundem
1358 756 1546 807 actum
1573 750 1874 809 charitatis

506 825 800 883 intensum
847 834 909 882 at
948 835 1186 905 quatuor
1230 846 1285 886 v.
1328 847 1386 904 g.
1428 830 1678 904 imperet
1715 849 1872 890 nunc

506 912 696 964 actum
722 908 1072 966 humilitatis
1098 910 1395 969 intensum
1421 921 1485 969 vt
1523 913 1652 980 duo,
1679 922 1872 987 postea

506 1005 646 1048 vero
684 992 977 1048 intensum
1019 999 1080 1048 ut
1124 1001 1362 1071 quatuor
1401 995 1572 1069 (quod
1609 998 1774 1055 nullo
1799 1014 1873 1056 ex

508 1070 690 1143 capite
740 1075 1042 1147 repugnat)
1091 1074 1391 1147 augebitur
1458 1081 1592 1133 tunc
1644 1078 1873 1136 bonitas

508 1157 665 1209 actus
684 1152 1051 1220 humilitatiS,
1077 1163 1505 1231 cumaugeatur
1525 1160 1647 1234 ejus
1673 1161 1871 1218 inten-

506 1232 633 1290 sio:
661 1238 717 1290 et
745 1235 1131 1293 nihilominus
1167 1238 1418 1295 charitas
1458 1257 1577 1298 non
1606 1247 1865 1315 angetur,

503 1314 604 1373 sed
630 1322 716 1373 est
734 1333 963 1389 semper
989 1320 1242 1392 aequaliS,
1276 1336 1485 1395 nempe
1511 1331 1570 1379 ut
1592 1331 1834 1401 quatuor
1852 1343 1872 1379 .-

502 1402 628 1454 tum
655 1399 852 1465 etiam,
884 1400 1019 1471 quia
1046 1399 1117 1455 ab
1142 1400 1343 1458 eodem
1384 1408 1509 1459 actu
1548 1405 1866 1473 charitatis,

505 1497 539 1538 a
565 1496 678 1553 quo
705 1480 1028 1554 imperatur
1068 1488 1225 1539 actus
1264 1485 1613 1544 humilitatis
1651 1488 1873 1545 durans

506 1576 609 1635 per
649 1578 827 1619 unam
871 1564 1097 1630 horam,
1141 1570 1329 1636 posset
1376 1567 1655 1641 imperari
1701 1570 1868 1639 alins,

505 1642 604 1715 qui
626 1642 861 1701 duraret
883 1660 984 1717 per
1005 1643 1166 1713 duas,
1184 1652 1281 1703 aut
1301 1650 1400 1720 qui
1422 1650 1614 1707 solum
1635 1649 1873 1709 duraret

509 1737 612 1795 per
655 1723 997 1791 dimidiam;
1048 1733 1482 1801 augereturque,
1516 1732 1610 1787 vel
1639 1733 1874 1790 minue-

510 1812 670 1865 retur
698 1808 940 1865 istornm
984 1809 1212 1867 bonitas
1235 1827 1307 1867 ex
1334 1819 1496 1885 parte
1523 1813 1867 1882 durationis,

510 1888 637 1946 sine
661 1904 730 1947 eo
754 1887 904 1962 quod
934 1889 1035 1948 ille
1061 1893 1256 1965 aliquo
1283 1892 1455 1951 modo
1479 1896 1831 1953 variaretur.

586 1969 974 2028 confirmatur
1023 1995 1036 2029 ε
1090 1975 1365 2048 quoniam
1412 1976 1663 2034 charitas
1717 1979 1874 2035 intra

511 2069 676 2111 suam
706 2054 923 2112 lineam
962 2058 1149 2113 solum
1178 2062 1360 2130 potest
1397 2060 1595 2133 augeri
1638 2062 1729 2118 vel
1772 2076 1876 2134 per

510 2136 922 2205 intensionem,
956 2144 1018 2195 ut
1041 2140 1092 2196 si
1121 2146 1276 2197 actus
1312 2143 1434 2217 ejus
1460 2143 1537 2198 sit
1561 2143 1868 2210 intensior,

507 2221 600 2276 vel
649 2236 750 2294 per
794 2222 1210 2289 extensionem,
1252 2240 1352 2280 seu
1392 2224 1779 2292 durationem,
1812 2232 1877 2283 ut

504 2299 580 2355 sit
607 2298 976 2370 diuturnior;
1022 2319 1140 2360 non
1167 2303 1327 2361 enim
1370 2304 1537 2363 facile
1563 2306 1874 2380 excogitari

507 2382 717 2454 poterit
745 2383 904 2440 aliud
930 2399 1115 2458 genus
1141 2387 1437 2460 augmenti
1463 2388 1762 2444 charitatis
1787 2388 1876 2443 in·

505 2466 597 2517 tra
624 2464 921 2535 propriam
953 2464 1169 2522 lineam
1197 2491 1211 2534 ;
1244 2466 1471 2524 bonitas
1506 2473 1698 2525 autem
1726 2468 1877 2524 alia-

507 2557 640 2597 rum
667 2543 954 2599 virtutum
995 2550 1195 2617 potest,
1226 2552 1414 2605 stante
1445 2548 1648 2606 eadem
1676 2549 1875 2607 inten-

503 2621 684 2689 sione,
739 2627 796 2680 et
846 2621 1152 2683 duratione
1191 2633 1363 2693 actus,
1420 2645 1492 2685 ex
1538 2630 1877 2701 innumeris

504 2703 635 2760 aliis
654 2705 936 2777 capitibus
961 2724 1213 2766 crescere
1235 2733 1246 2764 :
1268 2727 1479 2784 nempe
1506 2714 1599 2769 vel
1618 2729 1692 2769 ex
1713 2717 1877 2786 parte

505 2782 726 2858 obJecti,
764 2789 821 2840 et
859 2786 982 2859 ejus
1025 2790 1399 2860 quantitatis;
1454 2792 1547 2847 vel
1594 2806 1666 2847 ex
1716 2796 1878 2864 parte

506 2861 661 2930 finis„
680 2865 773 2922 vel
794 2881 866 2922 ex
888 2871 1048 2939 parte
1074 2869 1204 2936 loci,
1229 2869 1473 2944 aliisque
1501 2870 1877 2929 circumstan-

509 2945 625 3014 tiis,
682 2962 807 3018 quae
858 2952 1069 3021 augent
1113 2949 1429 3007 bonitatem
1482 2950 1875 3009 humanorum

510 3033 755 3094 actuum,
770 3028 934 3101 juxta
959 3028 1109 3086 dicta
1128 3031 1192 3085 de
1211 3030 1381 3089 bonit.
1404 3039 1455 3087 et
1476 3032 1872 3107 malit.disp.4,

506 3108 634 3166 dub.
664 3112 710 3166 l.
729 3110 799 3164 Et
825 3109 932 3166 hac
957 3110 1181 3169 ratione
1202 3118 1358 3168 actus
1388 3113 1709 3186 religionis,
1735 3130 1792 3171 v.
1815 3129 1872 3188 g.

504 3205 661 3263 aeque
713 3190 993 3257 intensus,
1044 3197 1100 3248 et
1143 3192 1476 3261 diuturnus,
1527 3195 1672 3251 sicut
1719 3201 1879 3252 actus

505 3271 872 3340 humilitatis,
907 3276 1089 3345 potest
1114 3273 1219 3330 illo
1257 3289 1380 3331 esse
1421 3274 1747 3348 perfectior,
1782 3276 1875 3332 vel

503 3353 639 3427 quia
666 3355 898 3426 respicit
924 3355 1208 3431 objectum
1232 3357 1507 3428 nobilius,
1535 3361 1627 3416 vel
1655 3360 1791 3432 quia
1812 3356 1879 3414 fit

504 3451 634 3492 cum
686 3434 1061 3494 aedificatione
1107 3440 1542 3510 proximorum,
1604 3441 1693 3498 vel
1741 3441 1878 3513 quia

508 3518 737 3576 additur
757 3518 847 3576 illi
870 3535 1056 3577 novus
1076 3520 1211 3578 finis
1231 3523 1608 3590 extrinsecus,
1633 3528 1695 3578 ut
1714 3522 1878 3580 satis-

510 3598 756 3656 faciendi
788 3616 890 3673 pro
913 3604 1169 3674 peccatis,
1204 3605 1295 3660 vel
1323 3609 1556 3677 propter
1587 3603 1733 3660 alias
1757 3604 1878 3660 cir-

510 3684 882 3740 cumstantias
928 3684 993 3740 in
1043 3701 1112 3743 eo
1155 3692 1540 3752 occurrenteS,
1591 3702 1719 3759 quae
1756 3702 1877 3742 non

509 3767 700 3822 essent
753 3764 816 3820 in
860 3769 985 3822 actu
1040 3765 1407 3825 humilitatis.
1453 3769 1603 3843 Ergo
1647 3766 1877 3823 etiamsi

511 3844 925 3902 universaliter
971 3844 1262 3916 daremus,
1293 3848 1442 3921 quod
1484 3847 1555 3905 ad
1597 3864 1877 3923 augmen-

510 3932 636 3982 tum
676 3925 949 3984 bonitatis
989 3929 1229 3985 moralis
1270 3929 1335 3986 in
1377 3929 1594 3987 actibus
1621 3930 1876 3986 aliarum

510 4007 793 4065 virtutum
817 4013 1120 4081 augeretur
1140 4009 1409 4077 charitas,
1433 4009 1662 4083 quando
1685 4010 1880 4085 hujus-

512 4088 670 4147 modi
693 4095 1065 4163 augmentum
1093 4090 1160 4147 fit
1187 4092 1411 4149 ratione
1432 4093 1671 4168 majoris
1692 4093 1881 4150 inten-

511 4172 709 4238 sioniS,
744 4173 835 4229 vel
861 4171 1188 4231 durationis
1228 4172 1566 4231 eorumdem
1610 4181 1875 4244 actuum;

512 4271 873 4328 nequaquam
896 4260 1091 4312 tamen
1113 4256 1171 4312 id
1192 4256 1501 4315 dicendum
1518 4259 1630 4315 erit
1649 4258 1881 4332 quando

511 4335 849 4410 praedictum
891 4345 1266 4411 augmentum
1314 4340 1598 4415 contingit
1634 4357 1706 4397 ex
1746 4340 1880 4397 aliis

510 4417 790 4492 capitibus
810 4423 867 4476 et
886 4419 1337 4477 circumstantiis
1358 4420 1736 4478 enumeratis,
1751 4424 1879 4479 Non

511 4516 648 4575 ergo
674 4501 977 4577 augebitur
1002 4519 1232 4576 semper
1261 4505 1538 4561 meritum
1573 4503 1639 4559 in
1665 4504 1879 4561 nostris

514 4581 730 4640 actibus
779 4582 851 4639 ad
916 4591 1288 4659 augmentum
1347 4585 1623 4644 bonitatis
1673 4601 1880 4643 eorum

514 4664 774 4731 moralis,
805 4663 856 4720 si
895 4666 980 4736 (ut
1005 4664 1223 4723 dictum
1264 4669 1371 4732 est)
1414 4667 1615 4739 nequit
1654 4665 1875 4741 augeri,

514 4746 656 4821 quin
677 4745 870 4819 aliquo
897 4745 1068 4803 modo
1087 4747 1340 4804 charitas
1366 4752 1664 4822 augeatur.

300 4849 491 4894 mn.
588 4828 682 4886 40.
712 4831 842 4886 Non
883 4828 1074 4901 itaque
1114 4831 1219 4886 hoc
1259 4827 1472 4895 refert;
1504 4828 1882 4903 respondetur

340 4899 466 4944 '²¹¹⁶‘
514 4909 675 4967 enim
698 4907 958 4983 negando
986 4907 1342 4966 antecedens.
1374 4907 1462 4964 Ad
1488 4911 1649 4985 cuius
1676 4910 1882 4983 proba-

301 4958 378 5001 ΡΙὋ
403 4958 488 4994 fes·

330 5009 465 5092 conix.
515 4989 721 5057 tiones,
753 4995 809 5048 et
835 4987 1355 5058 confirmationem,
1395 4997 1457 5047 ut
1496 4991 1711 5048 clarius
1755 5007 1882 5049 res-

308 1956 311 1959 *
326 1977 441 2021 confi
447 1988 484 2021 r·

325 2026 465 2072 matio.

519 5087 764 5143 ponsum
810 5069 1186 5144 praebeamus,
1219 5071 1619 5145 praemittenda
1658 5078 1743 5130 est
1766 5072 1880 5129 tri-

2006 585 2138 657 plex
2175 583 2469 642 distinctio
2521 584 2670 642 circa
2711 589 3090 659 augmentum
3129 583 3376 660 alicujus

2005 666 2226 734 formai,
2255 670 2312 723 et
2341 666 2623 739 praecipue
2646 665 2963 722 charitatis.
3006 665 3213 721 Prima
3249 665 3377 722 dis-

2004 746 2205 804 tinctio
2229 749 2316 803 est
2346 767 2360 802 :
2392 745 2661 805 Charitas
2684 754 2859 820 potest
2905 749 3101 817 augeri
3131 746 3219 801 vel
3247 747 3368 819 sor·

2003 829 2243 896 maliter,
2268 829 2355 885 vel
2371 830 2710 887 virtualiter.
2735 829 3086 887 Formaliter
3105 834 3367 903 augetur.

2004 909 2235 987 quando
2253 911 2661 984 superadditur
2685 914 2739 970 ei
2767 913 2987 987 aliquid
3017 912 3366 980 formaliter,

2003 1010 2104 1051 seu
2130 1008 2202 1050 ex
2229 995 2436 1049 natura
2463 994 2548 1050 rei
2577 993 2648 1049 ab
2685 1009 2754 1051 ea
2780 994 3138 1061 distinctum,
3172 998 3372 1066 utputa

2005 1089 2191 1132 novus
2217 1072 2423 1131 modus
2461 1075 2699 1148 majoris
2741 1074 3114 1133 radicationis
3139 1075 3206 1131 in
3230 1072 3372 1130 sub-

1998 1156 2164 1230 jecto,
2197 1155 2291 1211 vel
2315 1153 2455 1227 quid
2492 1154 2687 1214 simile
2714 1178 2727 1213 ε
2755 1161 2998 1232 augetur
3040 1155 3375 1213 virtualiter

2004 1233 2252 1309 quand0,
2276 1235 2384 1292 etsi
2413 1235 2564 1291 nihil
2591 1237 2704 1294 sibi
2733 1236 3004 1295 adveniat
3043 1236 3375 1294 formaliter

2005 1316 2078 1373 ab
2089 1333 2157 1374 ea
2175 1315 2532 1384 distinctum,
2549 1318 2672 1391 ipsa
2687 1324 2880 1376 tamen
2898 1318 3082 1393 magis
3094 1318 3368 1390 seipsam,

2005 1399 2415 1472 propriamque
2435 1399 2557 1456 vim
2574 1400 3016 1458 informativam
3037 1401 3287 1474 explicat
3309 1401 3374 1457 in

2004 1480 2210 1538 ordine
2236 1478 2308 1536 ad
2336 1480 2638 1554 proprium
2684 1481 3020 1557 subjectum,
3053 1483 3146 1539 vel
3183 1486 3372 1538 mate-

2007 1564 2176 1629 riam,
2208 1561 2490 1620 actuando
2531 1578 2602 1621 ex
2646 1564 2751 1621 illa
2796 1565 2990 1638 plures
3030 1570 3240 1638 partes,
3271 1568 3375 1621 aut

2005 1644 2164 1717 quasi
2203 1649 2410 1717 partes,
2441 1644 2533 1700 vel
2580 1643 2823 1702 eandem
2873 1645 3198 1718 perfectius,
3232 1661 3300 1701 ac
3325 1644 3375 1699 si

2006 1742 2157 1783 nova
2177 1727 2264 1783 vis
2285 1727 2664 1785 informativa
2693 1728 3017 1786 formaliter
3034 1728 3146 1785 sibi
3168 1743 3379 1800 super-

2006 1806 2331 1866 adderetur.
2357 1811 2505 1865 Nam
2533 1814 2838 1882 propterea
2862 1810 2968 1866 hoc
2996 1814 3376 1884 augmentum

2006 1887 2251 1945 dicimus
2273 1890 2533 1955 virtuale,
2560 1890 2694 1962 quia
2715 1890 3020 1963 aequivalet
3040 1895 3373 1965 augmento,

2006 1973 2064 2025 et
2087 1967 2372 2026 additioni
2396 1970 2651 2038 formali,
2678 1971 2840 2044 juxta
2874 1988 2942 2029 ea
2975 1988 3101 2045 quae
3119 1989 3274 2027 nam.
3302 1971 3377 2028 32

2007 2049 2280 2116 diximus,
2312 2056 2367 2108 et
2393 2052 2675 2124 exemplis
2703 2067 2822 2107 non
2851 2052 3003 2107 nihil
3045 2051 3378 2108 illustravi-

2007 2146 2155 2187 mus.
2181 2130 2438 2188 Secunda
2456 2131 2751 2189 distinctio
2770 2138 2856 2188 est
2877 2155 2890 2188 ε
2916 2132 3185 2191 Charitas
3202 2140 3378 2207 potest

2007 2214 2217 2282 στερεῖ-ι’,
2249 2214 2333 2268 vel
2358 2216 2642 2280 intensive,
2679 2215 2765 2269 vel
2790 2218 3089 2271 eaetensive.
3120 2217 3379 2288 Augetur

2008 2295 2290 2360 intensive,
2322 2294 2552 2368 quando
2580 2296 2643 2352 in
2670 2296 2870 2354 eodem
2912 2296 3164 2369 subjecto
3189 2294 3376 2368 magis

2010 2376 2316 2445 radicatur,
2348 2377 2556 2450 datque
2597 2379 2688 2435 illi
2737 2379 3040 2450 perfectius
3084 2392 3207 2435 esse
3247 2393 3374 2434 res-

2010 2464 2171 2532 pectu
2224 2458 2477 2532 ejusdem
2531 2459 2711 2531 partis
2762 2458 3020 2533 subjecti,
3070 2460 3165 2516 vel
3208 2459 3374 2530 quasi

2010 2540 2191 2613 partis
2218 2560 2231 2595 ε
2259 2545 2316 2596 et
2347 2543 2642 2606 extensive,
2674 2539 2908 2612 quando
2947 2540 3134 2614 magis
3169 2545 3374 2598 exten-

2008 2621 2185 2689 ditur,
2221 2622 2311 2678 vel
2349 2623 2573 2680 ratione
2618 2623 2859 2697 majoris
2904 2620 3247 2689 durationis,
3277 2622 3372 2678 vel

2009 2704 2144 2777 quia
2170 2703 2503 2761 extenditur
2531 2700 2602 2760 ad
2632 2704 2827 2776 plures
2853 2701 3110 2777 ejusdem
3137 2701 3376 2776 subjecti

2009 2782 2176 2857 quasi
2220 2789 2410 2857 partes
2452 2783 2773 2852 actuandas,
2830 2789 2885 2840 et
2936 2782 3372 2858 dignificandas.

2011 2868 2108 2922 Est
2137 2865 2303 2922 tertia
2330 2864 2624 2924 distinctio
2656 2888 2670 2922 ι
2704 2864 2881 2923 Potest
2909 2867 3103 2935 anyer-i
3131 2865 3212 2921 vel
3235 2865 3375 2938 phy-

2008 2952 2134 3016 sice,
2166 2947 2251 3004 vel
2287 2949 2592 3005 moraliter.
2627 2948 2887 3022 Physice,
2928 2953 2990 3003 ut
3028 2964 3160 3004 cum
3203 2947 3369 3012 illud,

2009 3028 2159 3105 quod
2209 3028 2634 3100 superadditur,
2689 3029 2937 3101 pertinet
2990 3028 3060 3085 ad
3108 3029 3371 3087 ordinem

2010 3109 2332 3185 physicum,
2359 3111 2483 3168 sive
2510 3110 2581 3168 ad
2607 3111 2876 3169 ordinem
2907 3110 3009 3177 rei,
3042 3116 3212 3184 atque
3238 3109 3375 3167 adeo

2010 3195 2207 3254 crescit
2229 3210 2332 3268 per
2360 3194 2508 3250 illud
2532 3195 2595 3250 in
2621 3209 2743 3251 esse
2770 3193 2922 3251 entis
2950 3214 2962 3248 :
2992 3198 3050 3250 et
3069 3195 3372 3261 moraliter,

2009 3277 2239 3351 quando
2278 3278 2406 3334 sine
2445 3275 2774 3349 hujusmodi
2820 3275 3118 3334 additione
3145 3278 3376 3352 physica

2009 3361 2234 3432 (saltem
2262 3357 2519 3423 formali)
2550 3357 2751 3414 fundat
2795 3357 3077 3431 majorem
3124 3359 3375 3414 aestima-
3447 3387 3454 3391 -

2009 3442 2249 3509 tionem,
2279 3446 2338 3498 et
2366 3442 2624 3497 valorem
2659 3440 2941 3496 moralem
2969 3463 2982 3498 ι
3013 3456 3126 3513 qua
3155 3439 3379 3497 ratione

2010 3525 2372 3597 operationes
2408 3522 2618 3579 Christi
2663 3521 2918 3588 Domini,
2950 3538 3077 3594 quae
3122 3522 3369 3596 physice.

2009 3605 2156 3663 etin
2195 3620 2318 3662 esse
2362 3603 2513 3662 entis
2549 3606 2718 3660 erant
2763 3602 3048 3669 limitatae,
3080 3608 3138 3660 et
3176 3601 3372 3667 finite,

2011 3684 2226 3743 habent
2252 3686 2510 3744 valorem
2546 3684 2830 3741 moralem
2871 3688 2928 3740 et
2954 3683 3378 3741 aestimabilite-

2011 3773 2129 3825 tem
2175 3765 2471 3823 infinitam
2515 3766 2740 3822 ratione
2782 3779 3037 3837 personae
3076 3765 3314 3831 divinae,
3345 3780 3378 3821 a

2010 3865 2124 3922 qua
2150 3847 2384 3905 infinite
2410 3844 2921 3921 dignificabantur.

2086 3929 2307 3988 Deinde
2351 3928 2615 3985 habenda
2659 3932 2795 3983 sunt
2845 3942 2962 3999 prae
3000 3927 3206 3995 oculiS,
3253 3942 3383 4000 quae

2011 4011 2140 4070 dub.
2175 4013 2398 4086 praeced.
2449 4029 2602 4077 num,
2646 4010 2720 4065 23
2763 4017 2813 4065 et
2853 4011 2942 4076 24,
2987 4009 3286 4084 tetigimus
3322 4016 3382 4067 et

2010 4094 2136 4151 «iub¹
2169 4097 2224 4165 5,
2268 4095 2550 4168 latiusque
2595 4093 2661 4150 in
2700 4093 2948 4149 materia
2992 4090 3064 4148 de
3103 4091 3391 4149 charitate

2011 4175 2446 4249 explicabimus,
2470 4174 2622 4249 quod
2647 4173 2864 4232 scilicet
2901 4172 3156 4246 propria,
3187 4178 3247 4230 et
3265 4173 3386 4228 im-

2012 4258 2266 4316 mediata
2290 4259 2479 4316 forma
2520 4273 2623 4331 per
2662 4272 2835 4330 quam
2875 4256 3130 4312 charitas
3169 4254 3386 4313 imme-

2011 4339 2167 4397 diate
2216 4338 2543 4414 dignificat,
2603 4342 2663 4395 et
2714 4337 3023 4404 informat,
3082 4334 3394 4409 redditque

2012 4419 2343 4479 meritorios
2364 4425 2519 4477 actus
2540 4418 2792 4475 aliarum
2820 4418 3128 4482 virtutum,
3154 4432 3273 4474 non
3296 4423 3392 4473 est

2013 4499 2135 4574 ipse
2162 4506 2338 4567 actus,
2372 4500 2464 4557 vel
2503 4497 2733 4555 habitus
2773 4497 3091 4561 charitatis,
3123 4494 3223 4552 sed
3250 4511 3386 4554 mo-

2011 4581 2119 4638 dus
2161 4580 2397 4654 quidam
2445 4580 2683 4636 actualis
2730 4576 2802 4636 ab
2848 4595 2934 4646 ea,
2985 4576 3193 4633 mediis
3239 4577 3392 4652 ipsis

2012 4662 2345 4727 virtutibus,
2379 4660 2449 4717 ad
2488 4675 2694 4718 earum
2735 4665 2894 4717 actus
2938 4658 3250 4727 derivatus,
3278 4659 3385 4732 qni

2011 4750 2115 4812 est,
2146 4748 2204 4802 et
2228 4743 2341 4801 dici
2367 4748 2546 4816 potest
2559 4743 2926 4815 participium
2945 4740 3262 4808 charitatis,
3287 4742 3387 4799 vel

2012 4826 2262 4884 charitas
2280 4826 2694 4899 participative.
2726 4824 2941 4898 quique
2965 4822 3279 4880 intrinsece
3296 4827 3394 4880 est

2014 4907 2079 4964 in
2101 4905 2386 4982 praedictis
2404 4904 2645 4973 actibus,
2670 4919 2766 4961 eos
2787 4903 3101 4962 intrinsece
3122 4908 3386 4970 aetuans,

2014 4990 2360 5056 informans,
2399 4993 2456 5045 et
2506 4985 2873 5062 dignificans,
2926 5003 2992 5044 ac
3037 4985 3387 5048 formaliter,

2014 5070 2343 5138 modaliter,
2372 5084 2472 5127 seu
2499 5074 2774 5143 tanquam
2815 5067 3004 5126 forma
3042 5065 3396 5199 ἰωηίιξὲίἒξι

3099 5157 3161 5198 re
3369 5182 3390 5206 ,
