3647 5753
1373 402 1549 457 DISP.
1596 401 1715 467 v11,
1758 400 1929 456 DUB.
1972 403 2041 457 ΙΙ.
3050 405 3125 460 29

246 580 405 637 denti
452 595 826 647 consensum,
855 586 912 638 et
934 596 1064 637 cum
1082 580 1186 638 illo
1225 578 1621 637 infallibiliter

244 675 527 717 connexo.
548 664 696 718 Cum
714 663 876 719 enim
899 661 1184 720 auxilium
1201 660 1398 718 efficax
1418 660 1493 717 sit
1507 675 1625 717 me·

246 738 428 805 dium,
463 756 569 814 per
589 741 742 815 quod
765 745 908 800 Deus
933 742 1253 815 assequitur
1279 755 1624 798 consensum

253 835 286 875 a
311 835 375 877 se
389 820 712 887 intentum,
729 822 926 895 nequit
941 837 1059 879 non
1077 820 1288 879 habere
1307 820 1627 878 connexio-

247 914 383 957 nem
441 900 903 967 antecedentem,
957 905 1015 959 et
1070 899 1445 958 infallibilem
1492 915 1625 956 cum

243 995 549 1047 consensu,
578 982 726 1037 alias
749 982 847 1039 Dei
864 983 1133 1039 voluntas
1158 985 1364 1053 posset,
1387 980 1626 1037 attentis

245 1059 538 1129 omnibus,
572 1062 845 1119 frustrari
873 1061 1057 1136 :quod
1078 1066 1163 1118 est
1182 1058 1518 1126 absurdum,
1568 1066 1626 1116 ut

88 1153 217 1188 um·
248 1137 392 1197 bene
417 1142 617 1216 arguit
642 1144 853 1198 Suarez
879 1144 939 1196 in
957 1158 1140 1215 opusc.
1173 1141 1271 1196 lib.
1300 1140 1355 1204 3,
1381 1157 1503 1213 cap.
1539 1141 1622 1206 14,

251 1238 402 1277 num.
449 1224 506 1277 8.
558 1224 736 1295 Atqui
787 1222 973 1298 gratia
1018 1236 1138 1279 non
1196 1221 1438 1278 sortitur
1480 1220 1628 1277 hanc

252 1304 638 1362 infallibilem
679 1306 1099 1364 connexionem
1126 1303 1514 1376 dependenter
1555 1302 1626 1360 ab

250 1386 731 1458 attemperatione
776 1386 947 1443 liberi
1000 1384 1250 1449 arbitrii,
1291 1388 1566 1456 tanquam
1594 1399 1627 1439 a

246 1482 427 1533 causa,
461 1468 557 1524 vel
606 1466 961 1525 conditione.
991 1469 1139 1542 Ergo
1189 1466 1375 1541 gratia
1403 1466 1466 1521 in
1504 1479 1627 1521 esse

244 1548 483 1605 efficacis
536 1565 659 1606 non
699 1550 1065 1606 constituitur
1096 1564 1198 1621 per
1224 1548 1347 1613 hoc,
1379 1546 1527 1619 quod
1551 1547 1621 1603 li-

252 1629 450 1687 berum
496 1630 817 1687 arbitrium
864 1631 974 1704 ipsi
1023 1634 1470 1702 attemperetur;
1527 1626 1626 1685 sed

246 1709 481 1769 aliunde
508 1711 690 1769 habet
707 1728 874 1768 suam
904 1709 1283 1768 infallibilem
1311 1709 1627 1767 connexio-

249 1808 400 1857 nem,
426 1793 556 1848 sire
575 1792 910 1849 efficaciam.
938 1790 1223 1849 Probatur
1250 1791 1467 1853 minor,
1492 1789 1628 1862 quia

248 1872 352 1927 illa
369 1872 783 1945 attemperatio
804 1871 976 1928 liberi
1007 1870 1237 1929 arbitrii
1259 1869 1403 1941 (sive
1428 1884 1628 1926 suma-

249 1957 342 2007 tur
367 1958 428 2007 ut
467 1967 666 2017 causa,
711 1951 833 2008 sive
861 1955 923 2007 ut
961 1950 1234 2022 conditio)
1259 1948 1629 2025 conjungitur

244 2047 402 2087 exse
444 2048 691 2104 prorsus
745 2031 1071 2089 fallibiliter
1120 2048 1250 2089 cum
1300 2045 1624 2096 consensu;

246 2110 533 2184 siquidem
589 2127 667 2168 ex
715 2128 774 2169 se
811 2117 898 2169 est
935 2112 1178 2169 omnino
1230 2110 1548 2176 mutabilis,
1573 2114 1629 2167 et

251 2192 610 2267 contingens,
662 2207 766 2249 nec
806 2192 977 2249 habet
1018 2192 1206 2249 ullum
1253 2189 1650 2264 praedicatum

249 2287 577 2329 connexum
635 2272 755 2328 ulla
814 2271 1148 2329 necessitate
1195 2287 1324 2328 cum
1374 2268 1572 2327 effectu
1613 2290 1627 2325 ε

255 2369 389 2427 crgo
412 2353 598 2428 gratia
647 2352 1003 2419 antecedens,
1048 2360 1103 2409 et
1128 2351 1322 2409 efficax
1351 2368 1469 2409 non
1500 2367 1631 2408 sor-

257 2435 396 2489 titur
419 2450 587 2490 suam
632 2433 1114 2490 infallibilitatem
1147 2430 1533 2505 dependenter
1558 2430 1630 2487 ab

258 2514 738 2587 attemperatione
794 2512 1045 2585 arbitrii,
1092 2528 1196 2569 nec
1269 2518 1541 2584 tanquam
1597 2528 1630 2568 a

254 2609 438 2660 causa,
490 2610 599 2652 nec
653 2599 929 2667 tanquam
969 2609 1002 2650 a
1059 2592 1408 2650 conditione.
1471 2590 1629 2656 Quod

254 2674 412 2731 enim
456 2675 719 2733 fallibile
757 2691 827 2731 ex
875 2690 937 2732 se
981 2680 1083 2743 est,
1124 2673 1408 2747 quomodo
1449 2678 1631 2747 potest

258 2762 352 2813 aut
402 2772 503 2829 per
545 2755 792 2814 modum
838 2772 1036 2823 causae,
1094 2763 1191 2813 aut
1246 2771 1346 2828 per
1393 2753 1628 2812 modum

255 2838 608 2896 conditionis
641 2836 1118 2895 infallibilitatem
1146 2836 1411 2895 conferre
1437 2839 1464 2893 ?
1505 2837 1631 2892 Un—

259 2920 326 2976 de
388 2919 606 2977 merito
664 2918 1033 2985 asseruimus,
1104 2916 1341 2975 modum
1394 2933 1428 2973 a
1485 2918 1631 2991 Vas-

258 3002 388 3075 quio
446 3001 844 3075 excogitatum
917 3001 1208 3065 inutilem,
1288 3005 1345 3058 et
1408 2997 1631 3055 insuffi-

253 3083 497 3139 cientem
537 3096 671 3138 esse
718 3080 788 3137 ad
836 3080 1280 3155 intelligendam
1322 3079 1630 3138 efficaciam

251 3163 489 3235 gratiae,
520 3161 669 3236 qnia
695 3177 826 3217 cum
855 3159 1117 3217 intendat
1142 3160 1360 3234 aliquid
1386 3159 1632 3233 speciale

262 3243 406 3299 circa
432 3245 782 3316 praesentem
810 3241 1200 3299 difficultatem
1240 3241 1446 3306 dicere,
1479 3239 1629 3296 nihil

265 3322 490 3380 tandem
514 3321 755 3380 veritati
783 3337 1098 3403 consonum
1122 3320 1388 3386 affirmat,
1418 3319 1516 3377 sed
1541 3320 1630 3377 vel

257 3404 530 3461 coincidit
549 3421 691 3461 cum
710 3404 940 3460 Molinae
953 3405 1245 3477 opinione,
1261 3419 1433 3477 quam
1450 3403 1632 3458 vitare

259 3484 484 3554 studet;
510 3486 616 3542 vel
645 3484 891 3541 recurrit
915 3483 985 3540 ad
1006 3484 1308 3540 scientiam
1353 3483 1626 3547 mediam,

265 3581 384 3637 quzn
422 3571 629 3622 tamen
670 3581 788 3622 non
817 3564 1083 3638 praevidit
1119 3564 1401 3637 majorem
1425 3568 1632 3620 attem-

269 3646 630 3716 perationem
703 3643 1127 3701 antecedentem
1180 3658 1519 3700 consensum
1569 3643 1632 3697 in

272 3729 496 3801 Angelis
519 3726 716 3792 bonis,
741 3742 912 3799 quam
931 3725 993 3782 in
1015 3725 1205 3792 maliS,
1225 3725 1408 3781 necin
1437 3724 1627 3790 Sau10,

261 3823 434 3878 quam
484 3809 548 3864 in
600 3805 842 3873 Adamo,
899 3812 960 3861 ut
1016 3809 1046 3876 ἓ
1096 3806 1314 3878 praeced..
1358 3804 1628 3861 vidimus

273 3887 413 3961 Ergo
452 3903 727 3946 recursus
749 3885 851 3942 ille
880 3884 949 3941 ad
995 3886 1220 3941 variam
1246 3883 1632 3957 subjectorum

263 3968 830 4042 attemperationem,
853 3973 908 4025 et
927 3966 1369 4042 circunstantias
1392 3972 1634 4023 natura-

273 4051 347 4108 les
373 4053 501 4119 loci,
534 4049 836 4123 temporis,
861 4056 966 4106 etc.
999 4049 1225 4106 inutilis
1250 4065 1484 4123 prorsus
1531 4067 1633 4124 ap-

268 4139 424 4205 paret
462 4133 534 4190 ad
585 4132 988 4206 explicandam
1051 4133 1249 4206 gratiae
1301 4131 1628 4198 efficaciam,

261 4230 386 4286 quae
407 4214 657 4289 proinde
676 4231 748 4272 ex
764 4215 893 4271 aliis
918 4213 1215 4287 principiis
1240 4212 1506 4269 venanda
1525 4217 1632 4270 est.

868 4396 899 4464 ς
946 4394 1039 4448 111.

419 4544 599 4602 Plura
653 4543 1088 4599 inconvenientia
1125 4557 1197 4595 ex
1263 4538 1491 4617 Vasquii

632 4626 886 4699 opinione
936 4622 1273 4694 inferuntur.

109 4800 256 4848 mmm
350 4775 440 4830 43.
483 4774 766 4849 Arguitur
818 4770 1025 4827 tertio:
1092 4768 1367 4842 quoniam
1413 4784 1484 4825 ex
1537 4766 1641 4824 illo

133 4854 233 4944 iffi·
284 4856 501 4913 dicendi
532 4856 723 4921 modo,
768 4869 938 4928 quem
978 4854 1230 4924 vasquez
1276 4849 1635 4924 excogitavit,

288 4941 448 5011 plura
471 4943 793 5012 sequuntur
822 4933 1290 4992 inconvenientia
1317 4954 1330 4986 :
1360 4946 1497 5005 ergo
1526 4945 1642 4987 non

286 5019 442 5078 debet
468 5021 718 5079 admitti.
775 5017 1053 5074 Probatur
1098 5013 1434 5072 antecedens
1463 5037 1475 5080 ;
1507 5028 1643 5068 nam
1698 5045 1711 5067 .

1755 579 1820 635 in
1849 578 2058 651 primis
2100 580 2377 654 sequitur,
2422 580 2828 637 discretionem
2859 580 3032 635 unius
3054 579 3125 637 ab

1756 660 1873 717 alio
1921 661 2301 728 revocandam
2328 677 2445 719 non
2471 677 2595 718 esse
2622 661 2685 717 in
2712 662 2981 736 gratiam,
3025 662 3123 718 sed
3174 674 3299 731 suria

1756 739 1820 795 in
1867 746 2157 810 naturam,
2188 743 2310 800 sive
2336 743 2402 798 in
2443 742 2773 799 naturalem
2814 741 3121 798 hominum
3153 730 3315 815 fflss'ss

1755 818 2190 893 dispositionen.
2235 822 2295 877 Si
2334 822 2494 878 enim
2539 821 2740 878 eadem
2780 826 2895 876 tam
2936 821 3123 893 speci-
3136 821 3331 912 dvasquji

1756 900 1878 967 fice,
1908 917 2080 974 quam
2111 902 2397 960 intensive
2419 901 2606 977 gratia
2634 902 2697 958 in
2729 917 2845 959 uno
2870 878 3340 977 subjectoffffie‘sslssf‘

1755 987 1840 1038 est
1864 997 2137 1057 congrua,
2164 987 2221 1039 et
2248 983 2399 1054 parit
2440 998 2759 1048 assensum,
2808 982 2943 1054 quia
2974 971 3315 1062 libe-‘'t‘i'ssfflg

1758 1079 1889 1120 rum
1936 1063 2245 1121 arbitrium
2277 1065 2387 1137 ipsi
2417 1070 2830 1137 attemperatur
2862 1088 2875 1131 ;
2916 1065 2977 1120 in
3007 1064 3122 1122 alio
3154 1077 3319 1112 revoca-

1757 1161 1896 1202 vero
1914 1143 2164 1219 subjecto
2183 1153 2265 1203 est
2288 1163 2405 1204 non
2426 1161 2695 1219 congrua,
2739 1150 2795 1201 et
2825 1161 3120 1202 assensum
3135 1119 3324 1219 gigiifflx.

1759 1241 1876 1282 non
1927 1223 2125 1290 infert,
2181 1225 2315 1297 quia
2360 1226 2611 1282 liberum
2664 1223 2974 1280 arbitrium
3028 1224 3119 1280 illi

1759 1319 1876 1361 non
1898 1304 2355 1361 accommodatur
2387 1328 2402 1373 ς
2450 1302 2757 1361 manifeste
2796 1303 3113 1377 colligitur,

1756 1384 2160 1443 discretionem
2207 1386 2615 1444 consentientis
2651 1402 2682 1442 a
2713 1400 2830 1441 non
2876 1400 3123 1441 consen-

1756 1464 1935 1521 tiente
1970 1464 2397 1522 attribuendam
2425 1467 2548 1523 fore
2574 1481 2692 1523 non
2730 1464 2948 1539 gratiae,
2998 1481 3123 1537 quae

1756 1543 1992 1616 aequalis
2030 1545 2373 1617 supponitur
2404 1569 2419 1613 ς
2462 1544 2561 1601 sed
2603 1544 2858 1601 naturali
2885 1541 3122 1617 subjecti

1756 1624 2141 1696 dispositioni,
2204 1624 2275 1683 ob
2316 1625 2475 1699 cujus
2540 1624 3125 1682 accommodationem

1756 1705 2028 1777 sequitur,
2059 1706 2151 1761 vel
2176 1721 2294 1762 non
2320 1707 2578 1780 sequitur
2605 1721 2931 1764 consensus.

1833 1788 1946 1842 Nec
1974 1784 2198 1859 prodest
2246 1788 2479 1860 Vasquii
2509 1787 2770 1844 doctrina
2790 1786 3117 1854 asserentiS,

1726 1880 1729 1884 “
1756 1866 1907 1939 quod
1937 1867 2065 1925 licet
2097 1868 2295 1942 ,gratia
2320 1883 2354 1924 a
2379 1871 2495 1926 Deo
2543 1867 2893 1926 descendens
2919 1870 2993 1924 sit
3019 1883 3123 1926 ea-

1758 1948 1890 2006 dem
1917 1948 2236 2015 entitative,
2268 1955 2325 2006 et
2346 1949 2408 2005 in
2428 1966 2506 2018 se,
2534 1951 2795 2006 variatur
2822 1950 3126 2007 nihilomi-

1760 2046 1869 2085 nus
1897 2029 1961 2084 in
1990 2030 2213 2086 ratione
2250 2030 2467 2104 gratiae,
2517 2036 2572 2087 et
2618 2028 2925 2088 beneficii:
2981 2046 3120 2086 nam

1757 2126 1890 2166 cum
1929 2109 2223 2166 confertur
2265 2108 2532 2182 subJ'ecto,
2576 2109 2725 2182 quod
2774 2110 3123 2183 praevidetur

1759 2191 1871 2264 ipsi
1919 2195 2377 2263 attemperatum,
2404 2198 2486 2247 est
2526 2191 2711 2266 major
2738 2191 2801 2247 in
2836 2207 2958 2248 esse
2983 2205 3124 2265 gra-

1761 2272 1874 2335 tiae,
1924 2287 2097 2344 quam
2118 2287 2250 2328 cum
2277 2270 2447 2328 datur
2468 2272 2634 2329 alteri
2662 2270 2929 2344 subjecto,
2972 2272 3122 2343 quod

1762 2353 1871 2426 ipsi
1920 2369 2037 2410 non
2077 2357 2516 2425 attemperatum
2566 2353 2859 2426 praescitur
2889 2373 2902 2408 ε
2957 2359 3125 2426 atque

1760 2434 1891 2492 ideo
1918 2450 2034 2492 non
2060 2433 2336 2506 sequitur,
2369 2433 2519 2507 quod
2545 2451 2675 2491 cum
2703 2434 2910 2506 aequali
2936 2436 3125 2508 gratia

1761 2516 1825 2572 in
1852 2515 2193 2589 essegratiae
2225 2530 2373 2570 unus
2400 2516 2717 2573 consentiat
2750 2514 3127 2573 dissentiente

1761 2597 1943 2653 altero
1969 2618 1982 2661 ;
2029 2611 2162 2651 nam
2190 2610 2418 2667 semper
2443 2595 2541 2668 qui
2570 2595 2872 2660 consentit,
2925 2595 3127 2667 recipit

1759 2676 2006 2750 gratiam
2031 2690 2365 2748 congruam,
2397 2676 2489 2731 vel
2516 2674 2627 2731 sibi
2658 2680 3120 2747 attemperatam,

1761 2762 1818 2813 et
1860 2762 2268 2829 consequenter
2314 2757 2595 2830 majorem
2640 2756 2702 2811 in
2742 2772 2865 2813 esse
2903 2757 3123 2832 gratiae.

1764 2839 1898 2901 Hoc,
1943 2835 2198 2909 inquam,
2249 2835 2399 2894 nihil
2441 2835 2667 2909 prodest
2692 2860 2706 2898 z
2756 2837 2890 2910 quia
2937 2837 3126 2911 ipsum

1763 2924 2133 2994 augmentum
2158 2920 2357 2993 gratiae
2384 2918 2446 2974 in
2468 2934 2588 2976 esse
2609 2920 2809 2995 gratiae
2833 2919 3129 2977 reducitur

1756 3001 1921 3075 juxta
1948 2999 2096 3056 hanc
2120 2998 2443 3056 doctrinam
2471 2998 2542 3055 ad
2594 3000 3130 3073 attemperationem

1762 3080 2011 3146 arbitrii,
2035 3085 2092 3136 et
2111 3079 2181 3137 ad
2208 3080 2652 3137 circunstantias
2675 3082 2967 3138 naturales
2992 3081 3123 3146 loci,

1762 3159 2054 3233 temporis,
2075 3165 2178 3216 etc.
2203 3158 2487 3231 siquidem
2505 3160 2631 3218 ideo
2651 3159 2863 3217 dicitur
2883 3164 3131 3231 ,qratiam

1760 3243 1882 3314 fieri
1907 3258 2221 3312 conyruam,
2252 3242 2383 3317 quia
2411 3241 2499 3297 iun
2544 3250 2943 3316 attemperantur
2970 3244 3131 3299 arbi-

1763 3325 1935 3378 trium
1961 3340 1979 3374 .·
2005 3335 2130 3394 quae
2156 3322 2574 3393 attemperatio,
2623 3322 2671 3377 si
2709 3321 2998 3390 deficeret,
3034 3341 3132 3382 re-

1763 3404 2123 3474 linqueretur
2161 3401 2345 3474 gratia
2375 3401 2437 3456 in
2462 3416 2583 3457 esse
2613 3416 2728 3458 non
2754 3418 3038 3477 congruae,
3066 3421 3131 3461 ac

1765 3481 2007 3557 proinde
2036 3498 2268 3555 prorsus
2303 3482 2539 3554 aequalis
2566 3481 2677 3546 illi,
2736 3499 2860 3555 quae
2886 3500 3133 3542 consen-

1762 3580 1891 3620 sum
1920 3579 2037 3620 non
2060 3563 2401 3635 assequitur.
2427 3563 2568 3617 Tota
2597 3561 2769 3636 igitur
2798 3562 3135 3622 differentia

1764 3644 1918 3700 inter
1942 3642 2193 3717 gratiam
2218 3657 2553 3716 congruam,
2577 3647 2633 3697 et
2656 3658 2771 3698 non
2793 3658 3130 3716 congruam,

1763 3728 1821 3781 et
1872 3727 1988 3779 tota
2031 3721 2297 3778 discretio
2346 3722 2498 3777 inter
2548 3722 3023 3788 consentientem,
3078 3730 3135 3781 et

1766 3819 1884 3860 non
1922 3801 2389 3866 consentientem,
2436 3816 2555 3857 non
2599 3800 2669 3857 ad
2714 3802 2983 3875 gratiam,
3039 3806 3134 3861 vel

1764 3886 1946 3940 Deum
1992 3880 2308 3936 Autborem
2354 3882 2861 3952 supernaturalem
2895 3905 2908 3948 ;
2937 3880 3035 3938 sed
3064 3881 3133 3940 ad

1765 3967 2055 4028 naturam,
2111 3963 2167 4017 et
2213 3960 2505 4015 naturales
2552 3961 2675 4033 ejus
2729 3960 3137 4032 dispositiones

1768 4041 2055 4117 primituS,
2080 4045 2134 4097 et
2160 4039 2526 4114 originaliter
2550 4046 2872 4097 revocatur.
2916 4043 2997 4096 Ex
3025 4056 3137 4114 quo

1767 4124 2011 4181 ulterius
2037 4121 2147 4188 fiet,
2196 4120 2346 4195 quod
2373 4121 2475 4176 ille
2496 4122 2592 4194 qui
2618 4121 2788 4178 habet
2828 4123 3135 4180 meliorem

1765 4203 2242 4278 complexionem,
2290 4202 2403 4259 =vel
2457 4202 2995 4275 attemperationem
3062 4201 3132 4258 ad
3226 4205 3229 4208 '

1765 4287 2032 4360 gratiam,
2077 4282 2280 4339 habeat
2325 4281 2543 4354 aliquid
2572 4281 2722 4355 quod
2748 4298 2879 4338 cum
2913 4298 3030 4339 non
3061 4282 3135 4338 sit

1766 4364 1994 4422 effectus
2006 4362 2225 4438 gratiae,
2252 4362 2322 4419 ad
2341 4363 2520 4418 vitam
2536 4369 2814 4418 aeternam
2837 4361 3135 4420 conducat.

1683 4481 1686 4486 -
1769 4446 1925 4502 Idem
1978 4450 2168 4501 autem
2221 4444 2284 4499 in
2353 4442 2832 4516 semipelagianis
2900 4443 3139 4499 damnat

1769 4525 2087 4584 Concilium
2110 4524 2526 4580 Arausicanum
2547 4523 2863 4580 secundum
2895 4526 3130 4593 can.22,
3177 4543 3329 4585 conci-

1769 4606 1861 4662 his
1882 4605 2073 4662 verbis
2098 4626 2112 4660 :
2144 4602 2317 4661 Nemo
2343 4604 2499 4659 habet
2526 4604 2590 4658 de
2614 4621 2730 4670 suo,
2759 4605 2954 4676 utique
2979 4601 3132 4677 quod
3165 4591 3336 4685 stiffi}-

1771 4687 1947 4762 possit
1990 4684 2305 4743 conducere
2333 4684 2401 4741 ad
2448 4685 2629 4742 vitam
2673 4691 2976 4752 aeternam,
3027 4687 3139 4740 rai-si
3168 4701 3330 4735 canum-

1772 4769 2134 4830 mendacium,
2158 4773 2207 4820 et
2221 4773 2524 4839 peccatum.
2565 4764 2634 4823 St
2659 4766 2794 4843 quid
2820 4780 3003 4822 autem
3029 4766 3143 4820 ha-

1771 4849 1853 4904 bet
1897 4848 2071 4910 honw,
2095 4847 2398 4910 veritatem,
2429 4851 2592 4921 atque
2606 4846 2912 4915 justitiam,
2944 4845 3013 4900 ab
3043 4838 3141 4900 illo

1772 4930 1921 5002 fonte
1939 4934 2014 4982 est
2036 4942 2187 5003 quem
2212 4925 2459 4981 debemus
2478 4927 2636 4980 sitire
2658 4927 2716 4980 in
2736 4927 2841 4981 hac
2863 4943 3062 4980 creme.

1849 5010 1940 5063 44.
1988 5007 2159 5073 Dices,
2228 5005 2714 5079 semipelagianos
2771 5021 3014 5069 errasse,
3087 5010 3144 5059 et
