3647 5753
453 381 564 436 546
734 463 739 466 -
1121 376 1217 434 DE
1255 376 1864 450 DISPOSITIONIBUS
1903 377 2000 432 AD
2038 377 2704 435 JUSTIFICATIONEM.

454 556 576 607 tam
602 547 873 605 fiduciam
899 546 1101 604 salutis
1130 563 1232 619 per
1253 546 1550 603 Christum
1578 545 1815 620 adeptae,

455 632 651 706 plures
688 645 891 687 eorum
939 627 1284 703 significant,
1317 633 1380 684 ut
1420 627 1609 685 videri
1640 633 1822 701 potest

241 717 415 771 sumet.
455 712 605 788 apud
626 711 1047 784 Stapletonium
1073 710 1166 766 lib.
1194 712 1247 777 8,
1272 711 1337 766 de
1355 709 1664 777 laetificat.
1693 728 1818 784 cap.

270 768 405 813 mm·
454 795 509 860 3,
541 797 597 849 et
623 791 955 847 Tiletanum
992 791 1010 845 1
1059 796 1220 863 parte
1243 790 1519 865 Apoloyiae
1551 808 1656 864 pro
1689 790 1739 848 T
1734 792 1822 846 ri·-

453 877 601 934 dent.
632 873 794 930 titulo
820 873 883 928 de
919 873 1043 946 fide.

272 962 402 1020 Amor
537 957 616 1011 15.
638 954 881 1021 Timori‚
903 958 960 1010 et
979 952 1100 1025 spei
1125 951 1372 1009 succedit
1395 952 1823 1010 dilectiochari-

244 1011 434 1154 ἐξὲξ-’ἑά
456 1036 610 1103 tatis,
629 1052 741 1108 qua
757 1034 1037 1171 afficcilniur
1054 1033 1124 1091 ad
1141 1037 1321 1091 Deum
1346 1035 1622 1091 ultimum
1642 1034 1821 1092 finem

267 1121 373 1170 nm
405 1131 423 1141 ·
806 1116 816 1126 '
924 1116 933 1125 '
1032 1119 1185 1169 tum·
1771 1116 1816 1158 ‘-

241 1132 938 1257 statm2¹11¹3³30⁰ss¹i1232d¹
959 1129 1370 1270 ,ῗὲηροιὶοὲἓέ
1400 1121 1819 1270 mittans.

459 1285 749 1348 Quantum
782 1295 921 1336 vero
961 1294 1125 1335 amor
1169 1279 1471 1336 charitatis
1521 1279 1593 1336 ad
1645 1297 1823 1356 nego-

422 1366 604 1421 tium
645 1361 1072 1437 justificationis
1113 1361 1407 1428 conducat,
1453 1364 1823 1436 apertissime

243 1459 288 1501 S.
309 1459 433 1503 σοαπ.
452 1442 820 1504 commendat
887 1442 1180 1514 Scriptura
1233 1463 1246 1498 :
1301 1458 1440 1500 nam
1492 1442 1659 1501 Joan.
1732 1446 1817 1511 14,

455 1525 666 1583 dicitur
715 1545 729 1579 :
780 1521 891 1594 Qui
935 1522 1119 1592 ditiqic
1158 1540 1259 1591 me,
1291 1524 1613 1595 diliyetura
1659 1531 1823 1598 patre

454 1625 588 1664 meo,
607 1609 678 1662 Et
712 1608 756 1668 l,
781 1606 946 1661 Joan.
971 1605 1043 1660 3:
1074 1602 1358 1660 Translati
1378 1623 1575 1662 sumus
1594 1606 1658 1661 de
1683 1623 1827 1661 mor·

455 1685 505 1742 'te
555 1687 630 1741 ad
680 1688 875 1750 vitam,
925 1685 1188 1761 quoniam
1243 1684 1534 1755 diliyimus
1585 1686 1819 1759 fratre&

262 1772 305 1814 8.
323 1772 425 1814 Luc.
456 1768 639 1823 Luc.7
656 1787 669 1822 ε
686 1766 1062 1824 Remittuntur
1083 1770 1311 1836 peccata
1334 1766 1532 1834 multa,
1557 1768 1826 1844 quoniam

243 1869 311 1912 Ad
325 1869 416 1913 cor,
455 1849 653 1904 dilexit
680 1847 932 1901 inultum.
968 1847 1015 1911 l,
1041 1843 1110 1901 ad
1133 1844 1389 1901 Corinth.
1423 1847 1487 1902 13
1511 1868 1525 1903 ε
1556 1846 1626 1905 Si
1651 1847 1827 1903 tradi·-

456 1930 584 1985 dero
610 1944 805 2000 corpus
829 1942 1027 1990 meum,
1060 1927 1141 1980 ita
1169 1932 1231 1981 ut
1255 1926 1520 1993 ardentm
1571 1929 1826 1984 charita-

458 2019 565 2068 tem
590 2016 773 2065 autem
801 2026 910 2064 non
947 2007 1204 2073 habuero,
1236 2008 1382 2063 nihil
1411 2009 1550 2064 mihi
1581 2011 1819 2082 prodest,

457 2098 514 2151 et
535 2091 674 2149 alibi
700 2092 932 2165 passim.
966 2092 1101 2154 Quae
1127 2088 1267 2147 adeo
1290 2095 1428 2146 sunt
1447 2107 1735 2164 expressa,
1764 2096 1827 2148 ut

458 2173 733 2231 nonnulli
807 2170 1233 2229 Catholicorum
1309 2170 1818 2239 existimaverint,

458 2256 612 2320 hunc
645 2270 903 2312 amorem
933 2269 1052 2311 non
1092 2259 1211 2308 tam
1235 2267 1357 2308 esse
1385 2250 1826 2325 dispositionem

456 2336 529 2394 ad
569 2336 874 2411 justitiam,
906 2350 1080 2407 quam
1117 2334 1368 2391 formam
1393 2332 1822 2408 justificantem,

458 2427 521 2477 ut
545 2435 721 2492 supra
748 2418 1002 2475 vidimus
1027 2418 1168 2490 disp.
1198 2419 1423 2490 proeced.
1449 2418 1578 2474 dub.
1613 2420 1664 2483 2,
1699 2417 1820 2485 ubi,

456 2507 514 2559 et
556 2503 734 2558 etiam
774 2501 900 2556 dub.
951 2502 1004 2567 6,
1056 2498 1332 2566 diximus,
1367 2499 1701 2573 praedictam
1729 2500 1828 2556 di·-

461 2582 765 2640 lectionem
788 2597 906 2637 nou
934 2578 1147 2636 habere
1176 2581 1464 2638 rationem
1489 2581 1690 2638 formae
1709 2582 1828 2654 jus-

459 2660 751 2726 tificantiS‚
801 2659 898 2716 sed
937 2659 1332 2732 dispositionis
1369 2660 1820 2733 perfectissimas,

462 2748 527 2799 ut
581 2743 758 2798 relata
810 2740 1140 2797 testimonia
1166 2740 1303 2796 satis
1328 2741 1620 2798 evincunt.
1666 2741 1828 2806 Quod

249 2850 304 2893 1).
332 2849 436 2893 Tho.
465 2821 642 2880 etiam
672 2819 874 2894 probat
901 2820 1046 2878 ratio
1092 2823 1157 2878 D.
1188 2820 1395 2879 Thom.
1426 2829 1611 2898 quaest.
1636 2823 1727 2888 28,
1763 2822 1828 2876 de

478 2903 647 2961 Verit.
683 2909 792 2959 art.
818 2903 874 2968 4,
900 2900 997 2956 ubi
1020 2901 1098 2957 ait
1134 2922 1146 2956 :
1183 2924 1209 2955 «
1237 2902 1467 2958 Justitia
1485 2903 1829 2975 completive

470 3006 497 3037 «
538 2984 602 3039 in
630 2982 829 3040 affectu
851 2982 1067 3039 existit.
1097 2984 1167 3037 Et
1193 2980 1323 3041 ideo
1348 2984 1397 3039 si
1427 2984 1600 3041 homo
1621 3000 1829 3041 secun-

470 3086 497 3119 «
538 3063 680 3120 dum
727 3064 1082 3120 intellectum
1122 3068 1349 3120 tantum
1396 3070 1829 3122 converteretur

470 3170 495 3202 α
537 3147 602 3204 in
627 3150 827 3211 Deum,
864 3162 981 3203 non
1015 3146 1371 3220 contingeret
1399 3149 1580 3204 Deum
1620 3164 1829 3205 secun-

469 3253 495 3285 «
532 3230 670 3287 dum
700 3229 778 3297 id,
810 3227 958 3300 quod
973 3227 1259 3302 justitiam
1289 3229 1511 3303 recipit,
1545 3229 1604 3286 id
1625 3236 1710 3287 est
1733 3247 1829 3287 se-

470 3334 497 3365 «
538 3311 789 3369 cundum
828 3310 1120 3377 affectum3
1163 3314 1221 3366 et
1257 3310 1338 3366 sic
1359 3310 1663 3384 justificari
1709 3325 1827 3368 non

467 3416 494 3447 «
541 3399 746 3468 posset.
771 3394 1108 3466 Requiritur
1135 3407 1288 3467 ergo,
1320 3392 1470 3463 quod
1498 3410 1615 3450 non
1637 3395 1828 3454 solum

471 3498 497 3531 α
539 3476 862 3532 intellectus
887 3479 1257 3533 convertatur
1286 3473 1349 3529 in
1378 3476 1579 3541 Deum,
1610 3474 1708 3532 sed
1737 3475 1828 3531 af-

392 3602 425 3627 ,
467 3581 494 3613 ι(
539 3559 732 3616 fectus.
775 3559 1009 3615 Primus
1044 3562 1234 3613 autem
1274 3561 1465 3612 motus
1511 3557 1742 3614 affectus
1763 3558 1828 3613 in

468 3661 495 3693 «
538 3638 758 3712 aliquid
796 3643 880 3696 est
920 3641 1107 3694 motus
1133 3637 1368 3694 amoris,
1407 3660 1433 3690 »
1481 3640 1622 3694 Cum
1650 3638 1829 3713 igitur

463 3722 661 3778 nullus
702 3736 864 3777 amor
899 3721 975 3775 sit
1002 3719 1307 3792 perfectior
1345 3718 1660 3776 secundum
1695 3735 1828 3792 spe-

461 3804 628 3871 ciem,
684 3818 858 3875 quam
905 3801 1133 3858 dilectio
1179 3801 1496 3867 charitatiS,
1565 3803 1830 3875 sequitur

462 3885 792 3960 praedictam
808 3883 1177 3941 dilectionem
1198 3898 1320 3938 esse
1343 3882 1828 3954 perfectissimam

462 3966 897 4025 conversionem
928 3965 993 4020 in
1016 3965 1215 4032 Deum,
1243 3968 1412 4036 atque
1434 3962 1561 4022 ideo
1582 3969 1637 4020 et
1659 3965 1831 4037 aptis·

462 4051 674 4109 simam
697 4046 1134 4120 dispositionem
1165 4045 1236 4102 ad
1262 4047 1385 4121 ejus
1410 4045 1660 4121 gratiam
1687 4062 1829 4104 con-

462 4127 835 4204 sequendam.
877 4126 1014 4183 Sine
1051 4142 1163 4198 qua
1207 4131 1263 4183 et
1304 4127 1541 4200 reliqum
1580 4124 1831 4199 disposi-

465 4213 649 4270 tiones
674 4210 937 4268 effectum
973 4224 1092 4265 non
1117 4215 1520 4282 assequuntur,
1553 4214 1616 4264 ut
1641 4210 1830 4285 signi-

264 4318 422 4378 cqneil.
465 4293 657 4385 ficavit
684 4291 1005 4385 Concilium
1046 4289 1308 4381 Trident.
1340 4307 1470 4347 sess.
1513 4293 1569 4357 6,
1614 4309 1736 4364 cap.
1766 4293 1826 4359 7,

256 4369 557 4431 ΤΠᾶθῦῐ-ὴιε
576 4373 770 4432 verbis
801 4397 815 4431 ς
850 4394 875 4424 «
908 4368 1094 4437 FldeS,
1127 4387 1243 4427 msi
1264 4369 1336 4426 ad
1356 4387 1484 4428 eam
1511 4386 1643 4444 spes
1668 4386 1831 4428 acce-

466 4478 493 4509 «
537 4455 652 4521 dat,
684 4459 740 4511 et
785 4453 1054 4520 charitaS,
1101 4468 1206 4508 nec
1251 4453 1379 4507 unit
1421 4453 1668 4525 perfecte
1694 4469 1829 4510 cum

454 4557 492 4588 -«
537 4534 782 4600 Christo,
812 4550 914 4592 nec
941 4533 1198 4607 corporis
1241 4534 1365 4609 ejus
1412 4548 1596 4590 unum
1637 4550 1830 4591 mem-

467 4641 493 4674 «
540 4618 711 4676 brum
732 4617 918 4674 efficit.
945 4621 1066 4682 Qua
1094 4617 1320 4674 ratione
1346 4616 1655 4674 verissime
1682 4617 1830 4675 dici-

464 4723 491 4755 «
535 4705 631 4757 tur
656 4698 850 4757 Jacobi
896 4700 948 4766 2,
979 4697 1151 4755 fidem
1190 4698 1318 4754 sine
1344 4697 1616 4770 operibus
1666 4714 1833 4756 mor-

464 4806 491 4837 «
535 4789 717 4849 tuam,
739 4787 796 4839 et
821 4782 1066 4838 otiosam
1095 4796 1234 4837 esse.
1267 4781 1339 4835 Et
1358 4779 1428 4836 ad
1456 4780 1639 4838 Galat.
1670 4782 1740 4837 5:
1767 4782 1832 4837 In

464 4888 491 4920 α
535 4865 761 4923 Christo
773 4865 803 4918 J
806 4879 905 4920 esu
922 4878 1105 4934 neque
1118 4861 1595 4922 circuncisionem
1612 4862 1831 4936 aliquid

468 4968 494 5000 α
534 4948 750 5010 valere,
771 4959 956 5017 neque
971 4945 1350 5018 praeputium3
1375 4942 1474 5001 sed
1491 4942 1686 5014 fidem,
1706 4959 1833 5017 quae

468 5048 501 5080 «ν
537 5045 640 5103 per
666 5026 1007 5084 charitatem
1036 5032 1327 5101 operatur.
1365 5048 1391 5079 n

2036 551 2119 606 16.
2147 551 2279 607 Post
2300 550 2418 607 haec
2444 549 2706 624 sequitur
2726 553 2916 605 motus
2941 547 3317 621 poenitentiae,
3363 563 3498 620 noim

1952 646 2063 702 quo
2091 628 2262 687 homo
2284 629 2437 687 dolet
2463 629 2533 687 de
2561 629 2815 703 peccatis,
2841 626 3148 686 intendens
3171 616 3526 705 divi-Q*

1954 727 2092 768 nam
2132 711 2408 769 offensam
2449 711 2837 769 satisfactione
2861 710 3115 783 expiare,
3147 715 3211 777 et
3224 709 3324 784 jus
3401 765 3406 769 .

1952 791 2220 849 divinum
2261 809 2295 849 a
2319 808 2381 851 se
2424 793 2709 851 violatum
2738 791 2979 864 aliquali
3019 790 3110 848 sui
3140 791 3325 864 puni-

1954 872 2110 931 tione
2138 875 2435 930 resarcire.
2463 873 2634 947 Cujus
2659 872 3056 945 dispositionis
3104 871 3326 928 memi-

1955 953 2042 1009 nit
2062 970 2225 1011 sacra
2249 955 2514 1027 Sriptura
2542 953 2808 1027 pluribus
2835 953 2901 1009 in
2923 953 3082 1019 lociS,
3118 956 3179 1008 ut
3213 953 3326 1007 Ec-

1954 1035 2196 1092 clesiast.
2245 1038 2282 1092 2
2309 1056 2323 1092 :
2351 1037 2420 1095 si
2453 1037 2837 1110 poenitentiam
2877 1053 2986 1090 non
3030 1035 3319 1104 eyerimus,
3355 1035 3512 1080 Bedes-

1955 1117 2258 1173 incidemus
2276 1119 2338 1173 in
2358 1134 2567 1173 manus
2593 1115 2715 1173 Dei.
2748 1118 2879 1172 Luc.
2922 1116 3020 1171 13:
3050 1113 3120 1173 Si
3140 1087 3382 1190 poeni-s'
3408 1089 3506 1131 Im

1956 1200 2183 1255 tentiam
2210 1217 2319 1254 non
2344 1200 2602 1273 feceritiS,
2634 1216 2818 1255 omnes
2842 1198 3015 1253 simut
3044 1198 3316 1271 peribitiS.

1958 1285 2080 1338 Act.
2123 1282 2160 1337 2
2196 1300 2210 1337 2
2259 1280 2651 1338 Paenitentiam
2702 1273 2865 1351 wite,
2913 1287 2964 1334 et
3014 1281 3324 1352 baptizetur
3388 1284 3481 1327 Act

1955 1363 2328 1439 unusquisque
2349 1368 2587 1418 vestrum
2608 1363 2669 1417 in
2690 1362 2908 1416 nomine
2927 1358 3060 1416 Jesu
3084 1357 3317 1427 Christi,

1957 1447 2018 1500 in
2036 1445 2412 1501 remissionem
2439 1451 2785 1517 peccatorum
2808 1450 3131 1499 vestrorum.
3163 1444 3323 1515 Apo-

1957 1525 2143 1599 calyp.
2177 1526 2196 1580 l
2221 1524 2522 1584 :Memento
2543 1525 2685 1580 unde
2704 1525 2992 1590 excideris,
3012 1530 3064 1578 et
3084 1540 3180 1594 aye
3202 1540 3323 1596 poe-
3346 1530 3521 1584 Amul·

1957 1610 2269 1664 nitentium.
2302 1609 2371 1661 Et
2393 1606 2533 1664 alibi
2560 1601 2744 1680 saepe.
2760 1608 2832 1662 Et
2856 1605 3112 1682 ejusdem
3135 1605 3325 1679 dispo·

1956 1688 2184 1746 sitionis
2196 1687 2681 1756 convenientiam,
2698 1693 2755 1744 et
2767 1687 3159 1744 necessitatem
3172 1692 3324 1744 recte

1958 1769 2210 1826 declarat
2237 1770 2302 1824 D.
2328 1769 2533 1825 Thom.
2590 1770 2625 1823 3
2664 1774 2816 1841 part.
2847 1775 3029 1845 quaest.
3075 1769 3166 1833 86,
3205 1775 3390 1822 art.1>.
3413 1776 3519 1821 Tho.
3611 1785 3620 1798 ·

1957 1851 2015 1917 2,
2035 1854 2091 1905 et
2120 1848 2212 1905 tib.
2256 1849 2307 1915 3,
2339 1857 2529 1904 contra
2567 1847 2727 1906 Gent.
2759 1865 2882 1920 cap.
2922 1846 3044 1912 158,
3072 1846 3170 1902 ubi
3199 1851 3325 1919 post

1959 1930 2075 1987 alia
2101 1929 2292 2001 inquit
2330 1949 2343 1983 :
2379 1951 2404 1981 ε(
2437 1928 2733 1994 Videmus,
2759 1926 2909 2000 quod
2949 1926 3126 1982 etiam
3153 1926 3324 1983 bruta

1963 2031 1988 2062 α
2034 2009 2313 2065 animalia
2348 2025 2377 2064 a
2421 2009 2696 2066 maximis
2720 2007 3108 2081 voluptatibus
3137 2011 3327 2063 retra-

1964 2113 1988 2146 «
2034 2092 2253 2147 huntur
2295 2106 2394 2164 per
2437 2090 2697 2149 dolorem
2726 2090 3060 2149 verberum.
3093 2093 3328 2162 Oportet

1963 2193 1989 2225 α
2034 2177 2223 2228 autem
2246 2187 2399 2236 eum,
2424 2172 2522 2243 qui
2551 2174 2621 2229 de
2649 2177 2871 2245 peccato
2905 2171 3166 2244 resurgit,
3203 2183 3330 2225 non

1965 2276 1992 2308 α
2032 2256 2220 2311 solum
2289 2252 2558 2309 detestari
2603 2257 2895 2326 pecca-tum
2943 2251 3324 2324 praeteritum,

1966 2358 1991 2390 α
2034 2335 2130 2392 sed
2152 2335 2327 2392 etiam
2354 2335 2538 2391 vitare
2566 2335 2850 2391 futurum.
2877 2336 2971 2390 Est
2991 2333 3166 2408 igitur
3186 2349 3329 2389 con-

1966 2441 1991 2472 «
2033 2417 2292 2484 venienS,
2325 2422 2388 2472 ut
2426 2415 2710 2490 affligatur
2753 2433 2857 2491 pro
2887 2421 3124 2488 peccato,
3153 2420 3215 2470 ut
3242 2415 3332 2471 sic

1967 2522 1992 2554 α
2035 2500 2217 2574 magis
2253 2497 2627 2556 confirmetur
2656 2500 2719 2556 in
2765 2497 3053 2571 proposito
3099 2495 3332 2553 vitandi

1966 2604 1992 2637 α
2035 2587 2278 2655 peccata.
2322 2601 2348 2632 »
2395 2579 2555 2647 Quod
2607 2582 2858 2654 amplius
2904 2577 3214 2635 confirmat
3261 2577 3330 2634 in

1960 2664 2114 2720 hunc
2158 2661 2395 2719 modum
2447 2684 2460 2718 ε
2515 2685 2540 2715 «
2583 2663 2663 2718 Ea
2690 2677 2815 2735 quae
2838 2677 2968 2717 cum
3019 2659 3237 2724 labore,
3269 2664 3328 2713 ot

1968 2766 1993 2797 α
2037 2760 2202 2817 poena
2225 2743 2597 2816 acquirimus,
2630 2742 2813 2817 magis
2833 2758 3116 2805 amamuS,
3149 2745 3204 2797 et
3230 2738 3328 2795 di-

1968 2846 1992 2879 «
2036 2824 2307 2900 ligentius
2351 2839 2779 2881 conservamus
2837 2821 3002 2879 Unde
3062 2821 3174 2890 illi,
3223 2821 3326 2894 qui

1967 2929 1993 2961 «
2037 2923 2136 2981 per
2164 2906 2465 2979 proprium
2515 2905 2770 2963 laborem
2817 2905 3124 2978 acquirunt
3153 2919 3327 2976 pecu-

1967 3010 1994 3041 «
2035 2988 2182 3054 niaS,
2232 2987 2429 3043 minus
2469 3002 2565 3043 eas
2611 2984 2962 3058 expendunt,
3013 3001 3188 3057 quam
3228 2985 3327 3057 qui

1967 3092 1993 3124 α
2033 3069 2161 3125 sine
2206 3069 2402 3127 labore
2431 3069 2716 3141 accipiunt
2743 3069 2836 3125 vel
2885 3082 2919 3123 a
2965 3066 3322 3140 parentibus,

1931 3172 1992 3218 ,α
2035 3149 2129 3206 vel
2171 3164 2527 3223 quocumque
2573 3150 2688 3207 alio
2716 3147 2909 3205 mode.
2961 3147 3069 3205 Sed
3097 3147 3326 3205 homini

1966 3253 1993 3286 α
2035 3232 2356 3305 resurgenti
2380 3248 2413 3288 a
2431 3235 2654 3304 peccato
2669 3231 2774 3287 hoc
2794 3229 3051 3285 maxime
3070 3245 3326 3286 necessa-

1967 3336 1993 3368 «
2035 3314 2191 3370 rium
2218 3320 2320 3382 est,
2346 3318 2407 3370 ut
2434 3318 2643 3370 statum
2684 3313 2905 3388 gratiae,
2951 3318 3004 3369 et
3036 3313 3137 3369 Dei
3166 3327 3333 3369 amo-

1966 3416 1993 3448 α
2037 3411 2159 3452 rem
2201 3393 2512 3469 diligenter
2556 3399 2873 3458 conservet,
2917 3408 3090 3465 quem
3140 3391 3330 3467 negli-

1966 3497 1993 3528 «
2032 3481 2235 3551 genter
2282 3491 2385 3549 per
2436 3479 2726 3548 peccatum
2776 3474 2991 3530 amisit.
3042 3475 3142 3528 Est
3189 3487 3331 3547 ergo

1967 3576 1993 3609 α
2034 3556 2401 3622 convenienS,
2434 3560 2496 3610 ut
2540 3553 2815 3621 laborem,
2846 3561 2902 3612 et
2944 3570 3174 3628 poenam
3200 3570 3335 3609 sus-

1966 3658 1993 3691 «
2036 3636 2216 3694 tineat
2284 3653 2388 3710 pro
2452 3636 2689 3709 peccatis
2740 3636 3079 3693 commissis.
3152 3656 3179 3686 ι»
3255 3635 3331 3689 Et

1961 3727 2147 3797 quast.
2187 3720 2280 3786 28,
2323 3719 2387 3773 de
2444 3717 2610 3777 Verit.
2661 3725 2770 3774 art.
2801 3720 2837 3773 5
2863 3718 2937 3772 ad
2971 3720 3014 3782 l,
3045 3716 3161 3771 haec
3186 3716 3334 3771 satis

1963 3803 2203 3875 pulchra
2243 3800 2413 3859 habet
2462 3823 2475 3859 :
2526 3823 2552 3855 α
2596 3800 2835 3858 Dilectio
2865 3816 2982 3856 non
3004 3804 3178 3873 potest
3202 3810 3334 3853 esse

1967 3906 1994 3939 α
2034 3884 2162 3940 sine
2188 3882 2562 3940 detestatione
2588 3884 2730 3958 ejuS,
2776 3881 2922 3955 quod
2965 3898 2996 3937 a
3024 3882 3137 3936 Deo
3164 3894 3337 3951 sepa-

1967 3987 1994 4020 «
2037 3970 2147 4022 rat.
2172 3966 2242 4021 Et
2264 3963 2392 4021 ideo
2420 3968 2629 4036 praeter
2656 3968 2880 4022 motum
2912 3960 3240 4018 dilectionis
3267 3959 3334 4015 in

1968 4069 1994 4103 α
2036 4050 2218 4104 Deum
2243 4048 2562 4121 requiritur
2596 4048 2661 4105 in
2684 4045 3095 4122 justificatione
3123 4041 3336 4116 peccati

1968 4152 1994 4183 «
2036 4128 2353 4185 detestatio,
2403 4129 2569 4186 Unde
2608 4134 2665 4187 et
2698 4127 3058 4203 Magdalena‚
3090 4122 3181 4180 cui
3210 4120 3338 4178 dic-

1968 4232 1994 4264 «
2037 4216 2161 4265 tum
2188 4214 2291 4275 est,
2338 4208 2579 4266 dimissa
2618 4214 2751 4264 sunt
2786 4209 2839 4264 ei
2869 4212 3093 4280 peccata
3122 4203 3332 4269 multa,

1968 4315 1995 4347 «
2036 4292 2322 4366 lacrymas
2348 4292 2619 4349 emiserat
2649 4307 2752 4364 pro
2781 4288 3039 4363 peccatis
3077 4308 3103 4338 ³»

2044 4378 2127 4432 17.
2160 4375 2416 4432 Tandem
2445 4373 2601 4431 adest
2631 4373 2983 4447 propositum
3014 4365 3335 4425 inchoandi
3358 4383 3546 4438 Proposi-

1963 4473 2174 4515 novam
2201 4457 2400 4524 vitam,
2424 4461 2480 4512 et
2499 4453 2773 4511 servandi
2797 4453 2998 4509 divina
3023 4454 3326 4523 praecepta.
3392 4439 3511 4527 3¹3¹,

1961 4541 2144 4604 Quem
2172 4539 2349 4595 etiam
2378 4542 2565 4595 actum
2582 4533 3329 4605 commemoratScriptura,
3351 4536 3532 4638 &ig-E

1964 4623 2025 4675 ut
2051 4618 2122 4675 ad
2144 4620 2353 4692 Ephes.
2389 4621 2424 4674 4
2456 4639 2470 4675 ε
2508 4639 2535 4670 α
2576 4618 2644 4672 1η
2675 4616 2799 4689 ipso
2842 4613 3024 4671 edocti
3053 4612 3188 4669 estis
3230 4610 3337 4668 de-

1967 4720 1994 4752 «
2038 4715 2253 4773 ponere
2280 4716 2379 4757 vos
2400 4697 2714 4756 secundum
2740 4695 3048 4769 pristinam
3078 4707 3335 4750 conver-

1968 4801 1994 4834 «
2037 4783 2323 4840 sationem
2375 4787 2629 4838 veterem
2676 4777 3009 4842 hominem,
3060 4775 3158 4849 qui
3200 4790 3341 4832 cor-

1969 4883 1996 4916 «
2041 4864 2336 4937 rumpitur
2374 4860 2691 4920 secundum
2738 4858 3024 4917 desideria
3067 4857 3336 4924 erroris3

1969 4964 1996 4997 ι(
2042 4947 2410 5005 renovamini
2458 4951 2650 5003 autem
2689 4944 2896 5018 spiritu
2947 4941 3161 4999 mentis
3201 4956 3343 4998 ves-

1972 5048 1998 5080 «
2044 5034 2172 5088 trae.
2219 5052 2245 5083 »
2296 5031 2497 5089 Ezech.
2553 5032 2666 5086 18:
2716 5049 2742 5080 α
2783 5029 2843 5085 Si
2893 5029 3107 5104 impius
3153 5026 3344 5103 egerit
3384 5047 3538 5093 m

2931 5109 3343 5184 poenitentiam
