3647 5753
519 427 600 482 68

325 1580 496 1624 suarez·

525 604 803 663 ditionate
823 605 1065 668 futurus,
1093 622 1126 661 a
1151 603 1357 677 quibus
1384 603 1640 661 absolute
1683 603 1883 676 positis

524 683 803 756 dependet
822 700 1131 742 consensus
1151 690 1274 741 actu
1297 683 1578 741 existens:
1603 682 1701 739 sed
1729 682 1883 740 inter

528 766 812 838 principia
835 765 1220 824 conditionate
1256 766 1438 840 posita
1484 780 1601 823 non
1648 764 1884 838 ponitur

527 849 674 903 Deus
722 845 1103 903 determinate
1152 846 1459 904 intendens
1502 861 1844 902 consensum
1865 886 1878 910 ,

525 924 625 983 sed
652 927 799 982 Deus
825 926 1026 982 volens
1046 926 1253 983 offerre
1281 942 1622 983 concursum
1646 922 1881 981 indiffe-

529 1010 771 1070 rentem,
794 1010 851 1061 et
868 1003 1373 1062 determinabilem
1401 1021 1502 1079 per
1524 1011 1708 1062 actum
1729 1021 1883 1061 crea-

527 1092 669 1141 turae
692 1106 706 1142 ε
730 1100 864 1160 ergo
887 1101 1195 1143 consensus
1217 1086 1280 1141 in
1300 1092 1447 1143 statu
1477 1084 1735 1142 absoluto
1765 1101 1882 1143 non

527 1164 807 1239 dependet
828 1182 860 1222 a
881 1168 993 1224 Deo
1022 1167 1355 1225 intendente
1381 1167 1762 1225 determinate
1789 1168 1882 1241 ip-

524 1261 655 1301 sum
682 1262 1037 1305 consensum.
1066 1253 1122 1304 et
1142 1253 1549 1321 consequenter
1575 1248 1689 1305 erit
1713 1247 1884 1305 abso-

529 1326 645 1383 lute
684 1332 890 1398 praeter
917 1327 1298 1384 intentionem
1326 1328 1531 1395 illius;
1576 1328 1674 1400 qui
1720 1329 1881 1384 enim

529 1404 923 1463 indifferenter
942 1424 1003 1465 se
1030 1407 1214 1472 habet,
1237 1409 1391 1465 nihil
1418 1407 1674 1465 absolute
1695 1408 1882 1465 inten-

525 1478 628 1550 dit,
658 1484 756 1541 sed
793 1503 854 1543 se
896 1486 1211 1545 substernit
1261 1488 1498 1544 alterius
1544 1487 1875 1544 intentioni.

527 1562 800 1621 Videatur
841 1566 961 1640 ipse
1005 1568 1242 1623 Suarius
1286 1567 1378 1623 lib.
1419 1569 1463 1640 1,
1509 1568 1574 1622 de
1618 1569 1874 1634 auoeiliiS,

525 1663 646 1719 cap.
701 1649 764 1702 12
806 1647 903 1704 ubi
943 1648 1080 1704 dum
1126 1649 1506 1706 extrinsecam
1555 1650 1702 1705 Scoti
1730 1665 1881 1721 prae-

526 1728 841 1786 motionem
874 1730 1190 1806 impugnat,
1221 1731 1333 1787 sibi
1357 1731 1419 1787 in
1442 1731 1548 1788 hac
1571 1736 1733 1804 parte
1762 1747 1878 1788 non

480 1816 483 1819 ’
523 1810 701 1866 semel
726 1811 1078 1868 contradicit.

242 1896 245 1901 ’
338 1871 482 1933 Altera

314 1947 484 1996 respon·

378 1997 456 2031 sto.

312 2210 503 2257 Bellarm.

304 3091 497 3136 Confuta-

357 3148 435 3185 tur.

310 3848 477 3902 D.Aug.

284 4217 289 4220 -
314 4160 474 4203 Ι).’1Ἶιο.

580 1890 673 1945 97.
698 1892 811 1963 Nec
838 1896 1109 1962 praeterea
1132 1890 1324 1959 reIert,
1333 1890 1381 1946 si
1408 1890 1749 1963 respondeas
1769 1896 1879 1947 ter-

523 1969 604 2026 tio
626 1985 698 2027 ex
721 1969 984 2027 doctrina
1009 1970 1351 2027 Bellarmini
1385 1971 1478 2029 lib.
1504 1973 1558 2037 4,
1582 1971 1647 2026 de
1663 1973 1871 2042 9ratia,

521 2070 641 2126 cap.
683 2054 764 2120 16,
815 2053 961 2109 illud
999 2053 1287 2111 decretum
1314 2096 1327 2119 ,
1373 2070 1407 2110 a
1431 2070 1542 2126 quo
1570 2054 1877 2111 consensus

519 2132 905 2192 conditionate
921 2135 1147 2191 futurus
1166 2134 1475 2208 praevidetu
1487 2152 1514 2191 ι·
1527 2133 1870 2208 dependere,

522 2213 602 2269 ita
623 2214 881 2282 formari,
909 2217 1000 2272 vel
1022 2215 1191 2289 objici
1209 2215 1526 2273 intellectui
1560 2215 1781 2281 divim,
1806 2213 1877 2273 Si

521 2297 775 2352 voluntas
789 2300 849 2352 in
862 2298 952 2352 his
964 2299 1379 2353 circunstantiis
1392 2300 1577 2371 posita
1594 2315 1701 2353 non
1718 2298 1877 2352 resis-

518 2382 619 2442 tat,
638 2377 730 2432 sed
754 2378 902 2431 sinat
919 2394 973 2431 se
994 2379 1199 2432 moveri
1219 2377 1288 2431 ab
1307 2377 1526 2449 objecto,
1545 2394 1637 2447 eqo
1659 2377 1875 2433 movebo

519 2455 681 2511 illam
700 2458 1005 2528 efficaciter,
1021 2465 1069 2511 et.
1097 2465 1225 2513 tunc
1251 2458 1624 2530 infallibiliter
1650 2474 1875 2512 consen-

519 2537 633 2590 tiet.
660 2538 780 2600 Quo
810 2536 1105 2608 pacto'sibi
1146 2535 1371 2593 videtur
1410 2537 1613 2593 citatus
1652 2537 1874 2594 Author

517 2630 873 2687 componere,
903 2622 957 2673 et
983 2616 1131 2688 quod
1154 2618 1216 2673 in
1238 2618 1398 2673 omni
1419 2621 1567 2672 statu
1599 2616 1873 2688 praecedat

519 2696 696 2752 motio
735 2701 790 2752 et
824 2696 1066 2753 intentio
1095 2698 1193 2753 Dei
1221 2712 1559 2753 concursum
1584 2703 1872 2764 nostrum,

516 2778 573 2829 et
598 2772 746 2846 quod
767 2774 870 2830 illa
898 2775 1141 2832 intentio
1169 2792 1287 2832 non
1315 2776 1389 2831 sit
1413 2776 1728 2848 suppositio
1748 2792 1874 2833 om·

520 2852 662 2911 nino
705 2853 1040 2912 antecedens
1085 2862 1349 2912 evertens
1403 2854 1746 2924 libertatem,
1772 2855 1871 2913 sed

517 2940 892 3006 consequatur
958 2935 1503 2993 determinationem
1570 2941 1825 2994 nostram
1853 2980 1866 3004 ,

517 3012 720 3068 saltem
749 3014 1118 3089 negativam..

594 3094 725 3156 Hoc,
765 3094 1022 3167 inquam,
1063 3096 1337 3170 effugium
1373 3097 1523 3154 nihil
1554 3097 1743 3161 resen,
1770 3096 1871 3155 sed

521 3173 684 3229 facile
721 3188 791 3229 ex
819 3172 982 3229 dictis
1018 3175 1410 3247 praecluditur.
1440 3178 1585 3233 Tum
1615 3177 1750 3250 quia
1777 3177 1870 3250 ip-

516 3269 645 3308 sum
688 3269 805 3310 non
834 3254 1115 3320 resistere,
1159 3256 1282 3312 sive
1323 3258 1679 3315 voluntatem
1706 3274 1867 3316 crea-

514 3338 633 3388 tam
659 3333 851 3390 sinere
876 3349 935 3390 se
961 3335 1182 3391 moveri
1211 3334 1280 3391 ab
1305 3335 1541 3410 object0,
1573 3353 1690 3394 non
1725 3343 1810 3396 est
1838 3355 1871 3395 a

512 3425 643 3471 casu
692 3421 944 3487 respectu
974 3417 1091 3486 Dei,
1125 3417 1222 3474 sed
1248 3417 1414 3476 debet
1438 3431 1558 3476 esse
1579 3419 1742 3492 juxta
1788 3420 1870 3475 il-

515 3494 627 3550 lius
647 3494 1028 3552 intentionem
1057 3515 1229 3572 :ergo
1258 3498 1502 3555 intentio
1529 3499 1629 3555 Dei
1673 3500 1870 3573 nequit

511 3576 776 3648 consequi
804 3577 968 3632 illam
998 3594 1113 3635 non
1145 3578 1550 3645 resistentiam,
1582 3578 1680 3636 sed
1705 3578 1871 3637 debet

512 3657 696 3730 ipsam
738 3657 977 3725 anteire,
1010 3664 1066 3714 et
1092 3656 1359 3732 dirigere.
1401 3660 1547 3714 Tum
1588 3659 1722 3731 quia
1750 3675 1868 3717 non

514 3737 777 3794 resistere
803 3742 887 3793 est
907 3736 1134 3794 effectus
1175 3738 1388 3795 divinae
1424 3740 1642 3814 gratiae,
1677 3745 1738 3795 ut
1764 3756 1868 3797 ex-

514 3833 704 3891 presse
730 3816 931 3873 docent
955 3820 1017 3873 D.
1049 3819 1398 3893 Augustinus
1417 3820 1514 3876 lib.
1539 3821 1603 3874 de
1620 3821 1864 3893 praedest.

510 3896 627 3956 SS.
674 3914 794 3970 cap.
826 3900 877 3962 8,
909 3897 1003 3954 ubi
1031 3898 1112 3954 ait
1144 3920 1156 3954 ε
1204 3921 1229 3952 α
1279 3901 1406 3956 Haec
1429 3900 1616 3974 gratia
1644 3916 1677 3956 a
1707 3901 1868 3957 nullo

520 4000 543 4031 «
586 3978 731 4035 duro
770 3978 937 4035 corde
979 3978 1298 4051 respuitur3
1338 3979 1464 4036 ideo
1507 3980 1718 4052 quippe
1757 3980 1869 4035 tri-

520 4079 543 4110 «
588 4057 801 4125 buitur,
849 4064 908 4114 ut
935 4057 1148 4116 duritia
1187 4058 1373 4115 cordis
1409 4059 1678 4132 primitus
1704 4058 1868 4116 ause-

518 4164 543 4193 «
589 4145 768 4196 ratur.
798 4161 823 4192 »
853 4142 922 4196 Et
944 4143 1009 4197 D.
1033 4142 1237 4197 Thom.
1263 4141 1337 4196 ad
1356 4140 1606 4198 Hoebreos
1624 4158 1744 4215 cap.
1779 4143 1861 4211 12,

515 4223 630 4278 lect.
657 4223 710 4291 3,
745 4221 842 4278 ubi
873 4223 1096 4296 inquit:
1129 4244 1153 4275 α
1186 4223 1300 4278 Hoc
1328 4221 1539 4294 ipsum,
1581 4221 1730 4295 quod
1753 4223 1867 4279 ali-

516 4327 541 4358 «
582 4307 711 4379 quis
758 4321 875 4362 non
925 4306 1085 4378 ponit
1129 4304 1482 4362 obstaculum
1501 4348 1515 4373 ‚
1564 4320 1637 4362 ex
1680 4307 1866 4380 gratia

517 4411 541 4441 «
587 4388 854 4461 procedit.
888 4388 964 4445 Et
1006 4388 1158 4460 infra
1185 4405 1203 4440 .·
1229 4386 1389 4451 Quod
1408 4402 1543 4463 ergo
1570 4404 1604 4444 a
1628 4387 1867 4461 quibus-

517 4491 541 4521 «
585 4469 718 4525 dam
742 4474 1070 4526 removetur
1092 4466 1241 4524 istud
1262 4466 1635 4536 obstaculum,
1663 4471 1767 4527 hoc
1781 4475 1868 4527 est

517 4573 543 4602 «
585 4567 656 4608 ex
678 4549 1074 4608 misericordia
1094 4550 1213 4607 Dei.
1234 4571 1259 4601 ι)
1285 4549 1392 4607 Sed
1414 4551 1611 4606 nullus
1634 4551 1867 4608 effectus

513 4631 779 4702 provenit
806 4647 838 4687 a
864 4631 1067 4706 gratia,
1111 4631 1209 4703 qui
1256 4645 1374 4688 non
1404 4631 1479 4687 sit
1525 4647 1557 4688 a
1605 4633 1718 4689 Deo
1769 4632 1866 4688 in·

511 4713 796 4790 tendente,
846 4720 902 4772 et
952 4720 1224 4787 operante
1263 4730 1363 4788 per
1389 4713 1573 4787 ipsam
1616 4715 1865 4788 gratiam

512 4795 685 4851 talem
712 4795 972 4851 effectum
1004 4810 1175 4869 :ergo
1214 4795 1316 4851 illa
1357 4810 1473 4851 non
1517 4795 1861 4863 resistentia,

508 4871 582 4930 ad
609 4891 782 4947 quam
828 4875 1084 4949 sequitur
1109 4890 1437 4941 consensus,
1485 4873 1767 4947 dependet
1794 4873 1866 4930 ab

512 4955 834 5011 intentione
853 4955 1053 5012 divina
1079 4977 1091 5012 :
1123 4959 1179 5012 et
1206 4960 1338 5011 tunc
1365 4954 1456 5012 vel
1483 4953 1555 5011 ab
1583 4954 1861 5023 absoluta,

509 5034 602 5090 vel
631 5033 702 5089 ab
731 5034 1103 5100 indifferenti,
1128 5040 1184 5092 et
1213 5033 1452 5091 redeunt
1490 5050 1692 5092 omnes
1712 5031 1866 5090 diffi-

1550 427 1642 482 DE
1682 427 1954 482 GRATIA
1993 427 2333 482 EFFICACI.

2015 598 2270 663 cultateS,
2319 597 2525 671 quibus
2559 599 2830 656 Suarium
2878 598 3372 673 impugnavimus.

2016 678 2163 733 Tum
2191 682 2482 751 praeterea,
2508 679 2642 751 quia
2682 679 2731 735 si
2767 679 2870 737 illa
2900 695 3019 737 non
3042 692 3378 751 repugnan-

2017 759 2115 823 tia,
2144 775 2246 816 seu
2293 761 2559 833 negativa
2605 760 2904 834 dispositio
2946 760 3213 833 praecedit
3238 774 3378 833 gra·

2016 839 2157 895 tiam
2185 839 2488 906 efficacem,
2524 847 2581 898 et
2608 857 2726 898 non
2753 840 3036 915 dependet
3073 839 3146 897 ab
3175 840 3378 895 inten-

2018 920 2173 976 tione
2216 920 2356 988 Dei,
2400 922 2659 994 sequitur
2687 922 2938 996 primam
2971 921 3221 978 radicem
3252 917 3377 975 dis-

2015 1000 2283 1058 cretionis
2352 1000 2507 1058 inter
2570 1003 3024 1060 consentientem
3056 1044 3069 1067 ,
3119 1005 3174 1058 et
3254 1015 3378 1057 non

2014 1081 2486 1149 consentientem,
2516 1083 2786 1141 constitui
2810 1098 2929 1139 non
2950 1082 3014 1139 in
3039 1081 3246 1157 gratia,
3273 1079 3378 1136 sed

2015 1162 2078 1218 in
2102 1168 2309 1220 natura
2332 1187 2345 1230 ς
2378 1179 2440 1220 ac
2462 1164 2703 1236 proinde
2729 1180 2890 1237 posse
2916 1162 3377 1220 consentientem

2014 1242 2288 1301 adversus
2317 1261 2435 1302 non
2455 1247 2907 1303 consentientem
2929 1244 3143 1310 inflari,
3169 1250 3379 1300 contra

2015 1327 2347 1398 Apostolum
2383 1327 2428 1393 l,
2460 1328 2535 1382 ad
2562 1326 2815 1385 Corinth.
2843 1330 2899 1383 4.
2929 1329 3087 1382 Patet
3115 1327 3373 1397 sequela,

2012 1405 2286 1477 quoniam
2325 1402 2491 1479 juxta
2537 1407 2687 1463 hunc
2713 1405 2938 1463 dicendi
2985 1405 3240 1467 modum,
3273 1406 3379 1477 qui

2016 1503 2132 1544 non
2174 1487 2401 1544 resistit.
2421 1490 2787 1562 consequitur
2821 1487 3213 1545 infallibiliter
3232 1502 3380 1561 gra-

2013 1568 2188 1635 tiam3
2217 1574 2274 1625 et
2313 1586 2532 1637 rursus,
2561 1569 2708 1643 quod
2738 1587 2855 1627 non
2884 1569 3126 1634 resistat,
3150 1583 3271 1625 non
3293 1574 3383 1625 est

2012 1648 2241 1704 effectus
2278 1650 2495 1722 gratiae.
2532 1649 2628 1706 sed
2671 1650 2834 1705 illam
2885 1648 3146 1722 praecedit
3179 1669 3192 1703 ε
3234 1663 3381 1721 ergo

2014 1729 2203 1801 prima
2227 1727 2391 1784 radix
2418 1729 2779 1786 discretionis
2808 1745 2924 1786 non
2967 1734 3269 1785 revocatur
3311 1729 3379 1784 in

2010 1807 2257 1882 gratiam
2283 1855 2297 1878 ,
2359 1813 2416 1864 et
2460 1813 2870 1881 consequenter
2919 1806 3016 1880 qui
3060 1807 3373 1869 consentit,

2014 1884 2220 1959 poterit
2246 1904 2363 1944 non
2396 1888 2796 1951 consentienti,
2827 1888 2889 1943 in
2932 1888 3084 1944 bunc
3128 1887 3373 1944 modum

2009 1968 2379 2042 exprobrari:
2399 1969 2525 2026 ideo
2544 1976 2919 2042 consequutus
2945 1985 3072 2025 sum
3094 1970 3374 2042 gratiam,

2013 2055 2074 2105 ut
2092 2050 2494 2113 consentirem,
2532 2051 2665 2123 quia
2695 2066 2810 2106 non
2841 2050 3020 2106 restiti
3043 2047 3066 2116 ς’
3088 2056 3145 2104 tu
3175 2056 3376 2107 autem

2011 2131 2113 2187 illa
2144 2131 2416 2203 privariS,
2447 2133 2581 2205 quia
2612 2132 2889 2188 restitisti.
2922 2133 3069 2186 Tum
3096 2130 3374 2203 denique,

2009 2228 2145 2268 nam
2165 2229 2552 2286 supponamus
2575 2215 2927 2270 voluntatem
2954 2213 3234 2280 resistere,
3262 2229 3371 2270 seu

2007 2308 2234 2364 peccare
2255 2309 2431 2366 usque
2457 2292 2528 2350 ad
2557 2294 2779 2351 instans
2805 2294 2856 2351 A
2885 2293 3194 2358 exclusive,
3221 2294 3370 2350 etin

2010 2373 2113 2430 illo
2154 2375 2412 2440 instanti,
2452 2382 2514 2430 ut
2541 2374 2664 2431 fieri
2714 2380 2911 2448 potest,
2956 2375 3236 2432 converti.
3270 2378 3375 2431 In-

2005 2452 2307 2526 quirimus,
2331 2454 2459 2526 quis
2486 2455 2617 2510 fecit
2651 2455 2797 2511 hanc
2838 2455 3217 2511 mutationem
3247 2471 3373 2511 non

2007 2533 2255 2604 amplius
2304 2533 2647 2589 resistendi?
2676 2535 2973 2590 Excelsine
3000 2532 3253 2601 dextera,
3293 2552 3373 2591 an

2006 2614 2178 2672 homo
2204 2619 2231 2671 ’ἓ
2269 2616 2327 2670 Si
2375 2617 2520 2672 Deus
2549 2638 2561 2671 :
2591 2633 2725 2691 ergo
2766 2633 2881 2675 non
2913 2617 3235 2674 resistentia
3264 2617 3374 2676 de—

2007 2695 2213 2774 pendet
2241 2713 2273 2752 a
2302 2698 2432 2763 Deo,
2464 2698 2658 2769 utique
2697 2700 2879 2770 ipsam
2930 2715 3044 2756 non
3094 2700 3374 2755 resisten-

2007 2777 2147 2832 tiam
2178 2777 2528 2837 intendente.
2561 2782 2618 2836 δί
2647 2781 2818 2837 homo
2846 2801 2858 2835 ε
2887 2795 3023 2853 ergo
3065 2779 3159 2836 hic
3205 2781 3375 2852 ponit

2007 2856 2260 2930 primum
2309 2857 2748 2917 fundamentum
2777 2901 2790 2926 ‚
2860 2865 2916 2916 et
2957 2858 3215 2927 initium,
3275 2862 3375 2917 cui

2004 2940 2187 3014 gratia
2226 2983 2237 3005 ‚
2292 2947 2359 2996 et»
2397 2945 2693 2999 conversio
2739 2946 3126 2999 annectuntur
3152 2965 3166 3007 ;
3215 2943 3372 3013 quod

2004 3028 2197 3078 tamen
2245 3023 2509 3091 nullum,
2564 3025 2663 3097 qui
2718 3023 3059 3096 Pelagianus
3101 3038 3219 3078 non
3265 3024 3370 3089 sit,

2003 3102 2289 3159 credimus
2316 3102 2732 3161 admissurum.

2078 3177 2167 3231 98.
2179 3179 2226 3230 N
2230 3193 2291 3233 ec
2309 3176 2516 3234 deinde
2533 3180 2724 3246 refert,
2745 3178 2792 3233 si
2810 3175 3152 3250 respondeas
3166 3184 3379 3249 quarto

2002 3274 2131 3314 cum
2155 3260 2405 3331 Vasquez
2435 3262 2451 3315 l
2474 3267 2624 3334 part.
2656 3261 2798 3331 disp.
2825 3260 2915 3324 99,
2941 3277 2976 3313 a
2998 3277 3121 3331 cap.
3146 3263 3204 3324 7,
3234 3260 3374 3315 nul-

2004 3338 2125 3393 lum
2177 3338 2466 3396 decretum
2516 3340 2614 3396 Dei
2662 3340 2984 3395 absolutum
3042 3337 3373 3411 praecedere

2002 3435 2340 3477 consensum
2381 3427 2649 3486 ‚nostrum
2678 3421 2770 3476 vel
2798 3420 2863 3476 in
2889 3426 3035 3476 statu
3069 3418 3334 3477 absoluto
3355 3464 3369 3486 ,

2002 3503 2093 3559 vel
2126 3503 2187 3559 in
2222 3509 2366 3560 statu
2410 3503 2816 3570 conditionato,
2847 3502 2944 3558 sed
2970 3503 3159 3558 solum
3191 3503 3370 3559 illum

2000 3583 2370 3641 concomitari
2387 3608 2400 3651 ς
2433 3600 2569 3640 nam
2591 3599 2719 3638 cum
2747 3599 3056 3639 consensus
3080 3589 3276 3639 noster
3304 3584 3373 3639 in

2000 3669 2146 3719 statu
2195 3663 2450 3720 absoluto
2503 3678 2620 3719 non
2667 3662 2982 3735 dependeat
3010 3680 3041 3719 a
3081 3679 3369 3719 concursu

2002 3743 2102 3800 Dei
2133 3743 2364 3816 praevio,
2415 3743 2513 3800 sed
2559 3743 2747 3799 solum
2787 3744 3174 3809 simultane-03
3225 3746 3374 3800 satis

2000 3829 2102 3888 est,
2126 3821 2275 3894 quod
2303 3823 2365 3878 in
2386 3829 2533 3878 statu
2557 3822 2945 3879 conditionato
2975 3820 3374 3895 praevideatur

1999 3901 2323 3975 dependere
2356 3919 2388 3958 a
2415 3904 2528 3959 Deo
2574 3904 2917 3959 simultanee
2958 3909 3370 3960 concurrente.

2000 3988 2084 4042 Ne
2099 3992 2293 4042 tamen
2308 3986 2452 4041 Deus
2475 3984 2737 4041 videatur
2751 4001 2892 4041 caeco
2908 3984 3080 4042 modo
3092 3984 3368 4050 influere.

2001 4068 2161 4140 ponit
2188 4066 2389 4122 citatus
2410 4066 2629 4122 Author
2660 4067 3015 4122 vocationem
3041 4082 3370 4140 congruam

1999 4161 2072 4202 ex
2098 4151 2258 4218 parte
2296 4144 2641 4201 conditionis
2680 4146 2878 4201 taliter
2920 4151 3369 4217 attemperatum

2002 4224 2183 4283 libero
2211 4224 2471 4290 arbitri0,
2500 4231 2562 4280 ut
2580 4226 2723 4281 citra
2746 4225 3093 4281 miraculum
3120 4235 3375 4299 nequeat

2002 4322 2117 4363 non
2144 4306 2411 4378 consequi
2443 4311 2558 4361 tam
2580 4322 2905 4372 consensus,
2930 4322 3102 4378 quam
3129 4322 3378 4362 concur·

1999 4403 2095 4442 sus
2120 4385 2221 4442 Dei
2242 4386 2622 4442 simultaneus
2640 4387 2702 4441 in
2718 4386 2888 4442 illum
2907 4386 3182 4443 influens.
3202 4386 3377 4445 Unde

1998 4467 2080 4523 sic
2107 4466 2316 4524 format
2337 4465 2616 4540 objectum
2643 4467 2895 4523 scientiae
2919 4465 3146 4523 mediae:
3174 4466 3246 4525 Si
3268 4485 3375 4540 eqo

1999 4564 2248 4603 vocarem
2272 4548 2546 4603 hominem
2572 4550 2849 4603 vocatione
2885 4564 3145 4616 conyrua,
3175 4548 3262 4603 vel
3312 4554 3371 4605 si

1999 4631 2376 4684 constituerem
2402 4629 2674 4683 hominem
2700 4628 2761 4682 in
2804 4628 2893 4682 his
2920 4630 3285 4683 circunstanti
3292 4631 3366 4695 is,

1999 4728 2138 4786 quas
2184 4710 2270 4766 illi
2312 4727 2581 4780 conyruas
2602 4710 2887 4782 pravideo,
2919 4727 3011 4781 eyo
3036 4712 3373 4768 simultanee

1999 4808 2370 4848 concurrerem
2387 4809 2514 4846 eum
2540 4809 2599 4846 eo
2623 4792 2699 4848 ad
2723 4794 3143 4857 conversionem,
3174 4799 3222 4847 et
3248 4794 3374 4865 ipse

1998 4873 2341 4927 consentiret.

3426 3196 3542 3238 Aliud

3439 3247 3533 3303 etl'u·

3419 3305 3539 3347 gnum.

3446 3348 3554 3393 Vasti

2075 4952 2221 5016 Haec,
2247 4951 2502 5024 inquam.
2528 4950 2786 5008 doctrina
2807 4967 2924 5008 non
2945 4951 3240 5016 satisfacit,
3261 4956 3368 5011 sed
3385 4964 3560 5015 lamg-

2002 5032 2168 5105 plura
2196 5032 2450 5105 congerit
2477 5030 2731 5088 absolute
2760 5032 2922 5098 falsa,
2948 5038 3004 5088 et
3052 5034 3370 5106 principiis

3105 5114 3372 5171 scientim

3413 5020 3550 5055 mint.
