3647 5753
1207 394 1432 451 INDEX
1470 393 1994 461 QUAESTIONUM,
2038 394 2195 452 E'rc.
2702 420 2724 442 υ
3069 413 3106 452 v

307 572 341 639 5
379 570 424 625 1.
460 568 618 625 Vera
642 566 925 625 sententia
947 564 1170 667 duabus
1196 564 1609 624 assertionibus

234 647 586 721 explicatur.
1497 646 1609 701 639

306 734 340 801 5
366 729 422 786 2.
455 731 878 788 convelluntur
898 734 1241 804 argumenta
1266 732 1467 788 contra
1493 728 1608 802 pri-

235 827 394 868 mam
421 812 874 869 conclusionem.
1495 809 1608 865 643

310 893 458 951 Dub.
478 895 531 950 3.
563 895 771 950 Utrum
786 892 1157 968 justificatio
1141 910 1309 968 impu
1329 893 1403 951 sit
1424 892 1608 951 maxi-
1645 947 1650 951 .

235 989 401 1031 mum
431 990 574 1050 opus
601 975 725 1032 Dei.
1494 974 1608 1030 649

310 1057 429 1125 51.
453 1053 701 1112 Dubium
752 1054 1038 1113 deciditur
1082 1055 1373 1129 aliquibus
1426 1070 1607 1113 asser-

233 1134 514 1194 tionibus.
1491 1138 1604 1193 649

306 1223 340 1289 5
405 1221 462 1277 2.
528 1219 852 1277 Corollaria
934 1218 1314 1294 praecedentis
1388 1218 1606 1277 doctri—

227 1315 336 1358 nae.
1489 1303 1604 1359 653

295 1382 449 1440 Dub.
472 1384 529 1440 4.
561 1385 774 1440 Utrum
798 1383 1134 1458 Justificatio
1161 1384 1333 1458 impii
1360 1384 1437 1441 sit
1462 1399 1605 1457 opus

225 1465 666 1522 miraculosum.
1488 1467 1600 1523 657

297 1552 330 1619 5
365 1550 418 1605 l.
450 1547 819 1605 Observanda
844 1564 951 1622 pro
973 1546 1133 1605 dubii
1159 1548 1465 1608 decisione.
1491 1551 1601 1606 657

296 1630 330 1697 5
358 1630 416 1685 2.
451 1629 784 1686 Resolvitur
828 1628 1131 1686 difficultas
1153 1630 1315 1705 juxta
1343 1634 1599 1689 mentem

230 1710 292 1766 D.
317 1709 580 1769 Thomae.
1490 1713 1601 1769 660

605 1883 1032 1938 TRACTATUS
1058 1883 1183 1938 XVI
1190 1925 1203 1940 .

749 2040 822 2078 na
850 2039 1082 2079 aarum.

305 2134 724 2208 Praeloquium.
1486 2137 1597 2193 666

699 2306 954 2353 QUAESTIO
994 2307 1124 2346 cxlv
1133 2333 1145 2347 .

301 2429 385 2484 De
412 2428 644 2494 merito,
675 2427 825 2502 quod
866 2433 950 2485 est
974 2428 1205 2487 effectus
1236 2429 1437 2504 gratiae
1461 2445 1595 2487 coo-

225 2506 515 2579 perantis,
548 2507 612 2562 in
639 2505 834 2564 decem
864 2509 1133 2567 articulos
1159 2507 1365 2566 divisa.
1481 2511 1595 2566 667

302 2592 440 2645 Art.
482 2590 530 2645 1.
576 2591 778 2646 Utrum
807 2590 980 2648 homo
1020 2591 1196 2663 possit
1223 2589 1443 2664 aliquid
1470 2607 1605 2648 me-

227 2671 360 2729 reri
386 2688 421 2728 a
452 2673 585 2729 Deo.
1484 2676 1595 2731 667

751 2798 1072 2896 Disputatio
1095 2820 1165 2882 1.’
1185 2897 1189 2901 ι

298 2968 383 3023 De
425 2971 635 3025 natura
684 2967 900 3038 meriti,
950 2973 1005 3026 et
1049 2966 1477 3026 conditionibus
1523 2967 1595 3025 ad

226 3048 514 3105 meritum
538 3047 849 3121 requisitis.
1483 3049 1594 3105 668

297 3125 449 3183 Dub.
507 3129 553 3183 l.
604 3129 814 3183 Utrum
862 3126 934 3184 ad
959 3128 1235 3185 meritum
1266 3127 1595 3202 requiratur

224 3207 490 3280 operatio
516 3209 778 3281 positiva.
1482 3211 1593 3266 668

296 3293 330 3360 5
383 3291 429 3348 l.
477 3292 698 3349 Decisio
738 3290 899 3348 dubii
923 3290 1091 3365 juxta
1116 3289 1439 3350 doctrinam
1462 3292 1593 3349 Divi

223 3370 492 3429 Thomae.
1482 3375 1594 3430 669

296 3456 330 3522 5
365 3454 423 3509 2.
456 3452 726 3525 Opposita
764 3454 1052 3511 sententia
1079 3470 1208 3510 cum
1234 3455 1353 3511 suis
1380 3454 1594 3512 funda-

225 3535 462 3604 mentis,
493 3541 550 3592 et
571 3536 809 3592 illorum
829 3535 1161 3594 solutiones.
1482 3538 1595 3594 670

304 3613 452 3671 Dub.
484 3617 539 3671 2.
584 3617 795 3672 Utrum
843 3617 914 3673 ad
960 3616 1236 3674 meritum
1272 3617 1595 3693 necessaria

227 3697 303 3752 sit
323 3695 585 3754 libertas.
1481 3701 1594 3755 672

303 3782 338 3849 5
369 3779 417 3835 l.
460 3781 798 3837 Communis
835 3783 1123 3840 sententia
1144 3780 1364 3838 duabus
1403 3797 1594 3839 asser-

227 3857 491 3916 tionibus
516 3863 857 3934 explicatur.
1481 3863 1592 3919 672

300 3943 333 4010 5
363 3942 421 3996 2.
470 3941 763 3998 Sententia
803 3942 1079 4014 opposita,
1119 3946 1462 4018 argumenta
1489 3957 1593 4014 pro

234 4019 365 4088 illa,
399 4025 453 4075 et
477 4036 683 4078 eorum
707 4021 1093 4081 enodationes.
1482 4023 1594 4078 675

301 4101 451 4158 Dub.
476 4103 531 4158 3.
549 4104 767 4158 Utrum
809 4109 963 4161 actus
983 4103 1188 4162 cadens
1208 4103 1313 4161 sub
1342 4119 1594 4178 praecep-

225 4190 304 4251 to,
335 4186 430 4241 vel
456 4191 611 4241 metu
642 4202 823 4258 poenae
860 4187 1104 4253 elicitus,
1136 4190 1234 4244 aut
1275 4185 1594 4260 semiplene

219 4265 600 4332 deliberem&
635 4268 812 4340 possit
837 4284 959 4326 esse
983 4267 1336 4325 meritorius.
1481 4270 1594 4324 679

299 4352 335 4418 5
365 4348 602 4405 Unicus.
655 4347 868 4405 Tribus
914 4348 1327 4407 assertionibus
1352 4347 1418 4403 flt
1455 4348 1593 4405 satis

223 4430 538 4502 propositis
563 4429 1013 4502 quaestiunculis.
1482 4431 1594 4486 679

303 4510 451 4568 Dub.
482 4513 539 4568 4.
585 4512 795 4567 Utrum
833 4512 904 4568 ad
945 4511 1224 4569 meritum
1265 4512 1594 4584 requiratur

218 4596 410 4648 status
456 4592 584 4660 viae,
634 4599 692 4649 et
734 4592 798 4648 in
847 4608 960 4665 quo
1001 4597 1181 4650 status
1215 4593 1327 4654 iste
1373 4593 1593 4650 consis-

301 4758 337 4824 5
373 4756 420 4812 l.
451 4753 785 4813 Ostenditur
829 4754 1134 4812 necessitas
1176 4760 1358 4813 status
1385 4754 1495 4812 viae
1521 4755 1593 4813 ad

216 4835 572 4893 merendum
592 4836 664 4892 de
679 4837 802 4910 lege
822 4833 1124 4893 ordinaria
1146 4841 1232 4895 :et
1250 4836 1501 4909 qualiter
1523 4837 1595 4896 de

219 4916 481 4989 potentia
503 4916 761 4974 absoluta
783 4916 959 4989 possit
976 4931 1098 4974 esse
1125 4916 1402 4974 meritum
1429 4923 1594 4977 extra

219 4996 408 5054 viam.
1481 4999 1593 5054 682

1814 569 1848 636 5
1898 566 1953 622 2.
2002 552 2344 642 Assignatur
2401 566 2675 640 spatium,
2724 570 2782 624 et
2821 560 3111 624 terminus

1727 653 1956 705 nostrae
1976 648 2107 705 viae.
2998 649 3110 704 684

1813 732 1847 799 5
1892 730 1944 785 3.
1992 729 2345 802 Proponitur
2391 729 2652 802 opposita
2698 726 3006 797 sententia,
3054 734 3111 786 et

1738 807 1862 885 ejus
1884 816 2225 885 argumenta
2244 810 2571 868 diluuntur.
2997 811 3109 866 685

1813 890 1956 947 Dub.
1984 894 2042 949 5.
2067 893 2279 948 Utrum
2305 891 2711 949 sanctissimus
2734 894 2798 949 P.
2830 893 2899 947 N.
2926 892 3102 959 Elias,

1737 976 1796 1028 et
1820 971 2016 1029 Enoch
2043 973 2163 1029 sint
2189 972 2254 1028 in
2293 976 2444 1029 statu
2473 971 2758 1040 merendi,
2786 976 2842 1029 et
2866 970 2938 1028 de
2960 971 3109 1029 facto

1737 1058 2080 1111 mereantur
2096 1056 2123 1111 P
2997 1053 3108 1108 687

1810 1138 1845 1206 5
1874 1136 1921 1191 l.
1947 1135 2119 1192 Dubii
2148 1135 2440 1192 resolutio.
2991 1133 3103 1189 687

1811 1219 1845 1285 5
1865 1217 1918 1271 2.
1946 1216 2155 1289 Opinio
2196 1230 2430 1289 negans,
2465 1214 2701 1272 unicum
2744 1229 2850 1287 pro
2868 1229 2936 1271 ea
2963 1212 3101 1269 fun-

1736 1293 2099 1365 damentum,
2128 1301 2184 1354 et
2208 1296 2331 1369 ejus
2358 1296 2588 1354 solutio.
2990 1296 3102 1351 689

1813 1377 1957 1434 Dub.
2006 1380 2062 1434 6.
2094 1380 2324 1446 Utrum
2349 1378 2422 1435 ad
2462 1379 2737 1435 meritum
2768 1377 3099 1450 requiratur

1736 1458 2063 1531 acceptatio,
2097 1463 2153 1514 et
2174 1457 2482 1530 promissio
2502 1458 2608 1515 sub
2629 1458 2960 1516 conditione
2978 1472 3110 1530 ope-

1737 1537 1819 1593 ris
1840 1536 2162 1604 exercendi,
2193 1553 2319 1611 quae
2348 1544 2573 1611 pactum
2603 1537 2835 1596 dicitur.
2991 1538 3104 1594 692

1808 1621 1841 1688 5
1872 1620 1919 1674 1.
1949 1617 2158 1675 Verior
2178 1618 2399 1690 opinio,
2992 1618 3105 1673 693

1808 1703 1842 1770 5
1866 1701 1924 1755 2.
1956 1700 2271 1757 Diluuntur
2311 1705 2655 1774 argumenta
2676 1698 2977 1757 sententiae
3000 1714 3106 1771 op-

1735 1781 1945 1853 positas.
2993 1780 3104 1836 694

1808 1860 1953 1917 Dub.
1998 1863 2051 1917 7.
2100 1858 2393 1926 Traditur,
2438 1864 2495 1918 et
2538 1860 2863 1934 explicatur
2907 1860 3103 1918 meriti

1718 1939 2013 2025 definitio.
2988 1942 3100 1997 696

1808 2018 1841 2085 5
1878 2018 1926 2071 1.
1951 2015 2287 2074 Communis
2315 2017 2511 2073 meriti
2541 2015 2821 2074 definitio.
2993 2015 3103 2071 696

1805 2100 1838 2168 5
1864 2100 1921 2153 2.
1949 2098 2207 2156 Difficilis
2234 2097 2476 2173 objectio
2501 2104 2701 2157 contra
2728 2098 2894 2166 dicta,
2924 2103 2981 2155 et
3006 2114 3101 2156 so-

1732 2181 1877 2238 lutio
1906 2180 2085 2236 illius.
2985 2183 3096 2238 698

1804 2266 1929 2320 Art.
1960 2265 2014 2319 5.
2048 2265 2259 2319 Utrum
2288 2263 2499 2337 aliquis
2544 2264 2673 2320 sine
2710 2264 2895 2338 gratia
2924 2264 3101 2337 possit

1731 2343 1945 2401 mereri
1974 2343 2156 2399 vitam
2177 2348 2456 2400 aeternam
2473 2345 2500 2399 Ρ
2983 2344 3096 2399 700

1804 2428 1933 2481 Art.
1957 2425 2012 2482 3.
2039 2426 2243 2481 Utrum
2268 2425 2439 2483 homo
2462 2424 2524 2481 in
2546 2424 2739 2499 gratia
2760 2424 3098 2481 constitutus

1730 2507 1909 2580 possit
1966 2507 2182 2565 mereri
2238 2506 2422 2563 vitam
2486 2513 2772 2565 aeternam
2836 2522 2909 2564 ex
2956 2522 3097 2563 con-

1728 2589 1927 2663 digno.
2984 2588 3098 2642 700

2197 2732 2519 2808 Disputatio
2545 2732 2638 2791 ΙΙ.

1804 2874 1884 2931 De
1927 2871 2218 2932 divisione
2276 2872 2473 2931 meriti
2524 2872 2589 2931 in
2651 2889 2993 2947 congruum,
3046 2880 3102 2930 et

1727 2955 2104 3030 condignum.
2982 2956 3085 3012 701

1803 3034 1946 3093 Dub.
1983 3038 2027 3093 l.
2061 3038 2270 3092 Utrum
2300 3036 2578 3093 meritum
2619 3034 2917 3093 dividatur
2939 3034 3101 3094 adae-

1726 3117 1928 3190 quate
1913 3123 2385 3190 incongruum‚et
2399 3118 2780 3192 condignum?
2797 3116 2907 3172 Ubi
2920 3116 3098 3174 etiam

1729 3199 1879 3257 ratio
1904 3198 2201 3271 utriusque
2229 3199 2424 3256 meriti
2452 3200 2792 3273 explicatur.
2986 3200 3093 3255 701

1801 3282 1834 3349 5
1869 3282 1917 3335 l.
1941 3279 2261 3351 Exponitur
2288 3279 2425 3351 quid
2464 3281 2540 3336 sit
2561 3281 2839 3337 meritum
2866 3278 2937 3336 de
2959 3294 3098 3336 con-

1727 3361 1921 3436 digno,
1954 3367 2011 3417 et
2037 3359 2174 3434 quid
2195 3361 2269 3417 sit
2296 3362 2570 3418 meritum
2593 3363 2664 3420 de
2683 3378 2956 3436 congruo.
2983 3362 3089 3417 701

1802 3447 1835 3515 5
1861 3445 1916 3501 2.
1962 3442 2121 3509 Quod
2167 3443 2285 3499 haec
2330 3444 2525 3500 meriti
2572 3443 2783 3502 divisio
2825 3443 2900 3499 sit
2944 3441 3098 3500 adae-

1725 3531 1920 3599 quata.
2975 3528 3093 3583 702

1800 3611 1834 3677 5
1874 3608 1926 3664 3.
1960 3606 2120 3672 Quod
2150 3606 2421 3679 praedicta
2466 3606 2678 3664 divisio
2723 3623 2841 3664 non
2888 3606 2964 3662 sit
2996 3623 3097 3681 ge-

1726 3687 1889 3744 neris
1935 3687 1998 3742 in
2044 3686 2258 3758 species
2287 3729 2301 3753 ,
2350 3685 2449 3742 sed
2500 3687 2730 3760 analogi
2781 3687 2845 3741 in
2890 3686 3096 3744 analo·

1725 3775 1877 3845 gata.
2985 3769 3097 3825 703

2172 3912 2493 3987 Disputatio
2519 3911 2646 3971 111.

1803 4057 1884 4114 De
1928 4053 2280 4121 necessitate,
2313 4058 2369 4110 et
2415 4051 2754 4110 sufficientia
2797 4052 2997 4127 gratiae
3023 4054 3088 4111 in

1726 4135 1934 4194 ordine
1955 4135 2026 4192 ad
2055 4133 2330 4191 meritum
2360 4132 2495 4189 vitae
2521 4138 2767 4191 aeternae.
2984 4134 3095 4190 706

1801 4217 1946 4274 Dub.
1982 4219 2027 4273 l.
2059 4218 2270 4271 Utrum
2311 4214 2486 4272 homo
2512 4212 2722 4286 absque
2747 4214 2935 4287 gratia
2962 4229 3095 4287 pos-

1725 4299 1801 4368 sit
1820 4297 2038 4356 mereri
2061 4297 2242 4353 vitam
2264 4300 2542 4352 aeternam
2565 4294 2636 4351 de
2655 4292 2962 4368 condigno.
2983 4295 3095 4350 706

1800 4384 1834 4451 5
1893 4382 1938 4437 l.
1989 4376 2139 4444 Quid
2191 4375 2506 4434 tenendum
2566 4373 2636 4431 de
2690 4374 2814 4448 lege
2864 4372 3095 4431 ordina-

1728 4459 1817 4516 ria
1838 4462 1866 4516 Ρ
2982 4456 3094 4510 706

1801 4536 1833 4603 5
1859 4535 1913 4590 2.
1948 4530 2277 4588 Ostenditur
2307 4527 2616 4587 necessitas
2640 4526 2842 4601 gratias
2870 4526 2940 4584 ad
2968 4543 3093 4586 me-

1728 4614 1908 4670 ritum
1938 4613 2069 4669 vitas
2098 4617 2346 4668 aeternae.
2982 4610 3092 4665 707

1801 4698 1833 4764 5
1861 4695 1915 4751 3.
1974 4692 2241 4766 Opposita
2292 4689 2492 4764 opinio
2558 4696 2688 4745 cum
2752 4687 2871 4744 suis
2929 4705 2994 4746 ar

1728 4769 1961 4825 mentis.
3017 4706 3095 4819 ΟΠΒ

1803 4847 1949 4905 Dub.
1979 4849 2034 4904 2.
2064 4847 2273 4903 Utrum
2309 4844 2524 4901 homo
2510 4859 2573 4899 in
2599 4842 2787 4918 gratia
2812 4841 3092 4900 constitu-

1727 4932 1817 4985 tus
1875 4932 2168 4986 mereatur
2225 4924 2296 4983 de
2352 4922 2636 4998 condigno
2701 4923 2880 4981 vitam
2928 4927 3091 5052 aefyelrf

1727 5018 1885 5060 nam.
