3647 5753
528 367 638 424 232
1558 362 1653 417 DE
1692 361 1964 417 GRATIA
2005 358 2348 430 EFFICACI.

426 514 431 518 ⁹
528 540 592 594 de
634 536 887 603 Veritate,
919 541 975 594 et
993 552 1168 609 supra
1189 543 1369 615 quaest.
1407 536 1525 604 109,
1551 541 1662 590 art.
1696 503 1812 600 l,ut
1834 532 1897 589 in

306 3860 461 3902 Secun-

288 3910 382 3952 dum
395 3919 463 3952 ar-

287 3968 460 4011 gumen·

336 4015 434 4052 illm.

524 625 834 676 comment.
862 617 932 674 ad
953 634 1084 675 eum
1116 618 1303 675 locum
1352 615 1808 679 observavimus,
1842 621 1898 671 et

525 700 588 755 in
616 699 748 757 aliis
776 698 1041 771 pluribus
1067 698 1223 764 lociS,
1256 714 1380 771 quae
1406 713 1580 770 supra
1605 694 1890 753 dedimus,

522 781 637 836 Nec
661 778 966 836 diversitas
994 780 1055 835 in
1077 794 1272 834 causas
1301 776 1529 845 liberaS,
1556 782 1612 833 et
1632 791 1893 832 necessa-

525 863 639 918 rias
658 862 889 925 evincit,
922 861 1070 934 quod
1118 865 1264 918 Deus
1312 865 1552 933 nequeat
1593 857 1891 915 efficaciter

522 943 753 1017 physice
775 957 1126 1015 praemovere
1166 940 1237 998 ad
1276 945 1464 996 actum
1496 937 1746 995 liberum
1768 961 1781 1002 ;
1804 937 1891 994 si-

519 1022 750 1095 quidem
801 1022 1136 1080 Adversarii
1190 1020 1506 1078 admittunt
1553 1017 1887 1091 praedictum

520 1102 792 1161 motionis
829 1119 1010 1176 genus
1055 1118 1173 1160 non
1203 1115 1459 1175 pugnare
1502 1098 1887 1155 essentialiter

519 1198 664 1241 cnm⁴
678 1181 959 1248 libertate,
980 1186 1270 1254 Deumque
1290 1196 1357 1238 eo
1376 1195 1494 1236 non
1515 1179 1694 1236 semel
1719 1193 1885 1249 usum

521 1254 696 1319 fui'sse
737 1263 799 1318 in
836 1261 1199 1336 quorundam
1252 1258 1743 1317 conversionibus,
1799 1256 1885 1312 Ad

520 1347 740 1400 tertium
771 1341 1163 1416 respondetur,
1189 1346 1254 1398 D.
1288 1342 1492 1399 Thom.
1522 1357 1593 1399 eo
1621 1342 1742 1398 loco
1764 1356 1883 1397 non

518 1440 812 1482 recensere
837 1440 1103 1497 expresse
1152 1423 1439 1480 auxilium
1467 1439 1539 1479 ex
1575 1437 1656 1488 se,
1704 1427 1761 1478 et
1812 1420 1884 1477 ab

514 1503 827 1561 intrinseco
855 1503 1068 1561 efficax.
1098 1503 1236 1560 Inde
1259 1508 1453 1560 tamen
1477 1517 1595 1559 non
1610 1502 1884 1576 colligent

512 1582 846 1641 Adversarii
875 1585 931 1639 S.
990 1586 1288 1641 Doctorem
1335 1582 1666 1656 praedictum
1715 1581 1884 1638 auxi-

514 1665 658 1720 lium
682 1680 799 1723 non
822 1663 1122 1722 admisisse
1142 1689 1156 1732 ;
1185 1681 1317 1721 cum
1340 1664 1450 1737 ipsi
1478 1663 1733 1727 doceant,
1753 1662 1882 1719 dari

514 1747 796 1803 auxilium
827 1747 1126 1804 moraliter
1153 1745 1549 1803 infallibiliter
1572 1744 1884 1818 praedeter-

517 1827 749 1884 minans
780 1849 793 1883 ε
822 1829 919 1885 sed
946 1827 1136 1884 dicent
1181 1826 1329 1883 illud
1381 1824 1883 1899 comprehendisse

515 1906 638 1962 illis
656 1906 868 1974 verbiS,
889 1907 1108 1964 Donum
1122 1909 1328 1977 matisc,
1348 1913 1400 1962 et
1413 1906 1531 1961 alia
1542 1905 1878 1977 hujusmodi.

511 1984 667 2043 Idem
695 2002 831 2061 ergo
854 1987 1286 2060 respondemus,
1310 1985 1630 2043 Videantur
1656 2000 1781 2058 quae
1807 1984 1879 2040 ad

512 2064 665 2122 idem
705 2067 1104 2124 testimonium
1144 2066 1402 2122 diximus
1440 2066 1604 2121 dubio
1648 2065 1874 2137 praeced.

507 2148 539 2215 ξ
570 2147 651 2212 10,
685 2164 839 2203 num.
867 2149 998 2204 248.
1028 2146 1115 2204 Ad
1143 2154 1406 2222 qttartum
1433 2144 1741 2202 dicendum
1769 2149 1872 2213 est,

511 2228 576 2283 D.
607 2226 811 2285 Thom.
836 2243 904 2285 eo
926 2229 1047 2285 loco
1072 2227 1259 2284 solum
1307 2241 1518 2300 negare
1542 2225 1692 2298 quod
1720 2231 1878 2282 actus

509 2308 822 2364 voluntatis
841 2309 914 2364 sit
956 2308 1027 2364 ab
1055 2308 1170 2365 alio
1208 2306 1562 2362 determinate
1601 2320 1700 2378 per
1747 2321 1876 2363 mo·

508 2386 648 2444 dum
677 2394 928 2454 naturae,
959 2388 1058 2446 sed
1088 2404 1205 2444 non
1255 2393 1439 2461 negat,
1495 2386 1644 2460 quod
1684 2386 1759 2442 sit
1804 2385 1877 2442 ab

508 2469 623 2526 alio
642 2468 1024 2526 determinate
1063 2485 1165 2541 per
1191 2468 1428 2526 modum
1456 2468 1757 2533 libertatis,
1791 2481 1876 2524 re-

506 2554 661 2605 tenta
686 2549 899 2606 scilicet
941 2548 1335 2606 indifferentia
1364 2564 1464 2620 per
1511 2547 1748 2605 modum
1773 2547 1873 2621 J’u-

506 2627 668 2686 dicii.
698 2629 974 2701 Loquitur
993 2629 1168 2685 etiam
1198 2627 1268 2685 de
1283 2634 1408 2684 actu
1422 2627 1732 2684 voluntatis
1755 2643 1875 2699 pec·

505 2708 823 2774 caminoso,
855 2709 952 2782 qui
983 2714 1044 2763 ut
1078 2709 1213 2764 talis
1241 2723 1358 2765 non
1385 2713 1470 2763 est
1495 2724 1527 2764 a
1556 2709 1691 2772 Deo,
1722 2706 1819 2763 sed
1841 2722 1873 2763 a

508 2789 802 2846 voluntate
828 2794 1018 2846 creata
1058 2796 1121 2845 ut
1159 2806 1192 2846 a
1239 2790 1429 2861 primo
1467 2788 1538 2844 ad
1584 2788 1870 2844 malitiam

503 2868 948 2928 determinante.
973 2873 1087 2928 Nec
1102 2869 1432 2944 praedictum
1474 2868 1871 2927 testimonium

506 2950 849 3010 nullomodo
872 2952 1024 3008 favet
1036 2952 1518 3009 Adversariorum
1534 2951 1866 3017 intentioni,

503 3031 601 3089 sed
629 3031 700 3089 ab
721 3033 805 3090 eis
833 3033 1009 3090 etiam
1036 3033 1247 3105 exponi
1275 3030 1468 3099 debet;
1498 3030 1871 3088 docentenim

502 3118 657 3169 actus
680 3111 891 3169 liberos
914 3112 1181 3170 honestos
1208 3112 1729 3170 voluntatiscreatae
1749 3127 1872 3169 esse

507 3212 540 3251 a
568 3197 682 3252 Deo
710 3194 1166 3267 praediffiniente,
1216 3200 1273 3252 et
1297 3210 1466 3250 suum
1514 3194 1869 3267 propositum

498 3280 812 3348 exequente
852 3292 953 3348 per
1005 3291 1343 3333 concursum
1387 3273 1666 3332 efficacem
1721 3291 1870 3348 pras-

498 3357 660 3413 vium
690 3356 991 3413 moraliter
1024 3356 1633 3428 praedeoerminantem
1666 3376 1679 3412 ε
1711 3355 1869 3413 unde

499 3441 692 3508 aperte
721 3435 928 3493 debent
952 3435 1278 3503 concedere,
1309 3435 1459 3510 quod
1507 3440 1662 3492 actus
1711 3435 1868 3493 liber

501 3516 677 3589 possit
695 3532 816 3573 esse
843 3514 913 3573 ab
959 3517 1075 3574 alio
1122 3517 1493 3571 determinate.
1539 3517 1867 3574 Praesertim

503 3613 632 3655 cum
653 3597 827 3655 etiam
845 3597 1153 3655 admittant
1167 3598 1449 3654 auxilium
1465 3597 1695 3672 physice
1717 3613 1868 3671 prae·

503 3694 744 3737 movens
766 3696 925 3752 posse
951 3678 1207 3737 absolute
1232 3696 1362 3737 cum
1387 3678 1653 3736 libertate
1673 3680 1860 3738 cohae-

503 3773 651 3816 rere.

573 3841 702 3898 321.
746 3839 1024 3914 Arguitur
1066 3838 1331 3908 secundo,
1356 3839 1490 3912 quia
1519 3855 1620 3912 per
1647 3841 1865 3898 auxilia

500 3920 744 3978 efficacia
809 3921 1110 3979 moraliter
1166 3922 1477 3990 moventia,
1546 3920 1865 3994 cujusmodi

500 4005 634 4056 sunt
676 4005 833 4057 actus
858 4000 1226 4058 indeliberati
1245 4006 1453 4057 sanctae
1478 4000 1859 4074 cogitationis,

497 4084 555 4137 et
606 4080 713 4153 piae
757 4080 1085 4145 affectionis
1134 4081 1434 4137 salvantur
1472 4081 1689 4146 omnia,
1739 4098 1865 4155 quae

497 4165 719 4235 oportet
745 4160 806 4216 in
830 4162 1095 4233 praesenti
1107 4159 1396 4219 verificari
1418 4165 1534 4218 tam
1546 4162 1863 4220 secundum

496 4243 819 4311 veritatem,
843 4258 1018 4315 quam
1061 4242 1378 4299 secundum
1402 4245 1696 4316 propriam
1724 4260 1864 4302 sen-

496 4323 740 4381 tentiam
772 4322 835 4379 D.
862 4322 1188 4397 Augustini,
1214 4328 1271 4378 et
1313 4324 1376 4379 D.
1404 4322 1639 4381 Thomas
1671 4346 1684 4381 :
1726 4341 1863 4400 ergo

494 4402 853 4477 superfluum
881 4408 967 4459 est
986 4400 1369 4475 superaddere
1396 4403 1681 4462 auxilium
1713 4406 1864 4480 phy-

495 4485 609 4544 sice
638 4484 1172 4557 praedeterminans.
1229 4486 1645 4558 Consequentia
1685 4491 1857 4560 patet,

493 4581 561 4625 eo
580 4567 674 4634 vel
696 4565 967 4631 maxime,
998 4563 1147 4638 quod
1171 4580 1383 4621 nomen
1424 4565 1614 4643 ipsum
1656 4566 1861 4624 auxilii

493 4645 728 4721 physice
753 4644 1314 4718 praedeterminantis
1339 4647 1484 4705 solet
1517 4647 1738 4720 aliquos
1756 4647 1862 4705 de-

493 4732 731 4795 terrere,
758 4741 832 4784 ne
859 4741 1058 4783 veram
1104 4726 1352 4801 gratiam
1395 4742 1467 4784 ex
1494 4743 1554 4785 se
1579 4728 1860 4787 efficacem

494 4807 820 4875 admittant,
871 4808 1099 4880 qualem
1143 4809 1208 4864 D.
1259 4808 1635 4883 Augustinus,
1690 4816 1747 4868 et
1788 4813 1855 4868 D.

492 4887 698 4945 Thom.
734 4886 1065 4944 docuerunt.
1096 4887 1448 4945 Antecedens
1493 4894 1685 4947 autem
1724 4905 1860 4946 sua-

494 4966 661 5025 detur
695 4972 859 5024 :tum
886 4968 1022 5040 quia
1062 4966 1110 5023 si
1148 4967 1221 5026 ob
1272 4967 1526 5042 aliquam
1576 4970 1859 5029 rationem

2028 536 2175 588 esset
2196 529 2584 587 necessarium
2608 528 2891 585 auxilium
2917 527 3148 601 physice
3174 526 3393 600 praede-

2030 610 2375 674 terminans,
2410 610 2667 665 maxime
2696 615 2756 663 ut
2776 611 2923 664 Deus
2943 607 3229 665 diceretur
3274 622 3391 665 mo·

2026 706 2163 747 vere
2185 705 2303 747 non
2323 691 2512 746 solum
2533 690 2828 764 objective,
2857 688 2957 746 sed
2976 689 3151 746 etiam
3179 688 3393 763 subJec-

2027 773 2160 839 tive,
2180 788 2388 846 nempe
2404 788 2521 829 non
2554 774 2740 829 solum
2765 770 3135 845 proponendo
3148 770 3385 838 bonum,

2023 853 2121 911 sed
2141 854 2316 911 etiam
2341 852 2677 911 inclinando
2692 854 2995 909 causaliter
3011 854 3387 920 voluntatem;

2024 933 2180 1006 atqui
2202 934 2429 990 effectus
2452 931 2868 990 indeliberatus
2895 949 2927 989 a
2942 936 3056 989 Deo
3078 932 3390 1005 impressus

2023 1014 2269 1070 inclinat
2293 1012 2602 1087 subjective
2631 1016 3007 1078 voluntatem,
3038 1028 3170 1068 cum
3196 1012 3272 1068 sit
3290 1013 3388 1069 in-

2022 1095 2325 1151 transitive
2345 1111 2468 1167 ipsa
2483 1094 2802 1160 inclinatio
2827 1101 2882 1150 et
2905 1109 2978 1150 ex
3005 1098 3166 1166 parte
3187 1093 3387 1150 volun·

2021 1176 2152 1232 tatis
2164 1191 2224 1231 se
2247 1180 2452 1242 teneat,
2473 1176 2636 1249 juxta
2658 1174 2802 1230 illud
2827 1177 3047 1232 Poetae·
3034 1172 3115 1230 T
3112 1174 3261 1230 rabit
3280 1191 3382 1229 sua

2019 1273 2279 1334 quemque
2305 1257 2605 1329 voluptas:
2630 1273 2765 1330 ergo
2795 1272 2894 1328 per
2921 1255 3067 1312 hanc
3103 1243 3381 1311 moralem

2018 1338 2332 1395 motionem
2362 1339 2636 1398 salvatur.
2663 1338 2812 1411 quod
2842 1338 3121 1410 praecipue
3150 1338 3213 1393 in
3236 1352 3385 1409 prae-

2017 1419 2167 1475 senti
2195 1418 2485 1475 verificari
2535 1424 2775 1493 oportet.
2805 1421 2952 1473 lum
3005 1419 3201 1483 etiam,
3249 1417 3383 1490 quia

2020 1503 2169 1559 Deus
2192 1517 2293 1574 per
2314 1501 2597 1558 auxilium
2641 1500 2834 1558 efficax
2864 1504 3174 1573 praemovet
3192 1499 3383 1556 homi-

2018 1597 2175 1648 nem,
2209 1586 2269 1638 ut
2297 1581 2468 1639 horno
2489 1587 2591 1646 est,
2621 1587 2678 1638 et
2698 1582 2861 1656 juxta
2886 1580 3124 1637 modum
3144 1595 3259 1636 suae
3285 1595 3383 1636 na-

2016 1667 2159 1718 turae
2186 1682 2198 1717 ε
2223 1660 2320 1717 sed
2344 1663 2515 1719 homo
2538 1661 2804 1727 uthom0,
2830 1667 2914 1717 est
2937 1676 3108 1734 agens
3131 1660 3379 1716 morale:

2014 1758 2151 1817 ergo
2170 1741 2337 1799 debet
2351 1742 2652 1799 moraliter
2672 1743 3016 1814 praemov'eri
3036 1739 3135 1797 :ad
3158 1741 3262 1797 hoc
3277 1755 3381 1796 au-

2017 1828 2129 1880 tem
2146 1822 2349 1878 sufficit
2364 1823 2650 1878 auxilium
2673 1822 2974 1879 moraliter
2989 1836 3228 1878 movens
3249 1841 3261 1875 :
3284 1835 3379 1876 er-

2011 1905 2358 1978 gO‚etc.Tum
2377 1903 2811 1976 praeterea,quia
2827 1918 2926 1975 per
2942 1900 3219 1976 hoc,quod
3235 1903 3381 1956 Deus

2013 1998 2116 2039 nos
2142 1984 2441 2041 moraliter
2477 1999 2577 2056 per
2618 1983 3051 2048 illustrationes,
3081 1988 3138 2039 et
3163 1980 3379 2037 subitas

2012 2063 2337 2121 affectiones
2366 2069 2612 2130 moveat,
2640 2062 2971 2120 verificatur
2985 2065 3165 2120 Deum
3194 2062 3377 2120 facere

2012 2150 2072 2200 ut
2095 2144 2373 2201 faciamus
2398 2168 2412 2211 ;
2442 2144 2587 2200 sicut
2630 2143 2899 2209 suadens,
2930 2150 2987 2202 et
3015 2159 3221 2218 rogans
3265 2145 3372 2199 Pe-

2011 2230 2184 2290 trum,
2220 2230 2281 2281 ut
2306 2225 2494 2291 faciat,
2527 2225 2738 2282 dicitur
2766 2226 2972 2293 facere,
2998 2226 3147 2300 quod
3176 2228 3376 2283 Petrus

2010 2305 2180 2363 faciat
2208 2328 2220 2362 :
2251 2306 2349 2363 sed
2379 2305 2577 2363 adhoc
2605 2307 2966 2379 potissimum
2993 2314 3178 2380 posset
3221 2306 3374 2364 desi-

2008 2386 2201 2443 derari
2245 2387 2530 2443 auxilium
2562 2387 2790 2460 physice
2813 2387 3325 2459 praedeterminans
3357 2408 3370 2442 :

2007 2481 2143 2539 ergo
2161 2481 2230 2523 eo
2248 2466 2423 2531 etiam
2451 2467 2697 2532 excluso,
2715 2465 3229 2524 sufficiuntauxilia
3246 2482 3372 2523 mo-

2010 2548 2211 2605 raliter
2265 2550 2576 2617 moventia,
2625 2555 2686 2604 ut
2727 2549 3096 2606 verificentur
3140 2565 3265 2622 quae
3307 2549 3368 2605 in

2009 2629 2274 2701 praesenti
2302 2629 2545 2685 materia
2563 2630 2777 2686 salvari
2805 2634 3045 2702 oportet.

2081 2709 2489 2776 confirmatur,
2533 2711 2668 2783 quia
2696 2712 2758 2767 in
2796 2710 3156 2769 conciliando
3191 2710 3367 2768 liber·
3397 2725 3579 2769 contir-

2006 2793 2179 2846 tatem
2221 2790 2450 2847 arbitrii
2478 2791 2653 2847 creati
2704 2808 2834 2848 cum
2873 2791 3117 2849 efficacia
3160 2790 3370 2848 divinae
3407 2775 3569 2818 ''¹²¹¹“

2003 2870 2225 2943 gratiae,
2252 2887 2381 2928 eam
2407 2870 2812 2929 discretionem
2849 2888 2978 2929 serv
2985 2889 3085 2929 are
3126 2878 3365 2945 oportet,

2005 2957 2068 3007 ut
2106 2968 2177 3009 ex
2209 2969 2323 3010 una
2364 2958 2525 3025 parte
2562 2954 2855 3009 salvemus
2892 2970 3231 3028 supremum
3271 2955 3367 3011 Dei

2002 3030 2332 3088 dominium
2362 3049 2539 3106 supra
2565 3049 2739 3106 opera
2771 3040 2987 3102 nostra,
3020 3040 3186 3108 atque
3234 3034 3370 3090 uni-

2003 3112 2415 3178 versalitatem,
2430 3117 2487 3168 et
2502 3112 2807 3171 efficaciam
2833 3115 3033 3189 gratiae
3053 3138 3066 3181 ;
3084 3121 3140 3171 et
3163 3130 3237 3172 ex
3256 3113 3372 3170 alia

2004 3199 2165 3266 parte
2185 3193 2461 3260 suaviter,
2488 3201 2770 3267 quantum
2800 3194 2923 3253 fieri
2964 3198 3144 3261 valet,
3182 3195 3371 3268 expli-

2001 3289 2193 3331 cemus
2241 3273 2488 3331 liberam
2530 3275 2939 3349 subJectionem
2980 3276 3208 3334 arbitrii
3235 3276 3370 3333 :sed

2000 3360 2120 3412 esto
2148 3354 2432 3411 auxilium
2469 3355 2698 3429 physice
2745 3371 3102 3429 praemovens
3143 3358 3371 3431 penitus

2002 3434 2325 3493 libertatem
2373 3452 2490 3494 non
2523 3436 2804 3504 absumat,
2831 3452 2959 3494 eam
3012 3443 3209 3495 tamen
3248 3454 3369 3495 non

2000 3516 2081 3573 ita
2106 3533 2382 3590 apparere
2410 3518 2693 3590 permittit
2715 3542 2731 3585 3
2775 3536 2905 3575 cum
2928 3519 3047 3587 vix,
3089 3524 3187 3576 aut
3219 3534 3371 3594 aegre

1999 3599 2277 3671 explicari
2299 3599 2487 3655 valeat
2506 3598 2791 3672 quomodo
2816 3616 2946 3656 cum
2974 3600 3195 3658 auxilio
3217 3601 3369 3674 phy-

1997 3678 2111 3736 sice
2134 3681 2490 3737 voluntatem
2515 3681 2775 3753 rapiente
2826 3680 2899 3737 ad
2945 3698 3133 3739 unum
3171 3687 3364 3739 extre·

1996 3778 2182 3829 mum,
2207 3763 2477 3820 consistat
2497 3779 2634 3819 vera
2657 3769 2898 3837 potestas
2920 3763 2989 3821 ad
3012 3764 3335 3838 oppositum
3359 3785 3372 3821 ε

1996 3859 2122 3916 quae
2150 3845 2428 3918 asperitas
2456 3845 2777 3917 plurimum
2831 3850 3186 3918 temperatur
3210 3861 3367 3903 asse·-

1999 3925 2181 3983 rendo
2198 3927 2422 3983 auxilia
2439 3925 2686 3983 efficacia
2709 3942 2833 3984 esse
2855 3928 3158 3985 moraliter
3177 3929 3366 3985 solum

1998 4008 2414 4080 praemoventia
2447 4021 2620 4081 :ergo
2666 4023 2782 4063 non
2836 4012 3057 4079 oportet
3093 4023 3366 4075 asserere,

1994 4086 2150 4161 quod
2184 4088 2333 4143 Deus
2358 4086 2744 4144 communiter
2790 4093 3135 4160 praemoveat
3155 4091 3370 4146 volun·
3426 4087 3433 4091 ’
3511 4095 3521 4103 “

1995 4171 2170 4223 tatem
2200 4164 2410 4223 mediis
2436 4166 2671 4223 auxiliis
2701 4167 2931 4242 physice
2973 4166 3370 4241 praedetermi-

1997 4243 2291 4311 nantibus,
2323 4244 2421 4301 sed
2447 4244 2596 4318 quod
2617 4261 2746 4302 eam
2768 4254 2996 4306 moveat
3016 4262 3117 4321 per
3146 4247 3368 4306 auxilia

1994 4327 2293 4385 moraliter
2314 4331 2745 4407 praemoventizn

2060 4408 2149 4465 Ad
2212 4416 2618 4484 argumentum
2679 4412 3053 4487 respondetur
3099 4412 3362 4488 negando
3378 4444 3583 4497 Respon-

1995 4489 2355 4556 antecedens,
2371 4506 2457 4565 cu]
2468 4507 2532 4546 us
2559 4492 2777 4548 falsitas
2797 4494 2936 4549 satis
2963 4494 3141 4567 liquet
3153 4510 3226 4553 ex
3244 4494 3362 4553 dic·
3425 4494 3567 4539 ‘¹2²⁰‘

1995 4569 2122 4640 tis§
2149 4572 2183 4625 4
2206 4588 2330 4626 cum
2354 4588 2461 4646 seq.
2495 4571 2592 4629 ubi
2621 4573 2978 4630 ostendimus
2998 4574 3360 4633 insufficien-
3393 4553 3571 4639 mergum

1996 4650 2139 4707 tiam
2168 4651 2375 4707 auxilii
2398 4653 2698 4710 moraliter
2715 4654 2947 4727 praecise
2973 4654 3362 4728 praedetermi-

1996 4730 2208 4798 nantis‚
2234 4736 2293 4788 et
2317 4734 2710 4791 necessitatem
2728 4736 2933 4793 auxilii
2959 4737 3191 4810 physice
3219 4752 3362 4810 prae·

1994 4811 2301 4868 moventis.
2319 4811 2693 4871 probationes
2709 4821 2902 4873 autem
2923 4816 3360 4875 incontrarium

1994 4889 2247 4949 adductae
2272 4891 2355 4949 ita
2373 4899 2613 4952 manent
2639 4896 2948 4966 convulsae,
2972 4901 3052 4953 ,ut
3075 4911 3360 4971 superva-

1991 4986 2234 5030 caneum
2263 4988 2408 5046 pene
2432 4975 2508 5032 sit
2545 4976 2630 5033 eis
2666 4992 2983 5036 occurrere.
3027 4977 3363 5053 Responde-

3126 5078 3136 5087 ·
3227 5075 3364 5119 mus
