3647 5753
328 1078 490 1130 D.Aug.

310 4334 511 4377 Testimo-

311 4384 487 4475 tima

314 4580 510 4673 wisun-

528 414 633 472 162

522 592 672 651 sunt,
704 583 774 641 ad
802 585 969 640 Rom.
999 585 1055 651 4,
1094 598 1322 656 nempe,
1368 587 1429 639 ut
1466 584 1601 640 sint.
1642 584 1723 638 lta
1748 596 1885 656 ergo

521 681 652 721 cum
680 664 947 721 homines
966 663 1235 721 dicuntur
1257 665 1499 730 moveri,
1531 670 1588 720 et
1609 662 1759 719 trahi
1782 677 1886 734 per

523 747 623 803 Dei
645 747 1021 812 vocationem,
1051 763 1168 805 non
1189 748 1380 804 solum
1403 747 1579 804 motio
1606 744 1885 819 objectiva

522 827 901 900 intelligenda
920 833 1023 894 est,
1054 826 1150 884 sed
1172 829 1346 884 etiam
1376 826 1610 900 physica
1634 825 1885 882 causali-

521 911 607 962 tas
625 907 746 974 Dei,
776 924 888 981 qua
913 907 1210 964 efficaciter
1249 907 1605 964 voluntatem
1632 910 1883 963 creatam

522 986 592 1044 ad
619 989 957 1045 exercitium
986 990 1189 1064 agendi
1220 989 1469 1057 reducat,
1503 993 1565 1044 ut
1591 987 1884 1062 significa-

522 1068 607 1124 vit
631 1070 982 1143 Augustinus
1010 1071 1104 1127 lib.
1135 1071 1199 1126 de
1219 1073 1427 1142 qratia,
1458 1077 1507 1124 et
1535 1069 1700 1126 libero
1725 1068 1884 1124 arbi-

522 1150 649 1216 trio,
705 1167 827 1222 cap.
885 1152 967 1217 15,
1001 1150 1098 1207 ubi
1144 1150 1283 1207 dicit
1327 1152 1664 1207 vocationem
1714 1147 1882 1206 Pauli

519 1231 956 1303 efficacissimam
982 1246 1103 1287 esse
1117 1236 1345 1304 propter
1359 1232 1619 1286 virtutem
1638 1231 1738 1285 Dei
1752 1243 1884 1285 con-

523 1309 834 1366 vertentis:
874 1307 973 1365 ubi
1021 1325 1139 1368 non
1186 1310 1257 1367 ad
1303 1310 1486 1367 solam
1527 1310 1877 1375 suasionem,

518 1387 617 1445 sed
645 1387 714 1445 ad
762 1389 1152 1446 causalitatem
1189 1389 1403 1446 divinae
1428 1390 1662 1447 virtutis
1693 1388 1883 1446 effica-

517 1468 665 1525 ciam
690 1467 969 1541 praedictae
998 1470 1312 1527 vocationis
1340 1469 1578 1527 reducit.
1604 1471 1673 1525 Et
1694 1469 1787 1526 tib.
1818 1470 1884 1525 de

518 1555 726 1604 natura
744 1557 795 1604 et
816 1551 1004 1619 qratia
1025 1568 1145 1624 cap.
1185 1553 1268 1618 12,
1293 1550 1471 1617 docet,
1502 1549 1652 1624 quod
1677 1552 1728 1606 si
1745 1567 1883 1620 yra-

519 1633 601 1686 tia
628 1630 881 1687 doctrina
908 1631 1137 1688 dicenda
1181 1640 1277 1700 est,
1308 1635 1387 1689 sic
1412 1650 1534 1701 eam
1565 1632 1712 1689 Deus
1738 1634 1883 1688 inte-

518 1714 639 1767 rius
678 1712 946 1785 infundit,
977 1720 1040 1768 ut
1079 1731 1189 1770 non
1214 1714 1459 1770 ostendat
1505 1714 1884 1769 tantummodo

521 1793 923 1859 veritatem,sed
947 1795 1224 1866 impertiat
1239 1795 1572 1850 charitatem
1595 1811 1611 1845 .·
1635 1791 1733 1849 uhi
1754 1794 1885 1850 cha·

523 1872 709 1929 ritatis
737 1874 975 1930 nomine
1005 1889 1122 1930 non
1162 1874 1443 1939 habitum,
1475 1874 1573 1931 sed
1595 1875 1883 1932 auxilium

522 1955 741 2012 actuale
790 1954 1127 2012 distinctum
1167 1973 1199 2012 a
1245 1957 1501 2014 motione
1538 1957 1749 2013 morali
1794 1956 1885 2012 in·

522 2042 700 2092 ternae
744 2037 1027 2094 suasionis
1069 2038 1375 2113 significat.
1407 2041 1476 2095 Et
1495 2057 1619 2112 cap.
1664 2041 1747 2104 14,
1780 2038 1884 2095 ad-

520 2116 603 2172 dit
630 2118 875 2191 gratiam
886 2119 967 2176 sic
987 2119 1262 2195 adjuvare
1278 2120 1525 2178 liberum
1547 2120 1878 2185 arbitrium,

521 2205 715 2254 utnon
752 2201 929 2256 solum
956 2202 1090 2278 quid
1126 2202 1440 2275 faciendum
1471 2204 1563 2268 sit,
1594 2204 1770 2269 seiam·
1794 2201 1886 2256 sed

522 2281 664 2355 quod
689 2284 891 2347 scierit,
923 2285 1091 2339 etiam
1137 2286 1329 2353 faciat.
1375 2283 1611 2351 QuibuS,
1652 2288 1708 2340 et
1753 2282 1885 2339 aliis

523 2361 855 2421 innumeris
883 2365 1036 2430 locis,
1069 2371 1187 2421 tam
1218 2367 1320 2422 hoc
1354 2365 1529 2422 dubio
1575 2365 1880 2438 expressis,

523 2457 698 2512 quam
726 2442 787 2498 in
808 2444 1067 2515 sequenti
1089 2444 1496 2516 expendendis
1529 2444 1689 2502 docet
1714 2460 1886 2501 voca-

524 2521 743 2577 tionem
769 2522 886 2587 Dei,
919 2535 1045 2595 quae
1083 2539 1188 2580 nos
1213 2524 1733 2592 efficaciter-trahit,
1767 2540 1886 2580 non

527 2600 590 2655 in
613 2601 734 2656 sola
756 2602 1009 2659 motione
1035 2603 1246 2658 morali
1277 2620 1377 2676 per
1392 2605 1627 2660 modum
1661 2604 1887 2661 suasio-

527 2683 618 2738 nis
642 2684 969 2749 consistere,
992 2682 1091 2740 sed
1121 2686 1302 2741 multo
1337 2686 1520 2759 magis
1549 2686 1609 2741 in
1632 2686 1886 2743 motione

526 2762 777 2836 physica,
802 2779 914 2835 qua
939 2759 1236 2821 efficaciter
1265 2765 1397 2821 facit
1424 2771 1485 2821 ut
1512 2766 1808 2823 faciamus.

600 2843 921 2901 Secundum
975 2845 1325 2920 principium
1353 2847 1739 2905 certissimum
1778 2852 1882 2916 est,

526 2926 624 2982 sed
650 2926 797 3000 quod
827 2933 1082 2984 nostram
1116 2930 1461 2986 sententiam
1503 2945 1621 2987 non
1661 2929 1843 3004 tangit
1872 2951 1884 2985 ε

527 3008 778 3065 fatemur
804 3010 1014 3082 quippe
1059 3010 1130 3067 ad
1162 3011 1486 3068 libertatem
1517 3011 1734 3085 requiri
1783 3028 1888 3084 po-

524 3093 786 3145 testatem
810 3090 1135 3162 proximam
1156 3091 1551 3159 dissentiendi,
1578 3099 1640 3148 ut
1659 3094 1752 3148 SS.
1774 3094 1888 3149 Pa-

526 3175 641 3226 tres
691 3176 974 3228 asserunt.
1014 3173 1291 3228 Caeterum
1335 3188 1406 3229 ex
1452 3173 1556 3230 hoc
1601 3172 1887 3246 principio

525 3251 773 3309 minime
802 3252 1071 3319 infertur,
1114 3254 1265 3326 quod
1304 3270 1422 3311 non
1466 3255 1541 3310 sit
1570 3256 1887 3312 necessaria

521 3332 708 3405 gratia
734 3348 805 3389 ex
837 3349 897 3389 se
940 3332 1136 3389 efficax
1163 3358 1176 3401 ;
1219 3333 1336 3390 haec
1364 3334 1524 3390 enim
1554 3334 1886 3407 praedictam

525 3415 858 3483 potestatem
883 3428 1000 3469 non
1024 3412 1226 3479 aufert,
1246 3412 1344 3470 sed
1366 3416 1882 3488 conservatpotius,

524 3508 588 3549 ac
615 3492 853 3566 perficit.
905 3496 974 3549 Et
1011 3511 1141 3551 cum
1171 3496 1410 3552 Suarius
1434 3496 1776 3565 obluctatur,
1828 3500 1889 3553 ut

523 3573 879 3630 contrarium
929 3572 1147 3646 probet,
1174 3576 1293 3653 jam
1323 3591 1440 3633 non
1481 3576 1755 3632 innititur
1796 3577 1887 3632 illi

524 3652 882 3720 authoritati,
913 3658 970 3710 et
1013 3655 1273 3729 generali
1313 3656 1598 3729 principio
1632 3659 1726 3713 SS.
1773 3659 1888 3713 Pa-

524 3737 703 3801 trum,
751 3734 899 3807 quod
942 3751 1060 3792 non
1088 3751 1364 3811 negamus
1399 3759 1415 3803 3
1463 3736 1561 3793 sed
1599 3736 1888 3811 obligatur

522 3828 779 3884 quaerere
820 3814 1071 3872 rationes
1109 3816 1546 3889 metaphysicas,
1577 3832 1718 3889 quas
1761 3817 1889 3873 evi-

521 3891 725 3950 denter
775 3892 1004 3951 elidunt
1046 3894 1372 3952 Thomistae.
1417 3894 1580 3951 Unde
1633 3897 1720 3952 nil
1768 3896 1890 3954 fere

521 3971 782 4048 suffragii
819 3974 1047 4030 invenit
1089 3976 1212 4049 ejus
1266 3974 1464 4047 opinio
1506 3975 1567 4031 in
1596 3975 1886 4043 Patribus,

520 4052 670 4125 quod
698 4069 801 4109 nos
842 4054 1138 4128 impugnet
1169 4072 1182 4108 ε
1214 4060 1272 4111 et
1310 4054 1417 4111 hoc
1461 4054 1791 4129 sufficiebat,
1827 4063 1890 4113 ut

523 4134 923 4205 responsiones
967 4133 1039 4190 ad
1067 4135 1297 4210 singula
1316 4150 1518 4192 eorum
1559 4137 1852 4195 testimoni

522 4214 939 4272 omitteremus.
1840 4242 1845 4246 ·

597 4295 729 4351 237.
772 4295 880 4353 Sed
909 4311 981 4353 ne
1020 4294 1321 4352 videamur
1358 4311 1560 4353 eorum
1613 4297 1769 4355 vires
1795 4298 1888 4356 vel

526 4368 914 4443 dissimulare,
946 4378 1039 4434 vel
1069 4378 1283 4451 fugere,
1329 4378 1433 4433 illa
1460 4379 1800 4452 expendere,
1827 4396 1890 4437 ac

529 4457 847 4529 ponderare
867 4464 1106 4533 oportet.
1142 4461 1210 4514 Et
1231 4460 1363 4533 quia
1400 4460 1710 4519 innumera
1729 4468 1883 4530 sunt,

528 4554 654 4610 quae
706 4540 947 4596 Suarius
987 4540 1109 4597 loco
1161 4541 1348 4606 citato,
1411 4546 1469 4598 et
1529 4543 1891 4600 Mascarenas

526 4620 665 4691 disp.
699 4621 753 4684 2,
775 4628 925 4692 part.
956 4622 1012 4687 6,
1046 4620 1312 4695 allegant,
1345 4636 1469 4694 quae
1492 4621 1887 4679 confusionem

525 4705 581 4755 et
603 4698 900 4756 fastidium
925 4700 1142 4758 Lectori
1174 4708 1401 4772 possent
1421 4701 1717 4771 adducere,
1736 4718 1804 4760 ea
1822 4702 1889 4759 in

524 4784 768 4851 quatuor
825 4782 1032 4838 classes
1093 4780 1421 4839 dividemus
1445 4827 1458 4850 ,
1516 4782 1580 4840 in
1641 4798 1887 4857 quarum

527 4859 717 4930 prima
785 4858 1171 4931 subjiciemus.
1204 4862 1580 4920 authoritates
1649 4863 1887 4918 Patrum

524 4941 870 5006 Graecorum,
901 4940 963 4995 in
983 4940 1230 4997 secunda
1247 4942 1606 5011 Latinorum,
1632 4941 1694 4997 in
1720 4943 1891 5000 tertia

524 5018 578 5073 S.
619 5018 949 5091 Augustini,
979 5024 1034 5076 et
1074 5020 1138 5076 in
1165 5024 1367 5095 quarta
1397 5021 1459 5077 D.
1492 5020 1742 5077 Thomae.
1776 5023 1892 5079 Nec

1547 409 1641 464 DE
1680 407 1951 464 GRATIA
1992 406 2333 461 EFFICACI.

2017 578 2088 635 ad
2118 576 2456 643 minutiora,
2487 582 2545 633 et
2580 575 2881 642 debiliora,
2912 582 2967 632 et
3006 591 3131 648 quae
3159 575 3376 650 longis-

2016 659 2162 715 sime
2188 663 2428 734 tangunt
2456 663 2794 730 praesentem
2818 656 3225 723 difficultatem,
3257 655 3378 712 des-

2015 741 2342 806 cendemus,
2392 756 2519 812 quae
2562 739 2785 812 prolixe
2823 739 2912 801 illi
2940 738 3226 795 Authores
3255 754 3378 796 coa-

2013 827 2270 890 cervant;
2300 821 2398 878 sed
2418 820 2760 886 difficiliora,
2792 826 2848 877 et
2874 837 2998 894 quae
3027 819 3370 893 proximius,
3458 891 3461 894 Ι

2015 909 2071 960 et
2089 900 2416 959 evidentius
2442 900 2715 958 videntur
2743 907 2998 958 nostram
3025 901 3375 958 sententiam

2015 986 2293 1049 evertere,
2317 981 2780 1056 ponderabimus.

2091 1056 2271 1129 Igitur
2296 1072 2367 1114 ex
2390 1054 2655 1113 Patribus
2676 1056 2884 1112 Graecis
2905 1057 3115 1128 allegat
3140 1055 3379 1112 Suarius
3395 1061 3582 1119 Testimo-

2018 1137 2207 1211 primo
2258 1138 2378 1195 loco
2429 1138 2895 1212 Chrysostomum
2940 1139 3086 1195 hom.
3153 1140 3216 1193 17
3240 1179 3254 1204 ,
3316 1138 3378 1192 in
3395 1112 3572 1204 ”Zss‘ffi‘

2013 1217 2303 1285 Ioannem,
2334 1218 2435 1275 ubi
2460 1219 2539 1276 ait
2566 1244 2579 1276 2
2605 1218 2751 1275 Deus
2771 1237 2880 1275 non
2892 1222 3156 1292 praevenit
3184 1219 3373 1274 volun·
3408 1211 3567 1302 Off·

2014 1308 2170 1358 tates.
2204 1302 2273 1356 Et
2296 1302 2441 1358 hom.
2475 1303 2558 1368 12,
2589 1303 2663 1356 ad
2683 1299 2949 1368 Hebraeos,
2980 1301 3169 1375 inquit
3195 1300 3377 1359 :Nos-
3392 1293 3577 1361 Chrysas.

2015 1391 2133 1439 tras
2153 1400 2262 1438 non
2281 1383 2545 1439 antecedit
2574 1386 2896 1450 voluntates,
2922 1401 2988 1438 ne
3013 1391 3261 1440 nostrum
3287 1383 3381 1439 lat-

2013 1465 2182 1522 datur
2226 1465 2544 1523 arbitrium.
2601 1468 2670 1522 Et
2713 1466 2870 1523 addit
2917 1482 2930 1519 :
2980 1466 3051 1523 In
3100 1466 3251 1521 nobis
3302 1473 3379 1522 est

2014 1549 2165 1614 dare,
2191 1566 2300 1605 non
2321 1550 2380 1604 in
2401 1549 2512 1606 ullo
2531 1550 2721 1606 altero.
2751 1550 2820 1603 Et
2839 1549 2983 1605 hom.
3000 1549 3081 1617 19,
3103 1549 3164 1603 in
3185 1545 3376 1605 Genes.

1976 1700 1979 1703 Ι
2015 1628 2237 1703 inquit:
2272 1631 2419 1686 Deus
2438 1632 2692 1700 conqruis
2711 1629 2964 1686 remediis
2983 1630 3267 1702 appositis,
3299 1634 3381 1682 to-

2014 1714 2131 1765 tum
2142 1711 2327 1782 jacere
2356 1713 2415 1765 in
2454 1712 2765 1780 myrotantis
2807 1712 3074 1765 sententia
3120 1709 3377 1765 dimittit.

2016 1792 2086 1848 Et
2106 1791 2260 1850 hom.
2294 1794 2369 1848 22
2402 1814 2415 1848 ε
2445 1791 2519 1849 In
2543 1800 2731 1849 nostra
2764 1799 3026 1866 potestate
3053 1797 3224 1847 totum
3259 1798 3382 1864 post

2010 1874 2256 1942 qratiam
2281 1874 2533 1929 relictum
2558 1881 2655 1930 est.
2699 1873 3041 1945 Similesque
3064 1871 3385 1928 sententias

2017 1954 2223 2026 repetit
2269 1954 2616 2028 frequenter,
2660 1970 2784 2026 quae
2824 1971 2952 2012 cum
3001 1970 3116 2010 non
3165 1952 3388 2025 possint

2015 2036 2319 2093 excludere
2346 2035 2738 2092 necessitatem
2768 2036 2973 2093 auxilii
3018 2033 3384 2109 praevenien-

2017 2113 2109 2183 tis,
2139 2115 2290 2190 quod
2312 2116 2559 2173 Ecclesia
2584 2122 2786 2173 contra
2826 2115 3042 2189 Pelagii
3076 2113 3389 2186 discipulos

2017 2196 2196 2264 docet,
2229 2197 2547 2254 necessario
2568 2195 2918 2270 exponendas
2944 2201 3075 2253 sunt
3096 2194 3166 2251 de
3186 2193 3378 2251 exclu-

2016 2277 2178 2335 sione
2201 2277 2406 2333 auxilii
2431 2277 2853 2349 praevenientis,
2887 2291 2958 2332 ex
2984 2291 3044 2332 se
3064 2274 3135 2331 ab
3164 2273 3389 2329 intrin-

2017 2375 2162 2426 secO,
2193 2365 2250 2416 et
2276 2359 2671 2416 antecedenter
2697 2358 2953 2416 efficacis.
2979 2359 3082 2413 Cui
3110 2355 3389 2413 doctrinm

2019 2444 2172 2499 mira
2197 2442 2500 2500 concordia
2520 2447 2836 2499 consonant
2852 2442 2952 2498 alii
2980 2443 3175 2498 Patres
3201 2439 3385 2495 Graeci

2019 2524 2421 2598 chrysostomo
2487 2524 2858 2596 antiquiores
2902 2529 2959 2579 et
3011 2521 3382 2578 recentiores

2020 2605 2084 2662 D.
2114 2606 2349 2698 Dionys
2399 2623 2523 2678 cap.
2561 2606 2624 2660 19
2656 2602 2934 2661 :Caelestis
2971 2602 3264 2660 Hierarcli.
3297 2601 3578 2656 in-Dwnion.

2018 2679 2181 2752 quit:
2222 2679 2410 2756 Aeque
2439 2680 2595 2734 liberi
2616 2679 2841 2734 arbitrii
2876 2680 3063 2748 qratia
3108 2677 3386 2732 divinitus
3640 2709 3645 2768 Ι

2019 2760 2236 2815 indulta
2265 2759 2607 2825 mortalibuS,
2633 2760 2986 2833 providentias
3012 2759 3211 2812 divinat
3240 2756 3377 2823 luce,

2010 2847 2066 2896 -et
2088 2839 2365 2913 splendore
2392 2839 2732 2898 obtunditur.
2779 2838 3062 2912 Additque
3106 2839 3387 2894 Mascare·

2021 2936 2123 2977 nas
2141 2936 2239 2993 per
2263 2919 2684 2993 providentiam
2709 2919 3382 2994 praedeterminationem

2018 3001 2353 3077 significari.
2403 3004 2433 3056 J
2441 3003 2669 3059 ustinus
2717 3004 2940 3076 Martyr
2992 3008 3173 3079 quast.
3219 3000 3255 3053 8
3309 2998 3389 3053 ad
3400 3021 3585 3066 sumnus

2021 3083 2381 3150 OrthodoaeoS,
2412 3084 2492 3139 ait
2525 3105 2537 3140 ε
2566 3083 2697 3141 Νοη
2724 3087 2896 3153 iqitur
2921 3100 3091 3139 causa
3129 3088 3204 3138 est
3237 3075 3571 3136 Deusfflrw‘·

2020 3166 2246 3220 virtutis
2284 3172 2493 3230 nostrae,
2545 3173 2643 3221 aut
2688 3167 2859 3231 vitii;
2910 3165 3001 3220 sed
3042 3164 3387 3236 propositum

2020 3253 2287 3313 nostrum,
2337 3253 2435 3299 aut
2462 3247 2738 3303 volunta-3.
2767 3247 3015 3301 Irenaeus
3043 3244 3136 3300 lib.
3167 3245 3221 3310 5,
3252 3254 3591 3297 cmi-lrcnaem.

2020 3332 2109 3380 tra
2136 3325 2317 3381 heres.
2361 3343 2482 3397 cap.
2538 3326 2584 3391 1,
2629 3324 2830 3383 docet:
2862 3325 3039 3382 Deum
3079 3328 3385 3380 convertere

2018 3406 2262 3462 homines
2287 3422 2396 3459 non
2420 3407 2498 3473 vi,
2523 3404 2614 3459 sed
2651 3405 2898 3472 suadela,
2932 3403 3389 3483 quemadmodum

2019 3485 2235 3541 docebat
2284 3484 2461 3541 Deum
2506 3486 2839 3548 suadentem,
2871 3494 2920 3541 et
2948 3504 3057 3541 non
3082 3487 3196 3540 vim
3236 3485 3388 3555 infe—

2018 3575 2222 3623 rentem
2248 3569 2489 3640 accipere
2510 3586 2623 3646 quae
2642 3568 2816 3624 vellet.
2851 3570 3113 3625 Clemens
3138 3567 3389 3623 Alexan·
3404 3596 3598 3640 Clemens

2019 3649 2224 3705 drinus
2252 3649 2343 3704 tib.
2379 3651 2397 3704 l
2431 3647 2727 3719 Pedaqoqi,
2760 3668 2884 3721 cap.
2909 3651 2962 3716 9,
3006 3650 3187 3715 docet,
3207 3650 3392 3703 Deum
3409 3647 3578 3738 Adfffiffuffi·

2021 3731 2252 3787 trahere
2299 3730 2604 3788 hominum
2637 3732 2957 3788 voluntates
3001 3731 3253 3787 omnibus
3279 3746 3392 3785 sm
3551 3727 3580 3735 ”

2019 3814 2298 3885 sapientise
2350 3814 2638 3871 machinis.
2696 3816 2767 3869 Et
2820 3812 3095 3887 ponderat
3148 3810 3392 3868 Suarius

2021 3895 2374 3970 Clementem
2406 3911 2523 3952 non
2550 3894 2782 3965 dixisse,
2809 3894 3079 3954 omnibus
3101 3894 3393 3951 machinis

2019 3989 2137 4030 suae
2162 3976 2444 4048 potentiss,
2474 3975 2572 4033 sed
2613 3992 2731 4033 suae
2757 3975 3072 4048 sapientias,
3113 3980 3174 4031 ut
3200 3974 3392 4030 solam

2021 4056 2379 4113 vocationem
2424 4056 2736 4130 congruam
2785 4055 3121 4120 adstrueret,
3160 4058 3216 4110 et
3258 4067 3393 4109 mo-

2022 4134 2238 4193 tionem
2286 4136 2566 4194 efficacem
2610 4134 2960 4208 exploderet.
3004 4135 3282 4209 Origenes
3322 4134 3557 4207 inorsgen

2018 4217 2175 4287 epist.
2202 4216 2276 4270 ad
2317 4214 2608 4283 Romanos,
2640 4232 2758 4287 cap.
2796 4215 2846 4281 9,
2892 4213 2972 4269 ait
3003 4234 3016 4269 :
3048 4211 3225 4269 Deum
3252 4221 3393 4275 tan-

2019 4313 2183 4368 quam
2197 4296 2396 4350 bonum
2422 4296 2844 4368 dispensatorem
2862 4297 2945 4349 uti
2965 4299 3165 4351 nostris
3188 4298 3390 4357 volun-

2020 4377 2224 4432 tatibus
2244 4376 2319 4432 ad
2342 4394 2408 4431 ea
2448 4377 2798 4448 perficienda,
2832 4394 2944 4453 quae
2964 4380 3225 4455 cujusque
3250 4386 3388 4437 ani-

2020 4475 2142 4513 mus
2166 4458 2335 4527 eliqit.
2368 4457 2436 4512 Et
2466 4457 2557 4513 lib.
2592 4459 2647 4524 2,
2671 4458 2733 4512 de
2768 4460 3080 4530 principiis,
3110 4477 3230 4533 cap.
3290 4463 3378 4527 12,

2020 4537 2240 4602 asserit,
2272 4554 2370 4592 nos
2395 4555 2504 4592 non
2530 4538 2721 4593 habere
2760 4557 2794 4594 a
2825 4537 2955 4604 Deo,
2989 4540 3132 4617 quod
3157 4540 3381 4610 bonane,

2021 4617 2333 4673 velmalum
2366 4619 2614 4674 velimus.
2662 4619 2914 4693 cyrillus
2954 4620 3443 4688 Alexandrinus-c
3495 4645 3597 4688 mm

2021 4696 2122 4754 lib.
2148 4699 2203 4763 8,
2228 4702 2428 4754 contra
2448 4697 2770 4763 Julianum,
2793 4698 2862 4755 ad
2886 4698 3063 4756 finem
3091 4699 3197 4758 :Si
3220 4700 3384 4772 Deus,
3453 4694 3596 4741 ⁰¹²⁰*

2021 4780 2228 4853 inquit,
2245 4780 2563 4853 inefallibili
2582 4782 2845 4857 quadam,
2873 4788 2922 4836 et
2943 4782 3139 4838 divina
3158 4785 3387 4853 virtute,

2019 4867 2068 4915 et
2096 4861 2341 4933 efficacia
2369 4878 2502 4917 usus
2520 4869 2779 4919 mutasset
2805 4863 3150 4932 sinqutorum
3187 4872 3395 4922 mentes

2021 4940 2097 4997 ad
2120 4940 2246 4996 bene
2270 4944 2559 5012 agendum,
2584 4950 2633 4997 et
2657 4942 2939 4998 indidisset
2958 4951 3144 5016 postea
3163 4943 3385 5014 bonum,

2024 5039 2059 5076 a
2083 5039 2188 5099 quo
2210 5024 2485 5092 egerrime
2500 5023 2766 5079 discedere
2785 5031 3028 5098 posset,et
3051 5042 3157 5082 non
3176 5032 3384 5098 sponte,

3236 5105 3388 5161 ultra
