3647 5753
464 417 572 473 ³82

454 589 625 644 enim
655 584 895 643 omissio
920 582 995 638 sit
1020 576 1371 643 voluntaria,
1399 573 1568 632 debet
1587 570 1780 648 egredi
1801 587 1835 629 a

457 667 756 724 voluntate
783 660 1111 720 voluntarie
1157 673 1217 714 se
1259 659 1573 713 movente:
1619 653 1836 709 volun-

460 749 547 802 tas
574 751 762 801 autem
789 758 904 800 non
925 742 1209 805 movetur,
1241 735 1354 792 nisi
1381 750 1453 792 ex
1473 733 1727 792 motione
1743 729 1835 787 sui

451 823 662 900 objecti
686 821 984 895 adaequati,
1010 816 1162 894 quod
1191 821 1276 875 est
1304 815 1524 873 bonum
1560 835 1574 870 z
1603 818 1660 871 et
1684 808 1838 868 istud

463 919 585 962 non
606 909 818 969 movet,
849 898 1166 960 nisimedio
1197 896 1286 953 sui
1306 898 1582 961 amore,et
1594 907 1839 950 conver-

455 983 633 1041 sione
647 983 892 1056 positiva
905 977 1222 1038 voluntatis
1237 974 1307 1032 ad
1326 975 1514 1048 ipsum
1529 998 1543 1041 ;
1568 988 1692 1046 quae
1711 970 1840 1028 sine

467 1065 664 1138 aliquo
710 1069 834 1121 actu
857 1060 1178 1120 voluntatis.
1221 1060 1513 1130 nequeunt
1540 1053 1789 1129 intelligi
1822 1072 1837 1108 ε

466 1161 652 1219 neque
693 1150 849 1203 actus
874 1141 1069 1201 existit
1095 1140 1160 1196 in
1187 1138 1505 1202 voluntate,
1539 1135 1653 1191 nisi
1677 1135 1842 1209 prius

458 1229 750 1300 supponat
796 1235 1138 1281 concursum
1178 1216 1459 1275 efficacem
1500 1214 1601 1272 Dei
1651 1213 1842 1287 appli-

468 1310 698 1363 cantem
727 1304 1082 1361 voluntatem
1111 1295 1175 1356 ad
1205 1293 1511 1370 agendum.
1539 1296 1842 1365 Quaprop-

466 1389 558 1442 ter
601 1385 651 1441 si
700 1386 848 1440 Deus
891 1393 1126 1437 omnem
1172 1390 1516 1433 concursum
1560 1372 1841 1430 efficacem

466 1471 706 1541 negaret
727 1460 1033 1526 voluntati,
1066 1460 1187 1515 haec
1214 1473 1332 1515 non
1349 1455 1644 1533 omitteret·
1661 1453 1844 1511 adim-

468 1547 783 1621 pletionem
800 1544 1213 1617 praeceptorum
1236 1535 1547 1595 omissione
1574 1536 1844 1592 volunta-

472 1628 579 1694 ria,
596 1631 652 1684 et
668 1624 1076 1699 peccaminosa,
1102 1617 1369 1693 quamvis
1394 1615 1633 1674 haberet
1646 1613 1845 1672 omnia

467 1707 692 1766 auxilia
727 1704 1068 1763 sufficientia
1096 1700 1166 1758 ad
1183 1697 1489 1774 agendum.
1523 1694 1687 1753 Unde
1717 1695 1847 1752 licet

473 1788 546 1848 ad
572 1787 945 1848 omissionem
967 1782 1423 1858 peccaminosam
1441 1795 1559 1837 non
1581 1778 1847 1851 requira-

470 1876 568 1927 tur
601 1869 888 1926 auxilium
917 1863 1114 1923 efficax
1143 1861 1410 1935 proxime
1448 1857 1848 1918 determinans

471 1953 543 2010 ad
566 1957 755 2008 actum
797 1949 894 2023 qui
946 1945 1236 2005 omittitur
1273 1943 1403 2015 (hoc
1448 1941 1660 2015 quippe
1696 1955 1850 1997 com-

471 2034 801 2109 plexionem
830 2030 967 2087 dicit
992 2026 1466 2102 implicatoriam)
1486 2019 1850 2081 desideratur

471 2121 669 2171 tamen
694 2112 905 2184 aliquis
926 2122 1236 2166 concursus
1258 2105 1358 2162 Dei
1380 2102 1595 2165 efficax.
1621 2107 1678 2159 et
1701 2107 1875 2176 prae-‘

473 2197 604 2253 vius
631 2194 926 2269 applicans
955 2189 1025 2247 ad
1049 2186 1352 2245 materiale
1374 2185 1535 2242 illius
1557 2190 1728 2251 actus,
1750 2183 1850 2257 qui

471 2281 559 2335 est
579 2291 749 2332 causa
770 2269 1096 2334 omittendi,
1129 2272 1185 2325 et
1212 2265 1403 2324 medio
1427 2281 1541 2339 quo
1567 2264 1851 2339 objectum

474 2354 789 2415 voluntatis
838 2354 1031 2408 movet
1073 2348 1277 2420 ipsam,
1312 2350 1375 2401 ut
1412 2345 1658 2402 omittat.
1691 2343 1853 2410 Quod

476 2454 551 2496 ex
578 2436 831 2510 professo
856 2430 1166 2488 statuimus
1192 2429 1255 2484 in
1285 2430 1527 2483 tractatu
1553 2423 1624 2482 de
1654 2425 1856 2482 volun·

479 2517 647 2582 tario,
677 2517 820 2588 disp.
851 2515 906 2581 4,
931 2511 1060 2567 dub.
1099 2511 1145 2577 l,
1177 2514 1232 2565 et
1276 2512 1521 2564 tractatu
1560 2506 1631 2564 de
1657 2521 1854 2580 peeca-

479 2599 575 2666 tis,
606 2598 750 2670 disp.
783 2597 837 2661 5,
869 2593 1000 2649 dub.
1028 2594 1085 2648 2.

273 2700 451 2747 nme.
553 2678 687 2737 259.
715 2672 821 2732 Sed
850 2673 1032 2730 adhuc
1074 2670 1361 2729 instabis:
1409 2668 1683 2742 quoniam
1725 2667 1857 2724 licet

286 2751 411 2802 ”¹¹⁰¹-
478 2756 739 2817 doctrina
774 2753 1060 2825 hucusque
1083 2750 1294 2807 tradita
1345 2750 1528 2807 salvet
1554 2747 1846 2822 quandam

476 2836 792 2915 potentiam
821 2831 1270 2907 metaphysicam
1315 2827 1667 2904 adimplendi
1708 2843 1858 2901 prae-

382 2924 385 2929 ’
479 2926 643 2994 cepta
689 2919 753 2975 in
780 2932 866 2982 eo,
899 2914 1049 2988 quod
1094 2919 1250 2970 caret
1294 2912 1512 2969 auxilio
1536 2910 1741 2970 efficaci
1786 2909 1860 2967 ad

479 3000 762 3058 actualem
790 2993 1265 3067 adimpletionem
1291 3015 1306 3059 ;
1334 2991 1720 3049 nihilominus
1741 3005 1858 3047 non

475 3083 665 3140 salvat
734 3077 1050 3152 potentiam
1123 3075 1426 3139 moralem,
1488 3088 1613 3146 quae
1659 3071 1862 3128 fundet

478 3177 642 3235 spem
687 3158 908 3216 salutis.
961 3157 1031 3210 Et
1074 3153 1350 3210 similiter
1392 3153 1658 3225 quamvis
1696 3152 1861 3227 juxta

475 3244 634 3303 ,hanc
658 3239 989 3297 doctrinam
1020 3235 1196 3309 possit
1237 3237 1385 3290 Deus
1418 3233 1503 3306 ,in
1541 3232 1637 3290 die
1656 3231 1859 3308 judicii

485 3325 787 3397 increpare
828 3323 1148 3392 peccatores
1174 3317 1515 3389 argumento
1543 3314 1704 3389 quasi
1734 3328 1861 3370 me-

486 3403 809 3478 taphysicO,
838 3415 955 3456 non
982 3403 1176 3455 tamen
1210 3396 1603 3468 increpatione
1624 3393 1856 3460 morali,

482 3488 544 3542 et
567 3482 661 3540 cui
685 3497 802 3538 non
832 3477 1005 3552 possit
1034 3475 1297 3534 adhiberi
1347 3472 1711 3531 rationabilis
1738 3488 1863 3530 res-

487 3562 711 3637 ponsio.
739 3558 889 3626 Quid
915 3558 1075 3616 enim
1104 3554 1334 3629 prodest
1358 3554 1585 3611 homini
1608 3554 1862 3628 potentia

488 3642 828 3704 antecedens
856 3642 928 3698 ad
977 3636 1261 3714 agendum
1302 3637 1367 3693 in
1385 3650 1555 3693 sensu
1582 3635 1789 3703 diviso,
1812 3634 1863 3691 si

488 3728 644 3781 caret
698 3720 915 3780 auxilio
963 3718 1190 3787 efficaci,
1243 3718 1371 3775 sine
1409 3734 1522 3791 quo
1564 3733 1863 3792 nunquam

487 3804 843 3880 operabitur,
905 3816 1008 3857 nec
1056 3805 1237 3874 potest
1295 3800 1528 3857 attentis
1593 3800 1867 3858 omnibus

491 3885 723 3960 operari
751 3886 778 3939 ?
804 3884 872 3937 Et
899 3881 1176 3938 similiter
1213 3896 1327 3953 qua
1347 3880 1571 3954 justitia
1598 3881 1866 3954 increpa-

494 3967 579 4024 bit
602 3967 751 4023 Deus
791 3967 1109 4037 peccatores
1131 3959 1201 4018 de
1226 3961 1540 4018 omissione
1580 3960 1867 4035 adimple-

492 4047 674 4106 tionis
720 4049 1158 4118 praeceptorum,
1190 4041 1281 4098 cui
1323 4045 1591 4115 poterunt
1635 4042 1743 4117 ipsi
1768 4060 1868 4101 ra-

493 4126 855 4189 tionabiliter
917 4121 1281 4196 respondere,
1332 4137 1393 4179 se
1433 4137 1552 4179 non
1599 4121 1867 4182 habuisse

497 4209 701 4270 omnia
728 4203 1004 4279 requisita
1038 4202 1109 4259 ad
1138 4200 1468 4275 praedictam
1496 4200 1869 4277 adimpletio-

496 4291 680 4349 nem?
735 4289 884 4361 Ergo
912 4283 1172 4341 doctrina
1217 4297 1252 4339 a
1293 4280 1459 4339 nobis
1499 4280 1709 4339 tradita
1749 4299 1868 4341 non

494 4370 671 4428 diluit
696 4368 820 4425 vim
844 4362 1190 4440 argumenti,
1223 4377 1326 4419 nec
1347 4363 1614 4419 animum
1630 4363 1863 4437 quietat.

275 4491 466 4536 „mmm
575 4452 703 4506 Haec
764 4447 994 4520 replica,
1044 4459 1218 4518 quam
1296 4442 1630 4500 Adversarii
1684 4445 1868 4502 nostri

291 4525 483 4585 etretorl
502 4527 893 4604 magnificant,
919 4541 1067 4582 nova
1090 4540 1206 4582 non
1226 4529 1329 4591 est,
1360 4522 1459 4581 sed
1488 4525 1827 4597 perantiqua
1852 4549 1866 4593 ;

287 4594 455 4640 ''⁸⁰⁹²“
501 4627 641 4670 nam
663 4614 724 4665 ut
748 4607 923 4664 refert
963 4608 1029 4661 D.
1080 4610 1315 4681 August.
1359 4603 1452 4661 lib.
1493 4606 1511 4662 1
1565 4604 1865 4663 Retractat.

499 4710 626 4767 cap.
666 4692 738 4746 67
746 4732 759 4756 ,
810 4685 1074 4744 Monachi
1153 4684 1520 4742 Adrumetini
1582 4684 1867 4754 dicebant,

501 4770 652 4847 quod
671 4769 721 4826 si
742 4767 929 4844 gratia
947 4765 1143 4823 efficax
1164 4766 1559 4840 requireretur
1582 4765 1653 4822 ad
1680 4764 1874 4823 adim-

507 4849 786 4925 plendum
833 4850 1126 4921 praecepta,
1159 4862 1329 4905 nemo
1381 4845 1613 4904 deberet
1656 4846 1873 4921 corripi

503 4933 578 4990 de
616 4931 854 4988 illorum
889 4927 1220 4986 omissione.
1245 4929 1316 4983 Et
1341 4930 1402 4983 in
1428 4928 1521 4984 lib.
1544 4928 1610 4983 de
1641 4938 1870 5003 corrept.

504 5020 560 5069 et
582 5013 790 5084 pratia,
821 5026 942 5081 cap.
973 5009 1025 5076 4,
1053 5023 1152 5067 eos
1189 5005 1503 5065 introducit
1528 5008 1609 5065 sic
1634 5007 1877 5067 obmur-

1501 401 1593 457 DE
1631 398 1905 456 GRATIA
1943 397 2282 454 EFFICACI.

1969 573 2264 627 mutantes
2297 589 2311 624 ε
2355 567 2508 627 Recte
2550 576 2735 624 autem
2773 567 3082 638 corriperet,
3112 563 3162 618 si
3210 576 3331 616 eam

1969 650 2443 726 (nempegratiam
2482 649 2782 720 efficacem)
2823 663 2941 702 mea
2992 645 3155 716 culpa
3225 658 3334 697 non

1968 733 2217 790 haberem
2236 751 2257 799 ,·
2280 733 2379 789 hoc
2420 739 2516 798 est,
2538 734 2735 788 sicam
2774 729 2946 804 possit
2990 727 3130 782 mihi
3179 726 3330 791 dare,

1970 818 2056 873 vel
2073 832 2282 872 sumere
2298 818 2428 888 ipse,
2453 832 2548 872 nec
2570 815 2806 887 facerem
2820 830 2840 879 ‚·
2858 810 2943 866 vel
2961 812 3011 867 si
3025 810 3190 866 dante
3217 808 3329 871 illo,

1970 898 2211 969 accipere
2235 895 2551 950 noluissem.
2581 891 2724 952 Cum
2763 908 2886 964 erqo
2911 898 2961 946 et
2988 893 3110 964 ipsa
3138 887 3335 944 volun-

1972 982 2061 1030 tas
2082 993 2118 1031 a
2158 973 2395 1031 Domino
2427 980 2785 1047 proeparetur,
2815 989 2914 1028 cur
2959 987 3045 1025 me
3077 968 3328 1041 corripis,

1973 1058 2105 1131 quia
2124 1057 2275 1113 vides
2300 1074 2383 1111 me
2408 1058 2524 1128 ejus
2548 1061 2806 1129 proeeepta
2834 1053 2978 1108 nolle
3003 1075 3016 1118 ;
3037 1057 3089 1106 et
3108 1066 3208 1106 cur
3227 1065 3335 1103 non

1969 1140 2156 1212 potius
2181 1140 2362 1212 ipsum
2388 1154 2566 1208 myas,
2591 1137 2736 1191 utin
2761 1153 2845 1190 me
2880 1140 3128 1207 operetur
3146 1137 3194 1185 et
3219 1128 3338 1184 vel-

1976 1220 2097 1277 let?
2135 1221 2390 1284 Quorum
2447 1215 2829 1290 querimoniis
2890 1219 2950 1269 ut
2988 1209 3339 1269 satisfaceret

1974 1299 2345 1375 Augustinus,
2377 1297 2605 1369 scripsit
2650 1294 2919 1369 epistolas
2943 1294 3035 1356 46,
3067 1295 3124 1349 et
3148 1291 3241 1357 47,
3268 1287 3338 1344 ad

1975 1380 2203 1437 eosdem
2247 1377 2574 1444 MonachOS,
2605 1380 2661 1433 et
2686 1374 2863 1431 simul
2903 1371 3045 1429 duos
3083 1369 3341 1443 insignes

1977 1461 2176 1526 libros,
2209 1461 2454 1526 alterum
2481 1458 2552 1515 de
2570 1456 2756 1531 gratia
2781 1460 2837 1512 et
2863 1452 3048 1510 libero
3071 1449 3336 1516 arbitrie,

1976 1547 2033 1599 et
2072 1541 2254 1597 alium
2297 1538 2368 1596 de
2407 1537 2766 1609 correptione
2811 1539 2868 1591 et
2906 1533 3094 1608 gratia
3128 1552 3142 1586 t
3176 1535 3231 1588 et
3278 1529 3345 1584 in

1977 1622 2082 1680 hoc
2104 1621 2311 1678 ultimo
2354 1637 2476 1692 cap.
2503 1620 2557 1683 8,
2589 1616 2761 1673 habet
2806 1615 3142 1688 praeclaram
3177 1611 3344 1667 illam

1977 1702 2323 1760 sententiam
2364 1722 2377 1757 t
2416 1697 2681 1757 Voluntas
2726 1714 2835 1752 non
2886 1695 3131 1753 libertate
3156 1710 3346 1751 conse-

1979 1783 2169 1855 quitur
2183 1782 2448 1851 9ratiam,
2472 1778 2564 1834 sed
2594 1777 2783 1848 pratia
2803 1775 3126 1832 libertatem.
3151 1775 3349 1831 Osten-

1980 1860 2175 1934 ditque
2195 1861 2258 1917 in
2278 1859 2362 1918 eis
2401 1857 2780 1931 correptionis
2820 1856 3131 1912 utilitatem
3163 1878 3178 1922 ς
3208 1869 3347 1911 nam

1979 1942 2120 1999 dum
2141 1941 2258 1998 haec
2295 1940 2651 1998 extrinsecus
2680 1937 2998 2000 adhibetur,
3046 1942 3102 1994 et
3141 1936 3350 1994 excitat

1982 2022 2054 2081 ad
2074 2022 2351 2086 dolorem,
2386 2023 2533 2079 Deus
2573 2020 2818 2077 interius
2854 2035 2951 2076 cor
2977 2018 3267 2086 immutat,
3292 2022 3351 2074 et

1983 2104 2245 2161 dissolvit
2275 2102 2345 2160 ad
2392 2103 2680 2176 lacrymas
2720 2100 3088 2175 poenitentiae.
3128 2100 3195 2154 Et
3222 2113 3351 2172 pro-

1984 2185 2129 2244 fecto
2157 2184 2257 2240 illa
2279 2183 2514 2258 objectio
2536 2181 2910 2239 Adversarios
2935 2195 3092 2253 aeque
3122 2178 3340 2253 pungit,

1984 2274 2041 2326 et
2079 2264 2151 2322 ab
2170 2265 2255 2323 eis
2275 2264 2509 2322 dissolvi
2540 2262 2743 2330 debet;
2775 2263 3026 2320 fatentur
3053 2260 3213 2318 enim
3242 2260 3350 2317 ho-

1987 2348 2208 2406 minem
2271 2363 2569 2420 nunquam
2627 2345 2856 2418 operari
2916 2343 3124 2416 absque
3166 2341 3350 2416 gratia

1987 2446 2256 2505 congrua,
2288 2444 2461 2503 quam
2489 2428 2704 2485 scilicet
2728 2430 2876 2484 Deus
2917 2443 3016 2499 per
3052 2423 3347 2481 scientiam

1988 2511 2239 2569 mediam
2263 2509 2526 2584 praevidit
2546 2508 2881 2566 sortituram
2909 2507 3032 2564 fore
3050 2505 3348 2563 effectum:

1988 2595 2046 2648 et
2089 2588 2405 2647 concedunt
2454 2588 2757 2660 implicare
2812 2584 3344 2649 contradictionem,

1990 2670 2287 2727 hominem
2330 2685 2448 2726 non
2495 2668 2716 2725 moveri
2756 2666 2941 2741 gratia
2978 2681 3246 2740 congrua,
3295 2669 3353 2721 et

1991 2750 2092 2809 Dei
2120 2750 2407 2808 vocationi
2426 2750 2772 2807 consentire:
2806 2753 3179 2820 asserantque
3202 2760 3349 2819 prae-

1991 2835 2167 2898 terea,
2215 2831 2393 2887 Deum
2426 2835 2721 2904 postquam
2746 2825 3007 2903 praevidit
3030 2828 3193 2885 illam
3214 2841 3352 2884 con-

1989 2913 2583 2988 gruitatem,statuisse
2603 2911 2879 2984 quosdam
2900 2909 3165 2967 homines
3184 2922 3356 2965 cons-

1993 2996 2201 3052 tituere
2221 2995 2283 3050 in
2309 2995 2394 3051 eis
2421 2994 2547 3061 loci,
2569 2993 2860 3066 temporiS,
2887 2996 2942 3049 et
2963 2992 3213 3048 aliarum
3236 2987 3353 3045 cir-

1991 3077 2472 3134 cumstantiarum
2546 3075 2955 3141 occasionibus,
3020 3075 3084 3130 in
3140 3070 3349 3146 quibus

1994 3156 2260 3230 praevidit
2277 3156 2544 3231 ¹gratiam
2572 3156 2827 3213 futuram
2872 3171 2995 3213 esse
3016 3168 3350 3229 congruam,

1993 3243 2049 3294 et
2071 3236 2401 3296 babituram
2440 3238 2701 3296 effectum
2732 3262 2747 3306 ς
2779 3238 2924 3295 alios
2950 3253 3087 3295 vero
3107 3234 3356 3292 voluisse

1994 3317 2338 3375 constituere
2382 3318 2445 3374 in
2490 3318 2573 3376 eis
2610 3315 3018 3383 occasionibus
3049 3316 3111 3372 in
3150 3314 3358 3389 quibus

1994 3398 2264 3470 praevidit
2307 3399 2555 3474 gratiam
2602 3414 2719 3456 non
2769 3413 2891 3454 esse
2925 3397 3180 3453 suturam
3219 3409 3360 3452 con-

1994 3496 2222 3554 gruam,
2251 3496 2355 3538 nec
2393 3481 2720 3538 habituram
2748 3480 3028 3537 effectum.
3062 3476 3227 3534 Unde
3254 3492 3357 3549 po-

1995 3566 2192 3617 terunt
2214 3562 2275 3618 hi
2324 3561 2667 3635 posteriores
2705 3560 2971 3617 homines
3006 3562 3120 3616 Deo
3166 3558 3357 3614 incre-

1997 3641 2158 3714 panti
2182 3642 2334 3716 ipsos
2358 3640 2429 3699 de
2457 3646 2865 3715 praeceptorum
2893 3639 3206 3698 omissione
3234 3654 3358 3695 res-

1998 3720 2251 3794 pondere
2279 3742 2292 3777 2
2345 3724 2459 3778 Cur
2511 3737 2615 3779 nos
2652 3720 2912 3793 corripiS,
2981 3736 3120 3793 quos
3170 3719 3358 3795 gratia

1997 3816 2253 3875 congrua
2288 3800 2644 3858 destituisti?
2670 3803 2857 3866 Quare
2899 3817 3002 3857 nos
3036 3801 3354 3873 reprehen-

1999 3882 2109 3948 dis,
2139 3898 2279 3955 quos
2303 3899 2434 3939 cum
2462 3898 2652 3957 posses
2679 3882 2744 3939 in
2772 3881 3034 3955 pluribus
3055 3881 3362 3939 occasioni-

2000 3961 2105 4019 bus
2157 3964 2519 4029 constituere,
2547 3964 2609 4020 in
2655 3962 2861 4036 quibus
2908 3969 3056 4019 recte
3087 3977 3360 4035 operare·

2001 4058 2156 4111 mur,
2184 4044 2248 4100 in
2274 4045 2356 4101 eis
2377 4048 2601 4101 tantum
2628 4043 2931 4108 collocasti,
2966 4042 3062 4099 ubi
3086 4058 3202 4100 non
3227 4058 3361 4101 era-

2002 4139 2132 4180 mus
2159 4124 2378 4197 aliquid
2407 4124 2540 4183 boni
2584 4125 2788 4182 facturi
2817 4128 2845 4181 ’ἓ
2865 4126 2979 4181 Cur
3004 4129 3227 4182 sanctos
3253 4140 3362 4182 no-

2000 4207 2089 4266 bis
2116 4205 2315 4278 objicis
2346 4211 2616 4280 tanquam
2639 4205 3002 4281 negligentiae
3028 4210 3239 4262 nostrae
3266 4221 3363 4262 ac-

1999 4289 2306 4352 cusatores,
2330 4301 2461 4342 cum
2490 4284 2810 4358 provideris
2830 4285 2913 4341 eis
2938 4285 3278 4352 occasiones,
3303 4289 3360 4342 et

2002 4370 2264 4439 tempora
2308 4371 2631 4439 opportuna
2656 4364 2726 4423 ad
2770 4371 2918 4422 recte
2962 4366 3320 4438 operandum
3345 4388 3362 4432 ;

2003 4445 2175 4503 nobis
2198 4460 2335 4502 vero
2360 4446 2581 4520 elegisti
2603 4462 2669 4503 ea
2697 4451 2972 4517 tempora,
3003 4451 3058 4501 et
3085 4444 3366 4501 circums-

2004 4525 2215 4582 tantias
2256 4524 2550 4596 pessimaS,
2616 4526 2677 4582 in
2719 4524 2925 4598 quibus
2973 4522 3368 4582 infallibiliter

2005 4602 2377 4662 deficeremus
2410 4607 2437 4661 Ρ
2497 4604 2741 4662 Videa'nt
2797 4620 2933 4679 ergo
3003 4604 3361 4670 Adversarii,

2005 4685 2253 4759 qualiter
2277 4684 2675 4758 querimoniae,
2713 4702 2853 4759 quas
2890 4690 3087 4741 contra
3118 4685 3370 4760 gratiam

2006 4764 2285 4823 efficacem
2317 4765 2796 4840 Augustinianam
2821 4763 3205 4839 peccatoribus
3232 4781 3374 4822 con-

2007 4846 2234 4912 cedunt,
2263 4846 2587 4904 formentur
2600 4847 2775 4904 etiam
2800 4847 3006 4921 majori
3028 4847 3243 4921 ejulatu
3268 4845 3375 4906 ad·-

2009 4942 2242 4984 versum
2257 4928 2504 5002 gratiam
2531 4943 2842 5003 congruam
2861 4944 2894 4984 a
2915 4928 3134 4985 Molina
3163 4928 3380 4986 inven-

2011 5013 2149 5067 tam.
2179 5011 2238 5068 Si
2266 5016 2457 5067 autern
2486 5010 2886 5084 respondeant,
2918 5010 3049 5068 illas
3077 5010 3381 5085 querimo-

3245 5092 3380 5151 nias

3371 1293 3531 1344 um.
