3647 5753
67 1190 129 1221 ὶΙΟ

67 1239 134 1273 ra·

66 1309 127 1372 ἐι.

1357 427 1532 484 DISP.
1579 428 1674 494 vl,
1718 428 1884 486 DUB.
1927 428 1995 486 V.

169 612 345 733 qulam
376 613 495 655 non
522 598 768 654 occurrit
795 598 1035 674 alicujus
1072 599 1354 657 momenti
1381 596 1535 655 diffi-

170 694 239 734 cu
269 684 372 735 tas.

771 871 802 938 ξ
843 869 940 925 IV.

174 1014 546 1090 Ilespondetur
564 1020 902 1086 argumentis
924 1019 1211 1076 contraria
1234 1018 1531 1092 opinionis.

257 1166 379 1221 101
423 1166 751 1237 Oppositum
790 1167 1136 1223 sententiam
1166 1171 1401 1223 tuentur
1423 1168 1534 1221 Zu-

173 1245 306 1312 mel‚
323 1250 381 1301 et
402 1247 940 1320 Lorcainpraesenti‚
969 1246 1218 1305 Granad.
1246 1254 1410 1304 tract.
1444 1249 1527 1314 12,

170 1327 301 1382 ἀίει.
344 1327 400 1390 6,
450 1326 644 1400 Godoy
689 1328 724 1381 3
759 1333 906 1399 part.
950 1328 1153 1401 dteput.
1210 1330 1303 1394 51,
1335 1331 1447 1398 §L
1479 1332 1535 1385 et

68 1426 137 1469 id.
176 1407 457 1480 praecipue
473 1424 623 1466 num.
654 1412 697 1474 l,
707 1411 1011 1466 Suarezlib
1036 1411 1399 1481 12de9ratia,
1407 1428 1527 1483 cap.

67 1487 128 1529 ’Υ-

173 1492 266 1557 26,
298 1508 453 1546 num.
484 1492 575 1559 36,
600 1491 797 1548 etalii.
830 1494 964 1556 Quae
993 1492 1265 1567 probatur
1294 1492 1530 1566 primo.

68 1537 139 1618 lzm
176 1588 313 1627 nam
358 1574 539 1645 potuit
590 1576 736 1629 Deus
795 1572 1103 1631 decernere
1165 1574 1532 1631 existentiam

72 1685 155 1718 ιω.
171 1655 374 1726 gratiae
394 1654 806 1711 sanctificantis
841 1656 1135 1728 praecisive
1162 1673 1195 1712 a
1219 1671 1324 1712 sua
1349 1655 1534 1712 conti-

174 1738 466 1805 nuat10ne,
522 1743 578 1794 et
630 1736 1080 1811 permanentia.
1109 1738 1254 1794 sicut
1304 1742 1360 1795 et
1411 1737 1535 1810 ipsa

166 1820 355 1891 gratia
379 1828 557 1894 potest
582 1822 827 1877 existere
855 1837 959 1893 pro
986 1821 1179 1892 aliqua
1205 1820 1528 1887 duratione,

170 1901 304 1958 licet
332 1908 522 1974 postea
556 1918 674 1958 non
703 1907 1044 1975 perseveret,
1078 1907 1141 1957 ut
1169 1906 1319 1976 patet
1346 1902 1410 1958 in
1440 1917 1535 1959 re-

68 2014 69 2021 1
152 1982 364 2054 ‘probis
396 2006 409 2040 ε
443 1983 506 2039 in
533 1999 644 2056 quo
671 1989 878 2039 eventu
911 1989 1094 2055 posset
1132 1984 1319 2058 gratia
1345 1982 1533 2040 videri

167 2071 229 2118 ut
275 2065 512 2121 eliciens
559 2069 714 2120 actus
772 2064 1119 2128 meritoriOS,
1152 2063 1360 2136 quibus
1388 2068 1535 2121 Deus

163 2146 497 2204 alliceretur
519 2146 587 2202 ad
608 2143 1031 2203 decernendum
1054 2143 1308 2218 ejusdem
1330 2146 1532 2219 gratiae

162 2228 654 2298 perseverantiam
686 2250 699 2283 ε
733 2227 834 2283 hoc
859 2232 1049 2283 autem
1079 2226 1302 2291 sufficit,
1334 2233 1394 2282 ut
1415 2227 1529 2282 hu-

68 2324 69 2327 *
152 2309 409 2381 jusmodi
467 2309 893 2385 perseverantia
947 2309 1123 2381 possit
1164 2306 1367 2364 cadere
1415 2308 1523 2364 sub

158 2389 373 2445 merito
413 2388 483 2445 de
515 2389 797 2462 condigno
842 2406 1083 2461 operum
1133 2405 1262 2446 eam
1292 2394 1523 2445 antece-

157 2471 424 2528 dentium
458 2493 471 2526 ε
501 2488 636 2546 ergo
671 2487 788 2527 non
832 2477 1130 2545 repugnat,
1163 2469 1311 2544 quod
1336 2472 1524 2545 justus

163 2560 456 2610 mereatur
500 2554 570 2611 de
611 2552 893 2627 condigno
946 2555 1436 2626 perseverantiam
1464 2556 1531 2612 in

160 2638 375 2710 gratia.

243 2720 357 2775 Nec
386 2718 591 2774 sufficit
616 2717 824 2782 dicere,
856 2715 1004 2788 quod
1044 2718 1402 2774 continuatio
1429 2734 1528 2774 seu

165 2800 595 2872 perseverantia
639 2798 838 2873 gratiae
882 2804 967 2854 est
1004 2800 1306 2872 ipsiusmet
1328 2800 1529 2873 gratiae

159 2883 467 2941 existentia
495 2884 843 2948 continuata,
878 2898 940 2938 ac
969 2882 1210 2954 proinde
1249 2883 1397 2955 quod
1424 2882 1528 2939 de-

161 2965 259 3020 bet
283 2965 482 3023 eodem
523 2964 747 3022 decreto
790 2964 1020 3020 decerni
1054 2980 1231 3029 mon,
1260 2964 1520 3036 inquam,

162 3049 270 3104 hoc
291 3048 495 3104 sufficit
521 3069 533 3103 :
559 3053 681 3103 tum
709 3048 844 3118 quia
885 3052 1290 3118 argumentum
1322 3045 1529 3117 probat

159 3129 486 3200 oppositum
521 3135 679 3183 :tum
703 3128 836 3198 quia
879 3126 1010 3180 licet
1047 3126 1234 3196 gratia
1274 3124 1527 3180 existens

163 3225 284 3265 non
325 3208 552 3266 differat
597 3207 828 3279 physice
882 3222 914 3260 a
957 3205 1143 3277 gratia
1170 3213 1521 3268 conservata,

161 3287 359 3344 differt
389 3294 580 3346 tamen
610 3285 927 3348 moraliter,
954 3284 1094 3340 etin
1116 3299 1237 3340 esse
1260 3283 1523 3351 termini3

164 3383 304 3424 nam
330 3368 604 3440 importat
633 3362 1198 3435 correspondentiam
1228 3363 1298 3421 ad
1339 3364 1528 3420 diver-

162 3465 295 3506 sum
318 3452 562 3521 tempus,
594 3448 720 3502 sine
770 3461 882 3517 qua
929 3451 1112 3516 posset
1157 3446 1343 3520 gratia
1370 3445 1526 3501 exis-

163 3537 306 3592 tere,
376 3535 431 3583 et
503 3526 810 3600 aliquando
874 3525 1088 3582 existit.
1160 3528 1288 3582 Haec
1336 3531 1523 3582 autem

163 3610 473 3665 diversitas
526 3608 765 3664 moralis
826 3605 1031 3661 sufficit
1082 3604 1153 3662 ad
1202 3605 1327 3672 hoc,
1379 3604 1525 3679 quod

162 3689 354 3764 gratia
384 3694 444 3743 ut
467 3692 821 3752 conservata,
847 3690 904 3742 et
931 3692 1277 3758 permanens
1318 3687 1525 3743 termi-

168 3775 267 3827 net
296 3769 584 3827 influxum
613 3769 892 3826 moralem
923 3768 1288 3835 meritorum,
1314 3785 1441 3841 quae
1463 3774 1525 3824 ut

166 3854 356 3928 primo
377 3855 625 3911 existens
646 3849 965 3908 terminare
987 3866 1103 3907 non
1131 3851 1304 3908 valet.

244 3935 632 3994 confirmatur
658 3936 844 4008 primo
870 3957 882 4000 ;
909 3949 1047 3990 nam
1075 3930 1131 3988 id
1153 3932 1301 4006 quod
1323 3949 1526 4006 suppo-

167 4019 255 4075 nit
283 4019 683 4092 praevisionem
713 4017 1075 4074 meritorum.
1110 4021 1291 4088 potest
1310 4033 1525 4089 suppo-

68 4143 71 4158 s
162 4101 291 4156 sitis
341 4101 472 4157 aliis
511 4098 953 4162 conditionibus,
999 4095 1228 4154 decerni
1269 4098 1522 4155 conferri

163 4196 268 4254 per
314 4180 547 4238 modum
592 4179 814 4252 praemii
849 4200 860 4234 :
889 4177 988 4234 sed
1011 4180 1439 4250 perseverantia
1461 4180 1524 4234 in

160 4263 350 4335 gratia
371 4264 523 4319 valet
561 4276 883 4332 supponere
908 4259 1311 4332 praevisionem
1341 4260 1524 4316 meri·

68 4395 71 4418 =
162 4350 356 4400 torum
391 4359 569 4417 :ergo
623 4347 803 4415 potest
853 4340 1106 4406 decerni,
1161 4346 1217 4396 et
1268 4342 1521 4398 conferri

165 4441 267 4498 per
312 4425 547 4482 modum
602 4423 822 4498 praemii
836 4446 849 4489 3
878 4428 933 4479 et
959 4429 1369 4494 consequenter
1406 4439 1523 4479 non

68 4557 69 4564 ,
163 4511 465 4578 repugnat,
498 4504 645 4578 quod
689 4505 874 4577 justus
913 4508 1204 4559 mereatur
1232 4502 1301 4559 de
1321 4502 1523 4560 condi-

157 4603 275 4662 gno
323 4587 828 4659 perseverantiam.
887 4588 1099 4642 Caetera
1148 4590 1424 4651 constant,
1467 4590 1525 4641 et

68 4731 69 4736 η
160 4667 358 4725 minor
385 4667 673 4735 suadetur,
708 4668 841 4740 quia
887 4665 1032 4722 illud
1076 4671 1255 4739 potest
1308 4681 1523 4738 suppo-

161 4765 303 4807 nere
331 4750 730 4822 praevisionem
778 4748 1139 4813 meritorum,
1170 4745 1319 4819 quod
1350 4746 1420 4803 ad
1448 4762 1519 4803 ea

157 4831 442 4890 elicienda
490 4847 604 4887 non
644 4831 952 4894 concurrit,
984 4845 1088 4886 nec
1112 4828 1472 4886 desideratur
1505 4849 1518 4884 ε

68 4893 71 4980 ζ
158 4913 260 4971 sed
310 4913 528 4970 donum
577 4911 1018 4984 perseverantias
1064 4927 1166 4967 nec
1209 4910 1514 4978 concurrit,

160 5011 267 5054 nec
293 4993 650 5051 desideratur
697 4991 763 5047 ad
804 4992 1147 5049 eliciendum
1199 4993 1425 5058 merita,
1460 4996 1522 5048 ut

68 5077 71 5138 ’.
160 5081 316 5151 patet
332 5079 464 5131 tum
493 5074 555 5130 in
585 5071 861 5146 reprobis„
893 5074 992 5146 qui
1020 5089 1137 5131 non
1165 5072 1376 5130 habent
1414 5073 1521 5130 do-

2923 434 3054 498 859Ἢ

1665 614 1809 656 num
1859 602 2318 673 perseverantiae,
2356 606 2414 659 et
2452 607 2647 661 tamen
2697 610 3029 671 merentur;

1665 686 1787 737 tum
1810 681 1874 738 in
1890 682 2077 755 justis,
2109 682 2208 756 qui
2231 688 2534 740 merentur
2560 690 2868 757 antequam
2898 703 3048 760 per-⁷

1663 767 1929 820 severent
1961 785 1973 820 :
2003 779 2139 838 ergo
2167 765 2568 836 permanentia
2604 766 2666 822 in
2704 769 2892 841 gratia
2929 783 3052 841 po>-⁸

1664 850 1773 901 test
1822 862 2142 920 supponere
2200 847 2605 919 praevisionem
2658 850 3028 911 meritorum.

1665 926 1819 982 Sicut
1846 928 1918 984 ob
1945 927 2188 986 eandem
2235 929 2806 1001 proportionabiliter
2850 933 3046 991 ratio-

1666 1024 1799 1066 nem
1841 1011 2113 1082 supponit
2155 1012 2549 1084 praecisionem
2575 1013 2943 1078 meritorum,
2975 1019 3033 1071 et

1668 1094 1849 1162 potest
1883 1090 1988 1146 sub
2015 1108 2215 1149 eorum
2240 1092 2467 1150 influxu
2504 1093 2705 1150 cadere
2733 1119 2747 1161 ;
2777 1095 2914 1167 quia
2938 1094 3029 1150 vi·-

1664 1170 1867 1228 delicet
1895 1170 2228 1245 praedictum
2252 1179 2625 1249 augmentum
2649 1191 2767 1231 non
2788 1191 3025 1239 concur.-

1666 1254 1760 1318 rit‚
1806 1270 1911 1311 nec
1948 1254 2307 1313 desideratur
2333 1256 2404 1313 ad
2434 1256 2799 1315 merendum.

1739 1335 2128 1394 confirmatur
2159 1338 2427 1406 secund0,
2470 1341 2605 1411 quia
2646 1340 2809 1397 nulla
2856 1352 3135 1417 repa-Ana
3151 1363 3252 1397 oon-

1664 1417 1904 1508 gnantia
1925 1420 2196 1491 apparet
2181 1436 2242 1475 in
2264 1435 2349 1484 eo,
2376 1420 2523 1493 quod
2552 1422 2699 1477 Deus
2724 1437 2855 1476 cum
2878 1405 3244 1495 Justofl‘m³²¹⁰·

1665 1497 1730 1553 in
1757 1497 1910 1555 hunc
1951 1499 2186 1557 modum
2241 1500 2601 1574 paciscatur:
2629 1499 2907 1576 Siseceris
2931 1520 3032 1562 ac-

1665 1586 1782 1636 tum
1829 1584 2175 1638 meritorium
2219 1586 2281 1638 in
2327 1585 2563 1639 instanti
2601 1583 2675 1650 A,
2707 1585 3031 1643 conservabo

1665 1664 1768 1719 tibi
1787 1667 2017 1735 gratian
2045 1668 2105 1720 in
2144 1667 2380 1721 instanti
2405 1665 2460 1723 B
2490 1687 2504 1723 ι
2534 1664 2632 1722 sed
2660 1666 2723 1722 in
2753 1668 2856 1724 hoe
2897 1684 3029 1725 casu

1665 1746 2024 1803 conservatio
2048 1747 2246 1821 gratiae
2273 1746 2338 1802 in
2378 1745 2616 1804 instanti
2648 1748 2709 1812 B,
2733 1747 3030 1806 retribue-

1668 1834 1827 1884 retur
1850 1833 1911 1883 ut
1939 1828 2246 1901 praemium
2274 1833 2429 1885 actus
2450 1829 2739 1885 meritorii
2761 1829 2941 1886 eliciti
2967 1830 3029 1887 in

1668 1911 1906 1967 instanti
1936 1915 1982 1965 A
2017 1932 2030 1968 ε
2060 1927 2194 1986 ergo
2236 1928 2352 1969 non
2396 1915 2693 1985 repugnat,
2725 1911 2874 1984 quod
2892 1913 3021 1987 jus-

1666 1996 1755 2046 tus
1782 1996 2074 2048 mereatur
2100 1993 2597 2050 conservationem
2623 1992 2876 2065 aliquam
2900 2008 3030 2067 gra·

1665 2075 1775 2142 tiae,
1802 2080 1860 2132 et
1880 2080 2294 2147 consequenter
2322 2074 2539 2133 donum
2565 2075 3028 2148 perseverantiam

1665 2160 1852 2227 posset
1879 2156 2092 2229 quippe
2121 2158 2267 2213 Deus
2311 2155 2646 2230 praedictum
2687 2155 2904 2212 donum
2931 2173 3030 2215 eo-

1663 2236 1794 2293 dem
1838 2238 2004 2295 modo
2043 2239 2395 2311 promittere.
2423 2240 2637 2295 Caetera
2662 2241 2942 2307 constant,
2969 2246 3025 2298 et

1664 2319 1861 2375 minor
1917 2321 2192 2377 suadetur
2217 2345 2231 2388 ;
2276 2336 2413 2376 nam
2465 2319 2614 2392 quod
2666 2320 3023 2391 promittitur

1663 2398 1769 2454 sub
1796 2399 2128 2458 conditione
2148 2401 2339 2473 operis
2372 2399 2601 2457 onerosi
2628 2406 2685 2457 et
2712 2400 3021 2468 meritorii,

1665 2495 1781 2537 non
1809 2481 2104 2537 confertur
2125 2479 2322 2554 gratiS,
2356 2480 2453 2537 sed
2480 2496 2550 2537 ex
2572 2480 2816 2555 justitia,
2840 2486 2896 2537 et
2921 2496 3025 2554 per

1665 2561 1900 2618 modum
1931 2562 2155 2635 praemii
2190 2586 2203 2618 ·.
2235 2562 2391 2633 atqui
2426 2562 2787 2619 conservatio
2831 2562 3030 2637 gratiae

1665 2643 1726 2699 in
1764 2642 2029 2717 praedicto
2080 2660 2208 2699 casu
2249 2644 2681 2717 promitteretur
2701 2643 2805 2699 sub
2827 2643 3029 2700 condi-

1661 2723 1817 2781 tione
1865 2721 2055 2796 operis
2102 2725 2350 2789 onerosi,
2382 2730 2437 2781 et
2465 2725 2772 2789 meritorii,
2808 2730 3027 2797 utsup-

1663 2798 1896 2870 ponitur
1930 2819 1943 2853 :
1973 2812 2108 2869 ergo
2150 2799 2282 2854 talis
2322 2800 2700 2864 conservatio,
2731 2800 3025 2871 supposita

1659 2895 1725 2936 ea
1780 2878 2129 2945 conditione,
2183 2881 2603 2938 retribueretur
2650 2898 2751 2954 per
2791 2880 3026 2937 modum

1662 2961 1912 3031 praemii.

1742 3042 1865 3095 102.
1912 3039 1994 3094 Ad
2047 3044 2453 3111 argumentum
2508 3039 2824 3096 omittendo
2874 3052 3250 3156 nuncgficfffflj,

3058 3159 3218 3198 11181110.

1661 3119 2095 3190 responsionem
2162 3119 2316 3174 inter
2395 3118 2753 3192 arguendum
2831 3118 3024 3178 datam

1659 3200 1852 3270 (quarn
1897 3197 2040 3253 alias
2088 3202 2511 3270 prosequuntur
2555 3216 2759 3273 graves
2786 3200 3020 3273 quidam

1659 3278 1989 3346 Thomistae)
2015 3277 2390 3349 respondetur
2409 3279 2782 3336 conformiter
2804 3279 2873 3335 ad
2895 3280 3023 3338 doc·

1659 3360 1876 3414 trinam
1922 3374 2097 3430 supra
2159 3358 2452 3424 traditam,
2505 3360 2655 3433 quod
2704 3365 2849 3417 Deus
2903 3378 3021 3419 non

1661 3444 1843 3512 potest
1862 3438 2168 3496 decernere
2195 3440 2332 3498 dare
2362 3442 2666 3514 praemium
2703 3459 2806 3514 pro
2830 3442 3024 3516 aliqua

1658 3519 1982 3585 duratione,
2014 3523 2128 3578 nisi
2183 3525 2592 3596 praesupposita
2647 3541 3028 3597 perseveran-

1657 3602 1738 3658 tia
1771 3603 1989 3676 gratiae‚
2016 3608 2069 3659 et
2106 3604 2452 3661 meritorum
2496 3622 2598 3679 pro
2624 3605 2820 3662 eadem
2845 3605 3026 3662 dura-

1658 3685 2155 3752 tione3ubienim
2203 3686 2320 3743 haec
2369 3703 2485 3744 non
2534 3695 2893 3760 permanent,
2924 3705 3030 3745 ne-

1658 3769 1783 3841 quit
1810 3769 2040 3825 collatio
2062 3767 2200 3824 doni
2225 3768 2436 3825 habere
2461 3772 2744 3827 rationem
2777 3773 3024 3843 praemii,

1656 3846 1754 3903 sed
1783 3848 1897 3904 erit
1936 3847 2187 3919 simplex
2230 3847 2596 3915 beneficium,
2630 3855 2691 3905 ut
2716 3857 2934 3907 constat
2966 3851 3029 3908 in

1660 3928 2025 4001 reparatione
2073 3933 2199 4000 post
2269 3931 2541 4001 lapsum:
2597 3929 2750 3987 unde
2788 3932 2837 3987 si
2884 3934 3030 3988 Deus

1658 4012 1823 4085 prius
1846 4010 2209 4076 decrevisset,
2242 4011 2390 4085 quod
2418 4013 2602 4086 gratia
2629 4015 2898 4071 existeret
2925 4032 3029 4089 pro

1598 4119 1603 4124 ²
1661 4093 1859 4166 aliqua
1909 4093 2140 4165 praecise
2180 4091 2564 4150 determinata
2616 4094 2934 4163 duratione,
2973 4102 3027 4154 et

1658 4192 1774 4233 non
1833 4175 2106 4241 absolute,
2171 4177 2437 4247 quamvis
2482 4176 2703 4234 videret
2754 4180 2961 4235 merita
2994 4197 3026 4237 a

1654 4258 1841 4330 gratia
1879 4273 1980 4329 pro
2014 4257 2114 4313 tali
2143 4256 2447 4314 duratione
2494 4257 2872 4330 procedentia,
2907 4277 3023 4319 non

1655 4346 1844 4411 posset
1883 4356 1952 4395 ex
1982 4339 2040 4394 vi
2086 4339 2325 4395 illorum
2353 4340 2753 4410 determinari,
2784 4350 2840 4400 et
2868 4345 3022 4402 allici

1655 4420 1725 4477 ad
1771 4419 2183 4477 conferendum
2238 4422 2570 4492 praemium,
2604 4425 2716 4482 nisi
2759 4442 2862 4499 pro
2901 4427 3024 4501 ipsa

1654 4500 1977 4566 duratione,
2011 4502 2075 4556 in
2117 4517 2230 4574 qua
2272 4504 2539 4575 gratiam,
2562 4513 2616 4561 et
2654 4510 2862 4565 merita
2889 4525 3010 4582 per·

1653 4598 1891 4640 manere
1913 4582 2190 4640 intuetur.
2214 4585 2327 4641 Pro
2352 4585 2466 4641 alia
2482 4590 2674 4644 tamen
2696 4588 3017 4655 duratione,

1654 4664 1715 4720 in
1761 4680 1874 4734 qua
1914 4665 2122 4721 merita
2176 4680 2523 4737 permanere
2553 4683 2668 4722 non
2697 4668 2871 4736 videt,
2903 4687 3021 4728 non

1653 4752 1837 4819 posset
1861 4747 2165 4820 praemium
2188 4745 2496 4805 decernere
2517 4771 2532 4814 ;
2558 4747 2816 4821 implicat
2836 4751 3017 4818 enim,

1650 4827 1795 4899 quod
1832 4832 2280 4884 remunerentur
2308 4828 2534 4892 merita,
2559 4845 2685 4900 quae
2716 4845 2833 4886 non
2862 4839 3015 4899 sunt,

1652 4926 1756 4967 nec
1779 4915 2166 4984 perseverant.
2194 4908 2578 4972 Quamobrem
2601 4911 2650 4966 si
2678 4915 2840 4976 Deus,
2874 4930 3009 4987 sup-

1651 4993 1835 5064 posito
1858 4992 1960 5046 illo
1990 4989 2174 5062 priori
2196 4989 2438 5057 decreto,
2464 4992 2764 5054 etvisione
2789 4995 3011 5066 gratiae,

1654 5077 1711 5129 et
1737 5071 2081 5129 meritorum
2111 5087 2213 5144 pro
2243 5070 2627 5129 determinata
2655 5075 2887 5145 praecise
2908 5073 3019 5129 du-
