3647 5753
208 985 377 1027 Sunrez.

211 4471 310 4538 Alia
328 4480 390 4515 ra·

266 4536 338 4573 tto.

2090 244 2127 259 fi

420 399 529 453 372
1366 404 1458 458 DE
1496 403 2087 489 JUSTIFICATIONE·
2125 403 2325 457 1MP11.

417 568 566 625 facta
589 570 764 626 ctiam
790 571 1006 627 evincit
1033 570 1452 646 impossibilem
1480 590 1601 631 esse
1646 589 1787 632 con-

414 649 771 722 junctionem
795 651 949 708 inter
976 658 1264 724 peccatum
1288 655 1526 719 actuale,
1557 661 1614 711 et
1650 669 1784 729 gra-

419 728 583 785 tiam.
616 731 686 784 Et
712 731 886 788 Lorca
925 732 1024 804 qui
1063 733 1361 790 nobiscum
1407 734 1678 791 convenit
1722 734 1787 790 in

421 811 723 869 asserendo
743 813 890 869 illud
913 815 1092 889 prius,
1119 804 1599 892 inconsequenter
1622 822 1788 891 negat

421 891 526 949 hoc
551 894 852 965 posterius,
878 901 940 951 ut
964 896 1091 953 dub.
1121 898 1345 971 prm-ed.
1390 896 1782 971 probavimus,

419 977 476 1031 et
496 980 645 1031 recte
673 975 817 1031 vidit
843 978 1080 1034 Suarius
1105 987 1235 1037 tom.
1265 980 1321 1046 3,
1363 980 1426 1036 de
1446 981 1655 1050 qratia,
1687 979 1781 1034 tib.

418 1058 471 1122 7,
521 1073 643 1128 cap.
687 1058 779 1123 20,
817 1075 970 1115 num.
1024 1061 1110 1127 11,
1155 1077 1280 1115 cum
1327 1060 1686 1135 sequentibuS,
1729 1064 1788 1116 et

405 1135 701 1209 *praecipue
721 1154 872 1193 num.
901 1140 982 1195 17.
1701 1204 1710 1211 ,

494 1215 582 1272 Ad
631 1217 940 1276 secundam
1002 1222 1431 1294 respondemus,
1495 1228 1784 1294 peccatum

422 1296 713 1356 habituale
738 1300 802 1356 in
840 1306 988 1357 statu
1030 1319 1307 1375 purorum
1349 1304 1441 1361 vel
1478 1302 1786 1360 consistere

423 1381 487 1436 in
528 1381 852 1452 privatione
893 1385 1112 1458 gratiae,
1141 1402 1258 1443 non
1297 1384 1530 1459 quidem
1574 1390 1632 1441 ut
1681 1384 1786 1441 de-

421 1460 570 1530 bitae,
604 1459 703 1517 sed
757 1466 818 1517 ut
863 1470 1008 1537 aptae
1047 1466 1138 1522 vel
1176 1467 1382 1523 saltem
1423 1465 1633 1523 habere
1672 1464 1784 1521 sibi

415 1542 799 1601 essentialiter
837 1545 1002 1603 illam
1045 1547 1430 1620 privationem
1472 1562 1780 1605 annexam.

418 1625 763 1682 Consisteret
780 1628 941 1684 enim
957 1628 1122 1702 juxta
1151 1629 1303 1687 hunc
1341 1628 1659 1687 secundum
1686 1628 1781 1685 di-

416 1702 580 1760 cendi
632 1704 869 1785 modum
908 1707 973 1763 in
1032 1710 1358 1781 privatione
1424 1708 1785 1766 rectitudinis

419 1784 704 1841 naturalis
732 1788 978 1860 propriae
1016 1789 1178 1845 illius
1214 1795 1411 1847 statuS.
1456 1791 1652 1847 Gratia
1677 1805 1785 1846 au-

420 1866 535 1919 tem
601 1864 929 1936 praedictam
991 1869 1395 1927 rectitudinem
1459 1870 1785 1927 eminenter

419 1942 675 2000 continet
707 1966 720 2000 :
746 1944 1027 2007 undenec
1059 1946 1341 2006 divinitus
1378 1948 1648 2024 conjungi
1679 1964 1784 2005 va-

423 2024 498 2080 let
523 2041 654 2083 cum
675 2029 931 2102 opposita
954 2030 1296 2103 privatione,
1321 2031 1420 2089 sed
1446 2047 1573 2089 eam
1587 2046 1784 2088 essen—

422 2104 639 2163 tialiter
664 2108 937 2165 excludit.
965 2110 1123 2167 Sicut
1155 2112 1331 2167 etiam
1373 2110 1623 2185 privatio
1647 2127 1784 2185 gra·-

423 2185 538 2253 tiae,
584 2187 646 2244 in
685 2206 796 2262 qua
836 2192 1093 2248 consistit
1155 2198 1442 2265 peccatum
1492 2190 1784 2250 habituale

420 2267 591 2343 hujus
629 2276 826 2338 statu5‚
853 2273 1078 2331 tollitur
1118 2274 1669 2348 indispensabiliter,
1728 2279 1786 2333 et

416 2352 803 2410 essentialiter
843 2370 944 2426 per
973 2356 1248 2414 unionem
1270 2357 1686 2430 hypostaticam
1712 2355 1784 2413 ad

423 2432 603 2488 Deum
635 2457 649 2501 3
691 2435 826 2506 quia
848 2437 1118 2509 praedicta
1160 2440 1298 2496 unio
1341 2439 1597 2496 continet
1633 2439 1785 2496 emi-

423 2519 627 2570 nenter
655 2520 829 2573 totam
850 2520 1050 2592 gratim
1076 2520 1442 2578 accidentalis
1483 2520 1784 2577 rectitudi-

425 2607 579 2650 nem.
605 2594 712 2650 Sed
740 2595 941 2655 dehac
976 2598 1306 2658 difficultate
1338 2600 1512 2656 latius
1551 2615 1784 2674 agemus

421 2674 578 2730 infra
596 2674 727 2730 dub.
748 2679 803 2731 7.

493 2755 579 2812 Ad
605 2758 834 2813 tertiam
853 2758 1116 2826 dicimus,
1145 2762 1296 2834 quod
1316 2763 1365 2818 si
1388 2763 1567 2819 semel
1596 2777 1785 2834 pecca-

415 2840 541 2891 tum
588 2836 872 2911 originale
921 2840 1180 2897 consistit
1232 2842 1293 2899 in
1320 2841 1643 2916 privatione
1687 2842 1785 2899 in-

417 2917 950 2994 trinsecagratiae,et
977 2937 1094 2979 non
1111 2923 1174 2978 in
1194 2925 1317 2981 solo
1337 2929 1561 2996 peccato
1575 2923 1782 2981 actuali

420 2998 642 3068 Adami,
677 3006 737 3057 ut
776 3018 809 3058 a
845 3005 1104 3075 parvulis
1134 3022 1249 3063 non
1278 3011 1599 3074 retractato,
1632 3008 1723 3064 vel
1751 3022 1785 3063 a

419 3082 534 3138 Deo
555 3098 674 3139 non
704 3085 942 3141 remisso
959 3109 973 3152 ;
992 3084 1146 3142 idem
1169 3103 1202 3143 a
1230 3087 1457 3145 fortiori
1478 3087 1785 3145 dicendum
1835 3116 1839 3119 >

410 3166 502 3219 est
527 3162 598 3219 de
625 3170 844 3236 peccato
872 3164 1153 3222 habituali
1184 3168 1496 3241 personali.
1524 3169 1582 3225 Si
1623 3169 1785 3225 enim

419 3247 709 3315 peccatum
737 3247 955 3303 actuale
992 3246 1200 3305 Adami
1229 3247 1430 3305 habuit
1454 3247 1781 3315 efficaciam,

421 3328 484 3378 ut
509 3323 573 3379 in
601 3326 860 3398 parvulis
889 3327 1242 3401 relinqueret
1266 3328 1485 3403 aliquid
1505 3329 1788 3386 intrinse-

420 3420 571 3471 cum,
604 3407 668 3462 in
708 3423 822 3479 quo
861 3407 1048 3480 ipsum
1086 3415 1374 3482 peccatum
1403 3411 1621 3468 actuale
1661 3410 1788 3467 vir-

421 3487 674 3554 tualiter,
705 3493 760 3544 et
784 3489 1099 3547 intrinsece
1121 3496 1449 3563 perseverat
1472 3515 1487 3558 3
1518 3492 1684 3548 nulla
1702 3496 1788 3549 est

423 3569 682 3637 ratio,·ut
707 3577 928 3645 peccato
949 3574 1236 3644 personali
1259 3574 1491 3648 proprio
1513 3590 1788 3648 negemus

421 3650 680 3707 similem
719 3652 1062 3721 efficaciam3
1093 3660 1150 3710 et
1174 3655 1432 3727 opposito
1471 3655 1641 3712 modo
1667 3654 1789 3711 dis·

421 3745 724 3788 curramus
744 3731 814 3789 de
843 3741 1065 3806 peccato
1084 3733 1368 3792 habituali
1392 3736 1700 3809 personali,
1728 3752 1791 3792 ac

422 3810 493 3868 de
519 3817 742 3884 peccato
781 3811 1062 3871 habituali
1105 3814 1403 3890 originali.
1446 3817 1790 3873 Recolantur

423 3907 547 3963 quae
567 3892 823 3949 diximus
841 3894 987 3967 disp.
1013 3895 1061 3962 l,
1084 3895 1212 3951 dub.
1247 3897 1293 3950 1.

1033 4078 1246 4162 §Hm

431 4222 784 4298 Etr-penditur
808 4223 969 4279 aliud
1006 4231 1391 4294 arqumcntum
1435 4227 1495 4279 in
1545 4226 1792 4295 savorem

885 4321 1020 4359 vem
1042 4305 1330 4360 sementim.

512 4453 631 4509 107.
675 4452 933 4511 Secundo
960 4451 1236 4525 probatur
1270 4456 1467 4510 nostra
1506 4454 1794 4511 conclusio

427 4531 686 4608 sequenti
718 4533 939 4590 ratione
964 4556 979 4599 ;
1009 4532 1284 4605 quoniam
1314 4533 1364 4588 si
1394 4538 1517 4605 post
1546 4533 1795 4591 infusio-

430 4628 565 4671 nem
585 4611 784 4687 gratiae
808 4611 1218 4670 sanctificantis
1233 4610 1418 4670 adhuc
1431 4618 1796 4685 permaneret

431 4699 741 4766 peccatum,
791 4693 912 4767 ejus
956 4692 1312 4751 conservatio
1353 4693 1415 4749 in
1443 4696 1622 4751 Deum
1662 4699 1796 4751 tan-

431 4791 603 4849 quam
634 4774 695 4831 in
721 4792 967 4844 causam,
990 4781 1046 4833 et
1067 4776 1369 4833 authorem
1398 4782 1792 4835 revocaretur:

431 4872 778 4931 consequens
801 4857 1056 4930 implicat
1081 4857 1590 4917 contradictionem
1619 4882 1633 4917 :
1660 4875 1797 4936 ergo

435 4938 710 5011 implicat,
741 4938 889 5012 quod
918 4946 1042 5012 post
1068 4939 1424 4998 infusionem
1449 4942 1647 5014 gratiae
1670 4958 1798 5015 pec-

434 5026 623 5077 catum
655 5028 976 5095 perseveret
1001 5043 1015 5077 :
1055 5037 1193 5096 ergo
1215 5039 1316 5095 per
1344 5024 1567 5080 nullam
1596 5032 1798 5097 poten-

1918 574 2060 629 tiam
2090 571 2217 629 sseri
2248 573 2419 639 valet,
2468 572 2615 645 quod
2654 572 2859 646 gratia,
2890 575 2947 627 et
2990 573 3280 643 peccatum

1917 654 2091 711 simul
2118 653 2450 712 coexistant.
2499 655 2748 727 Utraque
2773 650 3176 724 consequentia
3204 651 3282 708 li-

1917 739 2070 808 quet.
2099 736 2289 791 Minor
2332 734 2508 792 etiam
2548 740 2633 792 est
2657 738 2843 800 certa;
2887 747 3025 788 nam
3051 732 3175 805 ejus
3197 738 3283 788 est

1918 831 2277 884 conservare,
2304 816 2463 891 cujus
2482 821 2567 873 est
2586 832 2773 890 agere,
2789 820 2847 872 et
2869 813 3200 887 producere,
3218 819 3280 869 ut

1918 897 2303 954 communiter
2335 895 2540 954 docent
2576 893 2910 968 Philosophi
2950 914 2964 950 ε
3003 899 3283 967 repugnat

1918 980 2109 1032 autem
2136 976 2379 1033 omnino
2416 990 2658 1031 summae
2699 975 2798 1030 Dei
2845 971 3200 1046 perfectioni,
3226 978 3283 1030 et

1919 1055 2161 1115 bonitati
2204 1061 2490 1131 peccatum
2518 1056 2738 1114 efficere
2776 1077 2790 1111 ε
2835 1070 2973 1129 ergo
3002 1054 3278 1126 implicat,

1915 1139 2065 1212 quod
2089 1140 2236 1197 Deus
2257 1140 2403 1197 illud
2429 1144 2748 1198 conservet.
2777 1138 2961 1211 Major
2983 1142 3177 1194 autem
3198 1153 3286 1194 os·

1918 1221 2174 1278 tenditur
2202 1243 2215 1277 :
2242 1222 2518 1295 quoniam
2543 1221 2731 1297 gratia
2775 1219 2947 1277 habet
2979 1234 3053 1276 ex
3073 1221 3283 1276 natura

1917 1318 2022 1360 sua
2065 1302 2187 1359 vim
2238 1302 2564 1376 expellendi
2620 1306 2909 1374 peccatum
2964 1300 3027 1356 in
3072 1314 3284 1373 genere

1916 1400 2096 1441 causae
2116 1383 2402 1449 formalis,
2426 1400 2494 1441 eo
2516 1381 2933 1456 proportionali
2951 1379 3141 1446 modo,
3172 1396 3284 1453 quo

1915 1465 2072 1521 calor
2096 1463 2336 1536 expellit
2362 1462 2762 1538 frigiditatem,
2788 1461 2944 1518 salus
2969 1459 3284 1518 infirmita-

1915 1551 2050 1615 tem,
2079 1551 2136 1603 et
2179 1548 2276 1602 lux
2306 1546 2595 1613 umbram,
2628 1551 2890 1617 utsupra
2928 1542 3284 1601 ostendimus

1914 1627 2042 1683 dub.
2085 1629 2104 1683 1
2138 1642 2312 1702 ;ergo
2347 1626 2496 1684 sicut
2537 1626 2895 1685 conservatio
2926 1623 3279 1698 frigiditatis,

1917 1707 2298 1775 infirmitatiS,
2322 1712 2380 1765 et
2401 1707 2711 1774 umbrae,in
2734 1704 3037 1780 praesentia
3051 1705 3280 1768 caloris,

1914 1788 2138 1853 salutis,
2188 1793 2245 1844 et
2293 1788 2435 1845 lucis
2459 1792 2606 1844 esset
2649 1786 3014 1851 miraculosa,
3068 1788 3126 1841 et
3169 1787 3284 1841 Deo

1918 1866 2160 1942 proinde
2210 1872 2486 1939 tanquam
2527 1883 2726 1932 causae,
2757 1872 2813 1923 et
2840 1864 3066 1923 authori
3112 1865 3282 1921 attri-

1916 1949 2141 2008 buenda
2174 1969 2187 2005 ε
2235 1949 2317 2005 ita
2343 1950 2744 2022 permanentia
2785 1948 2995 2021 peccati
3042 1948 3103 2003 in
3133 1962 3284 2018 prae-

1914 2031 2099 2089 sentia
2124 2029 2325 2105 gratiae
2347 2033 2411 2088 in
2452 2031 2631 2088 Deum
2659 2031 2816 2087 velut
2843 2030 2907 2086 in
2931 2043 3179 2091 causam.
3226 2033 3281 2085 et

1915 2113 2216 2170 authorem
2240 2114 2495 2170 revocari
2511 2111 2759 2170 deberet.

1990 2191 2398 2261 confirmatur,
2447 2198 2505 2251 et
2542 2193 2880 2267 explicatur,
2929 2190 3065 2264 quia
3109 2205 3281 2247 omne
3310 2210 3477 2268 conar-

1915 2291 2058 2347 opus
2084 2274 2495 2332 miraculosum
2525 2277 2639 2331 Deo
2663 2272 2987 2346 specialiter
3009 2270 3280 2328 attribui·
3325 2265 3474 2304 ¹⁰⁸¹¹⁰·

1916 2361 2011 2411 tur
2044 2376 2058 2411 ε
2086 2354 2185 2414 sed
2226 2355 2626 2427 permanentia
2654 2353 2863 2426 peccati
2890 2353 2953 2410 in
2977 2352 3279 2426 praesentia

1914 2437 2115 2511 gratiae
2139 2441 2286 2494 esset
2304 2452 2446 2509 opus
2472 2436 2884 2493 miraculosum
2917 2457 2931 2491 ε
2973 2449 3108 2508 ergo
3147 2448 3279 2505 per-

1916 2518 2234 2581 manentia,
2265 2517 2390 2573 sive
2415 2518 2773 2574 conservatio
2801 2515 3010 2587 peccati
3040 2514 3103 2569 in
3132 2527 3280 2585 prae-

1914 2596 2101 2653 sentia
2126 2598 2327 2670 gratiae
2354 2598 2467 2653 Deo
2492 2597 2818 2667 specialiter
2844 2594 3274 2651 attribueretur.

1915 2677 2075 2742 Quod
2099 2693 2215 2734 non
2236 2679 2434 2733 minus
2456 2677 2730 2749 implicat,
2762 2691 2937 2749 quam
2959 2679 3137 2733 Deum
3158 2690 3281 2732 esse

1915 2758 2237 2825 authorem,
2268 2764 2326 2815 et
2361 2758 2668 2829 specialem
2695 2772 2926 2813 causam
2954 2755 3184 2828 peccati,
3220 2760 3277 2809 ut

1917 2839 2095 2914 impie
2120 2838 2408 2897 asserebat
2449 2840 2743 2903 Calvinus,
2774 2841 2833 2894 et
2875 2839 3069 2893 sancte
3108 2834 3278 2892 dam-
3303 2861 3473 2906 calx-in.

1917 2926 2017 2978 nat
2042 2921 2362 2978 Concilium
2389 2919 2649 2976 Trident.
2673 2936 2800 2974 sess,
2826 2920 2883 2983 6,
2914 2934 3039 2973 can.
3071 2918 3124 2971 6.
3151 2916 3279 2972 Ma·
3292 2911 3482 3006 ,1223th

1911 3003 2004 3077 jor
2035 3008 2120 3059 est
2144 3007 2318 3068 certa,
2347 3001 2484 3075 quia
2509 3000 2578 3058 de
2607 3001 2832 3057 ratione
2873 2997 3143 3054 miraculi
3171 3001 3276 3062 est,
3486 2995 3494 3004 '

1914 3082 2065 3155 quod
2088 3081 2320 3139 excedat
2366 3082 2639 3138 virtutem
2662 3080 2929 3137 omnium
2974 3093 3283 3135 causarum

1917 3163 2293 3230 naturalium,
2325 3162 2449 3219 sive
2474 3160 2625 3234 quod
2653 3160 2754 3216 fiat
2783 3165 2990 3233 praeter
3018 3157 3283 3215 ordinem

1918 3245 2091 3302 totius
2115 3251 2333 3302 naturae
2352 3248 2571 3308 creatae,
2606 3249 2666 3298 ut
2713 3241 2875 3299 docet
2905 3243 2973 3297 D.
3015 3241 3220 3299 Thom.
3261 3242 3280 3295 1
3317 3239 3479 3283 ῡ-Ἡιῠ·

1913 3334 2066 3399 part.
2094 3333 2276 3403 quast.
2309 3326 2430 3390 110,
2454 3330 2565 3380 art.
2588 3324 2643 3381 4.
2665 3330 2722 3379 et
2740 3339 2869 3379 cum
2884 3337 2952 3379 eo
2969 3321 3288 3379 communi-

1918 3411 2006 3464 ter
2032 3407 2305 3482 Theologi
2335 3428 2348 3463 :
2379 3405 2438 3462 id
2465 3410 2679 3470 autem,
2699 3403 2848 3477 quod
2877 3399 2940 3459 fit
2963 3409 3171 3477 praeter
3197 3419 3287 3461 or·

1917 3489 2117 3547 dinem
2165 3491 2337 3546 totius
2373 3493 2614 3554 naturas,
2646 3494 2703 3545 et
2734 3481 2953 3545 excedit
3000 3487 3122 3542 vim
3167 3502 3288 3543 om-

1920 3572 2088 3626 nium
2142 3570 2439 3644 agentium
2487 3569 2865 3632 naturalium,
2923 3566 3120 3638 nequit
3170 3581 3286 3621 non

1923 3651 2181 3716 revocari
2223 3650 2288 3707 in
2329 3652 2531 3715 Deum,
2576 3655 2849 3722 tanquam
2883 3649 2943 3704 in
2982 3646 3286 3720 specialem

1920 3732 2246 3797 authorem,
2280 3737 2342 3786 ut
2359 3746 2431 3787 ex
2456 3731 2732 3803 seliquet.
2756 3731 2949 3787 Minor
2963 3730 3138 3786 etiam
3161 3744 3288 3784 sua·

1918 3811 2106 3877 detur,
2129 3812 2266 3884 quia
2294 3809 2462 3876 illud,
2494 3810 2644 3882 quod
2676 3808 2802 3867 fieri
2832 3810 3030 3883 nequit
3056 3807 3287 3865 attentis

1923 3892 2147 3948 naturis
2175 3905 2395 3956 rerum,
2421 3897 2478 3948 et
2497 3892 2663 3964 juxta
2699 3906 3065 3947 communem
3089 3889 3288 3962 provi-

1920 3972 2215 4040 dentiam;
2269 3972 2369 4030 sed
2419 3979 2645 4030 tantum
2686 3989 2788 4045 per
2832 3973 3145 4045 potentiam
3187 3971 3286 4028 Dei

1922 4054 2261 4122 absolutam,
2294 4060 2351 4111 et
2388 4053 2703 4112 secundum
2735 4053 3157 4127 providentiam
3183 4068 3289 4110 ex-

1923 4134 2395 4201 traordinariam,
2418 4135 2613 4208 nequit
2628 4151 2744 4192 non
2761 4151 2882 4193 esse
2897 4137 3243 4193 miraculum
3270 4154 3284 4191 :

1921 4233 2034 4290 qua
2064 4216 2286 4274 ratione
2323 4216 2647 4288 conjunctio
2690 4216 2937 4273 duorum
2964 4217 3287 4274 contrario-

1925 4312 2057 4354 rum
2085 4298 2146 4353 in
2166 4296 2347 4373 gradu
2371 4296 2618 4362 intenso,
2649 4298 2743 4376 vel
2762 4299 3132 4355 coexistentia
3150 4295 3288 4353 dua·

1926 4393 2059 4434 rum
2105 4378 2430 4435 formarum
2481 4375 2949 4433 substantialium
2996 4378 3059 4435 in
3085 4376 3287 4435 eadem

1926 4456 2171 4514 materia
2189 4461 2325 4513 sunt
2345 4456 2703 4513 miraculosae
2730 4477 2743 4511 ε
2772 4456 2869 4514 sed
2887 4459 3290 4531 permanentia

1927 4538 2154 4611 peccati,
2179 4542 2236 4595 et
2253 4536 2453 4611 gratiae
2476 4536 2668 4609 nequit
2686 4535 2812 4594 fieri
2826 4538 2994 4612 juxta
3020 4546 3288 4597 naturam

1928 4635 2147 4684 rerum,
2177 4620 2271 4677 vel
2315 4618 2628 4676 secundum
2677 4621 3102 4693 providentiam
3130 4638 3290 4680 com-

1928 4716 2166 4756 munem
2193 4722 2207 4767 3
2238 4697 2337 4755 sed
2389 4698 2439 4754 si
2484 4696 2664 4764 fieret,
2722 4705 2944 4758 tantum
2990 4701 3152 4760 fieret
3189 4718 3291 4776 per

1929 4781 2243 4854 potentiam
2284 4777 2623 4845 absolutam,
2659 4785 2714 4837 et
2750 4783 3063 4841 secundum
3093 4785 3292 4857 provi-

1926 4861 2184 4919 dentiam
2211 4859 2756 4928 extraordinariam,
2784 4870 2843 4920 ut
2872 4865 2995 4937 ipsa
3015 4865 3293 4923 diversis-

1928 4943 2098 5010 sima,
2129 4949 2187 5001 et
2205 4943 2373 5001 valde
2399 4942 2638 5000 adversa
2667 4944 2962 5017 praedicata
2982 4949 3212 5021 pcccati,
3236 4954 3292 5006 et

1928 5026 2125 5100 gratiae
2151 5026 2443 5090 evincunt,
2474 5031 2531 5082 et
2554 5027 2691 5082 satis
2719 5027 2893 5099 liquet
2933 5045 3005 5086 ex
3027 5029 3136 5093 his,
3167 5045 3293 5102 quse

3093 5117 3291 5169 contra
