3647 5753
1466 377 1647 434 mse.
1690 377 1760 444 11,
1804 376 1968 432 uua.
2014 377 2111 434 1v.
2676 445 2683 455 ³
2720 386 2728 391 ·
3025 379 3134 434 377

1839 549 1953 603 Nec
1973 548 2267 615 satisfacit,
2294 549 2444 623 quod
2465 549 2704 606 Suarius
2726 547 2902 616 addit,
2925 562 3134 620 nempe
3162 565 3322 617 lmpug-

1765 625 1913 683 illud
1957 626 2107 699 quod
2158 635 2364 701 praeter
2411 630 2661 705 gratiam
2691 629 2762 685 ad
2789 628 3130 687 destructio·
3145 616 3344 707 ῃῗὲβῖηξι·

1764 723 1899 764 nem
1947 712 2156 781 peccati
2205 713 2541 786 requiritur,
2573 727 2678 770 nec
2722 727 2844 769 esse
2886 726 3131 784 suspen·
3143 712 3237 764 ejus
3249 723 3334 771 ἴβε-

264 557 572 624 peccatum,
593 551 741 623 alias
759 553 910 609 Deus
928 557 1073 610 esset
1087 552 1250 609 illius
1269 567 1455 617 causa,
1479 547 1629 622 quod

262 633 510 705 impium
533 638 618 689 est
635 639 932 699 'asserere5
961 632 1062 690 sed
1081 631 1268 688 solum
1295 629 1578 704 dependet
1597 645 1632 685 a

72 2088 225 2129 Exem-

116 2135 224 2193 lum„

118 2194 226 2243 uarii

94 2235 214 2292 nihil,

67 2283 250 2326 evincit.

264 715 379 770 Deo
408 714 643 787 praecise
670 718 731 769 ut
756 713 950 787 ipsum
977 712 1363 786 permittente.
1397 713 1471 767 Ut
1494 725 1630 785 ergo

263 796 410 850 Deus
435 792 689 849 destruat
728 797 1018 865 peccatum
1046 791 1356 858 habituale,
1390 806 1507 848 non
1534 805 1631 846 re·-

262 874 531 947 quiritur,
565 872 715 946 quod
753 872 1070 946 suspendat
1108 872 1360 944 aliquem
1387 885 1631 927 concur-

261 969 391 1009 sum
413 953 725 1026 positivum
746 953 897 1010 circa
918 951 1086 1019 illud;
1104 950 1203 1008 sed
1223 949 1453 1014 sufficit,
1477 947 1629 1022 quod

263 1032 586 1090 introducat
607 1034 671 1089 in
692 1032 933 1090 homine
955 1033 1206 1089 formam
1225 1034 1446 1103 peccato
1460 1044 1631 1102 oppo-

262 1115 452 1171 sitam.
479 1116 627 1190 Ergo
654 1114 747 1171 vel
776 1112 1084 1171 dicendum
1112 1118 1215 1178 est,
1269 1109 1419 1184 quod
1449 1110 1630 1183 posita

264 1195 498 1267 praecise
522 1194 726 1269 gratia,
757 1193 1075 1250 destruitur
1096 1189 1629 1264 indispensabiliter

264 1279 588 1347 peecatum;
630 1273 722 1330 vel
770 1273 921 1347 quod
958 1273 1145 1348 gratia
1184 1288 1303 1329 non
1328 1276 1414 1327 est
1440 1271 1629 1327 forma

266 1359 490 1427 peccato
527 1354 813 1429 opposita;
856 1355 948 1411 vel
990 1352 1243 1419 tandem,
1288 1350 1436 1425 quod
1481 1352 1631 1406 Deus

269 1435 452 1508 posita
475 1435 657 1508 gratia
684 1435 888 1508 incipit
912 1449 1179 1491 exercere
1221 1432 1472 1506 aliquem
1521 1446 1630 1487 no-

161 1517 176 1524 “
265 1530 408 1572 vum
456 1513 760 1582 influxum,
810 1529 923 1586 quo
969 1518 1257 1585 peccatum
1304 1511 1629 1583 specialiter

264 1598 579 1660 conservet,
610 1598 666 1650 et
692 1595 816 1650 vim
854 1593 1052 1667 gratiae
1093 1590 1389 1665 impediat,
1421 1596 1476 1647 et
1500 1607 1628 1646 sus-

263 1673 492 1747 pendat.
540 1675 793 1746 Cumque
819 1671 966 1728 illud
994 1672 1249 1746 primum
1295 1675 1461 1745 neget
1485 1672 1630 1727 Sua-

267 1754 407 1821 rius‚
438 1754 808 1826 compellitur
848 1753 942 1809 vel
969 1752 1271 1809 admittere
1291 1750 1624 1819 secundum,

264 1834 413 1907 quod
439 1838 560 1910 ejus
586 1834 862 1892 doctrinm
905 1834 1274 1901 adversatur;
1305 1834 1395 1890 vel
1423 1848 1630 1890 conce-

263 1915 399 1973 dere
445 1918 702 1994 tertium,
733 1914 883 1989 quod
907 1920 992 1971 est
1027 1931 1262 1988 prorsus
1289 1912 1623 1979 absurdum,

261 2000 320 2051 et
358 1994 736 2070 impossibile.

346 2077 465 2146 113.
499 2075 669 2133 Unde
705 2074 890 2134 obiter
917 2074 1096 2131 elucet
1134 2073 1448 2131 discrimen
1475 2073 1629 2129 inter

264 2158 594 2229 exemplum
612 2174 646 2213 a
666 2158 871 2214 Suario
892 2154 1219 2219 adductum,
1248 2161 1302 2213 et
1323 2155 1628 2212 materiam

269 2243 604 2308 praesentem
637 2259 650 2293 :
682 2252 819 2293 nam
862 2234 1164 2309 frigiditaS,
1208 2240 1264 2291 et
1300 2236 1455 2290 calor
1495 2239 1630 2290 sunt

267 2316 394 2374 duae
419 2320 721 2390 qualitates
767 2317 1045 2391 positivae,
1076 2332 1322 2387 quarum
1363 2315 1631 2388 quaelibet

270 2401 554 2474 dependet
591 2418 625 2458 a
663 2403 776 2456 Deo
813 2400 1053 2472 positive
1080 2397 1377 2464 inssuente,
1409 2404 1464 2454 et
1489 2412 1629 2453 con-

270 2487 540 2538 servante
589 2498 603 2533 :
660 2479 811 2537 unde
853 2478 924 2536 ad
981 2479 1318 2554 frigiditatis
1369 2477 1627 2534 destruc-

269 2561 493 2618 tionem
535 2565 742 2634 praeter
776 2560 1256 2618 introductionem
1283 2559 1490 2616 caloris
1533 2574 1628 2616 re-

265 2642 522 2715 quiritur
562 2641 857 2716 suspensio
894 2658 1197 2699 concursus
1235 2641 1627 2698 conservantis

268 2724 643 2798 frigiditatem
662 2749 678 2793 ;
727 2729 891 2798 atque
934 2724 1063 2781 ideo
1109 2723 1191 2794 (si
1233 2722 1467 2781 aliunde
1508 2738 1624 2779 non

265 2807 525 2880 implicat
569 2799 938 2866 coexistentia
982 2805 1220 2862 illarum
1261 2804 1626 2878 qualitatum)

263 2887 395 2945 fieri
416 2889 630 2962 optime
650 2889 822 2955 valet,
846 2886 996 2960 quod
1017 2889 1163 2943 Deus
1186 2893 1309 2959 post
1329 2884 1626 2942 introduc-

265 2970 484 3025 tionem
524 2969 731 3025 caloris
757 2968 903 3025 nolit
929 2966 1425 3024 conservationem
1454 2964 1626 3039 frigi-

264 3048 462 3106 ditatis
480 3048 847 3122 suspendere,
871 3049 1027 3106 etita
1055 3053 1356 3121 utramque
1375 3047 1625 3119 qualita-

268 3135 383 3187 tem
406 3129 582 3185 simul
604 3128 668 3185 in
683 3128 882 3185 eodem
903 3127 1153 3201 subjecto
1170 3132 1490 3201 componat.
1522 3128 1626 3183 Se-

263 3226 363 3266 cus
385 3208 588 3266 accidit
608 3209 671 3264 in
695 3213 935 3282 peccat0,
960 3212 1015 3264 et
1034 3209 1236 3282 gratia,
1263 3213 1324 3263 ut
1345 3206 1514 3264 modo
1542 3205 1626 3263 vi-

261 3290 474 3348 dimus.
499 3289 666 3348 Unde
686 3290 861 3347 etiam
883 3290 1108 3347 eruitur
1130 3289 1247 3347 alia
1272 3288 1621 3355 differentia3

262 3389 405 3430 nam
440 3373 566 3431 ideo
609 3374 886 3437 salvatur,
917 3374 1350 3447 generationem
1395 3372 1619 3439 caloriS‚

261 3460 320 3510 et
345 3455 773 3526 corruptionem
793 3453 1123 3526 frigiditatis
1139 3469 1260 3510 esse
1280 3451 1424 3509 duas
1444 3458 1626 3508 muta-

264 3534 450 3590 tiones
469 3534 623 3590 inter
643 3548 704 3588 se
729 3547 1034 3597 connexas»,
1059 3539 1116 3589 et
1136 3532 1283 3588 hanc
1303 3530 1625 3603 dependere

262 3612 338 3669 ab
365 3613 488 3679 illa,
518 3613 652 3686 quia
675 3617 798 3685 post
816 3612 1248 3686 generationem
1271 3611 1478 3668 caloris
1505 3626 1624 3667 non

265 3693 582 3765 requiritur
610 3692 802 3766 aliqua
846 3690 962 3747 alia
1002 3690 1144 3748 actio
1185 3690 1450 3763 positiva,
1500 3706 1625 3763 quae

260 3777 596 3846 corrumpat
641 3771 1054 3846 frigiditatem;
1100 3771 1200 3827 sed
1249 3770 1454 3828 suflicit
1496 3786 1624 3825 sus-

261 3854 462 3927 pensio
483 3853 670 3910 divini
690 3869 996 3910 concursus
1019 3852 1183 3908 illam
1204 3851 1620 3917 conservantiS,

258 3950 388 4007 quac
412 3949 541 3989 cum
581 3931 807 4007 negatio
844 3931 938 3999 sit,
971 3945 1089 3988 non
1136 3931 1287 3988 tollit
1315 3929 1625 3986 immedia-

258 4016 500 4081 tionem‚
545 4019 601 4072 et
639 4014 1055 4070 connexionem
1083 4013 1238 4070 inter
1278 4012 1625 4068 mutationes

259 4095 414 4151 illas.
440 4095 761 4150 AtSuarius
779 4098 901 4166 post
922 4091 1403 4148 introductionem
1425 4090 1625 4165 gratiae

256 4176 425 4248 ponit
465 4175 528 4231 in
570 4177 686 4232 Deo
724 4190 936 4231 novam
979 4173 1257 4232 actionem
1292 4172 1618 4245 positivam,

256 4254 468 4310 saltem
495 4254 794 4319 moralem,
826 4267 951 4326 quae
996 4249 1331 4308 immediate
1371 4249 1625 4307 destruat

259 4338 572 4408 peccatum,
617 4338 681 4389 ut
724 4333 920 4389 statim
966 4330 1306 4387 videbimus.
1346 4329 1511 4386 Unde
1553 4345 1625 4387 ex

258 4416 388 4491 ejus
428 4415 713 4472 sententia
757 4414 1031 4486 sequitur,
1065 4412 1464 4468 remissionem
1492 4426 1625 4483 pec-

259 4496 395 4562 cati,
416 4499 471 4552 et
492 4494 927 4552 renovationem
949 4508 1052 4564 per
1072 4491 1318 4566 gratiam
1342 4506 1462 4548 esse
1481 4489 1624 4546 duas

259 4573 615 4635 mutationes
655 4587 797 4646 pure
823 4571 1272 4630 concomitanter
1303 4586 1365 4626 se
1401 4568 1625 4625 haben-

255 4663 346 4714 tes
367 4661 454 4712 :et
474 4670 651 4712 unam
672 4668 791 4710 non
811 4651 971 4725 sequi
989 4648 1321 4706 immediate
1337 4648 1406 4705 ad
1424 4649 1618 4717 aliam,

253 4753 367 4795 nec
403 4742 707 4807 utramque
753 4732 1061 4808 provenire
1099 4730 1171 4789 ab
1208 4730 1407 4788 eadem
1439 4730 1624 4804 gratia

255 4828 539 4893 tanquam
593 4814 665 4872 ab
715 4815 887 4872 unica
938 4828 1105 4870 causa
1159 4811 1412 4869 formali.
1463 4810 1624 4877 Quod

252 4916 436 4976 quam
460 4895 776 4955 absurdum
796 4895 890 4966 sit,
915 4899 1136 4952 constat
1153 4909 1223 4950 ex
1244 4892 1416 4950 modo
1435 4892 1620 4962 dictis,

246 4989 311 5043 et
337 4997 413 5040 ex
437 4979 532 5036 his
569 4993 695 5052 quae
718 4991 895 5050 supra
931 4975 1237 5032 statuimus
1262 4973 1388 5031 dub.
1430 4976 1450 5030 l
1495 4977 1528 5046 ς
1563 4975 1623 5031 2.

357 5069 380 5075 “
416 5060 708 5121 Salmant.
737 5057 905 5117 Cura.
931 5056 1156 5128 theolo9.
1190 5063 1319 5113 tom.
1351 5053 1420 5112 Χ.

1762 787 1987 845 sionem
2018 790 2207 847 divini
2244 808 2549 850 concursus
2576 792 2971 849 conservantis
3000 806 3130 863 pec-

1763 874 2103 935 catumsnec
2122 888 2244 929 esse
2274 889 2491 930 novum
2515 872 2802 930 influxum
2832 874 3133 946 physicum

1764 949 2019 1022 aliquam
2068 951 2317 1009 formam
2366 953 2430 1008 in
2473 953 2713 1010 homine
2761 951 3136 1010 introducen-

1764 1033 1881 1084 tem
1894 1052 1910 1095 ς
1940 1028 2038 1085 sed
2086 1045 2208 1086 esse
2232 1047 2451 1088 novum
2500 1030 2787 1087 influxum
2824 1032 3131 1100 moralem,

1764 1124 1973 1181 nempe
2000 1110 2306 1182 positivam
2335 1106 2545 1184 peccati
2575 1111 3000 1178 remissionem,
3035 1127 3133 1169 seu

1762 1188 2272 1247 condonationem.

1838 1271 1974 1336 Hoc,
2006 1270 2264 1345 inquam,
2298 1272 2545 1329 minime
2570 1273 2866 1339 satisfacit,
2897 1272 2996 1330 sed
3036 1273 3134 1329 in-

1762 1349 1962 1418 currit,
2006 1351 2056 1406 si
2090 1356 2239 1408 recte
2267 1351 2672 1425 perpendatur,
2717 1353 2999 1410 circulum
3023 1369 3137 1410 nu-

1760 1431 2070 1504 gatorium,
2101 1437 2159 1488 et
2186 1432 2556 1498 manifestam
2602 1434 2936 1506 petitionem
2966 1434 3136 1507 prin-
3225 1505 3229 1509 ι

1763 1510 1925 1584 cipii.
1967 1513 2115 1567 Nam
2162 1511 2742 1587 destructiopeccati,
2773 1521 2830 1571 et
2871 1516 3136 1573 remissio

1763 1592 1974 1664 peccati
2008 1591 2164 1649 idem
2194 1610 2428 1665 prorsus
2452 1601 2606 1662 sunt,
2637 1597 2844 1652 saltem
2872 1612 2943 1652 ex
2970 1603 3131 1668 parte

1762 1671 1866 1727 Dei
1899 1692 1912 1726 :
1942 1687 2077 1746 ergo
2127 1673 2393 1744 identice,
2425 1680 2483 1742 et
2507 1677 2808 1748 nugatorie
2834 1679 3129 1746 asseritur,

1764 1750 1835 1808 ad
1856 1752 2302 1812 destructionem
2326 1757 2535 1829 peccati
2566 1757 2784 1828 requiri
2810 1759 3017 1830 peccati
3051 1765 3135 1816 re-

1763 1833 2132 1902 missionem;
2155 1843 2213 1893 et
2234 1852 2350 1893 non
2374 1843 2521 1894 recte
2541 1837 2770 1906 dicitur,
2799 1839 2927 1896 ideo
2955 1841 3135 1914 posita

1761 1914 1966 1987 gratia,
1994 1930 2111 1971 non
2139 1915 2357 1973 destrui
2380 1917 2911 1991 indispensabiliter
2939 1936 3134 1992 pecca-

1762 1998 1908 2062 tum,
1940 1995 2074 2066 quia
2102 1995 2173 2052 ad
2220 1996 2667 2054 destructionem
2699 2001 2906 2071 peccati
2938 2001 3133 2072 requi-

1765 2072 1917 2129 ritur
1962 2076 2170 2147 peccati
2203 2076 2487 2133 remissio.
2521 2077 2583 2133 ld
2613 2078 2848 2152 quidem
2872 2081 3136 2137 'verissi-

1763 2169 1927 2209 mum
1949 2162 2050 2220 est,
2069 2155 2169 2213 sed
2193 2157 2340 2213 ratio
2363 2162 2561 2214 nostra
2583 2175 2785 2224 unum,
2810 2164 2867 2216 et
2887 2160 3136 2216 alterum

1762 2235 1909 2307 (quae
1939 2251 2142 2292 revera
2191 2235 2344 2293 idem
2384 2243 2540 2309 sunt)
2579 2240 2900 2307 convincit;
2930 2246 2986 2296 et
3014 2255 3137 2296 res-

1764 2317 1966 2388 ponsio
2008 2318 2147 2389 petit
2189 2320 2563 2391 principium,
2595 2321 2735 2378 dum
2765 2320 2835 2378 ad
2875 2323 3135 2396 negatio-

1764 2412 1900 2453 nem
1930 2399 2103 2454 unius
2130 2406 2398 2456 causatur
2426 2403 2653 2475 negatio
2680 2403 2938 2459 alterius.
2972 2403 3137 2459 Unde

1761 2477 2125 2552 impugnatio
2146 2480 2410 2552 superius
2437 2482 2584 2538 lacta
2611 2482 2759 2539 hanc
2784 2483 2963 2539 etiam
2985 2485 3131 2539 Sua-

1763 2556 1839 2613 rii
1887 2560 2322 2632 responsionem
2366 2560 2822 2633 comprehendit,
2874 2568 2931 2619 et
2979 2564 3134 2619 valet

1759 2638 1866 2695 sub
1909 2639 2127 2697 eisdem
2170 2640 2291 2698 fere
2336 2642 2606 2699 terminis
2652 2643 2762 2715 ipsi
2804 2644 3084 2717 applicari
3119 2665 3131 2699 :

1762 2736 1899 2776 nam
1932 2721 1990 2777 id
2036 2721 2185 2794 quod
2215 2738 2334 2780 non
2361 2723 2642 2795 dependet
2682 2742 2713 2782 a
2742 2727 2857 2783 Deo
2887 2726 3132 2799 positive

1761 2800 2059 2880 influente,
2110 2801 2210 2859 sed
2258 2807 2484 2860 tantum
2532 2805 2873 2875 permissive
2918 2821 2980 2864 se
3025 2807 3134 2863 ha-

1760 2881 1948 2949 bente,
1983 2884 2183 2955 nequit
2208 2899 2242 2940 a
2268 2886 2383 2942 Deo
2429 2885 2647 2942 remitti
2676 2903 2777 2959 per
2803 2887 3138 2959 suspensio-

1760 2979 1897 3020 nem
1923 2963 2114 3021 divini
2139 2980 2469 3034 concursu5‚
2510 2965 2623 3023 sed
2654 2968 2842 3024 solum
2871 2984 2972 3039 per
2999 2984 3139 3040 pro-

1755 3045 2108 3114 ductionem,
2135 3051 2190 3104 et
2219 3047 2707 3105 introductionem
2737 3050 2943 3107 formae
2963 3066 3137 3123 oppo-

1757 3127 1882 3182 sitae
1914 3148 1928 3183 ε
1955 3127 2054 3184 sed
2084 3133 2373 3202 peccatum
2423 3128 2507 3184 sic
2544 3144 2605 3185 se
2644 3129 2835 3196 habet,
2865 3136 2922 3187 et
2947 3132 3134 3205 gratia

1757 3212 1844 3264 est
1869 3206 2060 3265 forma
2087 3213 2312 3280 peccato
2339 3210 2598 3282 opposita
2623 3225 2795 3285 :ergo
2823 3210 2894 3267 ad
2923 3212 3139 3269 remis-

1757 3287 1981 3345 sionem
2006 3290 2216 3362 peccati
2245 3304 2364 3345 non
2389 3289 2707 3362 requiritur
2729 3292 3027 3363 suspensio
3048 3292 3132 3348 di-

1758 3368 1886 3424 vini
1912 3386 2237 3437 concursuS,
2267 3370 2364 3426 sed
2385 3369 2590 3427 sufficit
2612 3370 2924 3445 productio,
2950 3380 3008 3430 et
3034 3374 3132 3430 in-

1759 3449 2042 3508 troductio
2064 3452 2282 3526 gratiae.
2314 3454 2383 3506 Et
2407 3453 2458 3509 si
2487 3453 2668 3525 posita
2694 3454 2900 3526 gratia,
2935 3470 3132 3526 pecca-

1759 3537 1884 3587 tum
1906 3530 2089 3588 adhuc
2110 3537 2455 3604 perseverat,
2482 3532 2713 3604 signum
2736 3538 2838 3601 est,
2866 3533 2959 3590 vel
2981 3535 3137 3605 quod

1756 3612 1946 3687 gratia
1973 3628 2090 3669 non
2117 3617 2200 3669 est
2226 3613 2417 3669 forma
2465 3618 2686 3685 peccato
2726 3614 3004 3686 opposita,
3038 3616 3133 3672 vel*

1758 3691 1909 3766 quod
1935 3694 2084 3749 Deus
2104 3707 2274 3759 nov0‚
2306 3696 2363 3749 et
2388 3688 2622 3765 speciali
2645 3692 2870 3750 influxu
2892 3708 3131 3752 conser-

1759 3779 1858 3832 vat
1884 3773 2051 3830 illud.

1837 3849 1856 3903 l
1874 3848 1956 3904 14.
1975 3847 2366 3905 confirmatur
2379 3850 2568 3923 primo
2583 3852 2933 3912 ostendendo
2949 3856 3127 3913 insuf-

1758 3928 2072 3994 ficientiam
2093 3929 2262 4003 hujus
2293 3932 2683 4003 responsionis
2711 3934 2781 3990 ad
2824 3938 3127 3994 vitandum

1759 4009 2175 4066 inconveniens
2220 4010 2284 4065 in
2326 4015 2520 4067 nostro
2561 4019 2903 4087 argumento
2932 4018 3127 4075 inten-

1757 4095 1884 4145 tum
1902 4090 2201 4161 :quoniam
2218 4090 2494 4164 implicat,
2513 4108 2855 4164 permanere
2873 4098 3127 4173 aliquem

1759 4170 2021 4225 effectum
2069 4170 2390 4243 physicum,
2436 4171 2529 4228 vel
2575 4175 2861 4233 moralem
2916 4177 3128 4252 absque

1759 4250 1953 4322 aliqua
1972 4265 2155 4317 causa,
2184 4266 2311 4323 quae
2333 4251 2523 4322 ipsum
2544 4261 2843 4312 conservet
2868 4277 2882 4313 :
2908 4259 3007 4314 sed
3025 4276 3123 4333 po·

1756 4330 1869 4386 sita
1894 4331 2082 4403 gratia
2102 4329 2511 4398 sanctificante,
2544 4333 2716 4391 homo
2740 4352 2856 4393 non
2883 4354 3118 4398 conser-

1759 4415 1856 4466 vat
1876 4414 2168 4483 peccatum
2195 4408 2489 4467 habituale
2520 4432 2535 4467 ε
2564 4420 2700 4488 ergo
2729 4416 2912 4488 posita
2938 4423 3129 4493 gratia

1757 4489 2148 4547 sanctificante
2169 4534 2184 4558 ‚
2240 4493 2333 4547 vel
2387 4493 2536 4548 Deus
2594 4494 3129 4569 indispensabiliter

1760 4577 2050 4644 peccatum
2097 4571 2390 4629 habituale
2435 4573 2696 4642 destruit,
2748 4593 2813 4635 ac
2847 4584 3126 4653 remittit;

1758 4652 1851 4720 vel
1880 4655 2029 4708 Deus
2055 4655 2138 4707 est
2164 4668 2331 4708 causa
2358 4656 2754 4714 conservativa
2784 4664 2992 4731 peccati
3020 4665 3130 4722 ha-

1759 4730 2017 4787 bitualis.
2047 4732 2250 4807 Major,
2283 4738 2339 4788 et
2383 4738 2790 4807 consequentia
2813 4748 3079 4801 constant
3113 4766 3127 4800 :

1758 4811 1959 4869 minor
1978 4816 2172 4867 autem
2191 4810 2481 4880 suadetur,
2507 4816 2782 4887 quoniam
2807 4820 2940 4892 licet
2955 4823 3131 4881 homo

1760 4891 1941 4964 possit
1955 4906 2298 4949 conservare
2313 4898 2602 4965 peccatum
2622 4896 2918 4959 habituale
2931 4919 3133 4962 secun-

1761 4969 1907 5027 dum
1935 4987 2014 5041 se,
2064 4976 2123 5030 et
2154 4970 2218 5027 in
2260 4970 2517 5030 absentia
2555 4978 2786 5049 gratiae3
2817 4984 3013 5054 nequit
3041 4989 3130 5042 ta·

2904 5066 2979 5120 25

3162 773 3324 815 ponsno.

3168 3916 3324 3960 Colilir·

3185 3971 3320 4025 matur

3160 4026 3307 4068 primo.
