3647 5753
1437 326 1613 385 DISP.
1660 329 1755 397 111,
1800 330 1967 388 DUB.
2011 334 2078 390 V.
3048 350 3156 402 617

294 488 474 546 nialia
489 495 968 548 consummantur
989 493 1052 549 in
1071 495 1510 565 potentiisCum
1525 513 1662 573 ergo

291 577 446 627 actus
466 574 952 645 supernaturales,
979 575 1187 647 quihus
1214 578 1429 650 impius
1458 579 1528 635 ad
1545 581 1662 654 jus-

291 652 667 711 tificationem
685 653 1034 728 disponitur,
1069 657 1425 732 recipiantur
1448 661 1661 731 imme-

289 732 443 791 diate
465 735 527 791 in
551 735 822 808 potentiis
850 736 1079 804 animae,
1107 743 1165 794 et
1214 739 1304 795 eis*
1344 740 1659 798 medianti-

291 816 395 873 bus
420 816 802 874 substantiam
820 818 1034 876 animae
1050 819 1320 877 afficiant:
1344 822 1494 878 nihil
1519 824 1653 886 illis.

289 905 572 970 quantum
599 906 683 955 est
721 899 938 956 ex-ho'c
976 901 1177 973 capite,
1210 902 1400 959 deficit
1440 908 1501 958 ut
1539 906 1658 960 sint

290 978 693 1052 dispositiones
710 980 954 1054 physicae
973 980 1044 1038 ad
1059 983 1306 1056 gratiam
1332 984 1657 1057 justifican-

290 1068 429 1119 tem.
456 1063 526 1116 Et
554 1079 684 1118 cum
708 1061 942 1119 aliunde
971 1062 1221 1120 habeant
1259 1072 1489 1123 caeteras
1514 1083 1654 1125 con-

290 1142 539 1199 ditiones
566 1143 636 1199 ad
659 1145 763 1200 hoc
783 1159 1014 1210 munus,
1046 1150 1109 1200 ut
1129 1151 1347 1202 constat
1367 1163 1438 1204 ex
1463 1148 1656 1204 hacte-

291 1239 401 1281 nus
437 1224 622 1293 dictis,
655 1225 863 1282 merito
901 1225 961 1281 id
990 1224 1245 1301 absolute
1284 1227 1653 1286 asserendum

296 1309 404 1361 est.

888 1476 917 1543 ς
962 1474 1054 1531 111.

331 1627 730 1685 Convelluntur
755 1629 961 1683 motiva
987 1632 1278 1686 contrarioe
1314 1633 1608 1703 opinionis.

69 1794 257 1836 senten·
373 1784 494 1839 117.
525 1782 855 1855 Oppositum
874 1781 1039 1840 nobis
1059 1785 1394 1858 opinionem
1417 1791 1652 1855 tuentur

58 1842 250 1934 ’Ῐῗηῖῗῗζ
287 1866 498 1922 Suarez
524 1866 615 1920 lib.
648 1866 682 1919 8
709 1864 773 1918 de
788 1867 1132 1940 qratiassap.
1157 1870 1211 1931 5,
1232 1885 1387 1924 num.
1415 1873 1471 1935 7,
1507 1871 1652 1926 Vas-

55 1943 258 2041 vsausfffifgi
285 1962 426 2020 quez
461 1951 479 2004 1
537 1954 684 2021 part.
728 1947 869 2020 disp.
913 1950 1001 2015 43,
1042 1967 1166 2023 cap.
1207 1952 1260 2016 l,
1306 1953 1481 2007 Lorca
1513 1954 1557 2019 l,
1589 1954 1644 2019 2,

83 2022 470 2108 Lorca.'quaesl.
509 2033 628 2095 112,
655 2038 765 2086 art.
792 2032 847 2096 2,
891 2030 1033 2104 disp.
1078 2034 1170 2101 25,
1217 2034 1409 2090 Curiel
1453 2034 1650 2090 ibidem

83 2089 235 2132 ΨΜ
283 2114 414 2170 dub.
467 2115 576 2172 let
604 2114 725 2171 aui.
772 2116 1027 2178 Quorum
1070 2116 1373 2188 praecipuis
1414 2117 1650 2174 motivis

55 2199 251 2258 Primum
283 2196 637 2252 occurrimus
666 2194 886 2251 duobus
926 2200 989 2266 ἐξ
1019 2196 1487 2268 praecedentibus,
1516 2216 1645 2255 cum

58 2256 267 2295 ''³⁰²¹'nm
282 2292 485 2333 eorum
523 2276 819 2333 evasiones
870 2277 1281 2349 praeclusimuS.
1331 2280 1648 2350 Supersunt

283 2364 481 2415 tamen
511 2358 703 2429 aliqua
743 2356 997 2425 breviter
1043 2358 1338 2414 diluenda.
1369 2360 1647 2434 Arguitur

48 2431 251 2526 Τῼξᾶῑὲῑῑιῑῑ·
283 2453 419 2513 ergo
441 2438 629 2511 primo
650 2440 994 2496 authoritate
1005 2436 1216 2497 Concil.
1234 2441 1491 2497 Trident.
1512 2459 1640 2500 sess.

243 2513 255 2525 '
291 2523 377 2587 14,
409 2538 531 2594 cap.
556 2523 610 2590 4,
643 2520 741 2577 ubi
770 2522 980 2579 dicitur
1014 2543 1027 2578 τ
1055 2524 1196 2580 Fuit
1222 2530 1406 2579 autem
1450 2527 1648 2602 quovis

275 2611 514 2677 tempore
540 2606 615 2660 ad
637 2607 1038 2678 impetrandam
1059 2610 1279 2662 veniam
1293 2616 1642 2679 pec-catorum

272 2687 365 2742 hic
395 2689 741 2743 contritionis
777 2693 956 2742 motus
993 2692 1328 2745 necessarius
1358 2704 1529 2764 :ergo
1568 2707 1640 2749 ex

270 2775 468 2826 mente
490 2770 733 2826 Concilii
774 2771 1043 2828 contritio
1068 2771 1357 2828 concurrit
1388 2788 1490 2845 per
1513 2790 1642 2832 mo-

251 2848 411 2918 dum
444 2850 871 2924 impetrationis
896 2849 966 2908 ad
1006 2852 1467 2926 consequendum
1501 2871 1640 2929 gra-

269 2933 415 2990 tiam
459 2934 825 2992 remissivam
867 2935 1072 3007 peccati
1120 2956 1134 2991 ε
1171 2935 1269 2992 sed
1309 2952 1633 3011 concursuS,

268 3020 325 3072 et
355 3016 608 3074 influxus
636 3017 906 3091 proprius
928 3017 1352 3090 impetrationis
1391 3025 1475 3076 est
1508 3039 1638 3080 mo-

272 3099 415 3155 ralis
451 3121 464 3155 :
494 3115 632 3175 ergo
659 3100 928 3158 contritio
958 3117 1076 3158 non
1099 3101 1351 3174 physice,
1379 3100 1477 3158 sed
1506 3119 1638 3161 mo·-

271 3181 478 3253 raliter
524 3184 835 3249 concurrit,
861 3188 919 3240 et
944 3182 1198 3256 disponit
1239 3184 1309 3240 ad
1360 3185 1630 3258 gratiam,

267 3280 380 3337 qua
407 3265 623 3339 impius
646 3265 1009 3341 justificatur.

348 3347 744 3420 Respondetur
785 3349 975 3421 primo
1042 3348 1303 3422 negando
1363 3348 1633 3406 ultimam

270 3430 767 3502 consequentiam,
817 3430 952 3504 quia
992 3446 1273 3496 concesso,
1300 3429 1449 3502 quod
1495 3447 1634 3488 con-

270 3508 433 3565 tritio
458 3514 827 3566 concurreret
854 3509 1152 3566 moraliter
1177 3509 1246 3566 ad
1268 3510 1633 3584 justificatio-

269 3605 426 3656 nem,
454 3606 570 3648 non
594 3595 744 3648 recte
780 3592 1087 3667 colligitur,
1110 3592 1259 3665 quod
1290 3608 1406 3651 non
1436 3592 1633 3667 dispo-

270 3679 370 3731 nat
391 3675 622 3749 physice
645 3674 712 3729 ad
735 3674 899 3731 illam
915 3701 930 3744 ;
946 3683 1251 3749 utrumque
1267 3677 1428 3752 enim
1447 3683 1634 3750 posset

265 3754 496 3822 hahere,
529 3754 796 3811 videlicet
833 3761 889 3812 et
914 3773 1255 3815 concurrere
1305 3759 1625 3827 moraliter,

263 3842 326 3894 ut
350 3838 677 3896 Concilium
718 3838 822 3895 hoc
849 3839 969 3895 loco
1008 3839 1341 3914 significare
1367 3840 1626 3908 videtum

262 3924 320 3975 et
344 3918 648 3993 disponere
677 3919 927 3993 physice,
973 3926 1035 3976 ut
1061 3924 1354 3997 colligitur
1399 3939 1471 3980 ex
1498 3925 1631 3980 aliis

262 3999 517 4074 ejusdem
535 4000 775 4057 Concilii
802 4002 939 4058 locis
953 4021 1104 4060 num.
1131 4007 1147 4060 l
1167 4007 1228 4059 12
1256 4003 1458 4060 citatis
1471 4006 1628 4061 Prae-

262 4082 466 4138 sertim
482 4098 610 4138 cum
627 4082 947 4138 Concilium
971 4084 1304 4142 immediate
1320 4084 1630 4157 postverba

265 4162 447 4217 relata
473 4161 689 4218 tribuat
714 4163 1047 4221 contritioni
1076 4180 1415 4221 concursum
1432 4165 1628 4238 dispo-

263 4243 501 4300 sitivum
550 4266 563 4300 :
611 4265 636 4296 α
679 4245 748 4299 Et
811 4244 874 4299 in
934 4245 1189 4312 homine,
1255 4249 1455 4325 inquit,
1503 4251 1628 4319 post

269 4345 295 4376 α
337 4323 695 4396 Baptismum
711 4324 871 4395 lapso
892 4325 969 4381 ita
993 4324 1228 4382 demum
1253 4332 1536 4400 praeparat
1557 4326 1627 4384 ad

268 4424 295 4456 α
339 4403 739 4460 remissionem
763 4410 1139 4476 peccatorum,
1166 4408 1214 4463 si
1249 4424 1379 4464 cum
1420 4407 1628 4464 fiducia

268 4508 295 4539 α
337 4484 553 4543 divinae
597 4484 1028 4554 misericordias,
1059 4495 1116 4545 et
1144 4494 1272 4547 voto
1318 4489 1627 4562 praestandi

266 4589 292 4619 α
339 4567 566 4639 reliqua
585 4568 918 4642 conjunctus
939 4569 1032 4635 sit,
1063 4576 1166 4626 etc.
1201 4591 1227 4621 »
1260 4570 1476 4635 Quibus
1492 4586 1627 4626 ver-

263 4648 354 4704 bis
378 4648 516 4704 satis
541 4648 823 4720 expressit
849 4650 1256 4707 contritionem
1284 4666 1627 4708 concurrere

266 4729 337 4787 ad
359 4725 850 4803 justificationem,
879 4744 996 4786 non
1022 4731 1210 4786 solum
1233 4731 1620 4803 impetrative,

265 4815 323 4869 et
348 4809 668 4875 moraliter,
701 4808 800 4865 sed
820 4809 997 4866 etiarn
1047 4810 1382 4883 dispositive
1418 4827 1626 4884 :quem

259 4907 603 4951 concursum
665 4891 1075 4965 dispositivum
1134 4894 1444 4961 asserimus
1505 4909 1628 4951 esse

260 4973 585 5051 physicum,
613 4972 828 5046 alioqui
871 4989 989 5031 non
1017 4989 1138 5032 esse
1164 4990 1301 5032 vere
1333 4973 1629 5051 dispositi-

410 5051 702 5112 Salmant.
729 5053 892 5114 Cura.
925 5055 1149 5128 theoloy.
1175 5062 1304 5114 tom.
1337 5053 1408 5115 Χ.

31 3366 259 3412 Dii-uitur.

1793 518 1899 558 vus
1930 525 1943 559 ε
1972 507 2131 580 cujus
2147 509 2471 581 oppositum
2494 511 2630 566 satis
2658 518 3156 592 apertecolligitur

1791 599 1862 640 ex
1894 587 2167 654 Concilio,
2203 596 2262 645 ut
2302 608 2478 663 supra
2516 594 2635 648 loco
2673 598 2840 652 citato
2870 599 3155 669 pondera-

1791 664 2003 722 vimuS.
2061 667 2330 736 Secundo,
2380 677 2436 727 et
2485 673 2716 742 meliuS,
2778 679 3154 751 respondetur

1791 745 2113 803 Concilium
2142 764 2260 806 non
2283 752 2593 810 asseruisse
2611 759 3017 816 contritionem
3047 763 3156 818 im·

1790 830 2017 896 petrare
2039 830 2439 887 remissionem
2481 840 2857 905 peccatorum,
2901 841 2998 896 sed
3031 858 3154 900 esse

1789 909 2171 965 necessariam
2202 910 2272 966 ad
2301 912 2532 968 veniam
2579 923 2934 986 peccatorum
2964 922 3152 995 impe—

1788 987 2077 1052 trandam,
2110 1005 2234 1061 quae
2260 998 2394 1047 sunt
2425 994 2592 1068 longe
2613 995 2840 1055 diversa
2866 1024 2880 1067 ;
2914 1017 3047 1057 nam
3080 1004 3149 1059 ad

1763 1066 1893 1123 -hoc
1939 1070 2222 1139 posterius
2271 1073 2691 1131 verificandum
2733 1079 2953 1147 sufficit,
2999 1083 3149 1155 quod

1787 1147 1986 1212 orati0,
2015 1150 2171 1223 cujus
2204 1157 2289 1208 est
2316 1154 2644 1226 impetrare,
2674 1175 2790 1214 non
2820 1169 3152 1233 assequatur

1784 1230 2032 1304 gratiam
2064 1233 2428 1292 remissivam
2459 1244 2837 1309 peccatorum,
2898 1246 3011 1300 nisi
3047 1245 3151 1302 de-

1788 1310 2101 1383 pendenter
2129 1329 2161 1368 a
2182 1315 2543 1385 contritione,
2591 1323 2864 1392 tanquam
2895 1340 2926 1380 a
2955 1323 3151 1398 dispo—

1784 1391 1994 1462 sitione
2023 1392 2272 1466 physica‚
2318 1412 2426 1468 qua
2459 1398 2749 1458 mediante
2776 1405 2961 1475 gratia
2991 1422 3151 1462 com-

1784 1472 2115 1528 municatur
2155 1472 2366 1531 adultis
2391 1519 2403 1541 ,
2453 1483 2512 1532 ut
2555 1479 2725 1536 latius
2765 1484 3148 1556 explicuimus

1783 1554 1911 1611 dub.
1931 1557 2158 1629 pra-ced.
2190 1575 2342 1616 num.
2370 1561 2461 1616 94.

1867 1631 1986 1686 118.
2031 1631 2306 1705 Arguitur
2350 1634 2638 1702 secundo,
2677 1639 2813 1710 quia
2874 1642 3020 1698 Deus
3065 1651 3148 1701 est
3179 1672 3341 1716 secun-

1783 1725 1957 1783 agens
1998 1710 2242 1769 infinitae
2281 1716 2510 1772 virtutis
2562 1739 2575 1774 ε
2624 1734 2760 1794 ergo
2815 1725 2977 1781 nulla
3023 1721 3255 1801 egetduffl
3273 1733 3343 1815 ³5:

1782 1791 2155 1864 dispositione
2201 1796 2271 1852 ad
2300 1798 2650 1857 causandum
2686 1805 2932 1876 gratiam
2969 1829 2980 1862 ε
3011 1825 3146 1883 ergo
3171 1782 3308 1866 εζιῗῖιηιῗῖ.

1782 1875 1832 1930 si
1855 1875 2046 1947 aliqua
2067 1875 2368 1949 dispositio
2414 1880 2484 1936 ad
2506 1881 2976 1953 justificationem
3007 1907 3144 1947 con-
3221 1953 3225 1957 ,

1783 1958 1977 2021 currit,
2011 1974 2126 2014 non
2153 1963 2447 2017 concurrit
2467 1959 2725 2038 physice,
2753 1973 2807 2023 et
2834 1986 2903 2026 ex
2936 1978 3145 2030 natura

1784 2037 1887 2103 rei,
1914 2037 2011 2093 sed
2036 2041 2225 2095 solum
2254 2058 2322 2098 ex
2351 2041 2553 2100 divina
2583 2045 2964 2108 institutione.

1856 2119 2243 2178 confirmatur
2267 2123 2487 2195 primo;
2514 2127 2649 2198 quia
2678 2129 2744 2184 ad
2770 2130 3040 2199 formam,
3060 2151 3144 2192 se·
3181 2157 3342 2204 confir-

1780 2200 2027 2256 cundum
2058 2202 2206 2273 quod
2234 2202 2330 2259 dat
2360 2207 2613 2277 primum
2643 2225 2783 2273 esse,
2836 2214 2999 2268 nulla
3049 2230 3143 2271 re-
3182 2208 3309 2309 ffissg

1779 2281 2031 2352 quiritur
2046 2282 2358 2355 dispositio,
2379 2294 2435 2341 ut
2452 2285 2684 2346 docetD.
2707 2291 2903 2346 Thom.
2931 2296 2947 2348 l
2988 2292 3138 2366 part.
3157 2329 3212 2371 D.
3233 2288 3338 2373 Tho.

1777 2370 1960 2436 quoest.
1985 2367 2077 2431 76,
2105 2374 2211 2421 are.
2245 2368 2316 2434 63
2344 2366 2442 2424 sed
2468 2371 2653 2441 gratia
2674 2371 3034 2431 sanctificans
3049 2377 3146 2434 dat

1779 2445 2034 2516 primum
2056 2462 2175 2504 esse
2198 2448 2260 2504 in
2288 2449 2493 2507 ordine
2532 2457 2985 2524 supernaturali,
3013 2475 3141 2514 cum

1777 2528 1840 2583 in
1864 2527 2132 2599 praedicto
2155 2530 2357 2587 ordine
2368 2531 2573 2591 habeat
2590 2528 2879 2594 rationem
2895 2546 3145 2599 naturae:

1774 2624 1910 2683 ergo
1936 2608 2003 2665 ad
2050 2610 2296 2683 gratiam
2347 2613 2797 2673 sanctificantem
2853 2621 3015 2676 nulla
3069 2637 3140 2678 ex

1774 2697 1983 2748 natura
2014 2694 2098 2750 rei
2139 2695 2454 2766 requiritur
2479 2696 2797 2771 dispositio,
2825 2702 2922 2758 sed
2944 2704 3135 2760 solum

1772 2787 1845 2828 ex
1870 2772 2070 2830 divina
2096 2774 2476 2834 institutione.

1847 2858 2235 2917 confirmatur
2255 2859 2519 2930 secundo,
2546 2862 2680 2936 quia
2707 2862 3005 2937 dispositio
3032 2864 3130 2926 de·
3149 2881 3359 2936 secunda,

1769 2943 1948 2998 servit
1984 2941 2053 2998 ad
2083 2943 2636 3015 proportionandum
2660 2945 2975 3021 subjectum
3002 2966 3132 3006 cum

1771 3021 1998 3079 forma:
2026 3023 2123 3080 sed
2166 3031 2373 3080 natura
2396 3025 2800 3083 intellectualis
2846 3027 3017 3085 habet
3062 3047 3134 3087 ex

1768 3119 1830 3161 se
1859 3103 2305 3177 proportionem,
2352 3111 2408 3162 et
2451 3108 2818 3180 capacitatem
2866 3107 2935 3166 ad
2983 3112 3132 3167 reci-

1769 3183 2037 3256 piendam
2066 3186 2311 3258 gratiam
2340 3202 2506 3261 :ergo
2527 3203 2597 3244 ex
2625 3193 2830 3244 natura
2855 3190 2938 3246 rei
2969 3191 3130 3248 nulla

1709 3309 1712 3316 .
1767 3269 1892 3338 eget
1915 3263 2288 3334 dispositione
2310 3289 2323 3332 3
2355 3270 2412 3322 et
2431 3272 2842 3338 consequenter
2869 3269 2985 3325 haec
3007 3276 3129 3326 tan-

1766 3351 1890 3401 tum
1918 3345 2206 3400 concurrit
2232 3361 2303 3402 ex
2324 3345 2686 3404 institutione
2711 3347 2932 3406 divina.

1842 3428 1958 3481 Hoc
1985 3431 2389 3498 argumentum
2410 3442 2539 3482 cum
2579 3427 2700 3483 suis
2727 3428 3127 3488 confirmatio·
3166 3453 3312 3497 Reior-

1766 3508 1938 3565 nibus
1952 3508 2115 3566 debet
2138 3509 2199 3564 in
2214 3507 2588 3565 ‚adversarios
2608 3513 2926 3583 retorqueri
2947 3537 2962 3579 ;
2989 3530 3125 3571 nam
3166 3509 3314 3603 “augg

1763 3590 1813 3645 si
1841 3589 1976 3663 quid
2000 3588 2217 3662 probat,
2250 3589 2539 3646 convincit
2560 3594 2713 3646 actus
2735 3597 2959 3649 nostros
3009 3611 3124 3652 non
3142 3606 3338 3647 mentum.

1763 3670 1992 3737 habere,
2021 3668 2203 3726 adhuc
2242 3669 2560 3735 moraliter,
2588 3687 2787 3728 veram
2837 3674 3123 3732 rationem

1763 3770 1946 3810 causae
1969 3751 2334 3825 dispositivae‚
2358 3750 2456 3807 sed
2477 3768 2600 3809 esse
2644 3758 2870 3810 tantum
2919 3773 3122 3827 puram

1761 3832 2168 3898 conditionem,
2203 3835 2263 3886 ut
2306 3833 2451 3887 Deus
2475 3831 2722 3905 gratiam
2765 3834 3126 3907 justificatio-

1762 3912 1856 3975 nis
1879 3916 2170 3974 infundat:
2193 3916 2415 3972 nullam
2439 3917 2648 3990 quippe
2669 3919 2733 3974 in
2759 3919 2977 3976 actibus
3000 3938 3126 3978 nos·

1762 4001 1868 4057 tris
1897 3998 2174 4071 relinquit
2199 3995 2633 4055 conducentiam
2678 3998 2747 4055 ad
2769 4001 3121 4060 infusionem

1759 4081 1979 4155 gratiae,
2011 4078 2108 4137 sed
2131 4083 2310 4136 totum
2348 4077 2453 4134 hoc
2474 4080 2765 4152 negotium
2804 4081 3023 4138 reducit
3049 4083 3121 4140 ad

1759 4160 2139 4219 extrinsecam
2157 4160 2256 4215 Dei
2279 4157 2734 4231 dispositionem.
2758 4162 2977 4219 Deinde
2998 4179 3121 4220 res·
3136 4187 3336 4232 solvitur.

1761 4240 2097 4316 pondemuS,
2131 4244 2535 4314 argumentum
2559 4240 2710 4297 nihil
2739 4245 3120 4311 convincere;

1707 4371 1723 4388 „
1759 4326 1895 4399 quia
1923 4326 2054 4381 licet
2083 4325 2228 4379 Deus
2242 4326 2408 4394 queat
2430 4321 2684 4379 absolute
2715 4322 2930 4381 formas
2953 4325 3123 4384 inde-

1760 4404 2077 4477 pendenter
2098 4402 2170 4460 ab
2209 4402 2369 4459 omni
2390 4401 2764 4474 dispositione
2788 4405 3118 4477 producere.

1758 4490 1814 4543 et
1834 4485 2083 4560 subJ'ecto
2113 4484 2313 4550 unire3
2358 4483 2748 4539 nihilominus
2774 4487 2957 4561 magis
2982 4504 3123 4546 con-

1757 4567 1915 4640 gruit
1946 4565 2172 4622 naturis
2194 4579 2408 4630 rerum,
2438 4567 2499 4617 ut
2525 4561 2713 4620 forma
2730 4567 2977 4638 perfecta
3006 4585 3122 4626 non

1759 4647 2238 4711 communicetur,
2272 4644 2384 4700 nisi
2412 4642 2705 4701 mediante
2755 4647 2949 4720 aliqua
3002 4649 3123 4704 dis-

1762 4730 2046 4803 positione
2068 4734 2151 4786 :et
2171 4728 2304 4784 huic
2330 4727 2697 4783 connaturali
2716 4743 2913 4785 rerum
2931 4729 3124 4787 ordini

1757 4828 1819 4869 se
1848 4807 2236 4867 accommodat
2252 4809 2398 4864 Deus
2418 4806 2730 4864 secundum
2758 4824 3125 4867 communem

1762 4889 2211 4964 providentiam,
2242 4892 2304 4943 ut
2321 4892 2471 4961 patet
2501 4888 2565 4944 in
2589 4888 2814 4955 formis,
2846 4892 2903 4945 et
2930 4888 3128 4964 dispo-

1765 4969 2076 5030 sitionibus
2140 4967 2521 5025 naturalibus.
2568 4969 2735 5027 Unde
2798 4971 2864 5025 D.
2915 4971 3119 5029 Thom.
