3647 5753
298 1747 507 1797 Augmcn·

318 1801 403 1837 tum
418 1805 481 1837 ro-

331 1844 461 1887 boris.

320 3769 488 3811 Evasio.

514 424 626 480 428

518 591 829 649 habitualis
858 594 959 655 est,
990 587 1139 661 quod
1186 587 1260 642 sit
1286 583 1542 642 carentia
1569 579 1883 637 habitualis

519 672 801 747 praedictae
822 670 1238 735 conversionis
1268 668 1391 724 sive
1418 671 1496 739 (et
1524 667 1584 722 in
1608 663 1763 721 idem
1787 678 1883 719 re-

516 755 622 826 dit)
660 752 809 826 quod
832 753 907 808 sit
941 752 1166 808 aversio
1208 747 1520 805 habitualis
1548 764 1580 804 a
1616 744 1882 820 praedicto

515 836 652 892 fine.
684 836 878 891 Minor
908 839 1096 890 autem
1125 831 1431 897 suadetur3
1463 846 1599 886 nam
1624 828 1884 899 implicat

516 918 817 975 hominem
858 915 1231 972 habitualiter
1276 913 1459 970 averti
1503 910 1573 967 ab
1630 926 1698 967 eo
1740 907 1877 975 fine,

517 1014 687 1070 quem
735 1003 860 1053 actu
889 994 1082 1068 diligit
1127 1008 1300 1065 super
1328 992 1527 1049 omnia
1552 1015 1566 1058 ;
1598 989 1882 1062 siquidem

516 1077 846 1151 hujusmodi
889 1074 1186 1133 conversio
1222 1072 1460 1129 actualis
1504 1070 1733 1143 subjicit
1776 1067 1881 1124 fini

513 1159 712 1216 omnia
739 1174 865 1231 quae
893 1161 1026 1211 sunt
1052 1156 1115 1211 in
1152 1154 1426 1228 diligente
1446 1152 1654 1224 ipsum,
1685 1156 1739 1206 et
1779 1148 1883 1221 po-

515 1239 629 1295 tior
668 1244 751 1293 est
797 1235 1173 1293 conversione
1225 1232 1529 1298 habituali,
1563 1246 1664 1303 per
1708 1243 1881 1301 quam

514 1325 733 1376 certum
761 1324 846 1375 est
874 1316 1094 1372 destrui
1119 1314 1480 1371 aversionem
1529 1310 1882 1367 habitualem

514 1401 834 1474 oppositam
868 1419 880 1453 :
935 1412 1070 1470 ergo
1100 1399 1396 1468 repugnat,
1459 1391 1607 1466 quod
1637 1395 1883 1464 ponatur

516 1498 683 1539 amor
726 1481 826 1537 Dei
871 1495 1043 1551 super
1072 1478 1289 1543 omnia,
1337 1482 1392 1533 et
1415 1474 1563 1549 quod
1607 1489 1724 1530 non
1752 1470 1883 1527 des-

516 1569 672 1620 truat
694 1562 1057 1619 aversionem
1089 1558 1445 1615 habitualem
1476 1572 1509 1613 a
1536 1559 1649 1612 Deo
1677 1554 1883 1610 ultimo

518 1643 656 1701 fine.

592 1724 679 1780 Ad
707 1725 843 1789 haec,
874 1724 921 1780 si
952 1737 1115 1781 amor
1141 1716 1598 1793 supernaturalis
1636 1715 1738 1772 Dei
1783 1730 1884 1770 su-

522 1821 622 1878 per
649 1805 847 1862 omnia
874 1805 1318 1879 conjungeretur
1345 1816 1475 1855 cum
1517 1803 1738 1871 peccato
1777 1795 1884 1850 ha-

519 1885 745 1951 bituali,
778 1891 941 1949 esset,
987 1889 1044 1940 et
1065 1899 1181 1939 non
1208 1886 1353 1939 esset
1381 1895 1544 1936 amor
1566 1878 1666 1934 Dei
1713 1892 1884 1948 super

519 1967 718 2023 omnia
763 1990 776 2033 ;
831 1964 978 2037 quod
1025 1963 1283 2035 implicat
1329 1958 1880 2017 contradictionem:

516 2065 655 2122 ergo
710 2048 890 2120 posito
945 2044 1217 2119 praedicto
1258 2058 1473 2107 amore,
1532 2040 1723 2096 statim
1752 2038 1885 2095 des-

516 2133 809 2184 trueretur
833 2132 1120 2199 peccatum
1146 2123 1453 2188 habituale,
1472 2126 1528 2177 et
1542 2132 1885 2191 consequen-

518 2213 605 2265 ter
630 2206 682 2262 si
706 2206 886 2263 semel
916 2204 1216 2277 praedictus
1241 2218 1406 2258 amor
1429 2216 1547 2256 non
1567 2196 1886 2271 dependeat

513 2287 903 2345 essentialiter
950 2301 983 2340 a
1032 2284 1218 2359 gratia
1265 2281 1588 2348 habituali,
1670 2279 1886 2351 optime

516 2366 643 2424 fieri
688 2367 893 2438 poterit
931 2382 1030 2438 per
1051 2363 1369 2420 absolutam
1412 2361 1513 2417 Dei
1542 2359 1879 2431 potentiam,

515 2445 665 2519 quod
718 2445 929 2517 absque
984 2443 1261 2517 praedictae
1333 2441 1536 2515 gratiae
1590 2438 1886 2495 infusione

513 2529 862 2592 destruatur,
888 2528 1093 2582 saltem
1126 2524 1423 2588 indirecte,
1458 2526 1747 2593 peccatum
1778 2519 1886 2574 ha-

516 2609 750 2666 bituale.
785 2607 1066 2663 Suadetur
1094 2603 1473 2666 antecedens;
1506 2617 1642 2656 nam
1684 2598 1755 2655 de
1783 2614 1886 2654 ra·-

516 2690 672 2746 tione
694 2688 888 2743 ultimi
913 2686 1046 2742 finis
1066 2691 1168 2749 est,
1219 2681 1366 2756 quod
1396 2680 1565 2737 alteri
1603 2694 1720 2735 non
1746 2677 1886 2733 sub-

511 2771 761 2846 jiciatur.
794 2767 1051 2840 alioquin
1078 2782 1145 2822 eo
1172 2765 1295 2836 ipso
1323 2767 1659 2833 conceptum
1691 2760 1884 2816 ultimi

518 2850 778 2908 amittet:
809 2849 905 2906 sed
927 2847 997 2904 de
1023 2845 1269 2903 essentia
1320 2843 1530 2916 peccati
1574 2841 1885 2898 habitualis

517 2937 621 2996 est,
651 2931 801 3004 quod
828 2932 1000 2986 homo
1029 2930 1091 2985 in
1136 2944 1203 2984 eo
1230 2927 1481 2988 existens
1516 2929 1885 2982 convertatur

518 3012 590 3070 ad
613 3012 828 3069 bonum
856 3011 1175 3084 proprium,
1208 3012 1481 3082 tanquam
1511 3006 1578 3063 ad
1610 3006 1884 3061 ultimum

517 3091 694 3150 finem
726 3113 738 3146 ε
762 3108 897 3164 ergo
923 3091 972 3145 si
1003 3105 1167 3146 amor
1200 3088 1296 3144 Dei
1320 3104 1492 3161 super
1517 3085 1718 3143 omnia
1743 3100 1885 3140 con-

513 3173 783 3246 jungitur
810 3188 939 3228 cum
970 3173 1191 3243 peccato
1231 3167 1534 3233 habituali,
1566 3166 1680 3222 erit
1720 3179 1884 3220 amor

518 3254 620 3310 Dei
670 3269 843 3325 super
896 3251 1113 3317 omnia,
1148 3255 1210 3306 ut
1254 3249 1635 3322 supponitur;
1682 3249 1740 3301 et
1766 3259 1884 3301 non

517 3335 629 3392 erit
654 3352 826 3408 super
865 3334 1082 3399 omnia,
1128 3331 1412 3405 siquidem
1441 3329 1554 3385 sibi
1583 3344 1701 3385 non
1744 3326 1879 3382 sub-

511 3416 673 3489 jiciet
720 3415 934 3472 bonum
970 3413 1289 3486 proprium,
1323 3409 1471 3485 quod
1518 3414 1602 3465 est
1645 3408 1883 3463 ultimus

517 3498 655 3555 finis
699 3497 997 3554 existentis
1044 3496 1108 3551 in
1163 3499 1382 3567 peccato
1423 3490 1671 3556 mortali,
1717 3495 1884 3561 atque

518 3579 648 3635 ideo
671 3576 1043 3634 irreseribilis
1071 3575 1139 3631 ad
1164 3574 1501 3630 ulteriorem
1530 3570 1727 3627 finem.
1769 3571 1885 3625 lte-

520 3659 783 3714 colantur
805 3673 929 3729 quae
950 3655 1205 3710 diximus
1231 3653 1358 3709 dub.
1390 3654 1447 3718 4,
1473 3654 1582 3722 §2-

603 3740 725 3794 185.
772 3739 932 3795 Dices
975 3734 1337 3808 probationes
1358 3733 1493 3788 huic
1520 3736 1879 3805 argumento,

519 3822 577 3874 et
609 3815 1034 3873 confirmationi
1079 3815 1323 3870 insertas
1367 3827 1489 3869 esse
1521 3811 1590 3867 de
1635 3811 1884 3884 subjecto

523 3915 641 3956 non
661 3902 1051 3971 supponente;
1083 3913 1221 3953 nam
1252 3897 1383 3952 licet
1402 3894 1683 3949 Authores
1704 3909 1883 3965 oppo-

521 3981 616 4039 siti
644 3983 916 4045 sentiant,
951 3995 1208 4035 amorem
1248 3978 1752 4050 supernaturalem
1781 3975 1880 4030 Dei

521 4077 695 4134 super
740 4063 937 4118 omnia
967 4074 1084 4115 non
1131 4057 1454 4130 dependere
1499 4056 1882 4112 essentialiter

525 4160 557 4201 a
601 4142 788 4217 gratia
828 4138 1233 4206 sanctificante,
1295 4154 1565 4211 posseque
1616 4137 1876 4211 proinde,

523 4229 800 4297 quantum
829 4226 912 4278 est
937 4220 1007 4276 de
1027 4236 1104 4285 se,
1139 4218 1208 4274 ab
1234 4233 1301 4275 ea
1327 4219 1585 4291 separari
1614 4242 1627 4274 ι
1660 4218 1882 4274 nihilo-

522 4302 719 4357 minus
744 4301 945 4356 docent
971 4297 1117 4372 quod
1145 4297 1436 4369 supposito
1466 4302 1689 4369 peccato
1710 4298 1882 4353 habi-

521 4381 664 4437 tuali
711 4381 965 4437 hominis
1010 4379 1218 4435 elevati
1264 4376 1335 4433 ad
1374 4379 1880 4450 supernaturalem

520 4460 804 4527 ordinem,
857 4460 1053 4533 nequit
1098 4459 1270 4514 homo
1312 4457 1650 4530 praedictum
1692 4466 1879 4515 actum

518 4542 744 4608 elicere,
779 4541 892 4596 nisi
923 4540 983 4595 in
1022 4537 1222 4595 eodem
1253 4539 1492 4595 instanti
1515 4538 1719 4596 habeat
1744 4556 1881 4614 gra-

518 4625 661 4681 tiam
698 4621 1147 4680 sanctificantem
1191 4644 1206 4688 ;
1249 4621 1384 4693 quia
1436 4627 1724 4695 peccatum
1777 4638 1880 4680 nec

516 4707 669 4763 valet
696 4703 963 4778 conjungi
1006 4719 1135 4758 cum
1185 4704 1287 4759 tali
1318 4708 1464 4770 actu,
1517 4709 1579 4759 ut
1607 4705 1881 4760 hactenus

514 4785 871 4846 ostendimus
894 4809 909 4851 ;
942 4800 1044 4842 nec
1067 4785 1194 4841 sine
1221 4784 1513 4842 infusione
1533 4787 1752 4859 gratim,
1776 4803 1879 4842 cu-

511 4871 605 4944 jus
629 4874 715 4926 est
743 4867 1010 4941 privatin,
1035 4867 1271 4939 expelli.
1296 4867 1451 4923 Sicut
1489 4868 1665 4924 etiam
1714 4883 1879 4924 amor

517 4949 802 5007 naturalis
828 4947 1108 5019 Deisuper
1123 4948 1321 5004 omnia
1348 4954 1432 5005 est
1448 4948 1878 5024 inconjungibi-

514 5031 591 5086 lis
615 5044 745 5085 cum
772 5026 1028 5100 quolibet
1055 5033 1279 5100 peccato
1308 5030 1562 5098 mortali,
1594 5036 1650 5086 et
1674 5035 1759 5088 est
1784 5045 1878 5087 se-

1444 414 1537 467 DE
1574 408 2157 465 JUSTIFICATIONE
2199 409 2403 464 1MP11.

2011 578 2264 636 cundum
2334 597 2499 637 suam
2539 581 2844 637 essentiam
2893 580 3279 655 independens
3323 599 3354 641 a

2012 661 2197 734 gratia
2222 660 2626 726 sanctificante,
2652 668 2708 718 et
2735 662 2806 719 ab
2849 663 3010 719 omni
3053 664 3356 721 mutatione

2014 740 2239 798 ordinis
2265 744 2742 815 supernaturalis
2772 746 2854 799 Ex
2875 760 2986 817 quo
3013 751 3204 801 tamen
3231 761 3354 817 per-

2017 837 2212 894 peram
2241 823 2575 891 inferretur,
2623 830 2910 897 peccatum
2934 824 3218 881 habituale
3256 824 3351 882 ho-

2014 905 2196 960 minis
2221 906 2431 962 elevati
2461 906 2531 963 ad
2557 908 3055 979 supernaturalem
3101 907 3352 965 ordinem

2017 1001 2175 1057 posse
2201 985 2272 1043 de
2293 988 2544 1058 potentia
2566 986 2824 1043 absoluta
2855 987 3035 1044 deleri
3079 1004 3177 1060 per
3204 1003 3354 1044 amo-

2016 1082 2138 1122 rem
2193 1068 2362 1123 illum
2405 1070 2752 1136 naturalem,
2795 1075 2850 1126 et
2914 1068 3355 1143 independenter

2016 1153 2131 1204 tam
2162 1165 2192 1206 a
2231 1151 2418 1225 gratia
2445 1150 2847 1221 sanctificante,
2890 1168 3061 1224 quam
3090 1150 3159 1208 ab
3205 1152 3356 1209 omni

2013 1232 2439 1302 supernaturali
2467 1231 3067 1290 hominis'mutatione
3099 1233 3357 1306 :opposi-

2016 1314 2135 1365 tum
2158 1311 2317 1368 enim
2359 1318 2629 1385 tanquam
2671 1315 2912 1370 omnino
2956 1319 3175 1370 certum
3215 1313 3356 1386 apud

2014 1392 2337 1450 Thomistas
2351 1412 2525 1467 supra
2552 1414 2704 1453 num.
2738 1399 2853 1461 180,
2884 1394 3266 1461 firmavimuS,
3306 1402 3359 1452 et

2016 1473 2186 1529 latius
2212 1481 2373 1531 tract.
2398 1477 2623 1549 praeccd.
2651 1478 2791 1549 disp.
2823 1479 2877 1543 2,
2902 1478 3028 1534 dub.
3059 1479 3115 1533 4.

2087 1552 2196 1609 Sed
2221 1561 2418 1611 contra
2457 1561 2542 1612 est
2579 1559 2762 1629 primo
2789 1575 2808 1610 .·
2858 1558 3131 1630 quoniam
3175 1557 3526 1657 pluresrffilru-
3619 1572 3620 1613 ι

2014 1649 2085 1690 ex
2135 1637 2503 1706 AuthoribuS,
2546 1643 2743 1695 contra
2781 1655 2921 1712 quos
2966 1640 3209 1713 agimus,
3262 1654 3360 1695 ex-

2017 1731 2207 1787 presse
2234 1718 2541 1784 affirmant,
2566 1719 2716 1791 quod
2736 1720 2961 1776 etiamsi
2982 1719 3219 1777 daretur
3239 1735 3362 1776 con·

2015 1796 2194 1863 tritio,
2248 1798 2336 1854 vel
2366 1815 2529 1856 amor
2555 1801 3011 1872 supernaturalis
3052 1801 3152 1857 Dei
3199 1815 3366 1873 super

2015 1877 2231 1945 omnia,
2260 1894 2376 1935 non
2414 1881 2800 1952 expelleretur
2846 1886 3153 1953 peccatum,
3193 1882 3242 1937 si
3270 1880 3369 1938 ab·

2016 1963 2160 2013 esset
2210 1958 2395 2030 gratia
2449 1959 2757 2016 habitualis
2815 1959 3174 2018 sanctificans
3198 1985 3213 2028 ;
3275 1961 3369 2033 qui

2017 2038 2260 2109 proinde
2283 2046 2572 2111 nequeunt
2591 2058 2651 2097 se
2673 2042 2776 2098 hac
2799 2042 3169 2114 responsione
3199 2040 3369 2106 tueri,

2015 2115 2113 2172 sed
2139 2125 2419 2192 coguntur
2456 2135 2799 2192 componere
2840 2121 3169 2194 praedictum
3214 2136 3376 2178 amo-

2018 2212 2140 2252 rem
2170 2215 2298 2255 cum
2321 2204 2468 2255 statu
2499 2202 2707 2272 peccati
2737 2201 3000 2258 mortalis
3032 2220 3045 2253 :
3081 2200 3231 2274 quod
3257 2216 3378 2258 esse

2017 2278 2098 2334 im
2108 2281 2379 2351 possibile
2421 2288 2779 2356 argumento,
2828 2288 2887 2338 et
2937 2282 3376 2339 confirmatione

2015 2377 2190 2434 supra
2208 2362 2368 2419 factis
2390 2364 2782 2435 probavimus.
2804 2364 3073 2431 Secunde,
3105 2365 3242 2437 quia
3263 2365 3380 2421 haec

2020 2444 2314 2513 responsio
2338 2445 2479 2516 petit
2509 2445 2882 2517 principium,
2913 2445 3051 2501 dum
3078 2444 3237 2510 dicit,
3271 2446 3376 2500 im·

2018 2521 2349 2592 possibilem
2371 2541 2492 2581 esse
2512 2524 2956 2583 destructionem
2980 2525 3187 2598 peccati
3218 2523 3380 2582 habi·

2017 2602 2192 2656 tualis
2214 2602 2423 2676 absque
2452 2608 2637 2680 gratia
2657 2605 3046 2662 sanctificante
3070 2629 3084 2673 ς
3117 2621 3257 2661 nam
3280 2621 3380 2661 ar·-

2016 2689 2354 2752 gumentum
2403 2685 2605 2757 probat
2630 2686 2972 2758 oppositum,
3012 2685 3150 2742 dum
3181 2691 3378 2744 osten-

2016 2761 2118 2830 dit,
2156 2766 2547 2822 voluntariam
2603 2767 2987 2838 privationem
3031 2769 3257 2841 gratiae,
3316 2769 3379 2824 in

2015 2862 2127 2918 qua
2172 2850 2418 2905 essentia
2467 2849 2673 2921 peccati
2728 2847 3039 2905 habitualis
3090 2852 3374 2918 consistit,

2019 2945 2180 3000 posse
2204 2945 2425 2986 cessare
2452 2931 2515 2987 in
2545 2932 2769 2987 ratione
2804 2931 3165 3000 voluntarioe,
3209 2940 3378 3007 atque

2016 3007 2144 3063 ideo
2171 3008 2234 3062 in
2264 3008 2484 3065 ratione
2508 3010 2735 3081 peccati,
2756 3011 2804 3065 si
2829 3011 3006 3067 semel
3029 3016 3186 3067 actus
3215 3028 3380 3069 amo-

2018 3087 2100 3142 ris
2125 3090 2223 3144 Dei
2271 3105 2440 3161 super
2466 3090 2663 3145 omnia
2686 3106 2717 3145 a
2747 3091 3012 3163 praedicta
3049 3094 3243 3166 gratia
3286 3109 3378 3150 es-

2014 3170 2334 3226 sentialiter
2358 3187 2474 3227 non
2496 3170 2795 3243 dependet.
2822 3174 2980 3238 Quod
3009 3175 3225 3231 iterum
3250 3192 3378 3233 am-

2016 3250 2168 3322 plius
2196 3251 2448 3319 fulcitur,
2481 3259 2537 3309 et
2564 3255 2882 3326 explicatur
2908 3279 2922 3321 ;
2955 3272 3091 3313 nam
3119 3258 3168 3312 si
3198 3258 3379 3316 semel

2015 3346 2179 3388 amor
2200 3335 2663 3405 supernaturalis
2711 3336 2809 3391 Dei
2837 3352 3008 3409 super
3036 3338 3237 3395 omnia
3261 3354 3378 3395 non

2013 3412 2293 3484 dependet
2315 3415 2699 3471 essentialiter
2723 3432 2755 3472 a
2780 3419 2966 3491 gratia
2987 3418 3381 3476 sanctificante

2016 3499 2289 3566 tanquam
2333 3511 2365 3551 a
2419 3496 2704 3569 principio
2743 3498 3036 3564 efficiente,
3094 3500 3259 3555 nulla
3297 3505 3381 3557 est

2018 3577 2164 3632 ratio
2191 3576 2261 3632 ob
2282 3592 2473 3649 quam,
2502 3580 2793 3651 supposito
2817 3587 3054 3651 peccato,
3086 3597 3120 3636 a
3139 3597 3377 3639 consor-

2015 3656 2097 3712 tio
2116 3656 2394 3728 praedict'ae
2407 3658 2605 3731 gratias
2626 3660 3009 3716 essentialiter
3025 3659 3344 3733 dependeat
3361 3682 3375 3716 ε

2014 3752 2159 3811 ergo⁴
2204 3736 2454 3793 admissa
2499 3754 2565 3794 ea
2607 3738 3070 3811 independentia,
3107 3741 3375 3799 inconse-

2014 3825 2254 3890 quenter
2277 3819 2394 3875 haec
2419 3818 2800 3892 dependentia
2823 3820 3378 3880 introducitur.Sua-

2015 3898 2181 3957 detur
2204 3900 2542 3957 antecedens
2569 3925 2583 3969 3
2615 3903 2890 3975 quoniam
2919 3903 3048 3960 ideo
3085 3905 3378 3978 supposito

2016 3986 2238 4051 peccato
2268 3980 2567 4047 habituali,
2593 3988 2738 4038 esset
2766 3985 3084 4041 necessaria
3120 4000 3373 4057 praesen-

2014 4059 2093 4115 tia
2108 4062 2307 4134 gratias
2318 4061 2725 4118 sanctificantis
2742 4064 2812 4120 ad
2833 4064 3181 4121 eliciendum
3205 4081 3368 4123 amo-

2014 4155 2137 4195 rem
2165 4143 2662 4213 supernaturalem
2706 4144 2801 4200 Dei
2830 4161 3002 4217 super
3039 4145 3261 4211 omnia,
3294 4160 3365 4202 ne

2012 4221 2224 4277 scilicet
2264 4221 2561 4293 praedictus
2586 4227 2741 4278 actus
2767 4226 3208 4298 conjungeretur
3233 4241 3362 4282 cum
3425 4239 3446 4262 ⁰

2014 4309 2235 4374 peccato
2263 4304 2511 4368 mortali,
2557 4303 2702 4375 quod
2733 4312 2817 4360 est
2844 4305 3199 4378 impossibile
3226 4327 3239 4361 :
3267 4307 3364 4363 sed

2012 4383 2116 4439 hoc
2139 4383 2551 4440 inconveniens
2574 4385 2819 4441 minime
2834 4386 3108 4458 sequitur,
3135 4387 3362 4444 etiamsi

2012 4464 2159 4520 absit
2190 4466 2374 4539 gratia
2396 4465 2754 4522 sanctificans
2786 4483 2977 4543 :ergo,
3009 4475 3112 4526 etc.
3147 4468 3366 4527 Proba-

2011 4552 2104 4602 tur
2150 4547 2363 4612 minor,
2400 4548 2532 4619 quia
2572 4551 3029 4621 supernaturalis
3066 4552 3365 4609 conversio

2009 4627 2204 4685 efficax
2232 4627 2302 4683 ad
2326 4631 2503 4684 Deum
2528 4629 2797 4686 ultimum
2826 4631 3003 4689 finem
3028 4634 3215 4706 seipsa
3235 4633 3364 4691 des-

2011 4708 2151 4764 truit
2173 4710 2412 4765 omnino
2433 4709 2792 4766 aversionem
2815 4727 2849 4767 a
2870 4713 2982 4770 Deo
2998 4712 3203 4770 ultimo
3223 4712 3358 4780 fine,

2010 4796 2127 4846 tam
2157 4790 2430 4857 naturali,
2474 4807 2646 4863 quam
2675 4795 3103 4865 supernaturali
3135 4819 3150 4863 ;
3179 4795 3362 4869 siqui-

2008 4869 2140 4927 dem
2164 4869 2232 4926 ad
2262 4871 2450 4943 ipsum
2496 4870 2602 4928 sub
2630 4877 2869 4947 utraque
2911 4875 3237 4933 eminenter
3266 4891 3363 4933 ra-

2009 4951 2164 5007 tione
2189 4950 2485 5008 efficaciter
2504 4952 2787 5009 convertit
2819 4975 2831 5010 :
2862 4952 3145 5013 destructa
3171 4960 3362 5013 autem

2008 5030 2327 5099 aversione,
2355 5031 2552 5103 nequit
2580 5048 2696 5088 non
2724 5032 2939 5090 destrui
2962 5034 3210 5108 privatio
3234 5051 3362 5110 gra·

3264 5116 3360 5172 tiae
