3647 5753
1461 428 1868 485 ARTICULUS
1908 433 1977 487 V.
3053 448 3166 505 283

794 598 1108 643 ARTICULUS
1134 603 1171 644 V

460 706 606 747 Utrum
629 703 747 750 homo
767 709 903 760 possit
920 710 1034 753 scire
1057 723 1104 754 se
1128 710 1280 755 habere
1305 714 1516 765 arufiam?

353 838 419 881 Ad
431 839 619 890 quintum
635 840 698 884 sic
710 843 958 894 proceditur.
969 845 1147 891 Videtur
1159 848 1266 901 qnod
1281 848 1402 893 bomo
1414 853 1544 903 possit
1554 852 1664 895 scire

300 905 348 939 sc
369 894 520 940 babere
535 902 723 948 gratiam.
743 900 883 942 Gratia
901 901 1014 945 enim
1029 908 1095 947 est
1123 903 1166 946 in
1192 904 1326 949 anima
1344 915 1416 958 per
1433 906 1497 949 sui
1523 917 1663 951 essen-

305 952 417 996 tiam.
444 954 526 998 Sed
545 954 775 998 certissima
793 957 976 1009 cognitio
986 961 1135 1005 animae
1148 969 1214 1007 est
1229 975 1371 1010 eorum
1390 978 1480 1020 quae
1497 972 1591 1011 sunt
1617 967 1661 1011 in

295 1011 437 1054 anima
452 1012 597 1064 persui
609 1012 847 1064 essentiam.
864 1020 908 1057 ut
930 1022 1040 1067 patet
1056 1029 1129 1072 per
1139 1023 1309 1075 August.
1333 1026 1392 1075 12.
1412 1034 1534 1077 super
1552 1027 1658 1069 Gen.

295 1068 353 1111 ad
372 1068 679 1171 memffissgmo
694 1070 824 1123 gratia
843 1073 1074 1120 certissime
1100 1083 1233 1130 potest
1244 1081 1434 1135 cognosci
1448 1081 1502 1125 ab
1519 1092 1571 1125 eo
1588 1082 1657 1136 qui

298 1125 474 1178 gratiam
601 1130 629 1169 t.

348 1184 569 1235 Praeterca.
588 1190 695 1229 sicut
713 1184 885 1229 scientia
903 1191 968 1230 est
986 1187 1136 1233 donum
1153 1191 1250 1244 Dei,
1271 1191 1325 1236 ita
1344 1197 1387 1237 et
1405 1193 1550 1248 gratia.
1573 1195 1656 1238 Sed

295 1239 369 1294 qui
399 1251 423 1283 a
462 1243 553 1286 Deo
582 1241 799 1289 scientiam
827 1247 1002 1298 accepit,
1041 1249 1121 1291 scit
1155 1260 1202 1294 se
1238 1253 1454 1297 scientiam
1489 1254 1654 1305 babere.

295 1299 520 1343 secundum
533 1299 638 1344 illud
653 1304 747 1355 Sap.
768 1305 808 1345 ’ἴε
824 1302 1026 1347 Dominus
1045 1305 1163 1349 dedit
1180 1308 1280 1352 mibi
1297 1312 1438 1354 borum
1453 1321 1543 1364 quae
1561 1316 1657 1354 sunt

297 1368 435 1401 veram
462 1357 678 1402 scientiam
699 1378 710 1402 :
747 1369 848 1412 crgo
867 1362 953 1413 pari
973 1363 1147 1416 ratione,
1171 1376 1240 1420 qut
1266 1367 1419 1420 accipit
1435 1367 1610 1422 gratiam
1628 1379 1652 1412 a

297 1418 400 1466 Deo,
419 1415 499 1460 scit
516 1426 561 1460 se
585 1417 758 1470 gratiam
776 1417 942 1462 babere.

345 1472 547 1516 Pia-term
569 1491 581 1515 :
599 1475 755 1517 Lumen
773 1479 838 1517 est
855 1474 985 1527 magis
1002 1477 1297 1529 cognoscibile,
1315 1490 1433 1531 attam
1451 1480 1621 1525 tenebra
1639 1500 1650 1526 :

291 1528 389 1582 quia
408 1531 631 1574 secundnm
644 1532 786 1583 Apost.
800 1532 853 1574 ad
873 1533 1024 1585 Ephes.
1039 1535 1077 1585 ι’),
1094 1544 1215 1579 omne
1227 1537 1336 1590 quod
1351 1539 1649 1591 manifestatur,

298 1586 433 1630 lumen
449 1594 514 1632 est
534 1608 545 1632 ι
563 1589 638 1633 sed
658 1595 881 1641 peccatum.
901 1591 1010 1644 quod
1035 1597 1098 1635 est
1115 1593 1346 1646 spiritualis
1361 1598 1546 1649 tenebra.
1578 1609 1652 1652 per

291 1645 583 1690 certitudinem
617 1652 746 1698 potest
777 1647 875 1690 sciri
892 1648 945 1691 ab
974 1659 1026 1692 co
1043 1650 1110 1704 qui
1141 1652 1264 1696 babet
1294 1660 1650 1710 peccatum=ergo

293 1702 419 1745 multo
435 1703 566 1756 magis
580 1703 726 1755 gratia,
745 1715 836 1756 qum
856 1709 921 1747 est
937 1706 1151 1758 spirituale
1171 1709 1322 1753 lumen.

344 1763 548 1804 Praelerea
568 1761 711 1813 Apost.
732 1760 836 1804 dicit
856 1765 872 1802 1
891 1762 942 1805 ad
961 1765 1145 1806 Corinth.
1167 1766 1210 1808 2:
1225 1767 1312 1810 Nos
1324 1772 1459 1811 autem
1474 1779 1555 1812 non
1567 1770 1649 1822 spi·

285 1818 411 1862 ritum
429 1817 552 1870 hujus
571 1817 709 1860 mundi
737 1817 982 1872 accepimus
1001 1820 1076 1865 sed
1103 1821 1292 1874 spiritum
1322 1824 1390 1877 qui
1408 1835 1432 1867 a
1451 1827 1541 1869 Deo
1565 1831 1643 1876 est.

290 1880 333 1918 ut
355 1874 530 1918 sciamus
544 1885 635 1928 quae
652 1886 674 1917 a
696 1877 785 1919 Deo
803 1876 951 1920 donata
971 1882 1066 1920 sunt
1084 1879 1206 1923 nobis
1239 1882 1322 1925 Sed
1341 1881 1472 1935 gratia
1488 1882 1646 1936 estpri-

289 1944 395 1977 mum
416 1933 568 1977 donum
585 1931 666 1976 Dei
689 1944 819 1986 :ergo
845 1934 963 1977 bomo
980 1934 1050 1989 qui
1068 1936 1220 1990 accipit
1236 1943 1408 1991 gratiam
1427 1951 1500 1993 per
1518 1942 1645 1995 Spiri-

289 1996 372 2031 tnm
398 1993 600 2039 sanctum,
630 1997 702 2040 per
730 1989 907 2033 eundem
937 1989 1135 2044 Spiritum
1153 1994 1233 2037 scit
1259 1995 1431 2046 gratiam
1448 2006 1542 2041 esse
1560 1997 1642 2042 sibi

284 2046 434 2089 datam.

332 2105 536 2146 Praeterea
565 2104 669 2147 Gen.
697 2105 762 2154 22,
788 2112 839 2147 ex
871 2114 1043 2157 persona
1077 2107 1243 2151 Domini
1264 2109 1416 2154 dicitur
1431 2111 1484 2153 ad
1512 2112 1642 2156 Abra-

282 2159 372 2202 uam
389 2177 399 2202 ε
417 2161 537 2201 Nunc
555 2158 746 2211 cognovi,
763 2160 872 2212 fluod
894 2160 1037 2205 timeas
1051 2164 1273 2208 Dominum
1287 2185 1299 2216 ;
1320 2166 1362 2210 id
1376 2173 1455 2216 est,
1469 2177 1643 2220 cognos-

277 2224 373 2258 cere
399 2221 438 2258 te
465 2214 562 2258 teci.
592 2214 793 2267 Loquitur
810 2221 944 2259 autem
972 2217 1104 2262 ibide
1131 2219 1279 2264 timore
1310 2228 1438 2270 casto.
1466 2222 1533 2276 qui
1560 2234 1641 2267 non

278 2275 342 2312 est
368 2269 460 2313 sine
483 2268 645 2323 gratia:
681 2279 784 2322 crgo
811 2269 932 2314 homo
961 2278 1095 2324 potest
1130 2283 1382 2328 cognoscere
1407 2287 1453 2321 se
1489 2278 1642 2324 babere

357 2329 467 2368 tiam.

281 2335 412 2424 ἔξω
441 2388 584 2426 contra
614 2386 693 2429 est.
723 2380 831 2433 quod
852 2380 1007 2424 dicitur
1035 2384 1194 2427 Eccles.
1214 2388 1253 2434 9.
1284 2388 1392 2441 quod
1424 2398 1543 2432 nemo
1560 2389 1640 2432 scit

281 2442 415 2480 utrum
433 2437 490 2480 sit
507 2437 655 2491 dignus
671 2436 782 2484 odio,
799 2437 861 2479 vel
881 2448 1034 2481 amore.
1055 2439 1137 2482 Sed
1156 2441 1286 2490 gratia
1305 2450 1462 2494 gratum
1483 2444 1639 2489 taciens

284 2492 383 2535 tacit
398 2493 605 2537 bominem
625 2492 793 2544 dignum
812 2491 888 2536 Dei
908 2504 1062 2537 amore.
1085 2497 1194 2548 Ergo
1214 2499 1350 2541 nullus
1379 2505 1512 2554 potest
1528 2500 1636 2545 scire

284 2557 418 2594 utrum
436 2551 583 2594 baboet
598 2550 768 2602 gratiam
793 2557 952 2603 gratnm
972 2551 1204 2597 facientem.

334 2605 583 2657 Respondeo
611 2606 843 2655 dicendum,
863 2607 970 2660 quod
1001 2607 1225 2660 tripliciter
1257 2610 1415 2665 aliquid
1443 2618 1634 2666 cognosci

279 2667 429 2713 potest.
450 2664 543 2704 Uno
562 2663 680 2705 modo
697 2673 767 2715 per
782 2662 1091 2706 revelationem.
1108 2667 1159 2707 Et
1177 2665 1253 2708 hoc
1272 2668 1394 2710 modo
1411 2676 1542 2721 potest
1561 2673 1635 2715 ali·

239 2717 248 2726 '
276 2727 372 2769 quis
399 2717 507 2761 scire
534 2727 578 2761 se
608 2719 758 2762 habere
790 2717 991 2770 gratiam;
1022 2721 1178 2763 revelat
1205 2721 1316 2765 enim
1335 2725 1448 2768 Deus
1467 2726 1541 2769 hoc
1559 2728 1635 2771 ali-

272 2772 438 2825 quando
452 2773 661 2826 aliquibus
690 2784 742 2817 ex
760 2774 930 2826 speciali
951 2775 1188 2827 privilegio,
1210 2783 1253 2820 ut
1284 2780 1521 2825 securitatis
1537 2795 1634 2836 gau·

271 2829 383 2871 dium
405 2829 528 2873 etiam
551 2830 593 2872 in
614 2830 687 2872 hac
707 2829 790 2872 vita
811 2830 853 2872 in
871 2829 934 2872 eis
948 2831 1116 2884 incipiat
1135 2837 1177 2876 et
1196 2835 1483 2888 continentius,
1498 2845 1538 2883 et
1555 2839 1633 2884 tor·

269 2886 350 2928 tius
369 2887 582 2939 magnilica
601 2897 724 2940 opera
757 2894 1064 2940 prosequantur,
1084 2894 1127 2932 et
1154 2891 1258 2933 mala
1291 2897 1506 2944 praesentis
1537 2896 1632 2941 vitae

268 2940 498 2985 sustineant
522 2942 658 2986 :sicut
676 2944 805 2985 Paulo
824 2942 977 2987 dietum
994 2950 1056 2988 cst
1075 2948 1101 2986 2
1119 2945 1172 2988 ad
1190 2947 1377 2989 Corinth.
1399 2952 1462 2992 12:
1476 2952 1632 2996 Sulllcit

267 2998 344 3042 tibi
363 2999 494 3052 gratia
513 3010 616 3043 mea.
637 3000 736 3042 Alio
755 3000 876 3043 modo
891 3001 1011 3043 homo
1029 3002 1242 3054 cognoscit
1257 3004 1416 3058 aliquid
1437 3018 1510 3059 per
1527 3010 1632 3063 scip·

266 3065 369 3104 sum,
402 3061 445 3098 et
475 3056 551 3098 hoc
585 3055 946 3100 certitudinaliter.
969 3059 1019 3100 Et
1050 3057 1112 3100 sic
1143 3060 1278 3103 nullus
1310 3066 1443 3113 potest
1460 3063 1631 3110 scirese

269 3112 419 3156 babere
429 3112 604 3165 gratiam
619 3131 629 3162 ;
644 3113 851 3155 certitudo
862 3117 973 3157 enim
994 3124 1074 3176 non
1092 3121 1229 3166 potest
1243 3116 1386 3178 haberi
1406 3119 1458 3162 de
1474 3120 1628 3175 aliquo,

270 3167 349 3210 nisi
384 3167 513 3219 possit
530 3167 754 3220 dijudicari
789 3178 863 3220 per
893 3178 1100 3220 proprium
1132 3170 1402 3225 principium
1433 3174 1494 3216 sic
1517 3176 1630 3220 enim

265 3224 471 3268 certitudo
496 3224 667 3268 babetur
686 3225 739 3267 de
756 3225 1092 3270 conclusionibus
1122 3228 1459 3274 demonstrativis
1478 3243 1550 3285 per
1571 3234 1630 3277 in-

266 3280 604 3325 demonstrabilia
641 3280 891 3325 universalia
927 3282 1142 3335 principia.
1172 3285 1320 3328 Nullus
1337 3291 1472 3330 autem
1492 3294 1630 3340 posset

263 3341 372 3383 scire
409 3338 626 3382 scitabere
655 3337 872 3382 scientiam
888 3340 1070 3392 alit-ujus
1103 3343 1394 3395 conclusionis.
1415 3347 1448 3389 si
1478 3348 1629 3400 princi-

266 3395 376 3447 pium
405 3395 630 3447 ignoraret.
651 3394 904 3447 Principium
922 3402 1055 3439 autem
1076 3399 1234 3449 gratias,
1254 3405 1295 3443 et
1311 3400 1518 3453 objectum
1535 3402 1628 3455 ejus

263 3457 331 3494 est
348 3452 436 3504 ipse
453 3452 580 3500 Deus,
599 3449 669 3504 qui
691 3456 855 3503 propter
873 3451 937 3494 sui
956 3453 1247 3498 excellentiam
1281 3461 1345 3499 est
1362 3457 1484 3500 nobis
1505 3458 1625 3511 igno·

266 3514 346 3557 tus.
379 3508 603 3550 secundum
641 3507 743 3550 illud
772 3508 870 3551 Job.
901 3511 1092 3553 36:130oe
1126 3512 1240 3554 Deus
1273 3522 1441 3565 magnus
1459 3514 1628 3559 vincens

264 3565 480 3609 scientiam
514 3570 710 3608 nostram.
733 3568 783 3607 Et
822 3566 918 3610 ideo
951 3568 1045 3619 ejus
1082 3575 1300 3620 praesentta
1338 3571 1380 3613 in
1414 3573 1548 3624 nebia,
1583 3580 1626 3618 et

262 3619 450 3664 absentia
481 3630 555 3672 per
588 3620 882 3665 certitudinem
912 3624 1104 3675 cognosci
1134 3635 1214 3667 non
1233 3631 1381 3678 potest.
1401 3629 1625 3673 secundum

261 3677 368 3722 illud
396 3678 492 3721 Job.
514 3681 556 3721 9:
575 3678 620 3721 Si
640 3677 800 3721 venerit
832 3677 884 3720 ad
909 3690 987 3729 me.
1008 3691 1090 3723 non
1108 3681 1263 3726 videbo
1279 3693 1372 3726 eum
1393 3702 1404 3726 =
1435 3685 1470 3727 si
1490 3691 1625 3730 autem

262 3733 431 3784 abierit,
456 3744 537 3776 non
557 3733 802 3786 intelligam.
825 3736 876 3775 Ει
904 3735 997 3779 ideo
1017 3736 1136 3779 bomo
1166 3748 1246 3780 non
1265 3744 1398 3790 potest
1417 3750 1490 3792 per
1503 3743 1625 3784 certi·

262 3789 448 3833 tudinem
467 3789 716 3841 dijudicare.
738 3794 871 3832 utrum
892 3790 979 3843 ipse
1006 3793 1159 3836 babeat
1183 3798 1371 3846 gratiam,
1399 3797 1624 3840 secuudum

262 3848 367 3891 illud
391 3851 408 3890 l
426 3847 478 3891 ad
493 3846 667 3891 Corinth
701 3847 835 3890 ⁴tzsed
854 3857 985 3902 neque
1000 3850 1200 3903 meipsum
1215 3853 1383 3906 judico:
1398 3858 1464 3909 qui
1489 3862 1624 3902 autem

256 3903 418 3955 judicat
446 3914 526 3953 me,
557 3904 758 3947 Dominus
787 3910 848 3947 est
886 3905 1029 3949 Tertio
1048 3909 1168 3951 modo
1186 3912 1449 3961 cognoscitur
1463 3912 1622 3966 aliquid

256 3960 598 4014 conjecturaliter
610 3961 833 4013 peraliqua
851 3960 968 4012 signa
1000 3964 1051 4005 Ει
1064 3966 1139 4007 boc
1155 3967 1275 4025 modo
1290 3969 1624 4021 aliquiscognos·

258 4028 355 4062 cere
385 4023 520 4070 potest
536 4027 582 4062 se
601 4018 754 4061 babere
771 4017 959 4069 gratiam,
996 4019 1037 4061 in
1059 4029 1251 4073 quantum
1271 4026 1432 4070 scilicet
1451 4026 1623 4088 percipit

257 4083 303 4116 se
331 4072 529 4116 delectari
568 4072 610 4114 in
646 4074 749 4119 Deo.
789 4077 832 4115 et
869 4078 1131 4119 contemnere
1167 4089 1234 4121 res
1261 4081 1501 4132 mundanas,
1518 4086 1559 4124 et
1579 4092 1621 4123 in

255 4135 451 4184 qnantum
473 4130 592 4173 homo
612 4140 691 4172 non
711 4133 774 4173 est
794 4130 984 4173 conscius
1002 4133 1084 4176 sibi
1104 4136 1283 4187 alicujus
1297 4139 1451 4191 peccati
1476 4145 1621 4182 morta·

259 4186 326 4229 lis.
358 4187 588 4229 Secundum
609 4193 729 4237 quent
757 4186 922 4228 modum
954 4193 1088 4238 potest
1106 4190 1303 4246 intelligi,
1321 4194 1430 4247 quod
1451 4193 1622 4237 habetur

257 4244 501 4298 apocalyps.
521 4247 557 4285 t:
571 4242 766 4285 Vincenti
781 4242 890 4285 dabo
907 4255 1050 4288 manna
1065 4247 1486 4303 absconditum.‹1uod
1501 4262 1622 4295 nemo

261 4300 387 4349 novit.
421 4300 503 4344 nisi
523 4298 592 4351 qni
622 4298 805 4349 accipit:
842 4299 936 4351 quia
970 4302 1133 4347 scilicet
1164 4304 1237 4349 ille
1269 4307 1335 4359 qui
1364 4307 1528 4360 accipit,
1549 4317 1621 4360 per

256 4357 460 4413 quandam
487 4355 788 4408 experientiam
821 4352 1055 4400 dulcedinis
1075 4361 1202 4409 novit,
1222 4372 1341 4414 quam
1361 4375 1441 4405 non
1459 4365 1620 4416 experi-

259 4420 323 4459 tur
341 4413 415 4457 ille
433 4414 501 4467 qui
524 4424 604 4457 non
623 4411 791 4464 accipit.
812 4414 898 4457 Ista
924 4420 1060 4459 tamen
1079 4418 1264 4470 cognitio
1283 4420 1522 4474 imperfecta
1539 4426 1616 4464 est.

261 4471 383 4515 Unde
413 4470 635 4524 Apostolus
663 4468 804 4522 dicitl,
836 4470 888 4512 ad
909 4472 1289 4520 corintn.·t:Nil1il
1311 4478 1410 4521 mihi
1430 4478 1618 4521 conscius

261 4540 366 4577 sum.
396 4530 470 4572 sed
501 4539 582 4572 non
612 4527 654 4569 in
686 4528 762 4570 hoc
776 4528 1025 4579 Justillcatus
1053 4541 1142 4575 sum
1166 4535 1289 4587 :quia
1318 4542 1361 4579 ut
1389 4536 1540 4580 dicitur
1575 4536 1616 4578 in

262 4585 371 4629 Psal.
396 4588 457 4627 18:
477 4585 637 4627 Delicta
660 4594 753 4637 quis
771 4584 998 4638 intelligit?
1025 4587 1090 4630 Ab
1108 4592 1283 4633 occultis
1301 4592 1418 4644 meis,
1437 4598 1517 4636 etc.

309 4640 374 4684 Ad
392 4641 565 4693 primum
583 4649 685 4692 ergo
703 4640 938 4691 dicendum,
952 4643 1058 4694 «ruod
1079 4644 1164 4695 illa,
1184 4656 1273 4697 quae
1285 4654 1378 4691 sunt
1393 4658 1465 4701 per
1475 4658 1619 4695 esseu-

257 4697 354 4741 tiam
382 4697 444 4740 sui
466 4696 508 4739 in
526 4696 681 4746 anima.
711 4703 1009 4749 cognoscuntur
1027 4702 1342 4752 experimentali
1363 4706 1614 4757 cognitione.

255 4755 509 4806 inquantum
531 4757 651 4795 nomo
669 4753 880 4803 experitur
905 4763 976 4805 per
991 4760 1106 4797 actus
1133 4757 1336 4811 principia
1359 4759 1580 4805 intrinseca
1602 4781 1613 4813 ς

252 4812 358 4856 sicut
387 4812 640 4855 voluntatem
667 4809 915 4862 percipimus
948 4813 1139 4866 volendo,
1158 4816 1342 4859 civitam
1361 4817 1404 4859 in
1421 4820 1617 4871 operibus

254 4871 362 4914 vitm.
506 4891 511 4896 ·
1349 4916 1358 4926 ,,

300 4927 364 4971 Ad
393 4924 622 4970 secundum
652 4922 888 4973 dicendum,
922 4927 1029 4979 quod
1062 4926 1115 4971 de
1143 4928 1304 4973 ratione
1331 4930 1518 4977 scientim
1534 4938 1612 4985 est,

249 4984 359 5039 quod
376 4984 497 5025 bomo
514 4979 810 5024 certitudinem
832 4981 976 5024 habeat
993 4984 1046 5026 de
1061 4983 1139 5034 liis,
1154 4995 1323 5037 quorum
1346 4987 1466 5032 babet
1484 4991 1615 5034 scien-

250 5044 347 5085 tiam
371 5060 380 5084 :
400 5046 444 5084 et
460 5038 663 5083 similiter
683 5038 736 5081 de
755 5038 914 5083 ratione
933 5040 1030 5084 lldei
1049 5046 1127 5092 est,
1147 5044 1254 5097 quod
1276 5045 1395 5089 ltomo
1408 5046 1461 5090 sit
1481 5054 1615 5093 certus

1799 606 1851 650 de
1869 607 1947 658 bis,
1969 620 2138 662 quorum
2158 612 2279 658 babet
2297 615 2433 659 tidem.
2450 618 2502 658 Et
2516 617 2591 661 hoc
2609 616 2717 667 ideo.
2731 619 2825 672 quia
2845 620 3051 666 certitudo
3067 634 3163 677 per-

1798 663 1902 708 tinet
1918 666 1972 709 ad
1990 667 2285 718 porrectionem
2304 671 2552 723 intellectus.
2568 674 2611 717 in
2629 685 2708 728 quo
2721 677 2914 728 praedicta
2930 678 3035 722 dona
3050 682 3161 724 exis-

1798 724 1890 764 tunt
1909 739 1920 764 ε
1939 727 1982 765 et
2002 721 2097 768 ideo
2115 726 2359 779 quicumque
2385 728 2508 774 habet
2525 730 2757 783 scientiam.
2777 734 2841 776 vel
2862 733 2999 784 tidem.
3019 743 3159 781 certus

1793 781 1921 820 estse
1940 779 2105 824 babere.
2125 784 2218 826 Non
2236 789 2299 828 est
2315 791 2451 829 autem
2470 786 2623 832 similis
2641 789 2746 832 ratio
2765 789 2816 834 de
2834 792 2980 843 gratia,
3001 798 3044 837 et
3060 796 3157 838 cba-

1795 833 1933 884 ritate,
1969 843 2012 880 et
2044 837 2143 882 aliis
2180 839 2428 893 hujusmodi,
2465 856 2556 898 quae
2592 847 2808 897 perficiunt
2847 848 2932 892 vim
2965 852 3156 903 appetiti·

1795 899 1903 932 vam.

1844 947 1910 989 Ad
1921 949 2097 1011 ‚tertium
2116 952 2351 1006 dicendum,
2367 958 2477 1009 quod
2491 965 2699 1011 peccatum
2712 963 2835 1008 babet
2844 975 2916 1017 pro
2930 967 3153 1021 principio,

1791 1006 1837 1045 et
1860 1004 2026 1055 obiecto
2055 1007 2205 1052 bonum
2223 1014 2528 1067 commutabile,
2547 1018 2657 1070 quod
2676 1019 2797 1062 nobis
2812 1026 2877 1064 est
2895 1027 3047 1066 notum.
3067 1026 3152 1069 ob-

1786 1058 1943 1111 jectum
1976 1070 2125 1114 autem,
2149 1067 2214 1111 vel
2233 1068 2329 1110 linis
2361 1072 2519 1124 gratim,
2537 1079 2601 1118 est
2634 1076 2756 1119 uobis
2778 1077 2959 1130 ignotum
2987 1090 3156 1136 propter

1789 1127 1876 1160 suae
1909 1118 2205 1166 illimitationis
2242 1124 2573 1182 immensitatem,
2618 1134 2844 1178 secundum
2886 1137 2991 1180 illud
3036 1142 3057 1181 l
3096 1141 3153 1184 ad

1788 1170 1969 1216 Timotli.
1990 1176 2063 1218 ult.
2083 1179 2237 1222 Lucem
2257 1180 2415 1225 habitat
2434 1183 2778 1233 inaccessibilem.

1837 1228 1903 1270 Ad
1934 1238 2119 1283 quartum
2149 1234 2386 1289 dicendum,
2407 1241 2515 1292 quod
2544 1244 2767 1295 Apostolus
2795 1245 2853 1288 ibi
2886 1246 3066 1300 loquitur
3095 1251 3151 1296 de

1788 1282 1911 1326 donis
1925 1285 2083 1337 gloriae.
2104 1299 2195 1341 quae
2213 1297 2307 1335 sunt
2327 1294 2450 1338 nobis
2481 1296 2575 1340 data
2603 1298 2644 1341 in
2681 1310 2767 1353 spe.
2800 1312 2891 1352 qua>
2916 1305 3151 1351 certissime

1785 1341 2069 1402 cognoscimus
2089 1353 2161 1397 per
2180 1345 2301 1390 tidem
2318 1367 2330 1399 ς
2350 1348 2449 1394 licet
2479 1363 2560 1396 non
2581 1364 2874 1408 cognoscamus
2892 1369 2964 1411 per
2980 1361 3146 1407 certitu-

1784 1393 1933 1460 dinem.
1943 1407 2018 1442 nos
2044 1399 2195 1445 babere
2215 1403 2402 1457 gratiam,
2425 1417 2498 1459 per
2516 1420 2635 1462 quam
2673 1422 2748 1455 nos
2764 1413 2967 1465 possimus
2984 1426 3031 1460 ea
3053 1428 3149 1470 pro-

1783 1459 1949 1496 mereri.
1967 1454 2040 1498 Vel
2057 1461 2190 1508 potest
2212 1459 2312 1511 dici,
2326 1463 2435 1515 quod
2449 1463 2628 1516 loquitur
2644 1466 2696 1511 de
2712 1467 2855 1512 notitia
2872 1471 3148 1526 privilegiata,

1781 1517 1874 1559 quae
1890 1514 1955 1552 est
1972 1521 2044 1563 per
2057 1514 2366 1560 revelationem.
2389 1521 2510 1565 Unde
2528 1522 2687 1577 subdit,
2705 1525 2827 1568 nobis
2842 1532 2977 1572 autem
2992 1532 3149 1576 revela·

1782 1563 1845 1606 vit
1860 1566 1973 1611 Deus
1988 1578 2061 1620 per
2078 1570 2282 1622 Spiritum
2300 1580 2498 1620 sanctum.

1830 1622 1897 1665 Ad
1910 1624 2095 1676 quintum
2109 1625 2343 1680 dicendum,
2356 1632 2465 1684 quod
2482 1633 2585 1678 illud
2600 1638 2769 1681 verbum
2781 1640 2958 1684 Abrabae
2971 1641 3143 1696 dictum,

1781 1683 1916 1730 potest
1941 1683 2087 1726 reterri
2104 1684 2156 1726 ad
2176 1685 2361 1730 notitiam
2380 1690 2762 1746 experimentalem,
2794 1708 2886 1749 qnae
2902 1701 2970 1742 est
2984 1709 3057 1751 per
3070 1711 3141 1744 ex·
3228 1709 3238 1717 ·

1780 1733 2026 1780 bibitionem
2057 1738 2210 1790 operis.
2231 1743 2279 1783 1n
2314 1752 2438 1794 opere
2455 1747 2567 1790 enim
2601 1749 2689 1799 illo,
2709 1751 2817 1804 quod
2838 1753 3141 1800 feceratAbra·

1779 1787 1885 1840 bam,
1920 1801 2170 1843 cognoscere
2200 1797 2331 1847 potuit
2354 1799 2735 1852 experimentatiter
2766 1817 2812 1850 se
2843 1807 2916 1851 Dei
2949 1808 3139 1855 timorem

1779 1845 1946 1891 babere.
1966 1849 2041 1892 vel
2059 1855 2191 1902 potest
2206 1851 2282 1896 boc
2294 1855 2419 1898 etiam
2438 1858 2491 1900 ad
2510 1860 2805 1907 revelationem
2822 1865 2986 1910 reterri.

1850 1985 2047 2044 Prima
2085 1993 2355 2049 conclusio
2375 2013 2395 2047 .·
2423 1997 2606 2055 Homo
2633 2006 2817 2071 potest
2845 2021 2947 2077 pet·
2971 2004 3134 2064 divi-

1776 2084 1914 2124 nam
1932 2072 2343 2132 revelationem
2360 2082 2513 2134 certo
2532 2080 2610 2135 sci
2620 2097 2681 2137 re
2700 2098 2761 2138 se
2777 2084 2987 2143 habere
3005 2104 3136 2162 gra-

1773 2148 1937 2205 tiam.
2805 2159 2817 2170 '

1846 2226 2100 2285 Secunda
2151 2234 2425 2291 conclusio
2470 2256 2489 2290 .·
2543 2238 2726 2296 Homo
2779 2256 2896 2298 non
2949 2250 3133 2317 potest

1771 2303 1982 2379 absque
2002 2307 2206 2367 divina
2234 2315 2584 2374 revelatione
2604 2323 2757 2376 certo
2781 2321 2928 2378 scire
2952 2340 3015 2380 se
3035 2325 3134 2381 ha-

1770 2382 1906 2443 bere
1930 2388 2196 2461 gratiam.
2979 2391 3002 2408 ⁶

1852 2468 2036 2526 Tertia
2063 2476 2371 2531 conclusio:
2394 2478 2579 2535 Homo
2606 2485 2785 2551 potest
2806 2482 3014 2557 absque
3035 2485 3131 2542 di-

1769 2547 1907 2606 vina
1937 2552 2285 2612 revelatione
2311 2572 2645 2631 cognoscere
2670 2562 3131 2636 conjecturaliter

1766 2644 1829 2684 se
1854 2628 2065 2688 habere
2083 2634 2352 2706 gratiam.

2046 2810 2633 2946 DISPUTATIO
2703 2875 2835 2949 IX.

1964 3044 2070 3108 De
2146 3047 2568 3115 certitudine
2630 3055 2919 3136 qratioe.

1839 3209 2145 3282 Postquam
2175 3213 2240 3268 D.
2271 3212 2473 3271 Thom.
2516 3217 2837 3277 luculenter
2875 3225 3127 3282 ostendit

1761 3287 1976 3345 divinae
2022 3291 2222 3364 gratim
2263 3295 2592 3362 essentiam,
2636 3300 3023 3374 existentiam,
3066 3311 3126 3363 et

1760 3375 2287 3445 eausas,antequam
2310 3376 2595 3434 accederet
2611 3378 2681 3434 ad
2704 3380 3117 3443 declarandum

1760 3450 1927 3507 nobis
1961 3453 2082 3526 ejus
2118 3450 2364 3521 effectuS,
2396 3454 2466 3514 de
2501 3458 2707 3531 quibus
2748 3464 2863 3537 agit
2898 3465 3121 3525 duabus

1758 3530 2167 3601 quaestionibus
2192 3533 2527 3595 immediate
2548 3542 2933 3614 sequentibuS,
2961 3547 3122 3622 adje-

1757 3609 1836 3665 cit
1882 3609 1945 3666 in
1986 3610 2089 3668 hoc
2137 3613 2378 3672 articulo
2425 3615 2621 3674 nobile
2665 3617 2925 3692 dubium,
2970 3629 3121 3700 quod

1760 3691 2009 3762 pertinet
2034 3691 2105 3748 ad
2131 3693 2329 3766 gratiae
2353 3711 2582 3754 cansam
2624 3703 3007 3775 materialem,
3041 3725 3118 3765 an

1757 3769 1973 3827 scilieet
2012 3771 2204 3838 homo,
2249 3774 2346 3845 qui
2388 3776 2635 3848 gratiam
2679 3781 2898 3855 recipit,
2947 3794 3120 3858 queat

1756 3850 1903 3907 scire
1924 3867 1986 3907 se
2005 3852 2216 3910 habere
2237 3856 2485 3929 gratiam
2502 3861 2528 3913 i>
2549 3861 2684 3924 Quae
2705 3859 3026 3935 difficultas,
3054 3874 3117 3927 ut

1755 3936 1995 3989 testatur
2035 3935 2199 3990 Sotus
2226 3935 2288 3991 in
2317 3938 2575 4012 apologia
2614 3947 2814 3999 eontra
2848 3947 3113 4006 cathari-

1756 4028 1899 4068 num
1921 4032 2041 4087 cap.
2072 4016 2127 4081 2,
2154 4016 2502 4090 longissimae
2525 4022 2811 4091 omnium,
2836 4032 2892 4083 et
2911 4032 3114 4089 moles·

1755 4092 1991 4150 tissimae
2019 4093 2425 4168 disputationis
2465 4101 2668 4159 Sancto
2695 4104 2948 4166 Concilio
2975 4111 3112 4168 Tri-

1752 4172 1994 4231 dentino
2040 4175 2389 4235 occasionem
2434 4180 2697 4252 praebuit.
2743 4187 2891 4250 Quas
2918 4206 3115 4249 moras

1753 4252 2060 4310 imitantur
2088 4271 2205 4313 non
2239 4258 2427 4316 solum
2456 4261 2552 4333 qui
2585 4261 2859 4322 adversus
2879 4269 3114 4328 han-eti—

1751 4348 1844 4388 cos
1857 4337 2278 4393 controversias
2299 4338 2575 4409 scribunt,
2596 4341 2693 4398 sed
2722 4345 2894 4402 etiam
2920 4351 3117 4422 plures

1751 4413 2047 4488 Theologi,
2080 4433 2209 4473 cum
2240 4418 2468 4477 literam
2498 4422 2665 4495 hujus
2688 4426 2916 4485 articuli
2941 4430 3114 4488 illus-

1752 4499 1929 4550 trant.
1962 4499 2074 4552 Nos
2096 4513 2250 4563 vet-0,
2268 4501 2413 4572 ,quia
2435 4503 2586 4558 nihil
2607 4504 2850 4575 speciale
2872 4509 3111 4571 illorum

1750 4574 1948 4630 sudori
1976 4576 2477 4648 superaddendum
2514 4584 2825 4653 cernimus,
2855 4593 3111 4660 pressius

1752 4670 1874 4711 rem
1917 4655 2310 4724 tractabimus
2355 4668 2410 4717 et
2435 4679 2559 4735 quaa
2589 4661 2657 4719 ad
2708 4681 2829 4722 rem
2872 4669 3106 4738 faciunt,

1751 4735 2015 4808 pluribus
2049 4741 2360 4808 extraneiS,
2407 4749 2462 4798 et
2486 4744 2796 4817 superfluis
2823 4748 3111 4821 abscissis,

1751 4817 2089 4874 resolutorie
2116 4836 2520 4895 proponemus

3148 3988 3323 4034 sotus.
