<?xml version="1.0" encoding="UTF-8"?>
<!DOCTYPE html PUBLIC "-//W3C//DTD XHTML 1.0 Transitional//EN"
    "http://www.w3.org/TR/xhtml1/DTD/xhtml1-transitional.dtd">
<html xmlns="http://www.w3.org/1999/xhtml" xml:lang="en" lang="en">
 <head>
  <title>
</title>
<meta http-equiv="Content-Type" content="text/html;charset=utf-8" />
  <meta name='ocr-system' content='tesseract 3.04.00' />
  <meta name='ocr-capabilities' content='ocr_page ocr_carea ocr_par ocr_line ocrx_word'/>
</head>
<body>
  <div class='ocr_page' id='page_1' title='image "./collegiisalmant00carmgoog_0040.png"; bbox 0 0 3647 5753; ppageno 0'>
   <div class='ocr_carea' id='block_1_1' title="bbox 495 386 2302 452">
    <p class='ocr_par' dir='ltr' id='par_1_1' title="bbox 495 386 2302 452">
     <span class='ocr_line' id='line_1_1' title="bbox 495 386 2302 452; baseline 0.006 -12"><span class='ocrx_word' id='word_1_1' title='bbox 495 386 561 441; x_wconf 90' lang='grc'><strong>18</strong></span> <span class='ocrx_word' id='word_1_2' title='bbox 1516 392 1609 446; x_wconf 90' lang='lat' dir='ltr'><strong>DE</strong></span> <span class='ocrx_word' id='word_1_3' title='bbox 1648 391 1919 447; x_wconf 82' lang='lat' dir='ltr'><strong>GRATIA</strong></span> <span class='ocrx_word' id='word_1_4' title='bbox 1959 392 2302 452; x_wconf 85' lang='lat' dir='ltr'>EFFICACI.</span> 
     </span>
    </p>
   </div>
   <div class='ocr_carea' id='block_1_2' title="bbox 494 558 3432 646">
    <p class='ocr_par' dir='ltr' id='par_1_2' title="bbox 494 558 3432 646">
     <span class='ocr_line' id='line_1_2' title="bbox 494 558 3432 646; baseline -0.002 -27"><span class='ocrx_word' id='word_1_5' title='bbox 494 578 833 620; x_wconf 91' lang='lat' dir='ltr'><strong>consensum</strong></span> <span class='ocrx_word' id='word_1_6' title='bbox 862 567 1236 626; x_wconf 81' lang='lat' dir='ltr'><strong>infallibilem</strong></span> <span class='ocrx_word' id='word_1_7' title='bbox 1268 570 1688 627; x_wconf 83' lang='lat' dir='ltr'><strong>connexionem</strong></span> <span class='ocrx_word' id='word_1_8' title='bbox 1715 579 1873 629; x_wconf 66' lang='lat' dir='ltr'><strong>cum‘</strong></span> <span class='ocrx_word' id='word_1_9' title='bbox 1998 569 2016 624; x_wconf 93' lang='lat' dir='ltr'><strong>l</strong></span> <span class='ocrx_word' id='word_1_10' title='bbox 2049 568 2125 624; x_wconf 84' lang='lat' dir='ltr'><strong>ad</strong></span> <span class='ocrx_word' id='word_1_11' title='bbox 2156 568 2606 644; x_wconf 77' lang='lat' dir='ltr'><strong>Simplicianum‚</strong></span> <span class='ocrx_word' id='word_1_12' title='bbox 2656 573 2837 646; x_wconf 58' lang='lat' dir='ltr'><strong>quast.</strong></span> <span class='ocrx_word' id='word_1_13' title='bbox 2876 565 2931 630; x_wconf 99' lang='grc'><strong>2,</strong></span> <span class='ocrx_word' id='word_1_14' title='bbox 2958 566 3035 619; x_wconf 84' lang='lat' dir='ltr'><strong>et</strong></span> <span class='ocrx_word' id='word_1_15' title='bbox 3067 558 3432 618; x_wconf 84' lang='lat' dir='ltr'><strong>nihilomi-</strong></span> 
     </span>
    </p>
   </div>
   <div class='ocr_carea' id='block_1_3' title="bbox 305 643 1856 2015">
    <p class='ocr_par' dir='ltr' id='par_1_3' title="bbox 305 643 1856 2015">
     <span class='ocr_line' id='line_1_3' title="bbox 496 643 1849 734; baseline 0.004 -37"><span class='ocrx_word' id='word_1_16' title='bbox 496 643 601 734; x_wconf 83' lang='lat' dir='ltr'><strong>illo</strong></span> <span class='ocrx_word' id='word_1_17' title='bbox 629 645 1044 721; x_wconf 86' lang='lat' dir='ltr'><strong>(undecumque</strong></span> <span class='ocrx_word' id='word_1_18' title='bbox 1078 651 1180 708; x_wconf 90' lang='lat' dir='ltr'><strong>illa</strong></span> <span class='ocrx_word' id='word_1_19' title='bbox 1218 652 1499 708; x_wconf 88' lang='lat' dir='ltr'><strong>connexio</strong></span> <span class='ocrx_word' id='word_1_20' title='bbox 1528 648 1849 723; x_wconf 89' lang='lat' dir='ltr'><strong>proveniat)</strong></span> 
     </span>
     <span class='ocr_line' id='line_1_4' title="bbox 495 722 1849 816; baseline 0.007 -39"><span class='ocrx_word' id='word_1_21' title='bbox 495 722 837 816; x_wconf 77' lang='lat' dir='ltr'><strong>ubicumque</strong></span> <span class='ocrx_word' id='word_1_22' title='bbox 863 737 1172 802; x_wconf 86' lang='lat' dir='ltr'><strong>poneretur</strong></span> <span class='ocrx_word' id='word_1_23' title='bbox 1200 732 1485 789; x_wconf 88' lang='lat' dir='ltr'><strong>auxilium</strong></span> <span class='ocrx_word' id='word_1_24' title='bbox 1512 729 1678 799; x_wconf 88' lang='lat' dir='ltr'><strong>illud,</strong></span> <span class='ocrx_word' id='word_1_25' title='bbox 1709 745 1849 787; x_wconf 89' lang='lat' dir='ltr'><strong>con-</strong></span> 
     </span>
     <span class='ocr_line' id='line_1_5' title="bbox 489 813 1851 886; baseline 0.005 -25"><span class='ocrx_word' id='word_1_26' title='bbox 489 816 831 882; x_wconf 70' lang='lat' dir='ltr'><strong>jungeretur</strong></span> <span class='ocrx_word' id='word_1_27' title='bbox 872 827 1000 867; x_wconf 90' lang='lat' dir='ltr'><strong>cum</strong></span> <span class='ocrx_word' id='word_1_28' title='bbox 1051 813 1316 886; x_wconf 85' lang='lat' dir='ltr'><strong>praedicto</strong></span> <span class='ocrx_word' id='word_1_29' title='bbox 1359 830 1637 871; x_wconf 89' lang='lat' dir='ltr'><strong>consensu</strong></span> <span class='ocrx_word' id='word_1_30' title='bbox 1673 827 1851 885; x_wconf 87' lang='lat' dir='ltr'><strong>:ergo</strong></span> 
     </span>
     <span class='ocr_line' id='line_1_6' title="bbox 492 893 1851 953; baseline 0.004 -10"><span class='ocrx_word' id='word_1_31' title='bbox 492 901 824 948; x_wconf 78' lang='lat' dir='ltr'><strong>econverso</strong></span> <span class='ocrx_word' id='word_1_32' title='bbox 868 893 918 948; x_wconf 91' lang='lat' dir='ltr'><strong>si</strong></span> <span class='ocrx_word' id='word_1_33' title='bbox 970 893 1125 952; x_wconf 90' lang='lat' dir='ltr'><strong>idem</strong></span> <span class='ocrx_word' id='word_1_34' title='bbox 1172 895 1455 952; x_wconf 89' lang='lat' dir='ltr'><strong>auxilium</strong></span> <span class='ocrx_word' id='word_1_35' title='bbox 1503 897 1565 953; x_wconf 91' lang='lat' dir='ltr'><strong>in</strong></span> <span class='ocrx_word' id='word_1_36' title='bbox 1606 910 1721 952; x_wconf 90' lang='lat' dir='ltr'><strong>uno</strong></span> <span class='ocrx_word' id='word_1_37' title='bbox 1763 896 1851 950; x_wconf 85' lang='lat' dir='ltr'><strong>est</strong></span> 
     </span>
     <span class='ocr_line' id='line_1_7' title="bbox 494 967 1851 1059; baseline 0.005 -36"><span class='ocrx_word' id='word_1_38' title='bbox 494 967 709 1059; x_wconf 78' lang='lat' dir='ltr'><strong>efficax,</strong></span> <span class='ocrx_word' id='word_1_39' title='bbox 741 972 881 1054; x_wconf 87' lang='lat' dir='ltr'><strong>etin</strong></span> <span class='ocrx_word' id='word_1_40' title='bbox 905 974 1020 1031; x_wconf 90' lang='lat' dir='ltr'><strong>alio</strong></span> <span class='ocrx_word' id='word_1_41' title='bbox 1049 974 1327 1042; x_wconf 83' lang='lat' dir='ltr'><strong>inefficax,</strong></span> <span class='ocrx_word' id='word_1_42' title='bbox 1373 992 1492 1033; x_wconf 92' lang='lat' dir='ltr'><strong>non</strong></span> <span class='ocrx_word' id='word_1_43' title='bbox 1532 975 1702 1033; x_wconf 88' lang='lat' dir='ltr'><strong>habet</strong></span> <span class='ocrx_word' id='word_1_44' title='bbox 1725 972 1851 1031; x_wconf 85' lang='lat' dir='ltr'><strong>effi-</strong></span> 
     </span>
     <span class='ocr_line' id='line_1_8' title="bbox 493 1053 1850 1124; baseline 0.008 -21"><span class='ocrx_word' id='word_1_45' title='bbox 493 1064 707 1105; x_wconf 79' lang='lat' dir='ltr'><strong>caciam</strong></span> <span class='ocrx_word' id='word_1_46' title='bbox 735 1053 1132 1112; x_wconf 74' lang='lat' dir='ltr'><strong>antecedenter</strong></span> <span class='ocrx_word' id='word_1_47' title='bbox 1153 1055 1223 1112; x_wconf 89' lang='lat' dir='ltr'><strong>ad</strong></span> <span class='ocrx_word' id='word_1_48' title='bbox 1244 1073 1605 1124; x_wconf 88' lang='lat' dir='ltr'><strong>consensum,</strong></span> <span class='ocrx_word' id='word_1_49' title='bbox 1629 1057 1726 1114; x_wconf 89' lang='lat' dir='ltr'><strong>sed</strong></span> <span class='ocrx_word' id='word_1_50' title='bbox 1746 1056 1850 1114; x_wconf 87' lang='lat' dir='ltr'><strong>de-</strong></span> 
     </span>
     <span class='ocr_line' id='line_1_9' title="bbox 496 1128 1851 1209; baseline 0.007 -26"><span class='ocrx_word' id='word_1_51' title='bbox 496 1128 813 1199; x_wconf 90' lang='lat' dir='ltr'><strong>pendenter</strong></span> <span class='ocrx_word' id='word_1_52' title='bbox 830 1131 900 1189; x_wconf 88' lang='lat' dir='ltr'><strong>ab</strong></span> <span class='ocrx_word' id='word_1_53' title='bbox 922 1134 1046 1191; x_wconf 88' lang='lat' dir='ltr'><strong>illo.</strong></span> <span class='ocrx_word' id='word_1_54' title='bbox 1066 1136 1416 1193; x_wconf 86' lang='lat' dir='ltr'><strong>Antecedens</strong></span> <span class='ocrx_word' id='word_1_55' title='bbox 1438 1143 1626 1194; x_wconf 89' lang='lat' dir='ltr'><strong>autem</strong></span> <span class='ocrx_word' id='word_1_56' title='bbox 1650 1135 1851 1209; x_wconf 88' lang='lat' dir='ltr'><strong>proba-</strong></span> 
     </span>
     <span class='ocr_line' id='line_1_10' title="bbox 305 1213 1847 1310; baseline 0.008 -48"><span class='ocrx_word' id='word_1_57' title='bbox 305 1218 455 1310; x_wconf 52' lang='lat' dir='ltr'><strong>Mffiui.</strong></span> <span class='ocrx_word' id='word_1_58' title='bbox 496 1214 590 1266; x_wconf 91' lang='lat' dir='ltr'><strong>tur</strong></span> <span class='ocrx_word' id='word_1_59' title='bbox 608 1213 795 1283; x_wconf 83' lang='lat' dir='ltr'><strong>primo</strong></span> <span class='ocrx_word' id='word_1_60' title='bbox 820 1228 890 1270; x_wconf 87' lang='lat' dir='ltr'><strong>ex</strong></span> <span class='ocrx_word' id='word_1_61' title='bbox 923 1231 1081 1272; x_wconf 89' lang='lat' dir='ltr'><strong>sacra</strong></span> <span class='ocrx_word' id='word_1_62' title='bbox 1109 1217 1404 1290; x_wconf 83' lang='lat' dir='ltr'><strong>Scriptura</strong></span> <span class='ocrx_word' id='word_1_63' title='bbox 1431 1239 1443 1272; x_wconf 76' lang='lat' dir='ltr'><strong>t</strong></span> <span class='ocrx_word' id='word_1_64' title='bbox 1467 1234 1603 1275; x_wconf 87' lang='lat' dir='ltr'><strong>nam</strong></span> <span class='ocrx_word' id='word_1_65' title='bbox 1643 1217 1847 1274; x_wconf 90' lang='lat' dir='ltr'><strong>Matth.</strong></span> 
     </span>
     <span class='ocr_line' id='line_1_11' title="bbox 400 1290 1852 1364; baseline 0.006 -22"><span class='ocrx_word' id='word_1_66' title='bbox 400 1299 411 1310; x_wconf 87' lang='lat'><strong>·</strong></span> <span class='ocrx_word' id='word_1_67' title='bbox 504 1290 588 1357; x_wconf 87' lang='lat'><strong>11,</strong></span> <span class='ocrx_word' id='word_1_68' title='bbox 621 1290 833 1348; x_wconf 88' lang='lat' dir='ltr'><strong>dicitur</strong></span> <span class='ocrx_word' id='word_1_69' title='bbox 864 1315 877 1350; x_wconf 92' lang='lat'>:</span> <span class='ocrx_word' id='word_1_70' title='bbox 922 1294 1005 1351; x_wconf 71' lang='lat' dir='ltr'><strong>Vae</strong></span> <span class='ocrx_word' id='word_1_71' title='bbox 1037 1297 1138 1352; x_wconf 74' lang='lat' dir='ltr'><strong>cibi</strong></span> <span class='ocrx_word' id='word_1_72' title='bbox 1167 1296 1462 1364; x_wconf 80' lang='lat' dir='ltr'><strong>Corozain,</strong></span> <span class='ocrx_word' id='word_1_73' title='bbox 1486 1315 1563 1354; x_wconf 56' lang='grc' dir='ltr'><strong>υτ</strong></span> <span class='ocrx_word' id='word_1_74' title='bbox 1588 1297 1688 1353; x_wconf 79' lang='lat' dir='ltr'><strong>tibi</strong></span> <span class='ocrx_word' id='word_1_75' title='bbox 1719 1295 1852 1353; x_wconf 78' lang='lat' dir='ltr'><strong>Bet-</strong></span> 
     </span>
     <span class='ocr_line' id='line_1_12' title="bbox 498 1374 1853 1454; baseline 0.005 -27"><span class='ocrx_word' id='word_1_76' title='bbox 498 1374 679 1440; x_wconf 78' lang='lat' dir='ltr'><strong>saida,</strong></span> <span class='ocrx_word' id='word_1_77' title='bbox 708 1378 839 1452; x_wconf 82' lang='lat' dir='ltr'><strong>quia</strong></span> <span class='ocrx_word' id='word_1_78' title='bbox 863 1379 994 1432; x_wconf 78' lang='lat' dir='ltr'><strong>siin</strong></span> <span class='ocrx_word' id='word_1_79' title='bbox 1027 1377 1186 1451; x_wconf 80' lang='lat' dir='ltr'><strong>Tyro,</strong></span> <span class='ocrx_word' id='word_1_80' title='bbox 1235 1388 1284 1435; x_wconf 79' lang='lat' dir='ltr'><strong>et</strong></span> <span class='ocrx_word' id='word_1_81' title='bbox 1324 1380 1528 1438; x_wconf 79' lang='lat' dir='ltr'><strong>Sidone</strong></span> <span class='ocrx_word' id='word_1_82' title='bbox 1572 1382 1729 1454; x_wconf 62' lang='lat' dir='ltr'><strong>sactae</strong></span> <span class='ocrx_word' id='word_1_83' title='bbox 1764 1396 1853 1434; x_wconf 84' lang='lat' dir='ltr'><strong>es-</strong></span> 
     </span>
     <span class='ocr_line' id='line_1_13' title="bbox 497 1458 1853 1537; baseline 0.004 -28"><span class='ocrx_word' id='word_1_84' title='bbox 497 1463 613 1510; x_wconf 82' lang='lat' dir='ltr'><strong>sent</strong></span> <span class='ocrx_word' id='word_1_85' title='bbox 642 1458 887 1524; x_wconf 68' lang='lat' dir='ltr'><strong>virtuteS,</strong></span> <span class='ocrx_word' id='word_1_86' title='bbox 920 1477 1034 1537; x_wconf 70' lang='lat' dir='ltr'><strong>ques</strong></span> <span class='ocrx_word' id='word_1_87' title='bbox 1085 1464 1145 1517; x_wconf 81' lang='lat' dir='ltr'><strong>in</strong></span> <span class='ocrx_word' id='word_1_88' title='bbox 1178 1468 1226 1517; x_wconf 82' lang='lat' dir='ltr'><strong>te</strong></span> <span class='ocrx_word' id='word_1_89' title='bbox 1252 1464 1409 1535; x_wconf 69' lang='lat' dir='ltr'><strong>sacta</strong></span> <span class='ocrx_word' id='word_1_90' title='bbox 1447 1470 1594 1529; x_wconf 78' lang='lat' dir='ltr'><strong>sunt,</strong></span> <span class='ocrx_word' id='word_1_91' title='bbox 1631 1462 1765 1517; x_wconf 85' lang='lat' dir='ltr'><strong>oli-m</strong></span> <span class='ocrx_word' id='word_1_92' title='bbox 1792 1463 1853 1516; x_wconf 79' lang='lat' dir='ltr'><strong>in</strong></span> 
     </span>
     <span class='ocr_line' id='line_1_14' title="bbox 495 1540 1850 1616; baseline 0.005 -25"><span class='ocrx_word' id='word_1_93' title='bbox 495 1540 689 1606; x_wconf 80' lang='lat' dir='ltr'><strong>cinere,</strong></span> <span class='ocrx_word' id='word_1_94' title='bbox 719 1547 769 1595; x_wconf 83' lang='lat' dir='ltr'><strong>et</strong></span> <span class='ocrx_word' id='word_1_95' title='bbox 802 1542 980 1597; x_wconf 81' lang='lat' dir='ltr'><strong>cilicio</strong></span> <span class='ocrx_word' id='word_1_96' title='bbox 998 1546 1381 1615; x_wconf 66' lang='lat' dir='ltr'><strong>poenitentiam</strong></span> <span class='ocrx_word' id='word_1_97' title='bbox 1418 1547 1664 1616; x_wconf 63' lang='lat' dir='ltr'><strong>egli-esent.</strong></span> <span class='ocrx_word' id='word_1_98' title='bbox 1710 1542 1850 1608; x_wconf 85' lang='lat' dir='ltr'><strong>Qui-</strong></span> 
     </span>
     <span class='ocr_line' id='line_1_15' title="bbox 496 1616 1855 1689; baseline 0.004 -15"><span class='ocrx_word' id='word_1_99' title='bbox 496 1616 601 1675; x_wconf 88' lang='lat' dir='ltr'><strong>bus</strong></span> <span class='ocrx_word' id='word_1_100' title='bbox 641 1619 835 1677; x_wconf 89' lang='lat' dir='ltr'><strong>verbis</strong></span> <span class='ocrx_word' id='word_1_101' title='bbox 861 1622 1104 1680; x_wconf 89' lang='lat' dir='ltr'><strong>asseruit</strong></span> <span class='ocrx_word' id='word_1_102' title='bbox 1139 1626 1396 1681; x_wconf 91' lang='lat' dir='ltr'><strong>Christus</strong></span> <span class='ocrx_word' id='word_1_103' title='bbox 1424 1625 1721 1689; x_wconf 76' lang='lat' dir='ltr'><strong>DominuS,</strong></span> <span class='ocrx_word' id='word_1_104' title='bbox 1751 1638 1855 1680; x_wconf 89' lang='lat' dir='ltr'><strong>eo-</strong></span> 
     </span>
     <span class='ocr_line' id='line_1_16' title="bbox 496 1697 1854 1790; baseline 0.004 -37"><span class='ocrx_word' id='word_1_105' title='bbox 496 1697 627 1790; x_wconf 80' lang='lat' dir='ltr'><strong>dem</strong></span> <span class='ocrx_word' id='word_1_106' title='bbox 657 1701 876 1758; x_wconf 88' lang='lat' dir='ltr'><strong>auxilio</strong></span> <span class='ocrx_word' id='word_1_107' title='bbox 919 1719 1030 1775; x_wconf 91' lang='lat' dir='ltr'><strong>quo</strong></span> <span class='ocrx_word' id='word_1_108' title='bbox 1055 1711 1529 1763; x_wconf 85' lang='lat' dir='ltr'><strong>converterentur</strong></span> <span class='ocrx_word' id='word_1_109' title='bbox 1573 1704 1754 1778; x_wconf 82' lang='lat' dir='ltr'><strong>Tyrii,</strong></span> <span class='ocrx_word' id='word_1_110' title='bbox 1797 1706 1854 1759; x_wconf 93' lang='lat' dir='ltr'><strong>et</strong></span> 
     </span>
     <span class='ocr_line' id='line_1_17' title="bbox 498 1778 1855 1858; baseline 0.006 -25"><span class='ocrx_word' id='word_1_111' title='bbox 498 1778 723 1837; x_wconf 76' lang='lat' dir='ltr'><strong>Sidonii</strong></span> <span class='ocrx_word' id='word_1_112' title='bbox 764 1782 934 1855; x_wconf 92' lang='lat' dir='ltr'><strong>(quod</strong></span> <span class='ocrx_word' id='word_1_113' title='bbox 961 1786 1169 1858; x_wconf 85' lang='lat' dir='ltr'><strong>-utique</strong></span> <span class='ocrx_word' id='word_1_114' title='bbox 1191 1787 1255 1843; x_wconf 90' lang='lat' dir='ltr'><strong>in</strong></span> <span class='ocrx_word' id='word_1_115' title='bbox 1287 1788 1369 1844; x_wconf 92' lang='lat' dir='ltr'><strong>eis</strong></span> <span class='ocrx_word' id='word_1_116' title='bbox 1399 1786 1597 1842; x_wconf 83' lang='lat' dir='ltr'><strong>fuisset</strong></span> <span class='ocrx_word' id='word_1_117' title='bbox 1638 1784 1855 1857; x_wconf 80' lang='lat' dir='ltr'><strong>effic-ax)</strong></span> 
     </span>
     <span class='ocr_line' id='line_1_18' title="bbox 496 1863 1856 1949; baseline 0.004 -34"><span class='ocrx_word' id='word_1_118' title='bbox 496 1874 801 1949; x_wconf 79' lang='lat' dir='ltr'><strong>conversos</strong></span> <span class='ocrx_word' id='word_1_119' title='bbox 823 1880 938 1921; x_wconf 91' lang='lat' dir='ltr'><strong>non</strong></span> <span class='ocrx_word' id='word_1_120' title='bbox 963 1865 1138 1924; x_wconf 79' lang='lat' dir='ltr'><strong>fuisse</strong></span> <span class='ocrx_word' id='word_1_121' title='bbox 1181 1868 1477 1933; x_wconf 77' lang='lat' dir='ltr'><strong>corozain,</strong></span> <span class='ocrx_word' id='word_1_122' title='bbox 1504 1872 1560 1925; x_wconf 92' lang='lat' dir='ltr'><strong>et</strong></span> <span class='ocrx_word' id='word_1_123' title='bbox 1579 1863 1856 1924; x_wconf 83' lang='lat' dir='ltr'><strong>Betsaidae</strong></span> 
     </span>
     <span class='ocr_line' id='line_1_19' title="bbox 497 1944 1852 2015; baseline 0.007 -22"><span class='ocrx_word' id='word_1_124' title='bbox 497 1955 672 2007; x_wconf 75' lang='lat' dir='ltr'><strong>civeS,</strong></span> <span class='ocrx_word' id='word_1_125' title='bbox 704 1948 871 2015; x_wconf 87' lang='lat' dir='ltr'><strong>atque</strong></span> <span class='ocrx_word' id='word_1_126' title='bbox 898 1944 1026 2002; x_wconf 92' lang='lat' dir='ltr'><strong>ideo</strong></span> <span class='ocrx_word' id='word_1_127' title='bbox 1074 1946 1360 2004; x_wconf 89' lang='lat' dir='ltr'><strong>redditum</strong></span> <span class='ocrx_word' id='word_1_128' title='bbox 1400 1964 1523 2005; x_wconf 90' lang='lat' dir='ltr'><strong>esse</strong></span> <span class='ocrx_word' id='word_1_129' title='bbox 1553 1945 1852 2011; x_wconf 84' lang='lat' dir='ltr'><strong>inefficax;</strong></span> 
     </span>
    </p>
   </div>
   <div class='ocr_carea' id='block_1_4' title="bbox 498 2019 1872 2096">
    <p class='ocr_par' dir='ltr' id='par_1_4' title="bbox 498 2019 1872 2096">
     <span class='ocr_line' id='line_1_20' title="bbox 498 2019 1872 2096; baseline 0.007 -23"><span class='ocrx_word' id='word_1_130' title='bbox 498 2019 648 2091; x_wconf 91' lang='lat' dir='ltr'><strong>quod</strong></span> <span class='ocrx_word' id='word_1_131' title='bbox 695 2023 888 2096; x_wconf 90' lang='lat' dir='ltr'><strong>utique</strong></span> <span class='ocrx_word' id='word_1_132' title='bbox 916 2025 1069 2083; x_wconf 88' lang='lat' dir='ltr'><strong>idem</strong></span> <span class='ocrx_word' id='word_1_133' title='bbox 1110 2028 1394 2084; x_wconf 90' lang='lat' dir='ltr'><strong>auxilium</strong></span> <span class='ocrx_word' id='word_1_134' title='bbox 1425 2028 1534 2084; x_wconf 82' lang='lat' dir='ltr'><strong>fuit</strong></span> <span class='ocrx_word' id='word_1_135' title='bbox 1578 2048 1591 2083; x_wconf 77' lang='grc' dir='ltr'><strong>ε</strong></span> <span class='ocrx_word' id='word_1_136' title='bbox 1635 2026 1780 2083; x_wconf 84' lang='lat' dir='ltr'><strong>alias</strong></span> <span class='ocrx_word' id='word_1_137' title='bbox 1804 2026 1872 2091; x_wconf 51' lang='lat' dir='ltr'><strong>si,</strong></span> 
     </span>
    </p>
   </div>
   <div class='ocr_carea' id='block_1_5' title="bbox 466 2101 1863 5100">
    <p class='ocr_par' dir='ltr' id='par_1_5' title="bbox 466 2101 1863 5100">
     <span class='ocr_line' id='line_1_21' title="bbox 499 2101 1858 2192; baseline 0.004 -36"><span class='ocrx_word' id='word_1_138' title='bbox 499 2101 706 2192; x_wconf 76' lang='lat' dir='ltr'><strong>majus,</strong></span> <span class='ocrx_word' id='word_1_139' title='bbox 759 2112 857 2161; x_wconf 89' lang='lat' dir='ltr'><strong>aut</strong></span> <span class='ocrx_word' id='word_1_140' title='bbox 901 2107 1196 2164; x_wconf 88' lang='lat' dir='ltr'><strong>diversum</strong></span> <span class='ocrx_word' id='word_1_141' title='bbox 1245 2110 1528 2165; x_wconf 91' lang='lat' dir='ltr'><strong>auxilium</strong></span> <span class='ocrx_word' id='word_1_142' title='bbox 1557 2107 1769 2182; x_wconf 81' lang='lat' dir='ltr'><strong>Tyriis,</strong></span> <span class='ocrx_word' id='word_1_143' title='bbox 1800 2111 1858 2162; x_wconf 93' lang='lat' dir='ltr'><strong>et</strong></span> 
     </span>
     <span class='ocr_line' id='line_1_22' title="bbox 498 2180 1857 2272; baseline 0.006 -37"><span class='ocrx_word' id='word_1_144' title='bbox 498 2180 749 2272; x_wconf 82' lang='lat' dir='ltr'><strong>Sidoniis</strong></span> <span class='ocrx_word' id='word_1_145' title='bbox 775 2186 1185 2245; x_wconf 75' lang='lat' dir='ltr'><strong>conferendum</strong></span> <span class='ocrx_word' id='word_1_146' title='bbox 1214 2190 1378 2257; x_wconf 83' lang='lat' dir='ltr'><strong>soret,</strong></span> <span class='ocrx_word' id='word_1_147' title='bbox 1409 2207 1477 2247; x_wconf 93' lang='lat' dir='ltr'><strong>eo</strong></span> <span class='ocrx_word' id='word_1_148' title='bbox 1516 2190 1640 2262; x_wconf 89' lang='lat' dir='ltr'><strong>ipso</strong></span> <span class='ocrx_word' id='word_1_149' title='bbox 1680 2190 1857 2245; x_wconf 88' lang='lat' dir='ltr'><strong>Coro-</strong></span> 
     </span>
     <span class='ocr_line' id='line_1_23' title="bbox 500 2268 1858 2352; baseline 0.005 -37"><span class='ocrx_word' id='word_1_150' title='bbox 500 2277 649 2352; x_wconf 67' lang='lat' dir='ltr'><strong>zam,</strong></span> <span class='ocrx_word' id='word_1_151' title='bbox 676 2271 732 2320; x_wconf 88' lang='lat' dir='ltr'><strong>et</strong></span> <span class='ocrx_word' id='word_1_152' title='bbox 753 2268 1029 2325; x_wconf 80' lang='lat' dir='ltr'><strong>Betsaidae</strong></span> <span class='ocrx_word' id='word_1_153' title='bbox 1054 2271 1207 2327; x_wconf 88' lang='lat' dir='ltr'><strong>cives</strong></span> <span class='ocrx_word' id='word_1_154' title='bbox 1228 2271 1524 2328; x_wconf 89' lang='lat' dir='ltr'><strong>immerito</strong></span> <span class='ocrx_word' id='word_1_155' title='bbox 1544 2270 1646 2326; x_wconf 89' lang='lat' dir='ltr'><strong>illo</strong></span> <span class='ocrx_word' id='word_1_156' title='bbox 1667 2283 1858 2326; x_wconf 87' lang='lat' dir='ltr'><strong>exem·</strong></span> 
     </span>
     <span class='ocr_line' id='line_1_24' title="bbox 500 2341 1858 2422; baseline 0.005 -27"><span class='ocrx_word' id='word_1_157' title='bbox 500 2341 599 2411; x_wconf 93' lang='lat' dir='ltr'><strong>plo</strong></span> <span class='ocrx_word' id='word_1_158' title='bbox 626 2354 1063 2416; x_wconf 78' lang='lat' dir='ltr'><strong>increparentur</strong></span> <span class='ocrx_word' id='word_1_159' title='bbox 1095 2371 1108 2405; x_wconf 76' lang='grc' dir='ltr'><strong>ε</strong></span> <span class='ocrx_word' id='word_1_160' title='bbox 1138 2349 1347 2422; x_wconf 87' lang='lat' dir='ltr'><strong>quippe</strong></span> <span class='ocrx_word' id='word_1_161' title='bbox 1372 2349 1471 2422; x_wconf 92' lang='lat' dir='ltr'><strong>qui</strong></span> <span class='ocrx_word' id='word_1_162' title='bbox 1512 2346 1858 2421; x_wconf 89' lang='lat' dir='ltr'><strong>respondere</strong></span> 
     </span>
     <span class='ocr_line' id='line_1_25' title="bbox 501 2426 1854 2499; baseline 0.004 -22"><span class='ocrx_word' id='word_1_163' title='bbox 501 2429 745 2490; x_wconf 83' lang='lat' dir='ltr'><strong>possent,</strong></span> <span class='ocrx_word' id='word_1_164' title='bbox 778 2441 838 2482; x_wconf 92' lang='lat' dir='ltr'><strong>se</strong></span> <span class='ocrx_word' id='word_1_165' title='bbox 889 2428 1003 2485; x_wconf 88' lang='lat' dir='ltr'><strong>tale</strong></span> <span class='ocrx_word' id='word_1_166' title='bbox 1036 2430 1338 2489; x_wconf 68' lang='lat' dir='ltr'><strong>,auxilium</strong></span> <span class='ocrx_word' id='word_1_167' title='bbox 1391 2444 1508 2485; x_wconf 91' lang='lat' dir='ltr'><strong>non</strong></span> <span class='ocrx_word' id='word_1_168' title='bbox 1556 2426 1854 2499; x_wconf 83' lang='lat' dir='ltr'><strong>recepisse,</strong></span> 
     </span>
     <span class='ocr_line' id='line_1_26' title="bbox 502 2503 1859 2582; baseline 0.005 -27"><span class='ocrx_word' id='word_1_169' title='bbox 502 2503 673 2571; x_wconf 84' lang='lat' dir='ltr'><strong>quale</strong></span> <span class='ocrx_word' id='word_1_170' title='bbox 698 2505 911 2578; x_wconf 87' lang='lat' dir='ltr'><strong>Tyriis,</strong></span> <span class='ocrx_word' id='word_1_171' title='bbox 945 2513 1001 2564; x_wconf 91' lang='lat' dir='ltr'><strong>et</strong></span> <span class='ocrx_word' id='word_1_172' title='bbox 1026 2509 1278 2566; x_wconf 89' lang='lat' dir='ltr'><strong>Sidoniis</strong></span> <span class='ocrx_word' id='word_1_173' title='bbox 1301 2514 1681 2582; x_wconf 67' lang='lat' dir='ltr'><strong>praeparatum</strong></span> <span class='ocrx_word' id='word_1_174' title='bbox 1710 2507 1859 2563; x_wconf 79' lang='lat' dir='ltr'><strong>fuis-</strong></span> 
     </span>
     <span class='ocr_line' id='line_1_27' title="bbox 500 2584 1858 2662; baseline 0.005 -25"><span class='ocrx_word' id='word_1_175' title='bbox 500 2587 606 2638; x_wconf 89' lang='lat' dir='ltr'><strong>set.</strong></span> <span class='ocrx_word' id='word_1_176' title='bbox 636 2584 866 2643; x_wconf 80' lang='lat' dir='ltr'><strong>Similia</strong></span> <span class='ocrx_word' id='word_1_177' title='bbox 893 2587 1178 2645; x_wconf 87' lang='lat' dir='ltr'><strong>habentur</strong></span> <span class='ocrx_word' id='word_1_178' title='bbox 1206 2590 1268 2645; x_wconf 90' lang='lat' dir='ltr'><strong>in</strong></span> <span class='ocrx_word' id='word_1_179' title='bbox 1303 2588 1504 2646; x_wconf 87' lang='lat' dir='ltr'><strong>eodem</strong></span> <span class='ocrx_word' id='word_1_180' title='bbox 1546 2588 1858 2662; x_wconf 88' lang='lat' dir='ltr'><strong>Evangelio</strong></span> 
     </span>
     <span class='ocr_line' id='line_1_28' title="bbox 498 2667 1859 2743; baseline 0.004 -25"><span class='ocrx_word' id='word_1_181' title='bbox 498 2681 618 2737; x_wconf 82' lang='lat' dir='ltr'><strong>cap.</strong></span> <span class='ocrx_word' id='word_1_182' title='bbox 660 2668 743 2733; x_wconf 89' lang='grc'><strong>12,</strong></span> <span class='ocrx_word' id='word_1_183' title='bbox 774 2672 831 2723; x_wconf 92' lang='lat' dir='ltr'><strong>et</strong></span> <span class='ocrx_word' id='word_1_184' title='bbox 864 2668 1012 2741; x_wconf 89' lang='lat' dir='ltr'><strong>apud</strong></span> <span class='ocrx_word' id='word_1_185' title='bbox 1055 2671 1332 2738; x_wconf 84' lang='lat' dir='ltr'><strong>Ezechiel,</strong></span> <span class='ocrx_word' id='word_1_186' title='bbox 1363 2689 1483 2743; x_wconf 81' lang='lat' dir='ltr'><strong>cap.</strong></span> <span class='ocrx_word' id='word_1_187' title='bbox 1516 2672 1570 2726; x_wconf 89' lang='lat'><strong>3.</strong></span> <span class='ocrx_word' id='word_1_188' title='bbox 1601 2667 1859 2726; x_wconf 83' lang='lat' dir='ltr'><strong>Secundo</strong></span> 
     </span>
     <span class='ocr_line' id='line_1_29' title="bbox 504 2743 1858 2834; baseline 0.002 -34"><span class='ocrx_word' id='word_1_189' title='bbox 504 2743 779 2834; x_wconf 79' lang='lat' dir='ltr'><strong>probatur</strong></span> <span class='ocrx_word' id='word_1_190' title='bbox 805 2747 960 2805; x_wconf 88' lang='lat' dir='ltr'><strong>idem</strong></span> <span class='ocrx_word' id='word_1_191' title='bbox 989 2750 1325 2808; x_wconf 84' lang='lat' dir='ltr'><strong>antecedens</strong></span> <span class='ocrx_word' id='word_1_192' title='bbox 1346 2768 1414 2807; x_wconf 86' lang='lat' dir='ltr'><strong>ex</strong></span> <span class='ocrx_word' id='word_1_193' title='bbox 1438 2754 1503 2805; x_wconf 92' lang='lat' dir='ltr'><strong>D.</strong></span> <span class='ocrx_word' id='word_1_194' title='bbox 1540 2748 1858 2824; x_wconf 83' lang='lat' dir='ltr'><strong>Augustino</strong></span> 
     </span>
     <span class='ocr_line' id='line_1_30' title="bbox 501 2823 1858 2904; baseline 0.003 -25"><span class='ocrx_word' id='word_1_195' title='bbox 501 2823 592 2880; x_wconf 72' lang='lat' dir='ltr'><strong>hb.</strong></span> <span class='ocrx_word' id='word_1_196' title='bbox 612 2825 675 2882; x_wconf 85' lang='lat' dir='ltr'><strong>de</strong></span> <span class='ocrx_word' id='word_1_197' title='bbox 684 2828 926 2901; x_wconf 63' lang='lat' dir='ltr'><strong>praedest.</strong></span> <span class='ocrx_word' id='word_1_198' title='bbox 951 2829 1059 2890; x_wconf 78' lang='lat' dir='ltr'><strong>SS.</strong></span> <span class='ocrx_word' id='word_1_199' title='bbox 1087 2848 1206 2904; x_wconf 80' lang='lat' dir='ltr'><strong>cap.</strong></span> <span class='ocrx_word' id='word_1_200' title='bbox 1243 2832 1323 2900; x_wconf 84' lang='lat'><strong>15,</strong></span> <span class='ocrx_word' id='word_1_201' title='bbox 1353 2830 1448 2887; x_wconf 92' lang='lat' dir='ltr'><strong>ubi</strong></span> <span class='ocrx_word' id='word_1_202' title='bbox 1472 2832 1690 2897; x_wconf 90' lang='lat' dir='ltr'><strong>asserit,</strong></span> <span class='ocrx_word' id='word_1_203' title='bbox 1705 2825 1858 2902; x_wconf 88' lang='lat' dir='ltr'><strong>quod</strong></span> 
     </span>
     <span class='ocr_line' id='line_1_31' title="bbox 466 2906 1858 2985; baseline 0.003 -24"><span class='ocrx_word' id='word_1_204' title='bbox 466 2910 472 2917; x_wconf 84' lang='lat'><strong><em>&#39;</em></strong></span> <span class='ocrx_word' id='word_1_205' title='bbox 504 2906 747 2978; x_wconf 87' lang='lat' dir='ltr'><strong>Phara0,</strong></span> <span class='ocrx_word' id='word_1_206' title='bbox 774 2916 830 2967; x_wconf 88' lang='lat' dir='ltr'><strong>et</strong></span> <span class='ocrx_word' id='word_1_207' title='bbox 856 2912 1373 2980; x_wconf 79' lang='lat' dir='ltr'><strong>Nabuchodonosor</strong></span> <span class='ocrx_word' id='word_1_208' title='bbox 1401 2913 1462 2969; x_wconf 89' lang='lat' dir='ltr'><strong>in</strong></span> <span class='ocrx_word' id='word_1_209' title='bbox 1485 2913 1644 2969; x_wconf 91' lang='lat' dir='ltr'><strong>omni</strong></span> <span class='ocrx_word' id='word_1_210' title='bbox 1671 2909 1858 2985; x_wconf 86' lang='lat' dir='ltr'><strong>gratia</strong></span> 
     </span>
     <span class='ocr_line' id='line_1_32' title="bbox 503 2990 1858 3068; baseline -0.001 -21"><span class='ocrx_word' id='word_1_211' title='bbox 503 2993 890 3062; x_wconf 73' lang='lat' dir='ltr'><strong>praeveniente</strong></span> <span class='ocrx_word' id='word_1_212' title='bbox 931 2995 1148 3052; x_wconf 82' lang='lat' dir='ltr'><strong>fuerint</strong></span> <span class='ocrx_word' id='word_1_213' title='bbox 1167 2995 1410 3068; x_wconf 67' lang='lat' dir='ltr'><strong>aequales</strong></span> <span class='ocrx_word' id='word_1_214' title='bbox 1425 3013 1445 3062; x_wconf 90' lang='lat'><strong>,·</strong></span> <span class='ocrx_word' id='word_1_215' title='bbox 1469 3000 1526 3051; x_wconf 91' lang='lat' dir='ltr'><strong>et</strong></span> <span class='ocrx_word' id='word_1_216' title='bbox 1553 2990 1858 3049; x_wconf 91' lang='lat' dir='ltr'><strong>nihilomi-</strong></span> 
     </span>
     <span class='ocr_line' id='line_1_33' title="bbox 502 3070 1859 3143; baseline -0.001 -15"><span class='ocrx_word' id='word_1_217' title='bbox 502 3088 612 3128; x_wconf 89' lang='lat' dir='ltr'><strong>nus</strong></span> <span class='ocrx_word' id='word_1_218' title='bbox 635 3074 739 3130; x_wconf 89' lang='lat' dir='ltr'><strong>illa</strong></span> <span class='ocrx_word' id='word_1_219' title='bbox 761 3074 824 3130; x_wconf 90' lang='lat' dir='ltr'><strong>in</strong></span> <span class='ocrx_word' id='word_1_220' title='bbox 852 3091 968 3132; x_wconf 91' lang='lat' dir='ltr'><strong>uno</strong></span> <span class='ocrx_word' id='word_1_221' title='bbox 991 3075 1099 3131; x_wconf 80' lang='lat' dir='ltr'><strong>fuit</strong></span> <span class='ocrx_word' id='word_1_222' title='bbox 1124 3074 1335 3143; x_wconf 87' lang='lat' dir='ltr'><strong>efficax,</strong></span> <span class='ocrx_word' id='word_1_223' title='bbox 1368 3081 1425 3131; x_wconf 95' lang='lat' dir='ltr'><strong>et</strong></span> <span class='ocrx_word' id='word_1_224' title='bbox 1458 3076 1520 3130; x_wconf 88' lang='lat' dir='ltr'><strong>in</strong></span> <span class='ocrx_word' id='word_1_225' title='bbox 1548 3073 1664 3130; x_wconf 88' lang='lat' dir='ltr'><strong>alio</strong></span> <span class='ocrx_word' id='word_1_226' title='bbox 1704 3070 1859 3128; x_wconf 81' lang='lat' dir='ltr'><strong>ines-</strong></span> 
     </span>
     <span class='ocr_line' id='line_1_34' title="bbox 500 3152 1859 3227; baseline -0.001 -19"><span class='ocrx_word' id='word_1_227' title='bbox 500 3152 673 3219; x_wconf 85' lang='lat' dir='ltr'><strong>ficax;</strong></span> <span class='ocrx_word' id='word_1_228' title='bbox 702 3154 987 3227; x_wconf 89' lang='lat' dir='ltr'><strong>siquidem</strong></span> <span class='ocrx_word' id='word_1_229' title='bbox 1016 3156 1242 3213; x_wconf 85' lang='lat' dir='ltr'><strong>Pharao</strong></span> <span class='ocrx_word' id='word_1_230' title='bbox 1265 3156 1326 3211; x_wconf 88' lang='lat' dir='ltr'><strong>in</strong></span> <span class='ocrx_word' id='word_1_231' title='bbox 1352 3172 1454 3212; x_wconf 87' lang='lat' dir='ltr'><strong>sua</strong></span> <span class='ocrx_word' id='word_1_232' title='bbox 1480 3152 1859 3211; x_wconf 84' lang='lat' dir='ltr'><strong>obduratione</strong></span> 
     </span>
     <span class='ocr_line' id='line_1_35' title="bbox 503 3235 1855 3306; baseline -0.002 -16"><span class='ocrx_word' id='word_1_233' title='bbox 503 3235 777 3306; x_wconf 87' lang='lat' dir='ltr'><strong>persistit,</strong></span> <span class='ocrx_word' id='word_1_234' title='bbox 803 3242 860 3292; x_wconf 89' lang='lat' dir='ltr'><strong>et</strong></span> <span class='ocrx_word' id='word_1_235' title='bbox 879 3236 1400 3294; x_wconf 87' lang='lat' dir='ltr'><strong>Nabuchodonosor</strong></span> <span class='ocrx_word' id='word_1_236' title='bbox 1420 3250 1729 3293; x_wconf 86' lang='lat' dir='ltr'><strong>conversus</strong></span> <span class='ocrx_word' id='word_1_237' title='bbox 1750 3237 1855 3290; x_wconf 89' lang='lat' dir='ltr'><strong>est:</strong></span> 
     </span>
     <span class='ocr_line' id='line_1_36' title="bbox 501 3313 1861 3390; baseline -0.002 -19"><span class='ocrx_word' id='word_1_238' title='bbox 501 3329 636 3387; x_wconf 86' lang='lat' dir='ltr'><strong>ergo</strong></span> <span class='ocrx_word' id='word_1_239' title='bbox 670 3315 825 3372; x_wconf 85' lang='lat' dir='ltr'><strong>idem</strong></span> <span class='ocrx_word' id='word_1_240' title='bbox 854 3317 1159 3384; x_wconf 88' lang='lat' dir='ltr'><strong>auxilium,</strong></span> <span class='ocrx_word' id='word_1_241' title='bbox 1191 3316 1340 3390; x_wconf 92' lang='lat' dir='ltr'><strong>quod</strong></span> <span class='ocrx_word' id='word_1_242' title='bbox 1368 3317 1430 3372; x_wconf 91' lang='lat' dir='ltr'><strong>in</strong></span> <span class='ocrx_word' id='word_1_243' title='bbox 1459 3332 1573 3372; x_wconf 90' lang='lat' dir='ltr'><strong>uno</strong></span> <span class='ocrx_word' id='word_1_244' title='bbox 1602 3313 1861 3370; x_wconf 79' lang='lat' dir='ltr'><strong>fuit&#39;effi-</strong></span> 
     </span>
     <span class='ocr_line' id='line_1_37' title="bbox 501 3393 1858 3467; baseline -0.001 -17"><span class='ocrx_word' id='word_1_245' title='bbox 501 3410 623 3463; x_wconf 85' lang='lat' dir='ltr'><strong>cax,</strong></span> <span class='ocrx_word' id='word_1_246' title='bbox 659 3394 769 3450; x_wconf 78' lang='lat' dir='ltr'><strong>fuit</strong></span> <span class='ocrx_word' id='word_1_247' title='bbox 790 3397 1051 3454; x_wconf 86' lang='lat' dir='ltr'><strong>inefficax</strong></span> <span class='ocrx_word' id='word_1_248' title='bbox 1078 3397 1141 3453; x_wconf 89' lang='lat' dir='ltr'><strong>in</strong></span> <span class='ocrx_word' id='word_1_249' title='bbox 1165 3398 1299 3455; x_wconf 89' lang='lat' dir='ltr'><strong>alio.</strong></span> <span class='ocrx_word' id='word_1_250' title='bbox 1317 3397 1527 3458; x_wconf 81' lang='lat' dir='ltr'><strong>Tertio.</strong></span> <span class='ocrx_word' id='word_1_251' title='bbox 1548 3395 1682 3467; x_wconf 88' lang='lat' dir='ltr'><strong>quia</strong></span> <span class='ocrx_word' id='word_1_252' title='bbox 1704 3393 1858 3449; x_wconf 90' lang='lat' dir='ltr'><strong>idem</strong></span> 
     </span>
     <span class='ocr_line' id='line_1_38' title="bbox 501 3476 1855 3549; baseline 0 -19"><span class='ocrx_word' id='word_1_253' title='bbox 501 3477 556 3533; x_wconf 90' lang='lat' dir='ltr'><strong>S.</strong></span> <span class='ocrx_word' id='word_1_254' title='bbox 603 3478 809 3535; x_wconf 87' lang='lat' dir='ltr'><strong>Doctor</strong></span> <span class='ocrx_word' id='word_1_255' title='bbox 836 3481 895 3534; x_wconf 80' lang='lat' dir='ltr'><strong>in</strong></span> <span class='ocrx_word' id='word_1_256' title='bbox 917 3479 1009 3535; x_wconf 83' lang='lat' dir='ltr'><strong>lib.</strong></span> <span class='ocrx_word' id='word_1_257' title='bbox 1055 3482 1136 3545; x_wconf 82' lang='grc'><strong>12,</strong></span> <span class='ocrx_word' id='word_1_258' title='bbox 1167 3480 1232 3534; x_wconf 81' lang='lat' dir='ltr'><strong>de</strong></span> <span class='ocrx_word' id='word_1_259' title='bbox 1256 3481 1477 3535; x_wconf 80' lang='lat' dir='ltr'><strong>civitate</strong></span> <span class='ocrx_word' id='word_1_260' title='bbox 1499 3476 1622 3544; x_wconf 86' lang='lat' dir='ltr'><strong>Dei,</strong></span> <span class='ocrx_word' id='word_1_261' title='bbox 1650 3493 1770 3549; x_wconf 80' lang='lat' dir='ltr'><strong>cap.</strong></span> <span class='ocrx_word' id='word_1_262' title='bbox 1802 3477 1855 3542; x_wconf 90' lang='lat'><strong>6,</strong></span> 
     </span>
     <span class='ocr_line' id='line_1_39' title="bbox 503 3556 1859 3636; baseline -0.003 -20"><span class='ocrx_word' id='word_1_263' title='bbox 503 3560 725 3629; x_wconf 82' lang='lat' dir='ltr'><strong>asserit,</strong></span> <span class='ocrx_word' id='word_1_264' title='bbox 757 3561 905 3635; x_wconf 86' lang='lat' dir='ltr'><strong>quod</strong></span> <span class='ocrx_word' id='word_1_265' title='bbox 946 3563 994 3618; x_wconf 91' lang='lat' dir='ltr'><strong>si</strong></span> <span class='ocrx_word' id='word_1_266' title='bbox 1036 3561 1150 3619; x_wconf 90' lang='lat' dir='ltr'><strong>duo</strong></span> <span class='ocrx_word' id='word_1_267' title='bbox 1179 3563 1419 3636; x_wconf 87' lang='lat' dir='ltr'><strong>juvenes</strong></span> <span class='ocrx_word' id='word_1_268' title='bbox 1446 3558 1742 3633; x_wconf 82' lang='lat' dir='ltr'><strong>aequaliter</strong></span> <span class='ocrx_word' id='word_1_269' title='bbox 1770 3556 1859 3612; x_wconf 80' lang='lat' dir='ltr'><strong>af-</strong></span> 
     </span>
     <span class='ocr_line' id='line_1_40' title="bbox 504 3637 1854 3717; baseline -0.003 -20"><span class='ocrx_word' id='word_1_270' title='bbox 504 3641 650 3710; x_wconf 78' lang='lat' dir='ltr'><strong>fecti,</strong></span> <span class='ocrx_word' id='word_1_271' title='bbox 683 3642 807 3698; x_wconf 89' lang='lat' dir='ltr'><strong>visa</strong></span> <span class='ocrx_word' id='word_1_272' title='bbox 835 3643 1077 3717; x_wconf 83' lang='lat' dir='ltr'><strong>alicujus</strong></span> <span class='ocrx_word' id='word_1_273' title='bbox 1104 3643 1369 3699; x_wconf 88' lang='lat' dir='ltr'><strong>mulieris</strong></span> <span class='ocrx_word' id='word_1_274' title='bbox 1410 3637 1854 3714; x_wconf 85' lang='lat' dir='ltr'><strong>pulchritudine,</strong></span> 
     </span>
     <span class='ocr_line' id='line_1_41' title="bbox 504 3721 1860 3797; baseline -0.003 -19"><span class='ocrx_word' id='word_1_275' title='bbox 504 3723 649 3779; x_wconf 88' lang='lat' dir='ltr'><strong>alter</strong></span> <span class='ocrx_word' id='word_1_276' title='bbox 676 3739 805 3782; x_wconf 89' lang='lat' dir='ltr'><strong>eam</strong></span> <span class='ocrx_word' id='word_1_277' title='bbox 832 3723 1206 3797; x_wconf 86' lang='lat' dir='ltr'><strong>concupiscat,</strong></span> <span class='ocrx_word' id='word_1_278' title='bbox 1234 3729 1289 3780; x_wconf 90' lang='lat' dir='ltr'><strong>et</strong></span> <span class='ocrx_word' id='word_1_279' title='bbox 1311 3725 1457 3780; x_wconf 90' lang='lat' dir='ltr'><strong>alter</strong></span> <span class='ocrx_word' id='word_1_280' title='bbox 1480 3721 1705 3778; x_wconf 87' lang='lat' dir='ltr'><strong>resistat</strong></span> <span class='ocrx_word' id='word_1_281' title='bbox 1730 3734 1860 3775; x_wconf 89' lang='lat' dir='ltr'><strong>con-</strong></span> 
     </span>
     <span class='ocr_line' id='line_1_42' title="bbox 500 3800 1860 3878; baseline -0.002 -19"><span class='ocrx_word' id='word_1_282' title='bbox 500 3803 893 3876; x_wconf 61' lang='lat' dir='ltr'><strong>cupiscentiam</strong></span> <span class='ocrx_word' id='word_1_283' title='bbox 943 3810 1079 3860; x_wconf 90' lang='lat' dir='ltr'><strong>tunc</strong></span> <span class='ocrx_word' id='word_1_284' title='bbox 1113 3821 1281 3861; x_wconf 88' lang='lat' dir='ltr'><strong>causa</strong></span> <span class='ocrx_word' id='word_1_285' title='bbox 1326 3804 1495 3878; x_wconf 89' lang='lat' dir='ltr'><strong>hujus</strong></span> <span class='ocrx_word' id='word_1_286' title='bbox 1521 3800 1860 3858; x_wconf 65' lang='lat' dir='ltr'><strong>differentiae</strong></span> 
     </span>
     <span class='ocr_line' id='line_1_43' title="bbox 503 3883 1859 3942; baseline -0.001 -4"><span class='ocrx_word' id='word_1_287' title='bbox 503 3885 566 3939; x_wconf 91' lang='lat' dir='ltr'><strong>in</strong></span> <span class='ocrx_word' id='word_1_288' title='bbox 616 3898 820 3941; x_wconf 89' lang='lat' dir='ltr'><strong>eorum</strong></span> <span class='ocrx_word' id='word_1_289' title='bbox 874 3884 1183 3942; x_wconf 84' lang='lat' dir='ltr'><strong>arbitrium</strong></span> <span class='ocrx_word' id='word_1_290' title='bbox 1238 3883 1513 3942; x_wconf 85' lang='lat' dir='ltr'><strong>vertenda</strong></span> <span class='ocrx_word' id='word_1_291' title='bbox 1560 3888 1645 3939; x_wconf 90' lang='lat' dir='ltr'><strong>est</strong></span> <span class='ocrx_word' id='word_1_292' title='bbox 1677 3903 1691 3937; x_wconf 72' lang='grc' dir='ltr'><strong><em>ε</em></strong></span> <span class='ocrx_word' id='word_1_293' title='bbox 1722 3897 1859 3937; x_wconf 90' lang='lat' dir='ltr'><strong>nam</strong></span> 
     </span>
     <span class='ocr_line' id='line_1_44' title="bbox 505 3960 1861 4040; baseline -0.001 -20"><span class='ocrx_word' id='word_1_294' title='bbox 505 3963 651 4021; x_wconf 87' lang='lat' dir='ltr'><strong>alter</strong></span> <span class='ocrx_word' id='word_1_295' title='bbox 683 3964 863 4020; x_wconf 82' lang='lat' dir='ltr'><strong>voluit</strong></span> <span class='ocrx_word' id='word_1_296' title='bbox 883 3968 1295 4040; x_wconf 86' lang='lat' dir='ltr'><strong>concupiscere,</strong></span> <span class='ocrx_word' id='word_1_297' title='bbox 1323 3967 1465 4022; x_wconf 88' lang='lat' dir='ltr'><strong>alter</strong></span> <span class='ocrx_word' id='word_1_298' title='bbox 1494 3963 1680 4020; x_wconf 89' lang='lat' dir='ltr'><strong>noluit</strong></span> <span class='ocrx_word' id='word_1_299' title='bbox 1703 3960 1861 4019; x_wconf 89' lang='lat' dir='ltr'><strong>dese·</strong></span> 
     </span>
     <span class='ocr_line' id='line_1_45' title="bbox 507 4042 1859 4113; baseline -0.003 -12"><span class='ocrx_word' id='word_1_300' title='bbox 507 4061 634 4103; x_wconf 88' lang='lat' dir='ltr'><strong>rere</strong></span> <span class='ocrx_word' id='word_1_301' title='bbox 661 4046 977 4103; x_wconf 86' lang='lat' dir='ltr'><strong>castitatem</strong></span> <span class='ocrx_word' id='word_1_302' title='bbox 1009 4070 1023 4104; x_wconf 90' lang='lat'>:</span> <span class='ocrx_word' id='word_1_303' title='bbox 1051 4053 1108 4104; x_wconf 91' lang='lat' dir='ltr'><strong>et</strong></span> <span class='ocrx_word' id='word_1_304' title='bbox 1127 4055 1341 4113; x_wconf 87' lang='lat' dir='ltr'><strong>tamen,</strong></span> <span class='ocrx_word' id='word_1_305' title='bbox 1374 4052 1436 4101; x_wconf 91' lang='lat' dir='ltr'><strong>ut</strong></span> <span class='ocrx_word' id='word_1_306' title='bbox 1462 4061 1622 4101; x_wconf 88' lang='lat' dir='ltr'><strong>casus</strong></span> <span class='ocrx_word' id='word_1_307' title='bbox 1641 4042 1711 4100; x_wconf 90' lang='lat' dir='ltr'><strong>ab</strong></span> <span class='ocrx_word' id='word_1_308' title='bbox 1737 4046 1859 4098; x_wconf 81' lang='lat' dir='ltr'><strong>Au-</strong></span> 
     </span>
     <span class='ocr_line' id='line_1_46' title="bbox 503 4125 1859 4203; baseline -0.002 -20"><span class='ocrx_word' id='word_1_309' title='bbox 503 4128 733 4203; x_wconf 90' lang='lat' dir='ltr'><strong>gustino</strong></span> <span class='ocrx_word' id='word_1_310' title='bbox 756 4129 1077 4201; x_wconf 89' lang='lat' dir='ltr'><strong>propositus</strong></span> <span class='ocrx_word' id='word_1_311' title='bbox 1099 4128 1315 4201; x_wconf 90' lang='lat' dir='ltr'><strong>aliquid</strong></span> <span class='ocrx_word' id='word_1_312' title='bbox 1337 4126 1587 4192; x_wconf 89' lang='lat' dir='ltr'><strong>suadeat,</strong></span> <span class='ocrx_word' id='word_1_313' title='bbox 1613 4125 1859 4198; x_wconf 87' lang='lat' dir='ltr'><strong>supponi</strong></span> 
     </span>
     <span class='ocr_line' id='line_1_47' title="bbox 500 4209 1860 4285; baseline 0 -20"><span class='ocrx_word' id='word_1_314' title='bbox 500 4209 666 4267; x_wconf 90' lang='lat' dir='ltr'><strong>debet</strong></span> <span class='ocrx_word' id='word_1_315' title='bbox 692 4210 824 4267; x_wconf 90' lang='lat' dir='ltr'><strong>illos</strong></span> <span class='ocrx_word' id='word_1_316' title='bbox 841 4210 1081 4285; x_wconf 86' lang='lat' dir='ltr'><strong>juvenes</strong></span> <span class='ocrx_word' id='word_1_317' title='bbox 1108 4211 1376 4268; x_wconf 89' lang='lat' dir='ltr'><strong>habuisse</strong></span> <span class='ocrx_word' id='word_1_318' title='bbox 1399 4209 1644 4284; x_wconf 82' lang='lat' dir='ltr'><strong>gratiam</strong></span> <span class='ocrx_word' id='word_1_319' title='bbox 1667 4223 1860 4281; x_wconf 86' lang='lat' dir='ltr'><strong>aequa-</strong></span> 
     </span>
     <span class='ocr_line' id='line_1_48' title="bbox 501 4289 1861 4364; baseline 0 -18"><span class='ocrx_word' id='word_1_320' title='bbox 501 4292 634 4360; x_wconf 88' lang='lat' dir='ltr'><strong>lem,</strong></span> <span class='ocrx_word' id='word_1_321' title='bbox 680 4292 773 4349; x_wconf 87' lang='lat' dir='ltr'><strong>vel</strong></span> <span class='ocrx_word' id='word_1_322' title='bbox 824 4292 1119 4364; x_wconf 82' lang='lat' dir='ltr'><strong>aequaliter</strong></span> <span class='ocrx_word' id='word_1_323' title='bbox 1160 4292 1349 4364; x_wconf 86' lang='lat' dir='ltr'><strong>gratia</strong></span> <span class='ocrx_word' id='word_1_324' title='bbox 1394 4289 1643 4347; x_wconf 89' lang='lat' dir='ltr'><strong>caruisse</strong></span> <span class='ocrx_word' id='word_1_325' title='bbox 1681 4303 1861 4363; x_wconf 87' lang='lat' dir='ltr'><strong>:ergo</strong></span> 
     </span>
     <span class='ocr_line' id='line_1_49' title="bbox 502 4367 1861 4445; baseline -0.001 -19"><span class='ocrx_word' id='word_1_326' title='bbox 502 4372 807 4439; x_wconf 87' lang='lat' dir='ltr'><strong>auxilium,</strong></span> <span class='ocrx_word' id='word_1_327' title='bbox 838 4370 988 4445; x_wconf 91' lang='lat' dir='ltr'><strong>quod</strong></span> <span class='ocrx_word' id='word_1_328' title='bbox 1007 4371 1092 4427; x_wconf 80' lang='lat' dir='ltr'><strong>est</strong></span> <span class='ocrx_word' id='word_1_329' title='bbox 1109 4370 1304 4428; x_wconf 87' lang='lat' dir='ltr'><strong>efficax</strong></span> <span class='ocrx_word' id='word_1_330' title='bbox 1326 4371 1387 4427; x_wconf 91' lang='lat' dir='ltr'><strong>in</strong></span> <span class='ocrx_word' id='word_1_331' title='bbox 1421 4385 1555 4435; x_wconf 90' lang='lat' dir='ltr'><strong>uno,</strong></span> <span class='ocrx_word' id='word_1_332' title='bbox 1573 4375 1658 4425; x_wconf 89' lang='lat' dir='ltr'><strong>est</strong></span> <span class='ocrx_word' id='word_1_333' title='bbox 1681 4367 1861 4425; x_wconf 87' lang='lat' dir='ltr'><strong>ineffi-</strong></span> 
     </span>
     <span class='ocr_line' id='line_1_50' title="bbox 500 4449 1856 4526; baseline -0.001 -20"><span class='ocrx_word' id='word_1_334' title='bbox 500 4467 605 4508; x_wconf 86' lang='lat' dir='ltr'><strong>cax</strong></span> <span class='ocrx_word' id='word_1_335' title='bbox 626 4452 688 4509; x_wconf 91' lang='lat' dir='ltr'><strong>in</strong></span> <span class='ocrx_word' id='word_1_336' title='bbox 712 4453 843 4509; x_wconf 91' lang='lat' dir='ltr'><strong>alio.</strong></span> <span class='ocrx_word' id='word_1_337' title='bbox 873 4455 1105 4521; x_wconf 84' lang='lat' dir='ltr'><strong>QuartO,</strong></span> <span class='ocrx_word' id='word_1_338' title='bbox 1130 4451 1351 4524; x_wconf 88' lang='lat' dir='ltr'><strong>quia-D.</strong></span> <span class='ocrx_word' id='word_1_339' title='bbox 1373 4450 1623 4526; x_wconf 85' lang='lat' dir='ltr'><strong>Cyrillus</strong></span> <span class='ocrx_word' id='word_1_340' title='bbox 1650 4449 1742 4505; x_wconf 81' lang='lat' dir='ltr'><strong>lib.</strong></span> <span class='ocrx_word' id='word_1_341' title='bbox 1771 4451 1856 4515; x_wconf 92' lang='lat' dir='ltr'><strong>ll,</strong></span> 
     </span>
     <span class='ocr_line' id='line_1_51' title="bbox 504 4530 1861 4610; baseline -0.001 -20"><span class='ocrx_word' id='word_1_342' title='bbox 504 4536 567 4590; x_wconf 81' lang='lat' dir='ltr'><strong>in</strong></span> <span class='ocrx_word' id='word_1_343' title='bbox 610 4535 779 4594; x_wconf 81' lang='lat' dir='ltr'><strong>Joan.</strong></span> <span class='ocrx_word' id='word_1_344' title='bbox 808 4554 929 4610; x_wconf 85' lang='lat' dir='ltr'><strong>cap.</strong></span> <span class='ocrx_word' id='word_1_345' title='bbox 954 4538 1057 4604; x_wconf 86' lang='grc'><strong>21,</strong></span> <span class='ocrx_word' id='word_1_346' title='bbox 1102 4535 1306 4592; x_wconf 87' lang='lat' dir='ltr'><strong>asserit</strong></span> <span class='ocrx_word' id='word_1_347' title='bbox 1342 4533 1548 4590; x_wconf 83' lang='lat' dir='ltr'><strong>Judam</strong></span> <span class='ocrx_word' id='word_1_348' title='bbox 1594 4530 1861 4589; x_wconf 88' lang='lat' dir='ltr'><strong>habuisse</strong></span> 
     </span>
     <span class='ocr_line' id='line_1_52' title="bbox 503 4614 1860 4690; baseline -0.001 -16"><span class='ocrx_word' id='word_1_349' title='bbox 503 4617 659 4674; x_wconf 90' lang='lat' dir='ltr'><strong>idem</strong></span> <span class='ocrx_word' id='word_1_350' title='bbox 707 4620 991 4675; x_wconf 88' lang='lat' dir='ltr'><strong>auxilium</strong></span> <span class='ocrx_word' id='word_1_351' title='bbox 1034 4617 1105 4675; x_wconf 90' lang='lat' dir='ltr'><strong>ad</strong></span> <span class='ocrx_word' id='word_1_352' title='bbox 1144 4614 1666 4690; x_wconf 87' lang='lat' dir='ltr'><strong>perseverandum,</strong></span> <span class='ocrx_word' id='word_1_353' title='bbox 1709 4614 1860 4688; x_wconf 90' lang='lat' dir='ltr'><strong>quod</strong></span> 
     </span>
     <span class='ocr_line' id='line_1_53' title="bbox 503 4694 1858 4771; baseline -0.003 -17"><span class='ocrx_word' id='word_1_354' title='bbox 503 4697 635 4754; x_wconf 87' lang='lat' dir='ltr'><strong>aliis</strong></span> <span class='ocrx_word' id='word_1_355' title='bbox 680 4699 964 4771; x_wconf 85' lang='lat' dir='ltr'><strong>Apostolis</strong></span> <span class='ocrx_word' id='word_1_356' title='bbox 1009 4699 1279 4757; x_wconf 88' lang='lat' dir='ltr'><strong>collatum</strong></span> <span class='ocrx_word' id='word_1_357' title='bbox 1306 4701 1422 4764; x_wconf 87' lang='lat' dir='ltr'><strong>est;</strong></span> <span class='ocrx_word' id='word_1_358' title='bbox 1469 4702 1524 4753; x_wconf 91' lang='lat' dir='ltr'><strong>et</strong></span> <span class='ocrx_word' id='word_1_359' title='bbox 1577 4701 1772 4752; x_wconf 89' lang='lat' dir='ltr'><strong>tamen</strong></span> <span class='ocrx_word' id='word_1_360' title='bbox 1797 4694 1858 4750; x_wconf 90' lang='lat' dir='ltr'><strong>hi</strong></span> 
     </span>
     <span class='ocr_line' id='line_1_54' title="bbox 506 4773 1861 4852; baseline -0.004 -17"><span class='ocrx_word' id='word_1_361' title='bbox 506 4779 896 4852; x_wconf 89' lang='lat' dir='ltr'><strong>perstiterunt,</strong></span> <span class='ocrx_word' id='word_1_362' title='bbox 940 4781 1042 4836; x_wconf 91' lang='lat' dir='ltr'><strong>ille</strong></span> <span class='ocrx_word' id='word_1_363' title='bbox 1069 4778 1276 4836; x_wconf 75' lang='lat' dir='ltr'><strong>defecit</strong></span> <span class='ocrx_word' id='word_1_364' title='bbox 1307 4798 1320 4833; x_wconf 90' lang='lat'>:</span> <span class='ocrx_word' id='word_1_365' title='bbox 1349 4793 1486 4851; x_wconf 89' lang='lat' dir='ltr'><strong>ergo</strong></span> <span class='ocrx_word' id='word_1_366' title='bbox 1512 4774 1665 4833; x_wconf 87' lang='lat' dir='ltr'><strong>idem</strong></span> <span class='ocrx_word' id='word_1_367' title='bbox 1710 4773 1861 4848; x_wconf 88' lang='lat' dir='ltr'><strong>quod</strong></span> 
     </span>
     <span class='ocr_line' id='line_1_55' title="bbox 505 4854 1863 4931; baseline -0.002 -17"><span class='ocrx_word' id='word_1_368' title='bbox 505 4859 688 4931; x_wconf 76' lang='lat' dir='ltr'><strong>priua.</strong></span> <span class='ocrx_word' id='word_1_369' title='bbox 717 4859 948 4926; x_wconf 88' lang='lat' dir='ltr'><strong>Quinto,</strong></span> <span class='ocrx_word' id='word_1_370' title='bbox 977 4866 1034 4917; x_wconf 89' lang='lat' dir='ltr'><strong>et</strong></span> <span class='ocrx_word' id='word_1_371' title='bbox 1078 4858 1320 4925; x_wconf 88' lang='lat' dir='ltr'><strong>ultimo;</strong></span> <span class='ocrx_word' id='word_1_372' title='bbox 1348 4856 1483 4928; x_wconf 89' lang='lat' dir='ltr'><strong>quia</strong></span> <span class='ocrx_word' id='word_1_373' title='bbox 1520 4854 1719 4912; x_wconf 85' lang='lat' dir='ltr'><strong>eadem</strong></span> <span class='ocrx_word' id='word_1_374' title='bbox 1764 4868 1863 4911; x_wconf 89' lang='lat' dir='ltr'><strong>vo·</strong></span> 
     </span>
     <span class='ocr_line' id='line_1_56' title="bbox 501 4936 1861 5000; baseline -0.007 0"><span class='ocrx_word' id='word_1_375' title='bbox 501 4936 726 5000; x_wconf 85' lang='lat' dir='ltr'><strong>catione</strong></span> <span class='ocrx_word' id='word_1_376' title='bbox 762 4940 932 4997; x_wconf 86' lang='lat' dir='ltr'><strong>multi</strong></span> <span class='ocrx_word' id='word_1_377' title='bbox 986 4941 1168 4998; x_wconf 87' lang='lat' dir='ltr'><strong>vocati</strong></span> <span class='ocrx_word' id='word_1_378' title='bbox 1220 4939 1456 4996; x_wconf 78' lang='lat' dir='ltr'><strong>fuerunt</strong></span> <span class='ocrx_word' id='word_1_379' title='bbox 1510 4936 1581 4994; x_wconf 89' lang='lat' dir='ltr'><strong>ad</strong></span> <span class='ocrx_word' id='word_1_380' title='bbox 1639 4951 1861 4994; x_wconf 86' lang='lat' dir='ltr'><strong>coenam</strong></span> 
     </span>
     <span class='ocr_line' id='line_1_57' title="bbox 503 5017 1860 5100; baseline -0.006 -19"><span class='ocrx_word' id='word_1_381' title='bbox 503 5039 797 5100; x_wconf 87' lang='lat' dir='ltr'><strong>magnam,</strong></span> <span class='ocrx_word' id='word_1_382' title='bbox 827 5020 981 5078; x_wconf 71' lang='lat' dir='ltr'><strong>Lucae</strong></span> <span class='ocrx_word' id='word_1_383' title='bbox 1016 5022 1098 5088; x_wconf 81' lang='lat'><strong>14,</strong></span> <span class='ocrx_word' id='word_1_384' title='bbox 1130 5025 1193 5076; x_wconf 90' lang='lat' dir='ltr'><strong>ut</strong></span> <span class='ocrx_word' id='word_1_385' title='bbox 1211 5018 1371 5078; x_wconf 90' lang='lat' dir='ltr'><strong>docet</strong></span> <span class='ocrx_word' id='word_1_386' title='bbox 1390 5019 1740 5093; x_wconf 85' lang='lat' dir='ltr'><strong>Augustinus</strong></span> <span class='ocrx_word' id='word_1_387' title='bbox 1763 5017 1860 5073; x_wconf 83' lang='lat' dir='ltr'><strong>lib.</strong></span> 
     </span>
    </p>
   </div>
   <div class='ocr_carea' id='block_1_6' title="bbox 1984 642 3594 2090">
    <p class='ocr_par' dir='ltr' id='par_1_6' title="bbox 1984 642 3594 2090">
     <span class='ocr_line' id='line_1_58' title="bbox 1984 642 3434 715; baseline -0.005 -10"><span class='ocrx_word' id='word_1_388' title='bbox 1984 664 2093 705; x_wconf 87' lang='lat' dir='ltr'><strong>nus</strong></span> <span class='ocrx_word' id='word_1_389' title='bbox 2114 651 2219 708; x_wconf 88' lang='lat' dir='ltr'><strong>illa</strong></span> <span class='ocrx_word' id='word_1_390' title='bbox 2240 653 2456 710; x_wconf 86' lang='lat' dir='ltr'><strong>vocatio</strong></span> <span class='ocrx_word' id='word_1_391' title='bbox 2484 648 2803 706; x_wconf 79' lang='lat' dir='ltr'><strong>fuitefficax</strong></span> <span class='ocrx_word' id='word_1_392' title='bbox 2822 644 3052 702; x_wconf 83' lang='lat' dir='ltr'><strong>inillis</strong></span> <span class='ocrx_word' id='word_1_393' title='bbox 3068 642 3193 715; x_wconf 88' lang='lat' dir='ltr'><strong>qui</strong></span> <span class='ocrx_word' id='word_1_394' title='bbox 3227 655 3434 698; x_wconf 84' lang='lat' dir='ltr'><strong>vene-</strong></span> 
     </span>
     <span class='ocr_line' id='line_1_59' title="bbox 1984 726 3434 800; baseline -0.006 -13"><span class='ocrx_word' id='word_1_395' title='bbox 1984 738 2156 800; x_wconf 87' lang='lat' dir='ltr'><strong>runt;</strong></span> <span class='ocrx_word' id='word_1_396' title='bbox 2215 740 2272 790; x_wconf 90' lang='lat' dir='ltr'><strong>et</strong></span> <span class='ocrx_word' id='word_1_397' title='bbox 2321 733 2584 791; x_wconf 85' lang='lat' dir='ltr'><strong>inefficax</strong></span> <span class='ocrx_word' id='word_1_398' title='bbox 2627 732 2691 787; x_wconf 89' lang='lat' dir='ltr'><strong>in</strong></span> <span class='ocrx_word' id='word_1_399' title='bbox 2735 730 2819 786; x_wconf 90' lang='lat' dir='ltr'><strong>eis</strong></span> <span class='ocrx_word' id='word_1_400' title='bbox 2863 726 2960 800; x_wconf 90' lang='lat' dir='ltr'><strong>qui</strong></span> <span class='ocrx_word' id='word_1_401' title='bbox 3027 729 3434 783; x_wconf 86' lang='lat' dir='ltr'><strong>recusarunt</strong></span> 
     </span>
     <span class='ocr_line' id='line_1_60' title="bbox 1985 805 3428 889; baseline -0.006 -20"><span class='ocrx_word' id='word_1_402' title='bbox 1985 814 2190 872; x_wconf 88' lang='lat' dir='ltr'><strong>venire</strong></span> <span class='ocrx_word' id='word_1_403' title='bbox 2222 837 2235 872; x_wconf 74' lang='lat' dir='ltr'><em>z</em></span> <span class='ocrx_word' id='word_1_404' title='bbox 2266 815 2419 872; x_wconf 92' lang='lat' dir='ltr'><strong>idem</strong></span> <span class='ocrx_word' id='word_1_405' title='bbox 2448 830 2583 889; x_wconf 90' lang='lat' dir='ltr'><strong>ergo</strong></span> <span class='ocrx_word' id='word_1_406' title='bbox 2613 812 2896 870; x_wconf 86' lang='lat' dir='ltr'><strong>auxilium</strong></span> <span class='ocrx_word' id='word_1_407' title='bbox 2919 806 3128 864; x_wconf 83' lang='lat' dir='ltr'><strong>habet</strong></span> <span class='ocrx_word' id='word_1_408' title='bbox 3158 821 3306 864; x_wconf 91' lang='lat' dir='ltr'><strong>esse</strong></span> <span class='ocrx_word' id='word_1_409' title='bbox 3328 805 3428 862; x_wconf 77' lang='lat' dir='ltr'><strong>ef-</strong></span> 
     </span>
     <span class='ocr_line' id='line_1_61' title="bbox 1984 891 3016 964; baseline -0.007 -12"><span class='ocrx_word' id='word_1_410' title='bbox 1984 895 2132 953; x_wconf 83' lang='lat' dir='ltr'><strong>ficax</strong></span> <span class='ocrx_word' id='word_1_411' title='bbox 2153 896 2216 953; x_wconf 90' lang='lat' dir='ltr'><strong>in</strong></span> <span class='ocrx_word' id='word_1_412' title='bbox 2243 913 2378 964; x_wconf 91' lang='lat' dir='ltr'><strong>uno,</strong></span> <span class='ocrx_word' id='word_1_413' title='bbox 2409 901 2465 954; x_wconf 90' lang='lat' dir='ltr'><strong>et</strong></span> <span class='ocrx_word' id='word_1_414' title='bbox 2492 894 2752 952; x_wconf 81' lang='lat' dir='ltr'><strong>inefficax</strong></span> <span class='ocrx_word' id='word_1_415' title='bbox 2779 893 2842 949; x_wconf 91' lang='lat' dir='ltr'><strong>in</strong></span> <span class='ocrx_word' id='word_1_416' title='bbox 2870 891 3016 947; x_wconf 78' lang='lat' dir='ltr'><strong>alio,</strong></span> 
     </span>
     <span class='ocr_line' id='line_1_62' title="bbox 2058 966 3594 1051; baseline -0.009 -17"><span class='ocrx_word' id='word_1_417' title='bbox 2058 977 2453 1051; x_wconf 85' lang='lat' dir='ltr'><strong>Respondetur</strong></span> <span class='ocrx_word' id='word_1_418' title='bbox 2504 976 2638 1033; x_wconf 88' lang='lat' dir='ltr'><strong>huic</strong></span> <span class='ocrx_word' id='word_1_419' title='bbox 2689 975 3045 1049; x_wconf 84' lang='lat' dir='ltr'><strong>argumento</strong></span> <span class='ocrx_word' id='word_1_420' title='bbox 3113 966 3594 1043; x_wconf 63' lang='lat' dir='ltr'><strong>negandonespun-</strong></span> 
     </span>
     <span class='ocr_line' id='line_1_63' title="bbox 1985 1037 3545 1117; baseline -0.008 -2"><span class='ocrx_word' id='word_1_421' title='bbox 1985 1059 2326 1116; x_wconf 86' lang='lat' dir='ltr'><strong>antecedens</strong></span> <span class='ocrx_word' id='word_1_422' title='bbox 2373 1059 2728 1117; x_wconf 86' lang='lat' dir='ltr'><strong>intellectum</strong></span> <span class='ocrx_word' id='word_1_423' title='bbox 2773 1055 2845 1112; x_wconf 88' lang='lat' dir='ltr'><strong>de</strong></span> <span class='ocrx_word' id='word_1_424' title='bbox 2871 1053 3124 1111; x_wconf 86' lang='lat' dir='ltr'><strong>auxilio</strong></span> <span class='ocrx_word' id='word_1_425' title='bbox 3156 1049 3414 1116; x_wconf 88' lang='lat' dir='ltr'><strong>eodem,</strong></span> <span class='ocrx_word' id='word_1_426' title='bbox 3485 1037 3545 1069; x_wconf 68' lang='lat'><strong>⁵⁸⁰</strong></span> 
     </span>
     <span class='ocr_line' id='line_1_64' title="bbox 1984 1136 3417 1216; baseline -0.005 -20"><span class='ocrx_word' id='word_1_427' title='bbox 1984 1140 2135 1213; x_wconf 88' lang='lat' dir='ltr'><strong>quod</strong></span> <span class='ocrx_word' id='word_1_428' title='bbox 2177 1141 2572 1216; x_wconf 88' lang='lat' dir='ltr'><strong>undecumque</strong></span> <span class='ocrx_word' id='word_1_429' title='bbox 2605 1141 2680 1195; x_wconf 89' lang='lat' dir='ltr'><strong>sit</strong></span> <span class='ocrx_word' id='word_1_430' title='bbox 2714 1153 2946 1212; x_wconf 86' lang='lat' dir='ltr'><strong>prorsus</strong></span> <span class='ocrx_word' id='word_1_431' title='bbox 2971 1136 3170 1192; x_wconf 87' lang='lat' dir='ltr'><strong>idem</strong></span> <span class='ocrx_word' id='word_1_432' title='bbox 3213 1154 3229 1191; x_wconf 71' lang='grc' dir='ltr'><strong><em>ε</em></strong></span> <span class='ocrx_word' id='word_1_433' title='bbox 3264 1147 3417 1190; x_wconf 84' lang='lat' dir='ltr'><strong>nam</strong></span> 
     </span>
     <span class='ocr_line' id='line_1_65' title="bbox 1984 1211 3420 1294; baseline -0.008 -17"><span class='ocrx_word' id='word_1_434' title='bbox 1984 1222 2249 1294; x_wconf 90' lang='lat' dir='ltr'><strong>quamvis</strong></span> <span class='ocrx_word' id='word_1_435' title='bbox 2275 1239 2404 1279; x_wconf 89' lang='lat' dir='ltr'><strong>cum</strong></span> <span class='ocrx_word' id='word_1_436' title='bbox 2446 1220 2648 1279; x_wconf 91' lang='lat' dir='ltr'><strong>eadem</strong></span> <span class='ocrx_word' id='word_1_437' title='bbox 2673 1218 2855 1294; x_wconf 87' lang='lat' dir='ltr'><strong>gratia</strong></span> <span class='ocrx_word' id='word_1_438' title='bbox 2884 1214 3240 1273; x_wconf 85' lang='lat' dir='ltr'><strong>sufficienti</strong></span> <span class='ocrx_word' id='word_1_439' title='bbox 3272 1211 3420 1285; x_wconf 88' lang='lat' dir='ltr'><strong>qui-</strong></span> 
     </span>
     <span class='ocr_line' id='line_1_66' title="bbox 1984 1296 3417 1374; baseline -0.006 -15"><span class='ocrx_word' id='word_1_440' title='bbox 1984 1302 2118 1360; x_wconf 89' lang='lat' dir='ltr'><strong>dam</strong></span> <span class='ocrx_word' id='word_1_441' title='bbox 2166 1310 2599 1369; x_wconf 85' lang='lat' dir='ltr'><strong>convertantur,</strong></span> <span class='ocrx_word' id='word_1_442' title='bbox 2642 1309 2699 1360; x_wconf 90' lang='lat' dir='ltr'><strong>et</strong></span> <span class='ocrx_word' id='word_1_443' title='bbox 2747 1299 2982 1374; x_wconf 90' lang='lat' dir='ltr'><strong>quidam</strong></span> <span class='ocrx_word' id='word_1_444' title='bbox 3048 1296 3372 1355; x_wconf 84' lang='lat' dir='ltr'><strong>resistant</strong></span> <span class='ocrx_word' id='word_1_445' title='bbox 3399 1316 3417 1359; x_wconf 89' lang='lat'>;</span> 
     </span>
     <span class='ocr_line' id='line_1_67' title="bbox 1992 1378 3421 1459; baseline -0.007 -17"><span class='ocrx_word' id='word_1_446' title='bbox 1992 1385 2380 1443; x_wconf 90' lang='lat' dir='ltr'><strong>nihilominus</strong></span> <span class='ocrx_word' id='word_1_447' title='bbox 2407 1385 2672 1459; x_wconf 68' lang='lat' dir='ltr'><strong>praedicta</strong></span> <span class='ocrx_word' id='word_1_448' title='bbox 2692 1385 2877 1457; x_wconf 85' lang='lat' dir='ltr'><strong>gratia</strong></span> <span class='ocrx_word' id='word_1_449' title='bbox 2904 1383 2967 1438; x_wconf 91' lang='lat' dir='ltr'><strong>in</strong></span> <span class='ocrx_word' id='word_1_450' title='bbox 2994 1380 3103 1437; x_wconf 88' lang='lat' dir='ltr'><strong>eis</strong></span> <span class='ocrx_word' id='word_1_451' title='bbox 3127 1378 3249 1451; x_wconf 87' lang='lat' dir='ltr'><strong>qui</strong></span> <span class='ocrx_word' id='word_1_452' title='bbox 3276 1391 3421 1433; x_wconf 91' lang='lat' dir='ltr'><strong>con-</strong></span> 
     </span>
     <span class='ocr_line' id='line_1_68' title="bbox 1988 1458 3415 1538; baseline -0.008 -15"><span class='ocrx_word' id='word_1_453' title='bbox 1988 1470 2311 1533; x_wconf 87' lang='lat' dir='ltr'><strong>vertuntur,</strong></span> <span class='ocrx_word' id='word_1_454' title='bbox 2337 1465 2508 1523; x_wconf 88' lang='lat' dir='ltr'><strong>habet</strong></span> <span class='ocrx_word' id='word_1_455' title='bbox 2528 1464 2858 1538; x_wconf 82' lang='lat' dir='ltr'><strong>adjunctum</strong></span> <span class='ocrx_word' id='word_1_456' title='bbox 2881 1460 3049 1519; x_wconf 89' lang='lat' dir='ltr'><strong>aliud</strong></span> <span class='ocrx_word' id='word_1_457' title='bbox 3080 1458 3415 1516; x_wconf 84' lang='lat' dir='ltr'><strong>auxilium</strong></span> 
     </span>
     <span class='ocr_line' id='line_1_69' title="bbox 1986 1541 3410 1622; baseline -0.008 -17"><span class='ocrx_word' id='word_1_458' title='bbox 1986 1563 2115 1605; x_wconf 88' lang='lat' dir='ltr'><strong>eam</strong></span> <span class='ocrx_word' id='word_1_459' title='bbox 2135 1548 2468 1622; x_wconf 83' lang='lat' dir='ltr'><strong>applicans,</strong></span> <span class='ocrx_word' id='word_1_460' title='bbox 2500 1553 2555 1603; x_wconf 90' lang='lat' dir='ltr'><strong>et</strong></span> <span class='ocrx_word' id='word_1_461' title='bbox 2595 1544 2867 1602; x_wconf 89' lang='lat' dir='ltr'><strong>reducens</strong></span> <span class='ocrx_word' id='word_1_462' title='bbox 2894 1541 2966 1600; x_wconf 89' lang='lat' dir='ltr'><strong>ad</strong></span> <span class='ocrx_word' id='word_1_463' title='bbox 3006 1541 3410 1602; x_wconf 86' lang='lat' dir='ltr'><strong>exercitum,</strong></span> 
     </span>
     <span class='ocr_line' id='line_1_70' title="bbox 1988 1619 3414 1701; baseline -0.008 -16"><span class='ocrx_word' id='word_1_464' title='bbox 1988 1635 2051 1686; x_wconf 90' lang='lat' dir='ltr'><strong>ut</strong></span> <span class='ocrx_word' id='word_1_465' title='bbox 2070 1629 2428 1687; x_wconf 88' lang='lat' dir='ltr'><strong>ostendimus</strong></span> <span class='ocrx_word' id='word_1_466' title='bbox 2448 1628 2653 1701; x_wconf 80' lang='lat' dir='ltr'><strong>disput.</strong></span> <span class='ocrx_word' id='word_1_467' title='bbox 2685 1630 2739 1694; x_wconf 73' lang='lat'><strong>4,</strong></span> <span class='ocrx_word' id='word_1_468' title='bbox 2764 1626 2890 1683; x_wconf 79' lang='lat' dir='ltr'><strong>dub.</strong></span> <span class='ocrx_word' id='word_1_469' title='bbox 2923 1626 2979 1694; x_wconf 84' lang='lat'><strong>6,</strong></span> <span class='ocrx_word' id='word_1_470' title='bbox 3010 1622 3196 1697; x_wconf 89' lang='lat' dir='ltr'><strong>quod</strong></span> <span class='ocrx_word' id='word_1_471' title='bbox 3223 1619 3414 1678; x_wconf 82' lang='lat' dir='ltr'><strong>auxi-</strong></span> 
     </span>
     <span class='ocr_line' id='line_1_71' title="bbox 1990 1707 3409 1780; baseline -0.007 -12"><span class='ocrx_word' id='word_1_472' title='bbox 1990 1713 2137 1768; x_wconf 91' lang='lat' dir='ltr'><strong>lium</strong></span> <span class='ocrx_word' id='word_1_473' title='bbox 2168 1710 2588 1776; x_wconf 84' lang='lat' dir='ltr'><strong>antecedenter,</strong></span> <span class='ocrx_word' id='word_1_474' title='bbox 2613 1715 2670 1765; x_wconf 90' lang='lat' dir='ltr'><strong>et</strong></span> <span class='ocrx_word' id='word_1_475' title='bbox 2691 1707 3176 1780; x_wconf 86' lang='lat' dir='ltr'><strong>independenter</strong></span> <span class='ocrx_word' id='word_1_476' title='bbox 3204 1720 3243 1760; x_wconf 88' lang='lat' dir='ltr'><strong>a</strong></span> <span class='ocrx_word' id='word_1_477' title='bbox 3265 1718 3409 1760; x_wconf 91' lang='lat' dir='ltr'><strong>con-</strong></span> 
     </span>
     <span class='ocr_line' id='line_1_72' title="bbox 1987 1786 3410 1863; baseline -0.009 -13"><span class='ocrx_word' id='word_1_478' title='bbox 1987 1808 2159 1850; x_wconf 88' lang='lat' dir='ltr'><strong>sensu</strong></span> <span class='ocrx_word' id='word_1_479' title='bbox 2209 1789 2554 1863; x_wconf 86' lang='lat' dir='ltr'><strong>subsequuto</strong></span> <span class='ocrx_word' id='word_1_480' title='bbox 2601 1788 2771 1856; x_wconf 80' lang='lat' dir='ltr'><strong>habet</strong></span> <span class='ocrx_word' id='word_1_481' title='bbox 2812 1786 3226 1844; x_wconf 83' lang='lat' dir='ltr'><strong>infallibilem</strong></span> <span class='ocrx_word' id='word_1_482' title='bbox 3255 1798 3410 1838; x_wconf 89' lang='lat' dir='ltr'><strong>con-</strong></span> 
     </span>
     <span class='ocr_line' id='line_1_73' title="bbox 1990 1865 3405 1939; baseline -0.007 -11"><span class='ocrx_word' id='word_1_483' title='bbox 1990 1872 2302 1929; x_wconf 84' lang='lat' dir='ltr'><strong>nexionem</strong></span> <span class='ocrx_word' id='word_1_484' title='bbox 2330 1887 2461 1927; x_wconf 89' lang='lat' dir='ltr'><strong>cum</strong></span> <span class='ocrx_word' id='word_1_485' title='bbox 2489 1871 2595 1927; x_wconf 92' lang='lat' dir='ltr'><strong>illo</strong></span> <span class='ocrx_word' id='word_1_486' title='bbox 2622 1891 2635 1925; x_wconf 89' lang='lat'><strong>:</strong></span> <span class='ocrx_word' id='word_1_487' title='bbox 2662 1871 2723 1925; x_wconf 91' lang='lat' dir='ltr'><strong>in</strong></span> <span class='ocrx_word' id='word_1_488' title='bbox 2752 1868 2835 1925; x_wconf 89' lang='lat' dir='ltr'><strong>eis</strong></span> <span class='ocrx_word' id='word_1_489' title='bbox 2862 1873 3090 1935; x_wconf 83' lang='lat' dir='ltr'><strong>autem,</strong></span> <span class='ocrx_word' id='word_1_490' title='bbox 3127 1865 3244 1939; x_wconf 89' lang='lat' dir='ltr'><strong>qui</strong></span> <span class='ocrx_word' id='word_1_491' title='bbox 3276 1878 3405 1921; x_wconf 84' lang='lat' dir='ltr'><strong>non</strong></span> 
     </span>
     <span class='ocr_line' id='line_1_74' title="bbox 1988 1943 3404 2019; baseline -0.008 -9"><span class='ocrx_word' id='word_1_492' title='bbox 1988 1958 2427 2017; x_wconf 86' lang='lat' dir='ltr'><strong>convertuntur,</strong></span> <span class='ocrx_word' id='word_1_493' title='bbox 2454 1954 2724 2008; x_wconf 86' lang='lat' dir='ltr'><strong>connotat</strong></span> <span class='ocrx_word' id='word_1_494' title='bbox 2750 1948 3074 2005; x_wconf 84' lang='lat' dir='ltr'><strong>carentiam</strong></span> <span class='ocrx_word' id='word_1_495' title='bbox 3113 1943 3404 2019; x_wconf 71' lang='lat' dir='ltr'><strong>praedicti</strong></span> 
     </span>
     <span class='ocr_line' id='line_1_75' title="bbox 1990 2026 3407 2090; baseline -0.008 0"><span class='ocrx_word' id='word_1_496' title='bbox 1990 2032 2198 2090; x_wconf 82' lang='lat' dir='ltr'><strong>auxilii</strong></span> <span class='ocrx_word' id='word_1_497' title='bbox 2228 2032 2483 2090; x_wconf 77' lang='lat' dir='ltr'><strong>efficacis,</strong></span> <span class='ocrx_word' id='word_1_498' title='bbox 2511 2029 2675 2087; x_wconf 89' lang='lat' dir='ltr'><strong>Unde</strong></span> <span class='ocrx_word' id='word_1_499' title='bbox 2698 2030 3031 2085; x_wconf 87' lang='lat' dir='ltr'><strong>nullatenus</strong></span> <span class='ocrx_word' id='word_1_500' title='bbox 3054 2026 3407 2083; x_wconf 85' lang='lat' dir='ltr'><strong>admitten-</strong></span> 
     </span>
    </p>
   </div>
   <div class='ocr_carea' id='block_1_7' title="bbox 1939 2108 3402 2185">
    <p class='ocr_par' dir='ltr' id='par_1_7' title="bbox 1939 2108 3402 2185">
     <span class='ocr_line' id='line_1_76' title="bbox 1939 2108 3402 2185; baseline -0.008 -16"><span class='ocrx_word' id='word_1_501' title='bbox 1939 2140 1943 2145; x_wconf 26' lang='grc' dir='ltr'><strong>Δ</strong></span> <span class='ocrx_word' id='word_1_502' title='bbox 1989 2113 2128 2170; x_wconf 89' lang='lat' dir='ltr'><strong>dum</strong></span> <span class='ocrx_word' id='word_1_503' title='bbox 2152 2118 2256 2177; x_wconf 89' lang='lat' dir='ltr'><strong>est,</strong></span> <span class='ocrx_word' id='word_1_504' title='bbox 2281 2111 2431 2185; x_wconf 91' lang='lat' dir='ltr'><strong>quod</strong></span> <span class='ocrx_word' id='word_1_505' title='bbox 2453 2108 2739 2167; x_wconf 81' lang='lat' dir='ltr'><strong>stantibus</strong></span> <span class='ocrx_word' id='word_1_506' title='bbox 2765 2108 3005 2173; x_wconf 89' lang='lat' dir='ltr'><strong>eisdem,</strong></span> <span class='ocrx_word' id='word_1_507' title='bbox 3038 2112 3107 2163; x_wconf 89' lang='lat' dir='ltr'><strong>et</strong></span> <span class='ocrx_word' id='word_1_508' title='bbox 3140 2120 3402 2179; x_wconf 89' lang='lat' dir='ltr'><strong>prorsus</strong></span> 
     </span>
    </p>
   </div>
   <div class='ocr_carea' id='block_1_8' title="bbox 1981 2184 3543 5150">
    <p class='ocr_par' dir='ltr' id='par_1_8' title="bbox 1981 2184 3404 4108">
     <span class='ocr_line' id='line_1_77' title="bbox 1991 2184 3404 2267; baseline -0.009 -16"><span class='ocrx_word' id='word_1_509' title='bbox 1991 2193 2309 2267; x_wconf 76' lang='lat' dir='ltr'><strong>aequalibus</strong></span> <span class='ocrx_word' id='word_1_510' title='bbox 2358 2192 2633 2257; x_wconf 85' lang='lat' dir='ltr'><strong>auxiliis,</strong></span> <span class='ocrx_word' id='word_1_511' title='bbox 2684 2195 2996 2262; x_wconf 89' lang='lat' dir='ltr'><strong>sequantur</strong></span> <span class='ocrx_word' id='word_1_512' title='bbox 3048 2184 3404 2258; x_wconf 76' lang='lat' dir='ltr'><strong>inaequales</strong></span> 
     </span>
     <span class='ocr_line' id='line_1_78' title="bbox 1990 2263 3396 2346; baseline -0.009 -15"><span class='ocrx_word' id='word_1_513' title='bbox 1990 2273 2219 2331; x_wconf 80' lang='lat' dir='ltr'><strong>effectus</strong></span> <span class='ocrx_word' id='word_1_514' title='bbox 2242 2274 2304 2329; x_wconf 90' lang='lat' dir='ltr'><strong>in</strong></span> <span class='ocrx_word' id='word_1_515' title='bbox 2341 2273 2567 2346; x_wconf 88' lang='lat' dir='ltr'><strong>negotio</strong></span> <span class='ocrx_word' id='word_1_516' title='bbox 2585 2268 3045 2346; x_wconf 78' lang='lat' dir='ltr'><strong>justificationis3</strong></span> <span class='ocrx_word' id='word_1_517' title='bbox 3081 2267 3248 2323; x_wconf 87' lang='lat' dir='ltr'><strong>alias</strong></span> <span class='ocrx_word' id='word_1_518' title='bbox 3277 2263 3396 2322; x_wconf 87' lang='lat' dir='ltr'><strong>dis-</strong></span> 
     </span>
     <span class='ocr_line' id='line_1_79' title="bbox 1992 2344 3395 2425; baseline -0.009 -13"><span class='ocrx_word' id='word_1_519' title='bbox 1992 2356 2196 2412; x_wconf 90' lang='lat' dir='ltr'><strong>tinctio</strong></span> <span class='ocrx_word' id='word_1_520' title='bbox 2246 2355 2550 2412; x_wconf 78' lang='lat' dir='ltr'><strong>effectuum</strong></span> <span class='ocrx_word' id='word_1_521' title='bbox 2597 2368 2715 2409; x_wconf 91' lang='lat' dir='ltr'><strong>non</strong></span> <span class='ocrx_word' id='word_1_522' title='bbox 2757 2352 2819 2408; x_wconf 92' lang='lat' dir='ltr'><strong>in</strong></span> <span class='ocrx_word' id='word_1_523' title='bbox 2853 2350 3137 2425; x_wconf 83' lang='lat' dir='ltr'><strong>gratiam,</strong></span> <span class='ocrx_word' id='word_1_524' title='bbox 3190 2344 3395 2403; x_wconf 86' lang='lat' dir='ltr'><strong>sedin</strong></span> 
     </span>
     <span class='ocr_line' id='line_1_80' title="bbox 1991 2427 3394 2505; baseline -0.01 -12"><span class='ocrx_word' id='word_1_525' title='bbox 1991 2435 2301 2493; x_wconf 89' lang='lat' dir='ltr'><strong>arbitrium</strong></span> <span class='ocrx_word' id='word_1_526' title='bbox 2329 2439 2586 2490; x_wconf 87' lang='lat' dir='ltr'><strong>creatum</strong></span> <span class='ocrx_word' id='word_1_527' title='bbox 2618 2433 2889 2505; x_wconf 88' lang='lat' dir='ltr'><strong>primitus</strong></span> <span class='ocrx_word' id='word_1_528' title='bbox 2916 2427 3268 2488; x_wconf 86' lang='lat' dir='ltr'><strong>revocanda</strong></span> <span class='ocrx_word' id='word_1_529' title='bbox 3296 2440 3394 2481; x_wconf 84' lang='lat' dir='ltr'><strong>es-</strong></span> 
     </span>
     <span class='ocr_line' id='line_1_81' title="bbox 1990 2507 3388 2587; baseline -0.01 -12"><span class='ocrx_word' id='word_1_530' title='bbox 1990 2523 2089 2587; x_wconf 91' lang='lat' dir='ltr'><strong>set,</strong></span> <span class='ocrx_word' id='word_1_531' title='bbox 2135 2523 2196 2573; x_wconf 90' lang='lat' dir='ltr'><strong>ut</strong></span> <span class='ocrx_word' id='word_1_532' title='bbox 2242 2515 2599 2574; x_wconf 88' lang='lat' dir='ltr'><strong>ostendimus</strong></span> <span class='ocrx_word' id='word_1_533' title='bbox 2644 2518 2675 2584; x_wconf 66' lang='grc' dir='ltr'><strong>ξ</strong></span> <span class='ocrx_word' id='word_1_534' title='bbox 2710 2513 3047 2587; x_wconf 78' lang='lat' dir='ltr'><strong>praecedenti.</strong></span> <span class='ocrx_word' id='word_1_535' title='bbox 3111 2511 3236 2581; x_wconf 86' lang='lat' dir='ltr'><strong>(Et</strong></span> <span class='ocrx_word' id='word_1_536' title='bbox 3279 2507 3388 2563; x_wconf 89' lang='lat' dir='ltr'><strong>hoc</strong></span> 
     </span>
     <span class='ocr_line' id='line_1_82' title="bbox 1990 2589 3386 2671; baseline -0.009 -15"><span class='ocrx_word' id='word_1_537' title='bbox 1990 2597 2341 2657; x_wconf 89' lang='lat' dir='ltr'><strong>concludunt</strong></span> <span class='ocrx_word' id='word_1_538' title='bbox 2363 2600 2700 2671; x_wconf 88' lang='lat' dir='ltr'><strong>argumeuta</strong></span> <span class='ocrx_word' id='word_1_539' title='bbox 2720 2594 2971 2658; x_wconf 76' lang='lat' dir='ltr'><strong>Molinae,</strong></span> <span class='ocrx_word' id='word_1_540' title='bbox 2992 2592 3041 2646; x_wconf 91' lang='lat' dir='ltr'><strong>si</strong></span> <span class='ocrx_word' id='word_1_541' title='bbox 3063 2589 3227 2664; x_wconf 90' lang='lat' dir='ltr'><strong>quid</strong></span> <span class='ocrx_word' id='word_1_542' title='bbox 3249 2602 3386 2644; x_wconf 92' lang='lat' dir='ltr'><strong>con·</strong></span> 
     </span>
     <span class='ocr_line' id='line_1_83' title="bbox 1990 2669 3382 2749; baseline -0.011 -13"><span class='ocrx_word' id='word_1_543' title='bbox 1990 2680 2229 2737; x_wconf 88' lang='lat' dir='ltr'><strong>cludunt</strong></span> <span class='ocrx_word' id='word_1_544' title='bbox 2282 2700 2295 2734; x_wconf 90' lang='lat'><strong>:</strong></span> <span class='ocrx_word' id='word_1_545' title='bbox 2344 2677 2590 2749; x_wconf 90' lang='lat' dir='ltr'><strong>indeque</strong></span> <span class='ocrx_word' id='word_1_546' title='bbox 2635 2675 2773 2730; x_wconf 88' lang='lat' dir='ltr'><strong>satis</strong></span> <span class='ocrx_word' id='word_1_547' title='bbox 2811 2673 3206 2730; x_wconf 78' lang='lat' dir='ltr'><strong>manifestant</strong></span> <span class='ocrx_word' id='word_1_548' title='bbox 3254 2669 3382 2742; x_wconf 81' lang='lat' dir='ltr'><strong>ejus</strong></span> 
     </span>
     <span class='ocr_line' id='line_1_84' title="bbox 1992 2748 3380 2831; baseline -0.009 -14"><span class='ocrx_word' id='word_1_549' title='bbox 1992 2762 2423 2831; x_wconf 88' lang='lat' dir='ltr'><strong>intentionem.)</strong></span> <span class='ocrx_word' id='word_1_550' title='bbox 2451 2757 2726 2823; x_wconf 88' lang='lat' dir='ltr'><strong>Quamvis</strong></span> <span class='ocrx_word' id='word_1_551' title='bbox 2753 2772 2887 2831; x_wconf 86' lang='lat' dir='ltr'><strong>ergo</strong></span> <span class='ocrx_word' id='word_1_552' title='bbox 2924 2760 3124 2812; x_wconf 86' lang='lat' dir='ltr'><strong>stante</strong></span> <span class='ocrx_word' id='word_1_553' title='bbox 3165 2748 3380 2810; x_wconf 86' lang='lat' dir='ltr'><strong>eadem</strong></span> 
     </span>
     <span class='ocr_line' id='line_1_85' title="bbox 1991 2837 3379 2918; baseline -0.01 -16"><span class='ocrx_word' id='word_1_554' title='bbox 1991 2843 2423 2918; x_wconf 84' lang='lat' dir='ltr'><strong>complexione,</strong></span> <span class='ocrx_word' id='word_1_555' title='bbox 2477 2846 2533 2898; x_wconf 93' lang='lat' dir='ltr'><strong>et</strong></span> <span class='ocrx_word' id='word_1_556' title='bbox 2576 2837 2777 2897; x_wconf 87' lang='lat' dir='ltr'><strong>eadem</strong></span> <span class='ocrx_word' id='word_1_557' title='bbox 2818 2838 3246 2913; x_wconf 82' lang='lat' dir='ltr'><strong>praedicatione</strong></span> <span class='ocrx_word' id='word_1_558' title='bbox 3272 2847 3379 2889; x_wconf 84' lang='lat' dir='ltr'><strong>ex-</strong></span> 
     </span>
     <span class='ocr_line' id='line_1_86' title="bbox 1981 2921 3378 2993; baseline -0.01 -9"><span class='ocrx_word' id='word_1_559' title='bbox 1981 2928 2176 2993; x_wconf 70' lang='lat' dir='ltr'><strong>terna,</strong></span> <span class='ocrx_word' id='word_1_560' title='bbox 2205 2926 2324 2982; x_wconf 92' lang='lat' dir='ltr'><strong>imo</strong></span> <span class='ocrx_word' id='word_1_561' title='bbox 2349 2939 2487 2980; x_wconf 91' lang='lat' dir='ltr'><strong>vero</strong></span> <span class='ocrx_word' id='word_1_562' title='bbox 2512 2927 2698 2978; x_wconf 90' lang='lat' dir='ltr'><strong>stante</strong></span> <span class='ocrx_word' id='word_1_563' title='bbox 2717 2921 2916 2978; x_wconf 88' lang='lat' dir='ltr'><strong>eadem</strong></span> <span class='ocrx_word' id='word_1_564' title='bbox 2939 2921 3188 2976; x_wconf 85' lang='lat' dir='ltr'><strong>interna</strong></span> <span class='ocrx_word' id='word_1_565' title='bbox 3210 2930 3378 2973; x_wconf 85' lang='lat' dir='ltr'><strong>voca-</strong></span> 
     </span>
     <span class='ocr_line' id='line_1_87' title="bbox 1991 3001 3380 3074; baseline -0.01 -10"><span class='ocrx_word' id='word_1_566' title='bbox 1991 3009 2164 3074; x_wconf 88' lang='lat' dir='ltr'><strong>tione,</strong></span> <span class='ocrx_word' id='word_1_567' title='bbox 2192 3008 2284 3063; x_wconf 84' lang='lat' dir='ltr'><strong>vel</strong></span> <span class='ocrx_word' id='word_1_568' title='bbox 2306 3003 2726 3072; x_wconf 80' lang='lat' dir='ltr'><strong>eodemeffectu</strong></span> <span class='ocrx_word' id='word_1_569' title='bbox 2755 3001 3148 3059; x_wconf 89' lang='lat' dir='ltr'><strong>indeliberato</strong></span> <span class='ocrx_word' id='word_1_570' title='bbox 3196 3001 3218 3069; x_wconf 95' lang='lat'>(</span> <span class='ocrx_word' id='word_1_571' title='bbox 3246 3010 3380 3069; x_wconf 80' lang='lat' dir='ltr'><strong>quae</strong></span> 
     </span>
     <span class='ocr_line' id='line_1_88' title="bbox 1991 3077 3373 3159; baseline -0.009 -13"><span class='ocrx_word' id='word_1_572' title='bbox 1991 3089 2190 3148; x_wconf 89' lang='lat' dir='ltr'><strong>omnia</strong></span> <span class='ocrx_word' id='word_1_573' title='bbox 2228 3086 2322 3143; x_wconf 86' lang='lat' dir='ltr'><strong>vel</strong></span> <span class='ocrx_word' id='word_1_574' title='bbox 2361 3089 2766 3159; x_wconf 90' lang='lat' dir='ltr'><strong>supponuntur</strong></span> <span class='ocrx_word' id='word_1_575' title='bbox 2807 3083 2877 3140; x_wconf 90' lang='lat' dir='ltr'><strong>ad</strong></span> <span class='ocrx_word' id='word_1_576' title='bbox 2917 3083 3175 3157; x_wconf 81' lang='lat' dir='ltr'><strong>gratiam</strong></span> <span class='ocrx_word' id='word_1_577' title='bbox 3205 3077 3373 3135; x_wconf 88' lang='lat' dir='ltr'><strong>suffi-</strong></span> 
     </span>
     <span class='ocr_line' id='line_1_89' title="bbox 1991 3155 3368 3234; baseline -0.011 -9"><span class='ocrx_word' id='word_1_578' title='bbox 1991 3169 2257 3232; x_wconf 85' lang='lat' dir='ltr'><strong>cientem,</strong></span> <span class='ocrx_word' id='word_1_579' title='bbox 2290 3166 2385 3221; x_wconf 90' lang='lat' dir='ltr'><strong>vel</strong></span> <span class='ocrx_word' id='word_1_580' title='bbox 2419 3181 2548 3222; x_wconf 88' lang='lat' dir='ltr'><strong>eam</strong></span> <span class='ocrx_word' id='word_1_581' title='bbox 2577 3164 2954 3234; x_wconf 89' lang='lat' dir='ltr'><strong>constituunt)</strong></span> <span class='ocrx_word' id='word_1_582' title='bbox 2981 3160 3113 3218; x_wconf 85' lang='lat' dir='ltr'><strong>fieri</strong></span> <span class='ocrx_word' id='word_1_583' title='bbox 3161 3155 3368 3232; x_wconf 88' lang='lat' dir='ltr'><strong>possit,</strong></span> 
     </span>
     <span class='ocr_line' id='line_1_90' title="bbox 1993 3243 3369 3309; baseline -0.01 -5"><span class='ocrx_word' id='word_1_584' title='bbox 1993 3255 2056 3304; x_wconf 91' lang='lat' dir='ltr'><strong>ut</strong></span> <span class='ocrx_word' id='word_1_585' title='bbox 2091 3264 2242 3304; x_wconf 92' lang='lat' dir='ltr'><strong>unus</strong></span> <span class='ocrx_word' id='word_1_586' title='bbox 2281 3251 2666 3309; x_wconf 86' lang='lat' dir='ltr'><strong>convertatur,</strong></span> <span class='ocrx_word' id='word_1_587' title='bbox 2697 3250 2751 3299; x_wconf 91' lang='lat' dir='ltr'><strong>et</strong></span> <span class='ocrx_word' id='word_1_588' title='bbox 2778 3243 2923 3300; x_wconf 88' lang='lat' dir='ltr'><strong>alter</strong></span> <span class='ocrx_word' id='word_1_589' title='bbox 2962 3258 3080 3299; x_wconf 89' lang='lat' dir='ltr'><strong>non</strong></span> <span class='ocrx_word' id='word_1_590' title='bbox 3110 3251 3369 3299; x_wconf 89' lang='lat' dir='ltr'><strong>conver-</strong></span> 
     </span>
     <span class='ocr_line' id='line_1_91' title="bbox 1992 3321 3367 3394; baseline -0.009 -11"><span class='ocrx_word' id='word_1_591' title='bbox 1992 3334 2146 3385; x_wconf 89' lang='lat' dir='ltr'><strong>tatur</strong></span> <span class='ocrx_word' id='word_1_592' title='bbox 2179 3348 2192 3383; x_wconf 88' lang='lat'>:</span> <span class='ocrx_word' id='word_1_593' title='bbox 2222 3324 2351 3383; x_wconf 87' lang='lat' dir='ltr'><strong>fieri</strong></span> <span class='ocrx_word' id='word_1_594' title='bbox 2381 3330 2575 3381; x_wconf 87' lang='lat' dir='ltr'><strong>tamen</strong></span> <span class='ocrx_word' id='word_1_595' title='bbox 2603 3338 2719 3378; x_wconf 91' lang='lat' dir='ltr'><strong>non</strong></span> <span class='ocrx_word' id='word_1_596' title='bbox 2749 3323 2901 3380; x_wconf 91' lang='lat' dir='ltr'><strong>valet</strong></span> <span class='ocrx_word' id='word_1_597' title='bbox 2922 3321 3182 3394; x_wconf 87' lang='lat' dir='ltr'><strong>potentia</strong></span> <span class='ocrx_word' id='word_1_598' title='bbox 3222 3329 3367 3374; x_wconf 86' lang='lat' dir='ltr'><strong>con-</strong></span> 
     </span>
     <span class='ocr_line' id='line_1_92' title="bbox 1992 3399 3368 3479; baseline -0.011 -17"><span class='ocrx_word' id='word_1_599' title='bbox 1992 3406 2270 3479; x_wconf 88' lang='lat' dir='ltr'><strong>sequenti,</strong></span> <span class='ocrx_word' id='word_1_600' title='bbox 2300 3403 2452 3479; x_wconf 91' lang='lat' dir='ltr'><strong>quod</strong></span> <span class='ocrx_word' id='word_1_601' title='bbox 2473 3401 2851 3459; x_wconf 88' lang='lat' dir='ltr'><strong>existentibus</strong></span> <span class='ocrx_word' id='word_1_602' title='bbox 2871 3399 3088 3458; x_wconf 90' lang='lat' dir='ltr'><strong>eisdem</strong></span> <span class='ocrx_word' id='word_1_603' title='bbox 3121 3409 3368 3471; x_wconf 87' lang='lat' dir='ltr'><strong>prorsus</strong></span> 
     </span>
     <span class='ocr_line' id='line_1_93' title="bbox 1993 3475 3364 3559; baseline -0.012 -15"><span class='ocrx_word' id='word_1_604' title='bbox 1993 3488 2249 3553; x_wconf 89' lang='lat' dir='ltr'><strong>auxiliis,</strong></span> <span class='ocrx_word' id='word_1_605' title='bbox 2274 3490 2606 3559; x_wconf 88' lang='lat' dir='ltr'><strong>sequeretur</strong></span> <span class='ocrx_word' id='word_1_606' title='bbox 2634 3485 2697 3539; x_wconf 93' lang='lat' dir='ltr'><strong>in</strong></span> <span class='ocrx_word' id='word_1_607' title='bbox 2722 3499 2836 3539; x_wconf 92' lang='lat' dir='ltr'><strong>uno</strong></span> <span class='ocrx_word' id='word_1_608' title='bbox 2857 3480 3183 3539; x_wconf 79' lang='lat' dir='ltr'><strong>conversio.</strong></span> <span class='ocrx_word' id='word_1_609' title='bbox 3212 3483 3270 3533; x_wconf 91' lang='lat' dir='ltr'><strong>et</strong></span> <span class='ocrx_word' id='word_1_610' title='bbox 3296 3475 3364 3530; x_wconf 89' lang='lat' dir='ltr'><strong>in</strong></span> 
     </span>
     <span class='ocr_line' id='line_1_94' title="bbox 1993 3559 3364 3637; baseline -0.013 -10"><span class='ocrx_word' id='word_1_611' title='bbox 1993 3572 2175 3627; x_wconf 89' lang='lat' dir='ltr'><strong>altero</strong></span> <span class='ocrx_word' id='word_1_612' title='bbox 2203 3568 2515 3624; x_wconf 91' lang='lat' dir='ltr'><strong>dissensus.</strong></span> <span class='ocrx_word' id='word_1_613' title='bbox 2549 3567 2661 3622; x_wconf 89' lang='lat' dir='ltr'><strong>Nec</strong></span> <span class='ocrx_word' id='word_1_614' title='bbox 2707 3563 3029 3637; x_wconf 90' lang='lat' dir='ltr'><strong>oppositum</strong></span> <span class='ocrx_word' id='word_1_615' title='bbox 3072 3559 3364 3618; x_wconf 86' lang='lat' dir='ltr'><strong>evincunt</strong></span> 
     </span>
     <span class='ocr_line' id='line_1_95' title="bbox 1995 3644 3361 3722; baseline -0.01 -16"><span class='ocrx_word' id='word_1_616' title='bbox 1995 3647 2359 3722; x_wconf 89' lang='lat' dir='ltr'><strong>probationes</strong></span> <span class='ocrx_word' id='word_1_617' title='bbox 2405 3645 2651 3702; x_wconf 75' lang='lat' dir='ltr'><strong>inductae</strong></span> <span class='ocrx_word' id='word_1_618' title='bbox 2667 3669 2681 3713; x_wconf 93' lang='lat'>;</span> <span class='ocrx_word' id='word_1_619' title='bbox 2734 3645 2870 3717; x_wconf 88' lang='lat' dir='ltr'><strong>quia</strong></span> <span class='ocrx_word' id='word_1_620' title='bbox 2915 3644 3102 3699; x_wconf 90' lang='lat' dir='ltr'><strong>solum</strong></span> <span class='ocrx_word' id='word_1_621' title='bbox 3152 3650 3361 3713; x_wconf 87' lang='lat' dir='ltr'><strong>proce-</strong></span> 
     </span>
     <span class='ocr_line' id='line_1_96' title="bbox 1991 3719 3362 3800; baseline -0.012 -15"><span class='ocrx_word' id='word_1_622' title='bbox 1991 3729 2136 3785; x_wconf 89' lang='lat' dir='ltr'><strong>dunt</strong></span> <span class='ocrx_word' id='word_1_623' title='bbox 2155 3727 2225 3786; x_wconf 91' lang='lat' dir='ltr'><strong>de</strong></span> <span class='ocrx_word' id='word_1_624' title='bbox 2247 3726 2570 3800; x_wconf 83' lang='lat' dir='ltr'><strong>aequalitate</strong></span> <span class='ocrx_word' id='word_1_625' title='bbox 2598 3725 2660 3781; x_wconf 93' lang='lat' dir='ltr'><strong>in</strong></span> <span class='ocrx_word' id='word_1_626' title='bbox 2687 3725 2875 3799; x_wconf 85' lang='lat' dir='ltr'><strong>gratia</strong></span> <span class='ocrx_word' id='word_1_627' title='bbox 2914 3719 3244 3785; x_wconf 73' lang='lat' dir='ltr'><strong>sufficienti,</strong></span> <span class='ocrx_word' id='word_1_628' title='bbox 3298 3719 3362 3771; x_wconf 88' lang='lat' dir='ltr'><strong>ut</strong></span> 
     </span>
     <span class='ocr_line' id='line_1_97' title="bbox 1993 3798 3364 3873; baseline -0.01 -7"><span class='ocrx_word' id='word_1_629' title='bbox 1993 3826 2151 3867; x_wconf 88' lang='lat' dir='ltr'><strong>mere</strong></span> <span class='ocrx_word' id='word_1_630' title='bbox 2170 3808 2456 3865; x_wconf 84' lang='lat' dir='ltr'><strong>sufficiens</strong></span> <span class='ocrx_word' id='word_1_631' title='bbox 2476 3812 2560 3864; x_wconf 90' lang='lat' dir='ltr'><strong>est</strong></span> <span class='ocrx_word' id='word_1_632' title='bbox 2582 3831 2596 3873; x_wconf 86' lang='lat'>;</span> <span class='ocrx_word' id='word_1_633' title='bbox 2625 3807 2873 3862; x_wconf 87' lang='lat' dir='ltr'><strong>minime</strong></span> <span class='ocrx_word' id='word_1_634' title='bbox 2892 3821 3029 3862; x_wconf 90' lang='lat' dir='ltr'><strong>vero</strong></span> <span class='ocrx_word' id='word_1_635' title='bbox 3045 3798 3364 3860; x_wconf 86' lang='lat' dir='ltr'><strong>excludunt</strong></span> 
     </span>
     <span class='ocr_line' id='line_1_98' title="bbox 1990 3879 3359 3956; baseline -0.007 -11"><span class='ocrx_word' id='word_1_636' title='bbox 1990 3889 2388 3948; x_wconf 86' lang='lat' dir='ltr'><strong>diversitatem</strong></span> <span class='ocrx_word' id='word_1_637' title='bbox 2429 3888 2493 3943; x_wconf 88' lang='lat' dir='ltr'><strong>in</strong></span> <span class='ocrx_word' id='word_1_638' title='bbox 2541 3887 2657 3944; x_wconf 90' lang='lat' dir='ltr'><strong>alio</strong></span> <span class='ocrx_word' id='word_1_639' title='bbox 2685 3885 2993 3952; x_wconf 90' lang='lat' dir='ltr'><strong>ultimiori,</strong></span> <span class='ocrx_word' id='word_1_640' title='bbox 3029 3892 3086 3940; x_wconf 88' lang='lat' dir='ltr'><strong>et</strong></span> <span class='ocrx_word' id='word_1_641' title='bbox 3134 3879 3359 3956; x_wconf 84' lang='lat' dir='ltr'><strong>perfec-</strong></span> 
     </span>
     <span class='ocr_line' id='line_1_99' title="bbox 1992 3963 3350 4040; baseline -0.008 -16"><span class='ocrx_word' id='word_1_642' title='bbox 1992 3970 2128 4027; x_wconf 92' lang='lat' dir='ltr'><strong>tiori</strong></span> <span class='ocrx_word' id='word_1_643' title='bbox 2176 3968 2413 4036; x_wconf 87' lang='lat' dir='ltr'><strong>auxilio,</strong></span> <span class='ocrx_word' id='word_1_644' title='bbox 2442 3972 2502 4022; x_wconf 92' lang='lat' dir='ltr'><strong>ut</strong></span> <span class='ocrx_word' id='word_1_645' title='bbox 2540 3982 2635 4023; x_wconf 90' lang='lat' dir='ltr'><strong>eas</strong></span> <span class='ocrx_word' id='word_1_646' title='bbox 2674 3963 2949 4022; x_wconf 90' lang='lat' dir='ltr'><strong>diluendo</strong></span> <span class='ocrx_word' id='word_1_647' title='bbox 2975 3965 3160 4040; x_wconf 88' lang='lat' dir='ltr'><strong>magis</strong></span> <span class='ocrx_word' id='word_1_648' title='bbox 3188 3974 3350 4020; x_wconf 86' lang='lat' dir='ltr'><strong>cons-</strong></span> 
     </span>
     <span class='ocr_line' id='line_1_100' title="bbox 1994 4051 2152 4108; baseline 0 0"><span class='ocrx_word' id='word_1_649' title='bbox 1994 4051 2152 4108; x_wconf 82' lang='lat' dir='ltr'><strong>tabit.</strong></span> 
     </span>
    </p>

    <p class='ocr_par' dir='ltr' id='par_1_9' title="bbox 1991 4127 3543 5091">
     <span class='ocr_line' id='line_1_101' title="bbox 2065 4127 3543 4206; baseline -0.005 -16"><span class='ocrx_word' id='word_1_650' title='bbox 2065 4137 2156 4190; x_wconf 84' lang='grc'><strong>28.</strong></span> <span class='ocrx_word' id='word_1_651' title='bbox 2216 4131 2301 4188; x_wconf 88' lang='lat' dir='ltr'><strong>Ad</strong></span> <span class='ocrx_word' id='word_1_652' title='bbox 2357 4131 2607 4205; x_wconf 87' lang='lat' dir='ltr'><strong>primam</strong></span> <span class='ocrx_word' id='word_1_653' title='bbox 2662 4131 2839 4206; x_wconf 89' lang='lat' dir='ltr'><strong>igitur</strong></span> <span class='ocrx_word' id='word_1_654' title='bbox 2884 4128 3197 4186; x_wconf 89' lang='lat' dir='ltr'><strong>dicendum</strong></span> <span class='ocrx_word' id='word_1_655' title='bbox 3248 4127 3543 4187; x_wconf 61' lang='lat' dir='ltr'><strong>esboccurri-</strong></span> 
     </span>
     <span class='ocr_line' id='line_1_102' title="bbox 1993 4195 3526 4293; baseline -0.007 -23"><span class='ocrx_word' id='word_1_656' title='bbox 1993 4215 2286 4270; x_wconf 76' lang='lat' dir='ltr'><strong>Ohristum</strong></span> <span class='ocrx_word' id='word_1_657' title='bbox 2315 4212 2628 4269; x_wconf 91' lang='lat' dir='ltr'><strong>Dominum</strong></span> <span class='ocrx_word' id='word_1_658' title='bbox 2671 4227 2787 4267; x_wconf 90' lang='lat' dir='ltr'><strong>non</strong></span> <span class='ocrx_word' id='word_1_659' title='bbox 2836 4209 3174 4284; x_wconf 77' lang='lat' dir='ltr'><strong>praedixisse</strong></span> <span class='ocrx_word' id='word_1_660' title='bbox 3213 4221 3356 4264; x_wconf 89' lang='lat' dir='ltr'><strong>ean·</strong></span> <span class='ocrx_word' id='word_1_661' title='bbox 3392 4195 3526 4293; x_wconf 50' lang='lat' dir='ltr'><strong>offla,</strong></span> 
     </span>
     <span class='ocr_line' id='line_1_103' title="bbox 1993 4289 3527 4366; baseline -0.004 -15"><span class='ocrx_word' id='word_1_662' title='bbox 1993 4294 2123 4353; x_wconf 88' lang='lat' dir='ltr'><strong>dem</strong></span> <span class='ocrx_word' id='word_1_663' title='bbox 2173 4309 2408 4366; x_wconf 89' lang='lat' dir='ltr'><strong>prorsus</strong></span> <span class='ocrx_word' id='word_1_664' title='bbox 2435 4291 2688 4349; x_wconf 82' lang='lat' dir='ltr'><strong>futuram</strong></span> <span class='ocrx_word' id='word_1_665' title='bbox 2716 4308 2838 4349; x_wconf 91' lang='lat' dir='ltr'><strong>esse</strong></span> <span class='ocrx_word' id='word_1_666' title='bbox 2863 4292 3112 4365; x_wconf 89' lang='lat' dir='ltr'><strong>gratiam</strong></span> <span class='ocrx_word' id='word_1_667' title='bbox 3140 4292 3206 4347; x_wconf 92' lang='lat' dir='ltr'><strong>in</strong></span> <span class='ocrx_word' id='word_1_668' title='bbox 3234 4289 3352 4361; x_wconf 81' lang='lat' dir='ltr'><strong>Ty·</strong></span> <span class='ocrx_word' id='word_1_669' title='bbox 3375 4293 3527 4345; x_wconf 58' lang='grc' dir='ltr'>πίθῳ·</span> 
     </span>
     <span class='ocr_line' id='line_1_104' title="bbox 1994 4339 3526 4444; baseline -0.008 -12"><span class='ocrx_word' id='word_1_670' title='bbox 1994 4376 2119 4443; x_wconf 91' lang='lat' dir='ltr'><strong>riis,</strong></span> <span class='ocrx_word' id='word_1_671' title='bbox 2144 4381 2201 4433; x_wconf 89' lang='lat' dir='ltr'><strong>et</strong></span> <span class='ocrx_word' id='word_1_672' title='bbox 2228 4372 2498 4438; x_wconf 85' lang='lat' dir='ltr'><strong>Sidoniis,</strong></span> <span class='ocrx_word' id='word_1_673' title='bbox 2530 4373 2629 4444; x_wconf 92' lang='lat' dir='ltr'><strong>qui</strong></span> <span class='ocrx_word' id='word_1_674' title='bbox 2656 4372 2918 4429; x_wconf 88' lang='lat' dir='ltr'><strong>conversi</strong></span> <span class='ocrx_word' id='word_1_675' title='bbox 2953 4377 3164 4440; x_wconf 89' lang='lat' dir='ltr'><strong>essent,</strong></span> <span class='ocrx_word' id='word_1_676' title='bbox 3195 4385 3260 4427; x_wconf 90' lang='lat' dir='ltr'><strong>ac</strong></span> <span class='ocrx_word' id='word_1_677' title='bbox 3287 4366 3350 4422; x_wconf 90' lang='lat' dir='ltr'><strong>in</strong></span> <span class='ocrx_word' id='word_1_678' title='bbox 3389 4339 3526 4443; x_wconf 50' lang='lat' dir='ltr'><strong>ssfflffi·</strong></span> 
     </span>
     <span class='ocr_line' id='line_1_105' title="bbox 1992 4437 3506 4520; baseline -0.004 -10"><span class='ocrx_word' id='word_1_679' title='bbox 1992 4455 2202 4512; x_wconf 82' lang='lat' dir='ltr'><strong>Judaeis</strong></span> <span class='ocrx_word' id='word_1_680' title='bbox 2249 4452 2543 4517; x_wconf 82' lang='lat' dir='ltr'><strong>corozain,</strong></span> <span class='ocrx_word' id='word_1_681' title='bbox 2587 4457 2643 4509; x_wconf 93' lang='lat' dir='ltr'><strong>et</strong></span> <span class='ocrx_word' id='word_1_682' title='bbox 2688 4450 2965 4512; x_wconf 80' lang='lat' dir='ltr'><strong>Betsaidae</strong></span> <span class='ocrx_word' id='word_1_683' title='bbox 2998 4451 3221 4518; x_wconf 86' lang='lat' dir='ltr'><strong>incolis,</strong></span> <span class='ocrx_word' id='word_1_684' title='bbox 3251 4444 3348 4520; x_wconf 85' lang='lat' dir='ltr'><strong>qui</strong></span> <span class='ocrx_word' id='word_1_685' title='bbox 3394 4437 3506 4482; x_wconf 78' lang='lat'><strong>¹¹⁰⁰¹·</strong></span> 
     </span>
     <span class='ocr_line' id='line_1_106' title="bbox 1991 4531 3350 4605; baseline -0.008 -12"><span class='ocrx_word' id='word_1_686' title='bbox 1991 4535 2253 4593; x_wconf 88' lang='lat' dir='ltr'><strong>conversi</strong></span> <span class='ocrx_word' id='word_1_687' title='bbox 2284 4548 2400 4590; x_wconf 90' lang='lat' dir='ltr'><strong>non</strong></span> <span class='ocrx_word' id='word_1_688' title='bbox 2421 4536 2557 4587; x_wconf 88' lang='lat' dir='ltr'><strong>sunt</strong></span> <span class='ocrx_word' id='word_1_689' title='bbox 2581 4553 2595 4589; x_wconf 75' lang='grc' dir='ltr'><strong><em>ε</em></strong></span> <span class='ocrx_word' id='word_1_690' title='bbox 2619 4531 2718 4588; x_wconf 88' lang='lat' dir='ltr'><strong>sed</strong></span> <span class='ocrx_word' id='word_1_691' title='bbox 2741 4538 2964 4589; x_wconf 87' lang='lat' dir='ltr'><strong>tantum</strong></span> <span class='ocrx_word' id='word_1_692' title='bbox 2989 4534 3236 4605; x_wconf 70' lang='lat' dir='ltr'><strong>aequales</strong></span> <span class='ocrx_word' id='word_1_693' title='bbox 3254 4542 3350 4584; x_wconf 89' lang='lat' dir='ltr'><strong>eos</strong></span> 
     </span>
     <span class='ocr_line' id='line_1_107' title="bbox 1994 4611 3349 4689; baseline -0.008 -17"><span class='ocrx_word' id='word_1_694' title='bbox 1994 4616 2126 4674; x_wconf 78' lang='lat' dir='ltr'><strong>fecit</strong></span> <span class='ocrx_word' id='word_1_695' title='bbox 2153 4616 2216 4672; x_wconf 91' lang='lat' dir='ltr'><strong>in</strong></span> <span class='ocrx_word' id='word_1_696' title='bbox 2241 4615 2453 4689; x_wconf 77' lang='lat' dir='ltr'><strong>signiS,</strong></span> <span class='ocrx_word' id='word_1_697' title='bbox 2492 4614 2812 4680; x_wconf 89' lang='lat' dir='ltr'><strong>miraculis,</strong></span> <span class='ocrx_word' id='word_1_698' title='bbox 2856 4619 2913 4671; x_wconf 90' lang='lat' dir='ltr'><strong>et</strong></span> <span class='ocrx_word' id='word_1_699' title='bbox 2952 4611 3349 4688; x_wconf 80' lang='lat' dir='ltr'><strong>praedicatione</strong></span> 
     </span>
     <span class='ocr_line' id='line_1_108' title="bbox 1992 4692 3344 4769; baseline -0.006 -15"><span class='ocrx_word' id='word_1_700' title='bbox 1992 4703 2251 4762; x_wconf 86' lang='lat' dir='ltr'><strong>externa,</strong></span> <span class='ocrx_word' id='word_1_701' title='bbox 2284 4711 2408 4768; x_wconf 78' lang='lat' dir='ltr'><strong>quae</strong></span> <span class='ocrx_word' id='word_1_702' title='bbox 2433 4699 2635 4751; x_wconf 87' lang='lat' dir='ltr'><strong>cuncta</strong></span> <span class='ocrx_word' id='word_1_703' title='bbox 2663 4696 2955 4768; x_wconf 89' lang='lat' dir='ltr'><strong>pertinent</strong></span> <span class='ocrx_word' id='word_1_704' title='bbox 2993 4693 3065 4752; x_wconf 91' lang='lat' dir='ltr'><strong>ad</strong></span> <span class='ocrx_word' id='word_1_705' title='bbox 3103 4692 3344 4769; x_wconf 85' lang='lat' dir='ltr'><strong>gratiam</strong></span> 
     </span>
     <span class='ocr_line' id='line_1_109' title="bbox 1992 4767 3348 4850; baseline -0.01 -16"><span class='ocrx_word' id='word_1_706' title='bbox 1992 4777 2385 4834; x_wconf 87' lang='lat' dir='ltr'><strong>sufficientem.</strong></span> <span class='ocrx_word' id='word_1_707' title='bbox 2452 4775 2784 4833; x_wconf 82' lang='lat' dir='ltr'><strong>certissime</strong></span> <span class='ocrx_word' id='word_1_708' title='bbox 2848 4781 3041 4833; x_wconf 88' lang='lat' dir='ltr'><strong>tamen</strong></span> <span class='ocrx_word' id='word_1_709' title='bbox 3089 4767 3348 4850; x_wconf 86' lang='lat' dir='ltr'><strong>praedixit</strong></span> 
     </span>
     <span class='ocr_line' id='line_1_110' title="bbox 1993 4853 3339 4933; baseline -0.001 -20"><span class='ocrx_word' id='word_1_710' title='bbox 1993 4857 2199 4933; x_wconf 81' lang='lat' dir='ltr'><strong>Tyrios</strong></span> <span class='ocrx_word' id='word_1_711' title='bbox 2224 4861 2281 4912; x_wconf 92' lang='lat' dir='ltr'><strong>et</strong></span> <span class='ocrx_word' id='word_1_712' title='bbox 2311 4853 2577 4911; x_wconf 90' lang='lat' dir='ltr'><strong>Sidonios</strong></span> <span class='ocrx_word' id='word_1_713' title='bbox 2602 4897 2615 4921; x_wconf 95' lang='lat'><strong>,</strong></span> <span class='ocrx_word' id='word_1_714' title='bbox 2649 4855 2697 4911; x_wconf 93' lang='lat' dir='ltr'><strong>si</strong></span> <span class='ocrx_word' id='word_1_715' title='bbox 2740 4855 3005 4914; x_wconf 89' lang='lat' dir='ltr'><strong>viderent</strong></span> <span class='ocrx_word' id='word_1_716' title='bbox 3041 4871 3108 4913; x_wconf 89' lang='lat' dir='ltr'><strong>ea</strong></span> <span class='ocrx_word' id='word_1_717' title='bbox 3146 4855 3304 4928; x_wconf 82' lang='lat' dir='ltr'><strong>signa</strong></span> <span class='ocrx_word' id='word_1_718' title='bbox 3324 4886 3339 4911; x_wconf 73' lang='grc'>,</span> 
     </span>
     <span class='ocr_line' id='line_1_111' title="bbox 1992 4928 3343 5010; baseline -0.007 -16"><span class='ocrx_word' id='word_1_719' title='bbox 1992 4932 2409 4995; x_wconf 89' lang='lat' dir='ltr'><strong>convertendos</strong></span> <span class='ocrx_word' id='word_1_720' title='bbox 2443 4933 2601 5002; x_wconf 79' lang='lat' dir='ltr'><strong>fore;</strong></span> <span class='ocrx_word' id='word_1_721' title='bbox 2631 4950 2749 4991; x_wconf 91' lang='lat' dir='ltr'><strong>non</strong></span> <span class='ocrx_word' id='word_1_722' title='bbox 2776 4935 2912 5008; x_wconf 88' lang='lat' dir='ltr'><strong>quia</strong></span> <span class='ocrx_word' id='word_1_723' title='bbox 2940 4936 3031 4993; x_wconf 93' lang='lat' dir='ltr'><strong>vel</strong></span> <span class='ocrx_word' id='word_1_724' title='bbox 3055 4937 3113 4992; x_wconf 90' lang='lat' dir='ltr'><strong>id</strong></span> <span class='ocrx_word' id='word_1_725' title='bbox 3143 4928 3343 5010; x_wconf 86' lang='lat' dir='ltr'><strong>praevi-</strong></span> 
     </span>
     <span class='ocr_line' id='line_1_112' title="bbox 1993 5009 3337 5091; baseline -0.006 -18"><span class='ocrx_word' id='word_1_726' title='bbox 1993 5016 2142 5075; x_wconf 89' lang='lat' dir='ltr'><strong>derit</strong></span> <span class='ocrx_word' id='word_1_727' title='bbox 2155 5032 2259 5091; x_wconf 88' lang='lat' dir='ltr'><strong>per</strong></span> <span class='ocrx_word' id='word_1_728' title='bbox 2278 5013 2578 5073; x_wconf 81' lang='lat' dir='ltr'><strong>scientiam</strong></span> <span class='ocrx_word' id='word_1_729' title='bbox 2604 5014 2879 5085; x_wconf 86' lang='lat' dir='ltr'><strong>mediam,</strong></span> <span class='ocrx_word' id='word_1_730' title='bbox 2900 5018 2993 5076; x_wconf 91' lang='lat' dir='ltr'><strong>vel</strong></span> <span class='ocrx_word' id='word_1_731' title='bbox 3007 5018 3141 5091; x_wconf 88' lang='lat' dir='ltr'><strong>quia</strong></span> <span class='ocrx_word' id='word_1_732' title='bbox 3161 5009 3337 5090; x_wconf 82' lang='lat' dir='ltr'><strong>Tyrii,</strong></span> 
     </span>
    </p>

    <p class='ocr_par' dir='ltr' id='par_1_10' title="bbox 3288 5095 3342 5150">
     <span class='ocr_line' id='line_1_113' title="bbox 3288 5095 3342 5150; baseline -0.074 0"><span class='ocrx_word' id='word_1_733' title='bbox 3288 5095 3342 5150; x_wconf 82' lang='lat' dir='ltr'><strong>et</strong></span> 
     </span>
    </p>
   </div>
   <div class='ocr_carea' id='block_1_9' title="bbox 3601 140 3622 4730">
    <p class='ocr_par' dir='ltr' id='par_1_11' title="bbox 3601 140 3622 4730">
     <span class='ocr_line' id='line_1_114' title="bbox 3601 140 3622 4730; baseline 0 0"><span class='ocrx_word' id='word_1_734' title='bbox 3601 140 3622 4730; x_wconf 95' lang='lat' dir='ltr'><strong> </strong></span> 
     </span>
    </p>
   </div>
  </div>
 </body>
</html>
