3647 5753
338 713 514 759 Ultimae

336 764 508 810 satisfit.

316 3904 456 3950 Prima

305 3957 471 3999 conclu-

336 4005 419 4048 sio.

320 4643 459 4685 sotus.

270 4694 476 4785 &Pi-3:53.

287 4887 451 4940 Godoy.

311 4936 427 4980 abror
439 4946 478 4979 a.

339 4993 454 5029 one?-

294 5036 455 5078 zumel-

548 386 661 444 812

543 554 835 627 quendum
882 561 1108 613 tantum
1160 562 1400 630 prosunt
1439 572 1613 629 opera
1648 554 1903 629 propria,

545 653 663 694 non
686 639 893 696 merita
918 639 1121 695 aliena.

617 720 706 775 Ad
756 728 1015 797 quartam
1066 720 1447 792 respondetur
1498 720 1589 776 vel
1643 715 1907 793 negando

545 803 849 875 majorem,
899 804 989 859 vel
1028 818 1115 867 ea,
1147 807 1205 860 et
1232 802 1449 859 minori
1498 801 1747 867 omissis,
1798 814 1906 856 ne-

542 883 731 958 gando
758 885 1244 957 consequentiam.
1276 887 1424 940 Nam
1447 884 1511 940 in
1533 883 1742 941 merito
1763 881 1905 956 justi

540 971 626 1021 est
648 967 1024 1040 congruentia
1045 967 1109 1022 in
1131 965 1338 1023 ordine
1352 965 1421 1022 ad
1443 965 1747 1037 praemium
1771 962 1904 1019 aliis

538 1044 988 1112 conferendum3
1047 1051 1323 1103 consonat
1367 1047 1548 1111 enim,
1605 1050 1666 1099 ut
1714 1043 1904 1114 inquit

537 1131 603 1185 D.
673 1128 878 1184 Thom.
933 1129 1154 1203 legibus
1212 1129 1500 1192 amicitiae,
1553 1124 1703 1199 quod
1753 1130 1903 1183 Deus

538 1208 853 1281 adimpleat
872 1211 1228 1266 voluntatem
1246 1209 1385 1283 justi
1414 1208 1478 1263 in
1500 1207 1752 1263 aliorum
1780 1207 1901 1262 sal-

537 1290 786 1348 vatione.
828 1292 1107 1347 Caeterum
1156 1290 1221 1346 in
1265 1289 1546 1345 demerito
1593 1286 1900 1360 peccatoris

537 1386 656 1427 non
676 1379 762 1428 est
780 1372 1173 1447 congruentia,
1208 1377 1269 1427 ut
1307 1374 1455 1428 Deus
1483 1375 1714 1443 propter
1749 1367 1898 1425 illud

538 1452 742 1524 puniat
767 1453 1119 1519 innocentes,
1146 1457 1243 1508 aut
1269 1450 1340 1507 ab
1359 1452 1443 1508 eis
1470 1450 1769 1506 subtrahat
1781 1466 1899 1506 suae

536 1532 738 1605 gratiae
752 1531 918 1590 dona.
948 1536 1017 1589 Et
1033 1534 1112 1588 ita
1130 1532 1431 1605 respondet
1444 1532 1578 1587 huic
1591 1530 1897 1604 objectioni

535 1613 602 1669 D.
633 1613 838 1672 Thom.
870 1617 932 1671 in
969 1618 1025 1679 4,
1070 1615 1200 1670 dist.
1249 1615 1341 1683 45,
1387 1621 1567 1689 quoest.
1611 1614 1666 1677 2,
1691 1620 1802 1669 art.
1844 1615 1891 1680 1,

531 1696 845 1770 quaestt'unc.
888 1698 906 1752 1
947 1697 1021 1751 ad
1045 1697 1100 1751 4.
1134 1693 1301 1751 Unde
1325 1701 1444 1751 esto
1475 1695 1537 1750 in
1565 1692 1772 1751 ordine
1822 1691 1896 1749 ad

532 1776 834 1846 proprium
860 1776 1177 1850 sthectum
1207 1792 1325 1833 non
1352 1776 1428 1831 sit
1453 1774 1733 1831 efficacius
1765 1789 1893 1830 me-

531 1853 730 1920 ritum,
764 1872 937 1927 quam
965 1856 1334 1919 demeritum,
1369 1855 1433 1910 in
1460 1854 1664 1912 ordine
1694 1860 1892 1910 tamen

530 1936 603 1993 ad
648 1937 792 1993 alios
826 1941 1102 1997 meritum
1136 1939 1415 1996 efficacius
1451 1943 1576 2005 est;
1615 1938 1890 1994 meritum

529 2017 690 2074 enim
736 2026 819 2075 est
869 2020 939 2077 de
981 2036 1191 2094 genere
1230 2018 1383 2083 boni,
1427 2016 1577 2091 quod
1622 2016 1780 2073 decet
1817 2016 1890 2073 ad

531 2100 675 2156 alios
701 2101 932 2158 extendi
965 2127 978 2160 ς
1008 2101 1157 2176 quod
1193 2101 1474 2158 demerito
1514 2116 1631 2158 non
1675 2115 1889 2157 conve-

528 2185 618 2241 nit
637 2184 709 2241 ob
733 2186 1015 2242 rationem
1040 2184 1381 2257 oppositam.

599 2266 901 2339 supposito
925 2265 1122 2339 igitur,
1149 2263 1298 2335 quod
1342 2264 1526 2336 justus
1571 2263 1884 2319 secundum

526 2354 862 2419 praesentem
895 2345 1317 2419 providentiam
1348 2362 1465 2402 non
1506 2349 1796 2402 mereatur
1816 2344 1888 2402 de

522 2426 807 2501 condigno
854 2429 984 2484 aliis
1029 2428 1280 2501 primam
1319 2427 1587 2501 gratiam,
1631 2431 1688 2482 et
1735 2426 1886 2499 quod

522 2510 836 2567 secundum
859 2525 1223 2568 communem
1255 2509 1680 2583 providentiam
1716 2510 1882 2566 illam

522 2592 657 2647 aliis
680 2594 855 2665 possit
882 2591 951 2648 de
989 2609 1242 2668 congruo
1283 2592 1485 2648 saltem
1526 2592 1761 2657 mereri,
1788 2591 1884 2646 vi-

520 2669 774 2728 dendum
814 2678 898 2729 est
938 2677 1133 2728 utrum
1188 2678 1483 2745 repugnet,
1509 2671 1657 2744 quod
1695 2671 1883 2743 justus

518 2755 809 2806 mereatur
830 2749 900 2805 de
926 2748 1210 2822 condigno
1233 2750 1400 2807 alteri
1425 2750 1675 2821 primam
1706 2749 1881 2821 justi-

516 2830 801 2888 ficationis
838 2831 1109 2906 gratiam,
1142 2831 1266 2886 sive
1294 2831 1444 2887 alius
1472 2832 1592 2895 ille,
1624 2831 1714 2887 cui
1741 2846 1880 2904 gra-

514 2915 597 2971 tia
624 2912 973 2986 acquirenda
997 2918 1101 2979 est,
1127 2920 1485 2985 supponatur
1518 2916 1646 2970 sine
1665 2914 1871 2987 gratia,

513 3002 568 3053 et
621 3003 861 3069 peccato,
913 2997 1036 3052 sive
1087 3002 1444 3069 supponatur
1494 2996 1877 3054 determinate

513 3087 736 3152 peccato
778 3079 1039 3136 infectus
1073 3081 1141 3134 Et
1185 3079 1267 3135 ita
1304 3079 1417 3137 duo
1459 3081 1567 3145 hic,
1602 3087 1662 3136 ut
1701 3097 1877 3153 supra

511 3159 862 3226 dicebamu5‚
925 3160 1278 3217 discutienda
1344 3167 1654 3218 occurrunt
1685 3188 1699 3218 ι
1750 3163 1875 3236 pri-

509 3257 694 3307 mum,
723 3258 797 3297 an
813 3242 980 3315 justis
1010 3242 1196 3297 valeat
1233 3243 1401 3298 atteri
1432 3258 1550 3299 non
1593 3244 1871 3315 peccatori

511 3321 762 3393 primam
804 3323 1051 3396 gratiam
1098 3323 1360 3378 mereri:
1408 3323 1743 3389 secundum,
1796 3339 1872 3379 an

511 3401 676 3459 illam
701 3410 762 3459 ut
784 3405 1061 3476 peccatori
1113 3404 1362 3461 dandam
1410 3406 1624 3462 mereri
1673 3406 1868 3479 possit.

1114 3602 1146 3668 s
1188 3600 1254 3655 11.

765 3744 982 3802 Decisio
1002 3748 1212 3818 prioris
1238 3746 1601 3820 difficultatis.

578 3893 671 3949 31.
719 3892 1032 3949 Dicendum
1055 3899 1139 3949 est
1162 3893 1371 3966 primo,
1399 3908 1516 3949 non
1546 3907 1867 3965 repugnare

500 3971 649 4044 quod
674 3973 861 4046 justus
887 3972 956 4028 de
987 3973 1270 4047 condigno
1299 3980 1588 4030 mereatur
1612 3973 1863 4045 primam

498 4054 746 4126 gratiam
769 4052 1018 4109 dandam
1044 4055 1267 4111 homini
1320 4071 1437 4112 non
1481 4055 1777 4128 peccatori,
1807 4060 1865 4111 et

501 4136 795 4208 praecisive
823 4151 855 4191 a
880 4138 1216 4194 remissione
1258 4139 1487 4210 peccati.
1522 4139 1681 4193 Hanc
1704 4151 1863 4192 reso-

499 4219 781 4275 lutionem
824 4217 953 4273 licet
995 4217 1056 4273 in
1097 4221 1161 4274 D.
1193 4220 1413 4275 Thoma
1450 4234 1715 4291 expresse
1742 4235 1862 4275 non

497 4299 895 4362 inveniamuS‚
951 4298 1072 4371 ejus
1118 4299 1391 4356 doctrinae
1444 4305 1638 4355 tamen
1695 4298 1861 4357 valde

493 4385 934 4438 consentaneam
988 4396 1321 4447 censemus;
1370 4397 1543 4454 quarn
1618 4380 1860 4452 proinde

493 4462 922 4517 insinuavimus
968 4468 1127 4518 tract.
1183 4463 1265 4527 13,
1321 4463 1462 4533 disp.
1514 4464 1595 4530 14,
1626 4462 1755 4517 dub.
1796 4463 1854 4527 4,

494 4559 645 4597 num.
687 4542 807 4605 130,
840 4556 1079 4612 eamque
1100 4541 1302 4599 docent
1343 4542 1539 4613 plures
1584 4541 1859 4597 Thomis-

496 4628 585 4690 tce,
617 4625 781 4679 Sotus
825 4621 887 4677 in
926 4623 981 4688 4,
1038 4624 1165 4678 dist.
1229 4625 1272 4687 l,
1330 4629 1510 4700 quaest.
1556 4624 1610 4686 5.
1660 4630 1770 4679 art.
1795 4624 1851 4689 6,

491 4707 741 4762 Joannes
770 4720 800 4759 a
828 4705 881 4757 S.
909 4703 952 4756 T
960 4702 1115 4758 hom.
1147 4706 1207 4759 in
1247 4707 1512 4777 praesenti,
1560 4705 1701 4776 disp.
1757 4704 1851 4770 31,

489 4793 582 4841 art
607 4787 644 4840 2
668 4791 716 4838 et
745 4785 780 4837 3
805 4791 954 4856 part.
984 4784 1124 4855 disp.
1168 4787 1217 4848 1,
1245 4792 1354 4840 art.
1387 4787 1422 4839 2
1446 4787 1505 4839 in
1527 4802 1664 4856 resp.
1695 4784 1770 4839 ad
1794 4786 1849 4850 6,

492 4864 685 4939 Godoy
708 4864 920 4931 ibidem,
953 4865 1095 4937 disp.
1127 4866 1181 4929 2,
1208 4866 1312 4933 58,
1341 4863 1586 4921 Cabrera
1606 4865 1729 4934 disp
1765 4866 1848 4931 12,

495 4948 661 5003 concl.
717 4949 761 5011 l,
806 4950 985 5003 Gonet
1020 4949 1080 5001 in
1119 4949 1365 5019 praesenti
1391 4947 1534 5019 disp.
1563 4948 1619 5009 2,
1650 4952 1760 5002 art.
1792 4949 1848 5012 7,

495 5029 659 5085 concl.
684 5030 737 5093 3,
763 5046 798 5081 a
828 5045 979 5083 uum.
1022 5028 1140 5092 198,
1178 5030 1372 5085 §lumel
1411 5035 1522 5083 art.
1554 5028 1608 5092 6,
1633 5026 1760 5083 dub.
1801 5029 1847 5084 1.

1592 383 1687 439 DE
1727 383 2036 439 PRAEMIO
2073 382 2350 439 MERITI.

2036 552 2255 618 Quibus
2297 554 2471 611 etiam
2513 553 2877 610 subscribunt
2922 552 3232 610 Durandus
3257 555 3556 620 5123,an

2035 635 2164 691 dist.
2193 636 2251 699 2,
2282 641 2463 713 quast.
2496 638 2551 701 2,
2585 637 2736 710 Vega
2783 636 2876 692 lib.
2933 636 2988 701 3,
3033 637 3096 689 in
3148 633 3385 691 Trident.
3408 609 3549 701 82⁸ss

2036 734 2159 790 cap.
2216 719 2299 784 15,
2349 719 2560 774 suarez
2598 726 2727 774 tom.
2768 720 2810 783 1,
2842 719 3134 791 ruspare.
3161 718 3307 790 disp.
3337 707 3550 801 4532}

2033 805 2159 854 sect.
2200 800 2284 863 17,
2318 798 2637 863 Granadus,
2667 801 2917 855 ¹loannes
2944 798 3015 855 de
3037 801 3213 873 Lugo,
3239 800 3555 907 Tan-iffi

2035 895 2228 946 nerus,
2261 881 2503 954 Rugosa,
2535 889 2592 938 et
2617 881 2911 953 alii,·quos
2957 880 3151 948 refert,
3196 887 3254 937 et
3300 896 3389 938 se-

2032 961 2229 1032 quitur
2251 961 2495 1035 Ripalda
2516 971 2647 1018 tom.
2669 965 2724 1027 2,
2751 964 2890 1034 disp,
2923 963 3014 1027 96,
3045 969 3172 1017 sect.
3202 963 3260 1018 2.

2107 1041 2393 1100 Probatur
2416 1044 2586 1100 unico
2607 1043 3002 1108 fundamento,
3019 1042 3153 1114 quia
3175 1041 3385 1100 bonum
3417 1036 3530 1079 Μ

2031 1135 2172 1191 opus
2187 1121 2327 1194 justi
2358 1129 2538 1196 potest
2556 1123 2767 1180 habere
2787 1137 2989 1180 omnes
3010 1122 3382 1189 conditiones,

2030 1216 2155 1274 quae
2175 1202 2246 1258 ad
2275 1205 2616 1260 merendum
2644 1206 2714 1261 de
2746 1204 3029 1277 condigno
3068 1205 3238 1261 alteri
3283 1205 3385 1262 ho-

2030 1283 2182 1339 mini
2223 1300 2341 1342 non
2383 1286 2661 1357 peccatori
2690 1286 2939 1358 primam
2963 1282 3386 1359 justificationis

2028 1367 2279 1439 gratiam
2325 1368 2704 1440 requiruntur
2733 1390 2747 1423 ι
2777 1383 2913 1441 ergo
2941 1383 3056 1423 non
3085 1375 3381 1441 repugnat,

2028 1446 2177 1519 quod
2195 1448 2382 1522 justus
2404 1454 2695 1505 mereatur
2717 1449 2941 1506 homini
2970 1464 3086 1505 non
3112 1450 3384 1521 peccatori

2029 1529 2282 1601 primam
2333 1532 2604 1604 gratiam.
2654 1530 3067 1601 Consequentia
3115 1534 3291 1602 patet.
3321 1532 3385 1584 Et

2028 1609 2365 1666 antecedens
2392 1609 2713 1667 ostenditur
2739 1608 3114 1667 discurrendo
3143 1626 3245 1681 per
3268 1626 3386 1667 om-

2027 1705 2130 1746 nes
2149 1691 2524 1756 conditiones,
2555 1707 2684 1764 quae
2713 1690 2781 1747 ad
2824 1691 3099 1748 meritum
3138 1691 3211 1748 de
3243 1708 3384 1749 con-

2025 1770 2199 1845 digno
2225 1772 2646 1829 desiderantur.
2678 1775 2825 1828 Nam
2880 1772 2942 1828 in
2995 1772 3205 1845 primis
3245 1788 3386 1844 opus

2026 1851 2241 1909 bonum
2265 1849 2521 1909 hominis
2543 1854 2681 1928 J‘usti
2703 1858 2788 1909 est
2815 1852 3084 1919 liberum,
3126 1859 3185 1909 et
3219 1853 3384 1909 elici-

2023 1940 2146 1991 tum
2175 1952 2207 1992 a
2233 1936 2476 2002 viatore,
2498 1942 2552 1993 et
2600 1938 2791 2009 aliquo
2832 1936 3074 2009 praemio
3113 1934 3378 2009 dignum,

2020 2023 2084 2074 ut
2103 2019 2261 2084 satis,
2292 2035 2574 2091 superque
2612 2024 2832 2075 constat
2869 2034 2938 2074 ex
2990 2017 3156 2074 dictis
3197 2020 3259 2072 in
3282 2020 3384 2076 hoc

2020 2106 2179 2155 tract.
2205 2100 2346 2172 disp.
2401 2102 2445 2164 1,
2503 2107 2559 2157 et
2597 2099 2930 2156 Adversarii
2974 2116 3090 2156 non
3143 2108 3377 2174 negant.

2019 2180 2236 2237 Deinde
2266 2180 2595 2252 praedictum
2619 2197 2760 2253 opus
2783 2186 2962 2254 potest
2982 2197 3012 2236 a
3035 2181 3190 2253 justo
3215 2181 3380 2237 ordi-

2019 2262 2148 2318 nari
2195 2262 2266 2317 ad
2310 2263 2555 2336 gratiam
2583 2262 2751 2317 alteri
2791 2260 3200 2319 conferendam
3242 2268 3380 2319 tan-

2017 2359 2188 2416 quam
2213 2344 2275 2400 in
2298 2345 2597 2417 praemium
2621 2368 2634 2411 ς
2662 2360 2763 2400 nec
2783 2343 2939 2400 enim
2963 2344 3028 2398 in
3052 2344 3156 2400 hoc
3179 2344 3378 2417 aliqua

2017 2425 2333 2499 implicatio
2383 2431 2636 2498 apparet.
2695 2427 3008 2482 Praeterea-
3044 2426 3375 2500 huJ‘usmodi

2014 2524 2156 2580 opus
2184 2507 2324 2580 justi
2359 2509 2511 2564 valet
2538 2506 2838 2579 adaequare
2871 2507 3128 2563 valorem
3172 2509 3379 2581 gratia?

2015 2589 2183 2645 alteri
2220 2588 2606 2656 conferendam
2658 2590 2822 2645 valor
2866 2590 3076 2662 quippe
3117 2589 3375 2661 praedicti

2014 2674 2242 2742 praemii
2272 2670 2534 2729 infinitus
2562 2686 2678 2728 non
2704 2677 2806 2735 est,
2834 2677 3000 2743 atque
3045 2671 3173 2729 ideo
3216 2671 3375 2731 adae—

2010 2749 2184 2825 quari'
2214 2758 2391 2827 potest
2432 2772 2532 2828 per
2572 2754 2758 2828 operis
2799 2756 3081 2812 valorem.
3110 2758 3371 2816 Tandem

2009 2834 2292 2891 stantibus
2347 2836 2626 2908 praedictis
2690 2835 3136 2903 conditionibus,
3190 2847 3376 2912 potest

2009 2914 2270 2972 accedere
2298 2923 2523 2989 pactum
2551 2919 2652 2975 Dei
2680 2919 3012 2991 praedictum
3061 2923 3371 2992 praemium
3413 2990 3420 2997 ‚

2008 2994 2394 3068 dependenter
2434 3000 2504 3056 ab
2534 3001 2636 3056 illo
2665 3002 3074 3072 promittentis.
3105 3004 3204 3059 Hae
3225 3020 3372 3063 vero

2004 3084 2140 3134 sunt
2189 3078 2564 3140 conditiones,
2614 3097 2739 3153 quae
2783 3082 2850 3138 ad
2898 3082 3368 3142 constituendum

2004 3161 2279 3216 meritum
2306 3160 2376 3217 de
2396 3162 2679 3237 condigno
2706 3172 3075 3227 concurrunt,
3103 3170 3164 3221 ut
3193 3182 3369 3223 cons-

2004 3243 2085 3296 tat
2133 3257 2205 3297 ex
2244 3241 2515 3298 hactenus
2561 3243 2726 3300 dictis
2778 3245 2840 3300 in
2901 3245 3007 3300 hoc
3064 3247 3367 3303 Tractatu.

2006 3322 2195 3378 Potest
2240 3323 2417 3396 igitur
2462 3339 2603 3397 opus
2657 3324 2871 3381 bonum
2922 3325 3176 3382 hominis
3217 3328 3366 3401 justi

2000 3403 2249 3479 gaudere
2287 3406 2559 3463 omnibus
2605 3407 3050 3474 conditionibuS,
3107 3426 3236 3482 quae
3287 3412 3366 3468 ad

2000 3485 2343 3542 merendum
2373 3487 2541 3543 alteri
2565 3488 2789 3544 homini
2821 3504 2935 3544 non
2957 3488 3129 3560 justo,
3159 3495 3218 3544 et
3240 3506 3369 3547 non

2001 3569 2276 3640 peccatori
2330 3570 2578 3641 primam
2631 3571 2875 3643 gratiam
2928 3569 3359 3629 desiderantur.

2073 3648 2462 3705 confirmatur
2490 3670 2502 3703 :
2530 3665 2664 3705 nam
2692 3649 2842 3723 quod
2880 3650 3051 3707 homo
3096 3650 3165 3708 de
3212 3653 3372 3712 facto

1997 3735 2165 3802 queat
2185 3731 2316 3786 aliis
2340 3731 2589 3803 primam
2617 3733 2862 3803 gratiam
2892 3734 3102 3790 mereri
3126 3732 3198 3790 de
3217 3751 3370 3792 con-

1996 3828 2159 3886 gruo,
2193 3829 2309 3870 non
2338 3819 2526 3870 autem
2562 3812 2632 3869 de
2652 3813 2950 3889 condigno,
2979 3817 3245 3886 provenit
3263 3818 3369 3875 vel

1995 3909 2065 3949 ex
2095 3895 2485 3966 inaequalitate
2506 3895 2720 3950 valoris
2747 3897 2809 3950 in
2838 3912 3008 3968 opere
3031 3897 3364 3965 meritoriO,

1996 3977 2086 4031 vel
2114 3992 2186 4032 ex
2212 3975 2429 4032 defectu
2462 3977 2626 4048 pacti,
2659 3978 2782 4033 sive
2822 3979 3223 4049 promissionis
3260 3980 3372 4036 di-

1994 4056 2147 4111 vinae
2174 4076 2186 4110 ε
2214 4057 2369 4127 atqui
2398 4058 2560 4113 valor
2587 4058 2779 4130 operis
2804 4063 2983 4129 potest
3006 4075 3275 4125 crescere,
3305 4067 3375 4117 et

1995 4137 2293 4208 adaequare
2339 4139 2594 4195 valorem
2647 4141 2873 4210 praemii
2921 4138 3073 4196 finiti
3099 4186 3111 4205 ,
3161 4142 3374 4216 cujus-—

1993 4218 2149 4275 modi
2190 4225 2275 4275 est
2316 4220 2504 4290 prima
2548 4221 2731 4292 gratia
2762 4221 2931 4277 alteri
2959 4222 3316 4281 conferenda
3351 4243 3367 4276 :

1990 4315 2104 4371 qua
2124 4300 2450 4371 aequalitate
2476 4300 2786 4371 supposita,
2830 4306 3011 4374 potest
3041 4304 3186 4360 Deus
3211 4320 3376 4376 opus

1992 4381 2137 4437 illud
2163 4382 2224 4437 in
2252 4383 2456 4439 ordine
2479 4382 2548 4438 ad
2573 4383 2906 4454 praedictum
2932 4385 3236 4457 praemium
3258 4403 3376 4443 ac-

1987 4468 2232 4534 ceptare,
2258 4465 2380 4518 sive
2406 4464 2652 4536 gratiam
2682 4463 2814 4518 aliis
2843 4463 3094 4521 dandam
3123 4481 3230 4537 pro
3251 4471 3377 4525 tali

1988 4560 2158 4616 opere
2179 4550 2451 4617 tanquam
2479 4561 2579 4617 pro
2597 4546 2749 4617 justo
2772 4548 2955 4618 pretio
2980 4548 3332 4620 promittere
3359 4573 3376 4606 ε

1986 4639 2122 4698 ergo
2149 4623 2276 4680 fieri
2305 4625 2559 4683 absolute
2591 4631 2785 4697 potest,
2828 4632 2890 4681 ut
2911 4625 3097 4698 justus
3123 4644 3375 4688 merea-

1987 4710 2081 4760 tur
2119 4704 2190 4760 de
2228 4704 2510 4780 condigno
2557 4706 2805 4780 gratiam
2830 4707 2993 4762 alteri
3043 4708 3372 4767 conseren-

1984 4785 2140 4843 dam.

3406 3650 3557 3707 ems·

3410 3705 3548 3742 must

2060 4869 2151 4924 32.
2201 4870 2324 4923 Haec
2354 4869 2502 4925 ratio
2523 4886 2651 4925 cum
2680 4886 2782 4926 sua
2802 4868 3574 4931 confirmationeestrrtm

1985 4945 2126 5004 adeo
2185 4947 2379 5003 efficax
2404 4989 2417 5013 ,
2456 4953 2518 5002 ut
2546 4948 2710 5005 facile
2734 4955 3060 5021 prosternat
3085 4950 3367 5011 diversas
3383 4938 3584 5039 ἓξὲξ.

1989 5027 2468 5084 ‚adversariorum
2518 5029 2934 5101 responsiones,
2981 5031 3139 5095 Quod
3179 5033 3365 5091 enim

3101 5110 3362 5184 quidam

3411 5037 3554 5080 ditm.

3445 5146 3617 5248 ——d
