3647 5753
29 753 199 796 Jonssr·

29 808 190 847 matur.

29 2057 210 2106 toboral

29 2122 84 2155 ur
104 2123 198 2155 am·

29 2159 168 2213 plius.

29 2878 193 2920 Secun-

30 2936 93 2969 ,ns
117 2935 204 2984 mo·

29 2976 111 3019 dus
130 2975 193 3034 ἀι·

31 3024 181 3069 cendi.

1278 407 1459 464 DISP.
1501 406 1570 473 V,
1612 404 1778 460 DUB.
1823 401 2133 459 UNICUM.
2978 393 3085 448 781

231 585 548 662 quemlibet
574 586 747 642 talem
778 587 966 640 actum
996 583 1332 640 restituatur
1360 580 1424 637 in
1452 579 1595 636 inte-

232 684 404 744 grum
429 667 697 740 praedicta
715 666 921 740 gratia.

307 748 698 808 confirmatur
727 750 917 822 primo
940 792 953 815 ‚
1008 749 1285 823 quoniam
1324 743 1595 803 contritio

234 849 352 889 non
372 833 663 888 concurrit
685 830 754 887 ad
780 831 1245 888 reviviscentiam
1269 824 1596 902 praeceden-

232 914 380 969 tium
409 912 774 978 meritorum,
806 919 864 969 et
882 911 1104 986 gratiae,
1137 916 1200 967 ut
1220 925 1388 966 causa
1415 924 1515 981 per
1536 922 1597 964 se

231 993 486 1067 physica,
534 992 629 1048 vel
658 993 899 1049 moralis
928 993 1202 1060 illorum;
1233 990 1447 1062 alioqui
1477 1004 1595 1045 non

218 1076 345 1149 jam
377 1074 571 1147 priora
599 1075 809 1131 merita
840 1073 1269 1138 reviviscerent,
1303 1070 1402 1128 sed
1448 1086 1597 1142 prae-

225 1155 377 1213 senti
420 1155 774 1230 poenitentiae
824 1160 940 1211 tota
963 1156 1065 1212 illa
1093 1156 1280 1229 gratia
1307 1149 1596 1210 adscribe-

229 1243 409 1296 retur.
460 1240 657 1295 Solum
704 1253 841 1312 ergo
878 1237 1171 1295 concurrit
1216 1252 1319 1310 per
1358 1232 1595 1291 modum

230 1320 583 1377 removentis
630 1318 961 1392 prohibenS,
1012 1318 1230 1374 scilicet
1256 1320 1593 1392 peccatum;

230 1406 399 1474 atque
426 1399 565 1457 adeo
592 1401 641 1456 si
668 1417 794 1473 quae
833 1401 1133 1474 proportio
1175 1398 1257 1454 ibi
1306 1399 1591 1470 requitur,

229 1496 350 1538 non
389 1481 544 1540 inter
581 1481 987 1538 contritionem
1022 1523 1035 1546 ,
1095 1485 1154 1537 et
1193 1478 1441 1543 merita,
1496 1493 1595 1534 seu

229 1560 477 1635 gratiam
509 1559 955 1628 restituendam;
997 1560 1097 1616 sed
1137 1559 1292 1615 inter
1331 1557 1515 1623 illam,
1541 1560 1600 1613 et

232 1642 635 1699 remissionem
675 1642 883 1713 peccati
908 1640 1150 1716 petenda
1176 1643 1279 1698 est.
1313 1640 1454 1694 Cum
1483 1636 1598 1711 igi-

231 1728 325 1779 tur
345 1721 611 1795 quaelibet
631 1723 919 1787 contritio,
945 1723 1068 1779 sive
1089 1722 1334 1784 intensa,
1354 1718 1475 1774 sive
1501 1732 1597 1774 re-

230 1802 426 1869 missa,
471 1803 711 1859 sufficiat
739 1803 809 1859 ad
833 1809 1121 1876 peccatum
1160 1798 1593 1867 remittendum,

230 1899 582 1956 consequens
626 1891 728 1947 est,
764 1889 845 1939 rut
885 1900 983 1958 per
1026 1884 1192 1940 illam
1240 1880 1486 1946 merita,
1544 1882 1600 1935 et

232 1966 419 2039 gratia
450 1965 661 2021 amissa
690 1964 978 2038 adaequate
1009 1965 1408 2022 restituantur.

309 2046 697 2103 Confirmatur
747 2047 996 2104 secundo
1042 2063 1112 2104 ex
1165 2047 1269 2103 illo
1312 2042 1597 2099 Ezechiel.

241 2130 332 2184 18:
356 2128 426 2186 Si
446 2130 650 2201 impius
675 2132 839 2200 eqerit
857 2131 1233 2201 poenitentiam
1254 2126 1322 2181 ab
1349 2123 1600 2180 omnibus

230 2212 465 2283 peccatis
489 2213 626 2278 suis,
658 2229 772 2289 qum
796 2219 1052 2285 operatus
1077 2218 1173 2276 est,
1204 2211 1324 2264 vita
1354 2208 1518 2273 vivet,
1549 2212 1598 2261 et

233 2308 343 2346 non
364 2293 627 2348 morietur
647 2312 665 2346 .·
685 2294 932 2348 omnium
958 2293 1321 2367 iniquitatum
1347 2289 1465 2359 ejus
1490 2303 1600 2341 non

230 2373 675 2440 recordabor,etc.
702 2374 759 2429 Si
778 2379 968 2430 autem
992 2371 1247 2428 exhibita
1265 2387 1297 2427 a
1313 2373 1599 2443 peccatore

235 2454 593 2525 poenitentia,
629 2472 746 2511 non
771 2454 966 2510 statim
992 2453 1325 2511 restituatur
1346 2449 1459 2506 sibi
1482 2454 1599 2507 tota

230 2535 436 2608 gratia,
461 2550 634 2606 quam
657 2535 870 2601 amisit,
898 2534 1125 2592 videtur
1151 2531 1299 2606 quod
1321 2534 1469 2587 Deus
1488 2530 1601 2586 ini·

231 2616 519 2687 quitatum
547 2617 667 2690 ejus
695 2616 1041 2684 recordetur,
1068 2632 1197 2673 cum
1226 2618 1456 2687 propter
1487 2612 1601 2667 hu-

228 2697 488 2771 jusmodi
536 2698 869 2771 iniquitates
912 2703 1102 2755 careat
1154 2695 1337 2754 adhuc
1372 2694 1594 2769 gratia,

234 2793 412 2850 quam
438 2777 692 2845 haberet,
723 2778 772 2834 si
802 2794 919 2836 non
941 2795 1034 2835 eas
1055 2777 1455 2835 commisisset.

309 2859 367 2914 6.
397 2857 656 2915 Secunda
678 2859 961 2916 sententia
990 2857 1330 2933 praecedenti
1353 2855 1597 2914 omnino

233 2941 493 3019 opposita
537 2945 723 3016 negat,
759 2940 922 2999 reddi
950 2942 1176 2999 homini
1207 2942 1270 2998 in
1297 2957 1397 2997 sua
1421 2940 1597 3013 justi-

233 3020 498 3080 ficatione
522 3025 649 3095 plus
676 3023 894 3097 aliquid
930 3024 1151 3098 gratias,
1184 3039 1357 3095 quam
1384 3023 1460 3077 sit
1498 3037 1597 3078 ac-

233 3109 322 3158 tus
369 3104 754 3171 contritionis„
807 3121 907 3177 per
951 3121 1121 3177 quem
1163 3102 1510 3175 disponitur,
1541 3107 1598 3157 et

231 3190 642 3258 consequenter
701 3191 871 3260 negat
930 3183 1282 3241 reddendam
1335 3197 1459 3237 esse
1504 3180 1595 3237 illi

231 3267 510 3340 majorem
571 3266 820 3340 gloriam
866 3264 1253 3330 essentialem,
1302 3276 1476 3333 qnam
1523 3260 1598 3316 sit

229 3346 503 3417 praedicta
529 3347 852 3419 dispositio.
882 3348 1009 3401 Non
1032 3349 1225 3400 tamen
1260 3341 1472 3398 idcirco
1493 3340 1597 3397 ab·

227 3428 412 3483 solute
436 3433 622 3500 negat,
657 3429 852 3501 priora
878 3427 1090 3483 merita
1114 3425 1479 3490 reviviscere,·
1498 3422 1597 3480 sed

230 3507 311 3560 ait
373 3507 701 3581 hujusmodi
771 3505 1235 3563 reviviscentiam
1286 3504 1597 3560 consistere

231 3593 354 3643 tum
383 3588 444 3644 in
471 3605 564 3656 eo,
605 3587 754 3662 quod
801 3586 1001 3644 eadem
1036 3587 1242 3663 gratia,
1286 3591 1343 3644 et
1385 3578 1591 3661 gloria,

229 3683 353 3741 quae
421 3669 644 3726 ratione
695 3670 1000 3741 praesentis
1047 3667 1442 3740 dispositionis
1486 3665 1599 3721 tri-

232 3749 461 3807 buenda
481 3756 585 3818 est,
619 3751 911 3807 tribuatur
935 3750 1113 3806 simul
1144 3750 1366 3808 ratione
1393 3764 1599 3823 praece·

231 3832 494 3889 dentium
535 3834 903 3899 meritorum,
937 3832 1191 3905 adeoque
1230 3830 1491 3905 pluribus
1518 3830 1597 3886 ti·-

231 3913 388 3970 tulis.
421 3915 569 3969 Tum
592 3915 770 3972 etiam
793 3914 857 3970 in
878 3930 965 3982 eo,
991 3912 1139 3987 quod
1168 3913 1340 3970 homo
1364 3912 1465 3969 ille
1491 3911 1598 3968 ha-

231 3994 358 4052 beat
404 3993 467 4050 in
514 3996 703 4068 patria
750 3995 936 4068 majus
979 3993 1274 4069 gaudium,
1311 3999 1369 4050 et
1410 3994 1598 4067 majus

232 4076 537 4149 praemium
567 4076 917 4134 accidentale
946 4076 1167 4132 ratione
1193 4090 1434 4147 operum
1459 4088 1598 4146 prae·

230 4155 572 4224 cedentium,
622 4174 795 4231 quam
823 4158 871 4214 si
902 4173 1020 4214 non
1060 4156 1495 4229 praecessissent.
1527 4157 1598 4211 Et

234 4238 298 4294 in
330 4236 433 4294 hoc
456 4237 587 4311 jure
615 4238 685 4295 ad
710 4237 957 4296 eandem
978 4239 1248 4313 gratiam,
1273 4243 1330 4295 et
1347 4237 1596 4312 gloriam

232 4321 599 4378 essentialem
642 4322 908 4394 pluribus
955 4321 1141 4378 titulis
1170 4321 1591 4396 possidendam,

234 4419 352 4460 una
376 4418 507 4459 cum
531 4404 663 4478 jure
684 4405 754 4460 ad
777 4405 965 4478 majus
994 4405 1299 4478 praemium
1332 4404 1597 4461 acciden-

234 4486 348 4541 tale
362 4486 658 4544 constituit
679 4487 800 4545 haec
819 4488 1107 4545 sententia
1128 4486 1596 4544 reviviscentiam

237 4567 603 4627 meritorum.

40 4678 221 4721 gamm,
311 4652 395 4705 Ita
432 4650 608 4707 sentit
627 4652 943 4708 M.Bannez
964 4652 1020 4718 2,
1051 4656 1107 4719 2,
1140 4658 1323 4729 quaest.
1350 4652 1443 4717 84,
1475 4658 1593 4708 art.

235 4730 435 4796 6,dub.
466 4733 521 4800 6,
548 4731 834 4790 adducens
858 4750 960 4807 pro
986 4750 1089 4790 sua
1121 4732 1399 4806 opinione
1418 4733 1600 4789 Alen-

235 4830 378 4883 sem,
403 4816 722 4873 Bonavent.
747 4815 1027 4873 Paludan.
1054 4820 1109 4873 et
1129 4816 1386 4890 Capreol.
1411 4819 1467 4871 et
1480 4831 1601 4874 non

238 4913 416 4973 pauca
462 4898 586 4955 loca
631 4901 694 4955 D.
744 4899 951 4956 Thom.
994 4898 1058 4955 in
1083 4897 1290 4972 quibus
1315 4897 1602 4971 praedictae

238 4982 505 5057 opinioni
549 4981 908 5040 subscribere
972 4981 1222 5040 videtur.
1270 4981 1601 5039 Praesertim

240 5081 377 5123 vero
422 5066 485 5122 in
528 5065 583 5134 3,
608 5064 739 5120 dist.
770 5064 861 5131 31,
900 5070 1082 5139 quaest.
1122 5066 1167 5132 l,
1199 5070 1309 5121 art.
1340 5065 1396 5131 4,
1426 5081 1602 5142 φακε-

1726 579 1899 633 iiunc.
1932 575 1969 631 3
1994 574 2069 630 ad
2091 575 2148 642 4,
2179 570 2279 629 ubi
2305 570 2386 628 sic
2412 569 2526 627 ait:
2549 590 2574 622 α
2606 568 2717 624 Per
2747 566 2943 639 priora
2964 582 3092 625 me-

1734 681 1760 713 «
1804 658 1917 714 rita
1961 654 2292 713 merebatur
2339 653 2511 708 homo
2555 653 2778 706 tantam
2816 648 3084 723 gloriam,

1734 760 1761 793 α
1801 743 2079 813 quantam
2124 735 2466 794 charitatem
2512 727 2919 787 habebatzsed
2965 729 3087 802 ipse

1733 842 1759 875 α
1804 837 1906 896 per
1956 823 2245 894 peccatum
2298 816 2479 873 factus
2524 818 2609 870 est
2659 813 2822 879 alter,
2866 815 2923 868 et
2970 826 3089 869 non

1733 923 1760 956 «
1804 903 2066 977 plenarie
2092 902 2163 958 ad
2205 899 2516 974 pristinum
2562 894 2804 971 gradum
2853 893 3090 951 restitu-

1736 1006 1762 1038 α
1803 991 1913 1053 tuS,
1932 990 1989 1041 et
2002 984 2129 1040 ideo
2149 998 2266 1040 non
2290 979 2548 1054 plenarie
2571 976 2806 1050 recipiet
2825 975 3088 1032 effectum

1736 1087 1762 1120 α
1805 1066 2057 1139 priorem
2112 1064 2475 1126 meritorum,
2527 1058 2641 1115 nisi
2694 1061 2974 1131 quantum
3020 1055 3092 1113 ad

1736 1169 1763 1200 α
1804 1145 2114 1219 praemium
2160 1143 2523 1202 accidentale.
2575 1160 2601 1192 υ
2636 1137 2852 1205 Quibus
2899 1135 3093 1194 verbis

1729 1226 1868 1281 satis
1895 1230 2089 1299 aperte
2141 1239 2353 1299 negare
2390 1221 2660 1287 videtur,
2710 1216 2859 1292 quod
2905 1217 3080 1275 homo

1730 1310 1856 1378 post
1905 1305 2162 1379 lapsum,
2212 1303 2440 1360 etiamsi
2469 1301 2538 1358 ab
2559 1317 2625 1358 eo
2655 1300 2930 1371 resurgat,
2962 1312 3093 1355 con·

1729 1391 2001 1459 sequatur
2019 1392 2234 1444 tantam
2258 1384 2505 1459 gloriam
2524 1380 3095 1452 essentialem,quan-

1731 1474 1850 1524 tam
1896 1468 2149 1534 haberet,
2198 1467 2248 1523 si
2296 1481 2414 1523 non
2464 1463 2804 1521 cecidisset:
2840 1458 3097 1516 concedit

1730 1565 1890 1616 vero,
1935 1547 2085 1622 quod
2125 1553 2457 1620 assequatur
2495 1544 2747 1621 gloriam
2777 1541 3098 1600 accidenta-

1732 1631 1849 1688 lem
1901 1631 2179 1703 aequalem
2228 1627 2521 1702 prioribus
2570 1624 2826 1689 meritis,
2871 1623 2937 1679 in
2987 1637 3099 1695 quo

1731 1712 1933 1785 opinio
1948 1715 2027 1769 M.
2052 1714 2281 1768 Bannez
2306 1708 2584 1768 consistit.
2617 1710 2686 1762 Et
2708 1722 2782 1763 ne
2810 1705 2984 1762 alicui
3005 1703 3101 1759 vi-

1732 1791 1934 1849 deatur
1960 1793 2061 1864 (ait
2081 1794 2284 1848 citatus
2305 1790 2597 1865 Magister)
2620 1790 2746 1862 Ang
2792 1789 3093 1844 Doctorem

1731 1881 1982 1932 mutasse
2026 1873 2397 1940 sententiam,
2441 1870 2637 1929 audiat
2676 1870 2839 1926 illam
2868 1870 2903 1924 3
2946 1875 3094 1941 part.

1732 1966 1914 2038 quast.
1942 1957 2033 2023 89,
2058 1963 2168 2013 art.
2202 1959 2236 2011 5
2255 1955 2331 2011 ad
2351 1957 2407 2021 3,
2431 1953 2530 2010 ubi
2558 1953 2782 2026 inquit:
2815 1973 2842 2004 α
2872 1951 2976 2007 Ille
2995 1950 3096 2023 qui

1737 2063 1762 2095 α
1809 2056 1912 2114 per
1939 2039 2337 2113 prenitentiam
2370 2039 2617 2112 resurgit
2641 2036 2705 2092 in
2729 2034 2936 2109 majori
2959 2034 3099 2091 cha-

1739 2146 1765 2179 «
1810 2124 2016 2189 ritate,
2066 2126 2441 2195 consequetur
2489 2119 2722 2194 quidem
2782 2116 3093 2190 praemium

1737 2229 1763 2260 ι(
1807 2205 2112 2263 essentiale
2140 2203 2453 2261 secundum
2482 2202 2858 2276 quantitatem
2893 2199 3092 2256 chari·

1737 2310 1763 2342 α
1805 2287 1958 2352 tatis,
2012 2286 2076 2341 in
2121 2302 2232 2359 qua
2273 2284 2607 2352 invenitur3
2637 2281 2871 2339 habebit
2896 2285 3091 2338 tamen

1737 2392 1763 2426 α
1803 2369 2082 2446 gaudium
2131 2369 2317 2442 majus
2362 2368 2432 2425 de
2477 2365 2747 2442 operibus
2786 2365 2851 2421 in
2899 2364 3092 2437 prima

1738 2474 1764 2507 «
1804 2451 2086 2508 charitate
2105 2449 2288 2516 facti&
2321 2465 2495 2523 quam
2516 2448 2586 2507 de
2615 2447 2922 2521 operibuS,
2965 2459 3091 2519 quae

1740 2555 1766 2587 α
1807 2533 1873 2589 in
1900 2531 2148 2589 secunda
2170 2531 2302 2588 fecit
2327 2555 2342 2588 ι
2370 2529 2521 2603 quod
2546 2529 2797 2604 pertinet
2824 2527 2893 2585 ad
2942 2542 3092 2602 prae-

1740 2638 1766 2670 α
1807 2615 1993 2672 mium
2022 2614 2388 2672 accidentale.
2442 2634 2469 2665 n

1806 2695 2094 2754 Probatur
2144 2696 2262 2753 haec
2308 2692 2594 2751 sententia
2640 2693 2899 2760 ratione,
2957 2691 3292 2789 ani-533&

1731 2776 2147 2835 madvertendo
2173 2777 2254 2847 (id
2281 2775 2431 2848 quod
2453 2776 2520 2831 D.
2544 2775 2750 2831 Thom.
2775 2790 2923 2847 saepe
2944 2773 3093 2830 affir-

1731 2864 1871 2935 mat)
1896 2858 2046 2934 quod
2074 2859 2206 2917 licet
2225 2857 2428 2934 gratia,
2452 2874 2576 2931 quae
2596 2862 2679 2915 est
2701 2857 3005 2930 praemium
3029 2855 3093 2913 in

1729 2944 1826 3001 via
1856 2946 2188 3000 nostrorum
2234 2954 2473 3013 operum
2519 2938 2830 2996 efficienter
2858 2938 3091 3011 physice

1728 3025 1917 3082 solum
1961 3021 2323 3095 producatur,
2353 3026 2410 3077 et
2437 3023 2711 3093 augeatur
2739 3034 2772 3074 a
2799 3021 2914 3074 Deo
2958 3024 3094 3074 tan-

1727 3121 1902 3179 quam
1951 3120 1984 3159 a
2017 3118 2184 3159 causa
2236 3100 2578 3173 principali;
2610 3099 2852 3170 requirit
2898 3104 3092 3155 tamen

1728 3186 1799 3242 ad
1828 3185 1917 3241 sui
1942 3182 2318 3247 infusionem,
2349 3185 2408 3236 et
2432 3184 2803 3254 augmentum
2840 3180 2860 3249 (
2885 3180 3089 3236 saltem

1727 3265 1868 3321 dum
1893 3268 2056 3320 extra
2075 3264 2501 3319 sacramentum
2523 3260 2606 3331 fit)
2635 3261 2931 3333 propriam
2953 3258 3095 3317 suh-

1725 3347 1859 3421 jecti
1910 3340 2342 3418 dispositionem
2369 3382 2381 3405 ,
2431 3356 2529 3397 seu
2577 3340 2726 3414 quod
2777 3340 3093 3414 subjectum

1728 3427 1921 3500 ipsum
1951 3441 2052 3498 per
2080 3429 2235 3481 actus
2267 3421 2580 3491 charitatis,
2630 3427 2687 3479 et
2729 3420 3096 3479 contritionis

1728 3508 1799 3566 ad
1836 3506 2227 3580 recipiendam
2252 3504 2521 3580 gratiam,
2553 3505 2645 3561 vel
2672 3503 2794 3577 ejus
2821 3519 3093 3578 augmen-

1727 3594 1854 3645 tum
1899 3603 1960 3645 se
2004 3586 2288 3660 disponat,
2340 3587 2420 3641 ita
2468 3589 2530 3639 ut
2568 3584 2856 3658 quantitas
2894 3583 3094 3658 gratiae

1729 3668 2072 3742 recipiendae
2124 3666 2431 3741 quantitati
2482 3665 2876 3739 dispositionis
2938 3665 3093 3723 adae-

1729 3757 1957 3823 quetur,
1989 3756 2046 3807 et
2071 3750 2227 3805 ultra
2275 3764 2393 3805 non
2444 3746 2730 3804 ascendat.
2767 3747 2926 3812 Quod
2952 3745 3092 3804 satis

1731 3838 1925 3906 aperte
1952 3830 2110 3889 docet
2156 3830 2373 3887 Concil.
2397 3826 2659 3884 Trident.
2701 3846 2831 3885 sess,
2859 3830 2914 3894 6,
2946 3847 3067 3902 cap.

1729 3919 1785 3976 7.
1829 3914 1971 3970 dum
2016 3912 2205 3986 inquit
2235 3933 2248 3968 ε
2312 3909 2694 3988 Unusquisque
2717 3912 2910 3983 recipit
2929 3925 3094 3967 suam

1720 3997 2025 4068 justitiam,
2076 4011 2240 4072 quam
2293 3991 2543 4066 Spiritus
2596 3999 2819 4048 sanctus
2843 3994 3094 4065 partitur

1728 4079 1967 4149 sinyulis
2022 4084 2190 4151 prout
2257 4075 2413 4144 vult,
2467 4083 2518 4130 et
2598 4075 2893 4131 secundum
2959 4092 3096 4148 pro-

1722 4164 1915 4234 priam
1958 4160 2386 4236 uniuscujusque
2428 4156 2855 4231 dispositionem,
2888 4163 2936 4211 el
2965 4175 3092 4213 coo-

1723 4245 2083 4317 perationem.
2116 4238 2278 4307 Quod
2303 4239 2428 4296 fuse
2448 4237 2814 4297 ostendemus
2834 4239 2899 4295 in
2919 4239 3091 4295 Trac-

1731 4331 1851 4385 tatu
1876 4325 1948 4383 de
1974 4325 2283 4382 charitate.

1803 4412 1860 4465 7.
1905 4408 2051 4465 Hinc
2071 4422 2208 4481 ergo
2229 4420 2472 4479 sequens
2493 4403 2641 4461 ratio
2667 4403 2987 4461 conficitur.
3023 4404 3099 4460 Ut

1732 4492 1907 4549 homo
1955 4504 2259 4564 resurgens
2307 4503 2406 4562 per
2454 4486 2852 4560 poenitentiam
2895 4503 2926 4543 a
2967 4501 3099 4559 pec-

1730 4576 1876 4639 cato,
1919 4586 2039 4628 non
2066 4571 2253 4628 solum
2282 4569 2518 4643 recipiat
2541 4568 2809 4642 gratiam,
2851 4584 2975 4641 quae
3000 4582 3100 4625 ac-

1734 4653 1886 4710 tibus
1912 4652 2294 4721 contritionis,
2339 4656 2394 4708 et
2426 4651 2724 4707 charitatis
2752 4649 2968 4708 ibidem
2997 4649 3099 4706 in-

1732 4733 2192 4792 tervenientibus
2218 4731 2531 4791 secundum
2572 4748 2632 4788 se
2666 4730 3094 4804 correspondet,

1731 4815 1831 4874 sed
1857 4815 2034 4873 etiam
2061 4815 2247 4882 illam,
2279 4831 2454 4888 quam
2476 4828 2577 4886 per
2614 4819 2903 4886 peccatum
2945 4811 3102 4870 ami-

1731 4902 1907 4966 serat,
1935 4912 2054 4955 non
2073 4895 2295 4963 sufficit,
2320 4894 2471 4969 quod
2495 4894 2822 4967 praedictam
2844 4892 3096 4970 gratiam

1735 4983 1868 5037 ante
1906 4982 2133 5053 lapsum
2161 4976 2462 5043 meruerit,
2494 4976 2593 5034 sed
2632 4977 2872 5050 insuper
2901 4990 3102 5033 neces-

1735 5063 1956 5120 sarium
1984 5067 2100 5128 est,
2151 5066 2214 5119 ut
2253 5059 2324 5118 ad
2363 5059 2528 5116 illam
2571 5058 2967 5133 recipiendam
2996 5070 3098 5130 per

3120 3820 3288 3866 concil.

3105 3871 3304 3916 Trident.
