3647 5753
269 4011 466 4061 Quartum

313 4071 432 4113 argu·

273 4116 472 4155 mentum.

288 4426 444 4469 Contlr·

297 4482 441 4520 utatur.

525 408 632 462 <234
1550 400 1642 454 DE
1680 398 1952 454 GRA‘mA
1991 398 2331 455 ErrioAcl.

530 582 737 631 natura
760 577 1012 648 ponitur.
1046 575 1154 632 Sed
1186 575 1320 647 poni
1347 572 1745 630 indifferenter
1765 586 1883 628 non

527 657 676 712 valet
703 680 716 721 ;
749 673 882 713 nam
911 673 1040 713 cum
1062 657 1138 712 sit
1157 655 1482 728 applicatio,
1506 668 1607 709 seu
1634 652 1885 709 reductio

527 737 761 792 virtutis
786 737 1218 810 praeexistentis,
1246 736 1442 809 nequit
1457 734 1591 807 poni
1608 733 1719 789 nisi
1737 749 1885 805 prae-

525 816 895 889 supponendo
943 818 1216 874 virtutem
1275 813 1696 889 applicabilem,
1759 830 1885 887 quae

528 912 626 969 per
654 899 870 955 auxilia
889 897 1227 954 sufficientia
1252 896 1641 953 constituitur.
1667 896 1735 948 Et
1755 894 1884 952 ideo

528 993 643 1034 non
670 985 753 1034 est
799 977 1223 1034 concedendum
1264 974 1538 1042 absolute,
1570 966 1885 1047 quemlibet

526 1065 872 1129 peccatorem
922 1073 1082 1130 posse
1102 1073 1229 1112 cum
1256 1054 1511 1128 qualibet
1529 1055 1716 1130 gratia
1741 1070 1883 1112 con-

526 1139 671 1195 verti
699 1138 877 1210 :quod
901 1144 1109 1212 negant
1124 1141 1186 1193 D.
1208 1139 1442 1210 August.
1463 1141 1518 1193 et
1532 1136 1634 1192 alii
1649 1137 1879 1192 Patres:

525 1216 622 1273 sed
651 1222 873 1290 oportet
899 1216 1127 1283 addere,
1159 1214 1306 1289 quod
1335 1215 1508 1288 possit
1533 1231 1663 1271 cum
1690 1215 1883 1288 quali-

527 1297 618 1354 bet
642 1298 830 1371 gratia
853 1297 1059 1354 efficaci
1104 1296 1381 1361 converti,
1412 1297 1703 1369 supposita
1721 1296 1882 1352 suffi-

524 1380 697 1436 cienti
730 1403 743 1446 ;
774 1379 922 1452 quod
965 1380 1192 1435 nullum
1220 1384 1304 1436 est
1350 1378 1779 1435 inconveniens.
1812 1381 1881 1435 Et

527 1462 634 1534 ipsi
663 1462 994 1520 Adversarii
1022 1461 1231 1519 debent
1252 1462 1400 1518 hanc
1424 1460 1746 1518 doctrinam
1775 1461 1881 1518 ad-

417 1545 420 1546 ’
525 1546 792 1611 mittere;
833 1562 968 1601 nam
1006 1544 1225 1614 docent,
1273 1550 1426 1601 actus
1467 1542 1879 1602 indeliberatos

523 1641 641 1682 non
665 1625 874 1683 habere
922 1627 1202 1684 rationem
1236 1624 1433 1700 gratiae
1477 1624 1730 1693 efficaciS,
1764 1626 1876 1681 nisi
1905 1675 1911 1680 .

525 1705 864 1779 participent
882 1704 1170 1780 quendam
1194 1707 1487 1771 latentem,
1501 1706 1876 1778 etspecialem

523 1788 777 1854 modum,
802 1805 912 1862 quo
934 1790 1113 1861 posito
1135 1788 1528 1846 infallibiliter
1554 1789 1877 1845 sortiuntur

518 1871 801 1936 effectum,
835 1876 896 1926 ut
924 1870 1173 1928 vidimus
1199 1888 1352 1928 num.
1385 1873 1515 1928 317.
1548 1871 1711 1927 Unde
1737 1887 1875 1928 con-

519 1953 719 2011 cedere
742 1952 1197 2026 tenentur,quod
1234 1953 1490 2025 qualibet
1535 1952 1721 2027 gratia
1752 1954 1875 2010 effi-

517 2035 653 2099 caci,
709 2050 836 2106 quae
874 2031 1072 2092 eadem
1096 2039 1181 2090 est
1201 2038 1481 2105 quantum
1507 2031 1576 2089 ad
1607 2033 1868 2100 formale,

517 2129 722 2186 nempe
736 2113 919 2185 quoad
931 2112 1164 2170 modum
1181 2113 1398 2170 actibus
1410 2112 1866 2185 superadditum,

413 2239 416 2242 .
513 2195 687 2266 possit
707 2192 945 2266 quilibet
972 2198 1223 2266 peccator
1242 2193 1516 2250 converti.

575 2273 887 2332 Secundum
936 2273 1351 2331 inconveniens
1379 2289 1496 2330 non
1524 2272 1775 2330 infertur
1799 2286 1872 2329 ex

510 2364 706 2414 nostra
751 2357 1051 2422 sententia,
1099 2356 1233 2428 quia
1297 2356 1592 2429 praemotio
1638 2355 1871 2429 physica

509 2437 857 2494 determinat
877 2436 1198 2502 causaliter,
1224 2441 1279 2493 et
1301 2436 1646 2500 inchoative,
1680 2441 1740 2491 ut
1764 2450 1869 2491 vo-

511 2517 700 2574 luntas
727 2522 913 2573 creata
946 2531 1008 2571 se
1044 2514 1390 2572 determinet
1417 2515 1760 2580 formaliter,
1810 2518 1867 2570 et

508 2597 773 2653 ultimate
801 2617 813 2652 :
838 2594 991 2651 unde
1018 2595 1204 2650 locum
1235 2594 1511 2667 relinquit
1535 2592 1732 2649 liberae
1761 2608 1867 2649 vo-

507 2677 743 2733 luntatis
782 2673 1278 2733 determinationi.
1324 2672 1591 2746 Idemque
1625 2688 1866 2744 respon-

504 2758 642 2815 dere
667 2756 873 2814 debent
899 2754 1232 2811 Adversarii
1257 2777 1273 2822 ;
1301 2770 1435 2811 nam
1465 2755 1667 2811 docent
1694 2755 1865 2811 auxi-

505 2839 651 2895 lium
672 2837 867 2896 efficax
899 2835 1288 2895 determinare
1315 2834 1714 2893 antecedenter
1739 2834 1864 2892 effi·-

503 2920 708 2977 caciter
752 2917 1053 2975 moraliter
1101 2916 1456 2973 voluntatem
1481 2939 1497 2983 ;
1564 2920 1622 2973 et
1667 2921 1862 2973 tamen

502 3016 710 3075 negare
738 3015 855 3056 non
884 2998 1097 3063 valent,
1130 2994 1280 3069 quod
1307 2996 1412 3053 hoc
1436 2996 1729 3069 supposito
1754 3012 1862 3052 vo-

501 3083 692 3139 luntas
728 3097 789 3138 se
816 3079 1115 3137 moraliter
1166 3077 1535 3135 determinet.
1588 3078 1854 3145 Tertium,

495 3164 545 3218 si
567 3179 761 3221 sermo
787 3161 889 3219 fiat
909 3159 979 3236 de
1000 3156 1603 3232 praedeterminatione
1625 3159 1861 3234 physica

497 3243 567 3301 ad
595 3251 748 3301 actus
804 3241 1220 3317 peccaminosos
1263 3240 1576 3299 secundum
1604 3240 1682 3306 id,
1707 3238 1859 3314 quod

495 3325 770 3388 entitatis,
800 3329 857 3382 et
883 3319 1248 3395 perfectionis
1273 3322 1489 3387 dicunt,
1523 3321 1752 3376 nullum
1772 3325 1858 3377 est

497 3404 914 3462 inconvenieus
938 3427 952 3470 ;
985 3402 1084 3461 sed
1113 3401 1341 3459 admitti
1370 3398 1552 3467 debet,
1576 3403 1636 3454 ut
1662 3404 1858 3456 osten-

492 3483 687 3541 dimus
711 3484 855 3558 disp.
898 3486 953 3551 5,
983 3501 1135 3542 num.
1177 3483 1298 3546 153,
1329 3486 1385 3539 et
1423 3480 1557 3537 aliis
1579 3480 1716 3536 locis
1737 3479 1848 3536 ibi·

490 3566 622 3624 dem
650 3568 854 3625 citatis.
883 3569 995 3624 Nec
1023 3568 1129 3625 hoc
1155 3565 1433 3640 majorem
1462 3561 1856 3619 difficultatem

468 3647 744 3705 ·habetin
787 3663 1063 3706 concursu
1104 3646 1204 3703 Dei
1235 3643 1328 3701 ·ad
1370 3648 1553 3709 extra,
1577 3658 1750 3715 quam
1789 3643 1855 3700 in

491 3727 1050 3800 praediffinitionibus
1080 3727 1177 3784 Dei
1200 3725 1431 3783 aeternis
1457 3747 1472 3791 ;
1497 3738 1636 3795 quas
1657 3727 1855 3780 tamen

492 3816 744 3882 respectu
771 3809 1027 3867 entitatis
1056 3807 1264 3881 peccati
1289 3804 1601 3863 admittunt
1628 3803 1853 3861 Autho-

490 3906 579 3947 res
605 3905 735 3947 cum
763 3889 970 3963 quibus
996 3890 1238 3964 agimus„

562 3973 974 4047 323.Arguitur
993 3967 1355 4043 quarto,quia
1373 3980 1583 4023 nomen
1603 3980 1853 4037 praemo-

491 4052 662 4109 tionis
691 4052 954 4127 physicae,
980 4055 1076 4106 aut
1105 4047 1310 4105 auxilii
1341 4045 1572 4119 physice
1599 4060 1848 4118 praemo-

490 4134 675 4190 ventis
733 4149 849 4191 non
905 4131 1192 4205 reperitur
1243 4125 1392 4201 apud
1446 4127 1512 4181 D.
1542 4126 1845 4195 Thomam,

487 4232 591 4273 nec
634 4214 782 4287 apud
811 4213 954 4270 alios
981 4209 1335 4283 antiquiores
1380 4209 1645 4264 Doctores
1673 4226 1686 4261 ε
1714 4222 1851 4280 ergo

488 4304 548 4353 ut
572 4301 915 4371 suspectum,
939 4298 997 4351 et
1016 4292 1215 4349 minus
1241 4293 1438 4363 aptum
1469 4286 1847 4363 rejiciendum

484 4385 585 4435 est.
637 4375 1041 4436 confirmatur.
1072 4372 1207 4446 quia
1248 4370 1423 4444 hujus·
1458 4368 1851 4441 praemotionis

484 4458 812 4516 defensores
839 4471 955 4514 non
983 4454 1122 4511 satis
1148 4451 1457 4525 explicant,
1483 4448 1620 4521 quid
1648 4447 1742 4514 sit,
1775 4446 1849 4504 ad

484 4538 634 4614 quod
681 4537 1192 4613 praedicamentum
1222 4529 1526 4605 pertineat,
1558 4542 1730 4600 quem
1758 4527 1849 4585 ef-

484 4620 695 4679 fectum
738 4617 1044 4674 formalem
1088 4617 1298 4679 causet,
1329 4624 1500 4682 quem
1528 4610 1849 4665 terminum

485 4700 775 4777 producat,
807 4702 862 4755 et
882 4698 999 4754 alia
1022 4697 1206 4769 plura,
1232 4707 1357 4767 quae
1384 4706 1502 4747 non
1530 4691 1716 4771 levem
1749 4689 1850 4745 in-

483 4788 692 4858 gerunt
730 4777 1119 4836 difficultatem
1148 4775 1313 4832 :hm
1344 4777 1535 4829 autem
1564 4769 1732 4827 facile
1751 4770 1847 4827 vi-

483 4870 701 4925 tantur,
731 4860 781 4916 si
823 4859 1079 4916 dicamus
1101 4855 1386 4913 auxilium
1411 4852 1606 4910 efficax
1626 4851 1848 4908 consis-

484 4951 604 5003 tere
632 4944 695 4999 in
722 4940 971 4999 motibus
998 4934 1394 4997 indeliberatis
1441 4930 1846 4989 inducentibus

486 5038 827 5082 consensum
879 5020 1123 5095 perfecte
1150 5015 1400 5075 liberum
1438 5027 1615 5088 :ergo
1660 5012 1724 5069 in
1751 5012 1875 5087 his¹

2017 569 2286 640 motibus,
2311 577 2367 629 et
2407 589 2525 630 non
2554 574 2615 630 in
2643 590 2709 631 ea
2734 575 3009 647 qualitate
3029 574 3376 633 constituere

2016 657 2239 785 offerte-t
2300 653 2585 710 rationem
2657 653 2861 711 auxilii
2933 655 3003 712 ab
3062 655 3375 713 intrinseco

2015 745 2047 787 e
2090 746 2268 789 icacis.

2091 814 2486 888 Respondetur
2549 816 2620 873 ad
2674 822 3100 890 argumentum,
3158 816 3561 879 frustrasoiuuo.

2015 890 2481 967 disceptationem
2531 897 2786 953 revocari
2829 896 2899 953 ad
2942 912 3124 963 voces,
3158 895 3257 953 ubi
3304 898 3374 956 de

2017 988 2080 1029 re
2104 981 2372 1048 concepta
2391 978 2589 1050 nequit
2631 993 2754 1034 esse
2793 977 3065 1051 litigium.
3098 976 3373 1036 Admitti-

2016 1070 2144 1110 mus
2170 1056 2400 1128 quidem
2445 1058 2597 1115 hunc
2624 1060 2941 1115 terminum
2989 1059 3366 1130 complexum,

2018 1134 2308 1193 Praemotio
2320 1140 2570 1211 physica,
2604 1155 2722 1196 non
2759 1139 3006 1214 reperiri
3048 1138 3370 1197 formaliter

2015 1216 2164 1288 apud
2193 1219 2257 1275 D.
2298 1218 2500 1275 Thom.
2547 1224 2644 1276 aut
2678 1220 3031 1292 antiquiores
3063 1221 3323 1276 Doctores
3356 1242 3369 1277 z

2013 1295 2111 1352 sed
2136 1313 2226 1355 res
2254 1298 2358 1356 hoc
2377 1299 2630 1357 termino
2649 1298 2988 1374 significata,
3016 1314 3224 1371 nempe
3242 1315 3372 1357 mo-

2015 1377 2112 1446 tio,
2145 1383 2245 1434 aut
2281 1380 2539 1452 qualitas
2566 1395 2598 1435 a
2622 1382 2735 1437 Deo
2763 1380 3043 1452 impressa
3072 1379 3368 1452 agentibus

2012 1461 2235 1528 creatis,
2256 1466 2319 1517 ut
2336 1459 2729 1519 infallibiliter
2755 1466 3084 1535 operentur,
3105 1461 3367 1534 frequen-

2013 1540 2248 1610 tissime,
2278 1548 2334 1599 et
2374 1543 2692 1599 clarissime
2735 1542 2983 1600 occurrit
3037 1542 3101 1598 in
3139 1543 3365 1617 scriptis

2014 1622 2079 1678 D.
2129 1622 2337 1679 Thom.
2364 1628 2421 1680 et
2459 1626 2522 1680 D.
2548 1627 2787 1698 August.
2837 1624 3201 1694 aliorumque
3239 1639 3366 1697 gra-

2012 1702 2173 1759 vium
2196 1705 2606 1767 Authorum‚ut
2624 1704 2978 1763 ostendimus
3006 1708 3065 1760 in
3085 1715 3374 1764 comment.

2009 1787 2085 1843 ad
2127 1795 2236 1844 art.
2277 1791 2323 1856 1,
2373 1797 2557 1866 quaest.
2596 1790 2716 1855 109,
2770 1798 2821 1846 et
2870 1791 3013 1862 disp.
3044 1791 3100 1854 2,
3149 1787 3275 1845 dub.
3307 1791 3360 1858 2,

2008 1884 2165 1924 num.
2199 1872 2291 1937 67,
2316 1888 2441 1926 cum
2468 1888 2575 1943 seq,
2623 1877 2675 1926 et
2700 1872 2761 1925 in
2800 1871 2897 1927 hoc
2921 1871 3048 1927 dub.
3080 1872 3111 1938 ἕ
3156 1868 3214 1939 3,
3244 1888 3367 1928 eum

2006 1951 2367 2027 sequentibus,
2399 1951 2661 2024 Oportuit
2706 1966 2863 2018 vero,
2917 1951 3066 2025 quod
3122 1952 3369 2029 legitimi

2007 2030 2305 2104 utriusque
2330 2033 2385 2088 S.
2412 2023 2675 2088 'Doctoris
2700 2030 2967 2106 discipuli
2997 2034 3148 2091 hanc
3173 2049 3369 2092 vocem

2005 2110 2410 2185 excogitarent,
2441 2127 2619 2184 eaque
2648 2112 2712 2168 in
2734 2110 3216 2184 disputationibus
3243 2118 3369 2169 ute-

2008 2197 2250 2248 rentur:
2279 2196 2402 2249 tum
2444 2197 2505 2247 ut
2545 2191 2777 2250 brevius
2820 2192 3214 2268 significarent
3243 2208 3364 2250 rem

2004 2271 2332 2343 conceptam
2374 2292 2387 2327 ε
2441 2278 2563 2327 tum
2612 2277 2674 2327 ut
2721 2273 2886 2330 varia
2931 2275 3360 2332 Molinistarum

2002 2351 2358 2427 subterfugia
2383 2352 2765 2420 occluderent.
2826 2361 2886 2411 ut
2931 2356 3150 2429 optime
3188 2354 3359 2413 tradit

2004 2432 2245 2488 Alvarez
2285 2433 2379 2489 lib.
2411 2434 2446 2486 2
2476 2431 2731 2505 Respons.
2777 2451 2898 2506 cap.
2938 2437 2983 2500 l,
3015 2454 3051 2491 a
3077 2453 3229 2491 num.
3261 2435 3354 2490 33.
3370 2459 3575 2504 Alvarcz.

2002 2512 2116 2568 Nec
2137 2511 2389 2570 insolens
2416 2516 2513 2568 aut
2552 2527 2766 2568 novum
2817 2518 2920 2578 est,
2964 2519 3026 2569 ut
3052 2513 3150 2571 ubi
3192 2529 3353 2571 novae

1998 2597 2307 2649 occurrunt
2349 2592 2771 2657 controversiae,
2814 2609 2963 2650 nova
2991 2595 3229 2652 nomina
3255 2610 3355 2650 cu-

1998 2670 2137 2729 dant
2162 2677 2444 2742 Doctores,
2475 2674 2685 2747 quibus
2707 2681 3008 2748 conceptus
3045 2677 3350 2750 explicent,

1997 2758 2054 2809 et
2074 2753 2418 2811 difficultatis
2459 2771 2693 2828 scopum
2722 2754 2976 2813 breviori
3017 2755 3354 2831 compendio

1997 2835 2302 2909 attingant.
2328 2834 2666 2911 Hujusmodi
2687 2842 2821 2894 sunt
2845 2861 2860 2906 ;
2900 2838 3163 2895 Voluntas
3184 2838 3348 2909 siqui,

1994 2922 2043 2969 et
2064 2915 2422 2989 beneplaciti,·
2461 2917 2612 2990 opus
2668 2936 2921 2992 operans,
2950 2926 3001 2975 et
3030 2927 3316 2994 operatum
3344 2936 3363 2983 ;

1995 2994 2300 3052 Auxilium
2336 2999 2554 3071 efficaae,
2584 3005 2634 3054 et
2654 3001 2946 3073 sufficiens,
2967 3001 3194 3072 aliaque
3222 2999 3359 3071 plu·

1996 3093 2078 3145 ra,
2109 3095 2234 3151 quae
2261 3095 2377 3136 non
2420 3080 2790 3153 reperiuntur
2817 3080 2967 3155 apud
3010 3088 3227 3139 veteres
3249 3082 3359 3136 Ec·-

1994 3159 2177 3216 clesiae
2217 3162 2454 3217 Patres:
2496 3166 2554 3218 et
2592 3166 2786 3220 tamen
2835 3163 2956 3219 illis
3001 3178 3120 3220 non
3148 3160 3359 3234 absque

1993 3240 2162 3299 laude
2190 3242 2460 3317 Theologi
2492 3248 2752 3309 utuntur,
2787 3249 2849 3299 ut
2874 3245 3144 3302 veritates
3187 3260 3220 3300 a
3242 3245 3359 3299 Pa-

1993 3319 2176 3378 tribus
2226 3322 2407 3378 fusius
2436 3322 2674 3380 traditas
2714 3324 2966 3397 pressius
2998 3324 3353 3396 exprimant,

1991 3404 2053 3454 ut
2073 3400 2195 3474 J’am
2233 3417 2409 3474 supra
2437 3402 2578 3476 disp.
2623 3404 2679 3470 5,
2721 3403 2849 3460 dub.
2880 3404 2984 3460 ult.
3034 3421 3189 3460 num.
3252 3404 3355 3458 176

1989 3479 2424 3549 observavimus
2481 3488 2680 3540 contra
2731 3484 3041 3550 Bennium,
3085 3489 3143 3541 et
3206 3484 3348 3545 Del·

1991 3561 2211 3633 phium,
2254 3562 2352 3635 qui
2397 3579 2559 3621 voces
2599 3564 2721 3630 baa,
2772 3564 3076 3621 Auxilium
3128 3565 3349 3638 efficax,

1987 3648 2036 3697 et
2062 3643 2449 3717 sufficiens,-ut
2475 3660 2761 3717 nuperum
2791 3645 3097 3702 inventum
3131 3646 3358 3702 calum-

1989 3723 2245 3781 niantur.
2278 3726 2455 3782 Novis
2480 3727 2642 3784 enim
2671 3726 2842 3785 rebus
2866 3729 2952 3798 (ac
2975 3725 3219 3799 proinde
3245 3743 3358 3785 an-

1987 3803 2183 3877 tiquis,
2231 3804 2372 3863 dum
2411 3805 2482 3863 ad
2532 3823 2713 3865 novas
2755 3807 3192 3880 disceptationes
3231 3814 3356 3867 tra-

1986 3887 2227 3960 huntur)
2254 3904 2403 3946 nova
2452 3890 2692 3947 nomina
2720 3888 3074 3963 imponenda
3111 3897 3258 3959 sunt,
3293 3897 3358 3949 ut

1985 3966 2177 4025 docuit
2227 3967 2420 4028 Cicero
2448 3971 2540 4028 lib.
2594 3974 2640 4038 l,
2673 3978 2722 4027 et
2767 3972 2821 4037 3,
2866 3970 3130 4028 Academ.
3164 3981 3349 4048 qua-rt.
3384 3991 3560 4038 cicero.

1984 4049 2112 4104 Jam
2134 4047 2275 4104 olim
2315 4050 2519 4107 Ariani
2566 4047 3031 4107 criminabantur
3070 4049 3218 4107 hanc
3240 4068 3340 4109 vo·

1984 4144 2106 4185 cem
2154 4128 2515 4198 Homousion,
2583 4131 2655 4189 de
2711 4130 2919 4205 quibus
2959 4130 3306 4190 Athanasius
3339 4139 3561 4192 :Athnnes

1991 4229 2017 4261 α
2045 4207 2446 4279 offenduntur,
2479 4212 2686 4285 inquit,
2744 4212 2998 4269 novitate
3044 4212 3301 4269 nominis
3332 4216 3363 4271 P

1990 4311 2018 4343 α
2046 4294 2136 4346 An
2174 4293 2350 4349 etiam
2400 4294 2694 4371 rei-ipsius
2741 4294 3066 4360 veritatem,
3096 4309 3222 4367 quae
3249 4295 3363 4353 hoc

1990 4375 2123 4428 «est
2161 4373 2365 4430 sortita
2411 4372 2776 4442 vocabulum,
2844 4373 3194 4448 refugiunt?
3244 4377 3361 4433 Res

1989 4473 2017 4504 α
2045 4453 2206 4509 enim
2257 4450 2496 4527 antiqua
2547 4470 2761 4513 nomen
2829 4471 3047 4513 novum
3095 4458 3308 4529 accepit
3340 4479 3354 4515 ε

1990 4553 2014 4585 α
2047 4549 2164 4590 non
2187 4533 2464 4592 vocabulo
2509 4551 2660 4592 nova
2689 4535 2773 4592 rei
2800 4536 3020 4593 veritas
3038 4537 3290 4595 accessit.
3322 4559 3352 4588 u

1986 4616 2110 4678 Qua
2133 4615 2505 4687 responsione
2525 4616 2760 4673 munire
2778 4632 2840 4672 se
2860 4615 3074 4673 debent
3103 4616 3212 4693 ipsi
3233 4616 3363 4673 Ad-

1987 4695 2233 4752 versarii
2258 4716 2272 4751 ε
2322 4699 2446 4752 tum
2500 4696 2637 4769 quia
2689 4712 2902 4753 nomen
2954 4697 3352 4770 praemotionis

1983 4776 2241 4840 moralis,
2273 4776 2365 4831 vel
2392 4776 2596 4832 auxilii
2616 4775 2853 4833 efficacis
2880 4777 3181 4834 moraliter
3204 4795 3362 4851 prae-

1983 4855 2270 4912 moventis
2291 4871 2410 4912 non
2438 4855 2738 4915 invenitur
2764 4856 2916 4930 apud
2946 4860 3013 4915 D.
3061 4859 3267 4917 Thom.
3299 4866 3365 4919 et

1984 4935 2340 5008 antiquiores
2359 4938 2645 4994 Doctores.
2662 4938 2812 4994 Tum
2836 4938 2977 5011 quia
3000 4939 3189 5011 palam
3210 4955 3366 4998 con-

1978 5013 2205 5085 cedunt,
2256 5017 2437 5074 Deum
2478 5017 2713 5093 physica
2758 5018 3134 5091 praemotione
3160 5019 3366 5092 appli-

3191 5114 3361 5169 care,
