3647 5753
259 596 356 651 Alia
368 605 459 638 cva-

306 654 385 688 sio.

291 2112 434 2154 Dsrlm

277 2600 448 2643 confuta

328 2655 405 2692 tur.

298 4732 457 4775 concil.

281 4779 473 4825 Trident.

478 414 588 466 368

548 584 638 638 99.
672 583 927 640 Secundo
966 584 1200 657 quidam
1228 600 1299 642 ex
1340 585 1703 643 Adversariis
1742 601 1840 643 oc-

472 670 712 718 currunt
741 664 1062 737 probationi
1100 665 1259 722 illius
1304 666 1691 724 antecedentis
1732 681 1839 722 ne-

472 741 659 814 gando
686 743 966 817 majorem
1004 746 1294 819 sequentis
1338 746 1662 821 syllogismi
1691 761 1703 807 ;
1733 761 1840 802 au-

475 827 698 878 tumant
719 823 879 879 enim
899 821 1029 881 fieri
1053 840 1213 898 posse
1237 841 1338 898 per
1357 824 1622 883 divinam
1646 830 1842 899 poten·

474 906 633 970 tiam,
661 905 808 977 quod
835 905 1041 973 forma,
1067 913 1121 964 et
1141 908 1263 982 ejus
1286 907 1533 980 privatio
1551 908 1614 965 in
1636 907 1837 966 eodem

472 985 722 1059 subJ'ecto
751 986 1086 1043 coexistunt.
1118 990 1265 1045 Nam
1292 1004 1423 1045 cum
1455 989 1707 1047 formam
1733 1005 1840 1047 ex-

472 1066 701 1124 cludere
725 1067 1112 1140 privationem
1126 1068 1236 1126 sibi
1253 1070 1570 1143 oppositam
1592 1071 1668 1127 sit
1681 1071 1840 1129 effec-

474 1155 565 1203 tus
591 1148 961 1206 secundarius
987 1151 1242 1226 ejusdem
1270 1153 1493 1220 formae,
1526 1153 1654 1212 fieri
1683 1156 1840 1214 divi-

476 1228 629 1283 nitus
677 1235 894 1301 potest,
943 1231 1092 1304 quod
1139 1233 1327 1291 forma
1386 1236 1841 1295 communicetur

472 1307 719 1382 subjecto
776 1311 1091 1369 secundum
1134 1312 1396 1371 effectum
1449 1315 1801 1389 primarium
1821 1362 1836 1386 ,

472 1389 613 1461 quin
641 1388 716 1443 ad
741 1391 1325 1450 communicationem
1369 1396 1696 1453 secundarii
1717 1413 1842 1456 sese

472 1467 758 1535 extendat,
793 1470 924 1527 licet
963 1470 1033 1528 de
1060 1472 1226 1538 factO,
1256 1478 1312 1530 et
1352 1476 1585 1532 attentis
1612 1477 1839 1534 naturis

476 1564 670 1606 rerum
719 1555 1024 1623 utrumque
1079 1555 1481 1612 communicet.
1548 1557 1710 1622 Quod
1772 1559 1841 1614 in

475 1629 739 1699 praesenti
758 1645 919 1701 posse
942 1631 1022 1688 ita
1041 1634 1394 1708 contingere,
1415 1637 1508 1692 vel
1529 1653 1600 1694 ex
1625 1652 1693 1694 eo
1715 1653 1843 1710 pro·

476 1708 662 1773 batur,
689 1710 836 1781 quod
859 1712 1074 1768 infusio
1094 1714 1311 1787 gratiae,
1338 1721 1395 1773 et
1423 1718 1689 1775 remissio
1715 1719 1842 1774 cul-

478 1805 563 1861 pae
591 1796 724 1844 sunt
744 1789 869 1847 duae
896 1793 1243 1850 mutationes
1273 1796 1508 1854 realiter
1533 1798 1838 1864 distinctae,

477 1868 768 1942 exquibus
788 1870 1004 1929 infusio
1024 1875 1223 1946 gratiae
1243 1880 1328 1931 est
1350 1877 1528 1949 prior,
1554 1884 1611 1935 et
1632 1877 1845 1936 remis-

479 1949 566 2005 sio
603 1949 781 2020 culpae
820 1953 1122 2023 posterior:
1152 1954 1362 2011 transit
1403 1957 1563 2012 enim
1611 1958 1785 2015 homo
1809 1973 1844 2014 a

485 2044 601 2085 non
639 2045 761 2086 esse
798 2030 998 2104 gratiae
1026 2032 1096 2089 ad
1123 2048 1245 2090 esse
1282 2037 1499 2109 gratim,
1531 2043 1588 2096 et
1614 2038 1684 2095 ab
1721 2053 1846 2096 esse

485 2109 691 2179 peccati
716 2109 785 2166 ad
810 2126 925 2168 non
946 2127 1069 2170 esse
1095 2113 1274 2181 illius,
1301 2122 1362 2172 ut
1383 2116 1542 2174 docet
1563 2119 1839 2176 D.Thom.

485 2191 546 2246 in
571 2194 856 2263 praesenti,
882 2203 992 2251 art.
1018 2197 1053 2250 6
1075 2196 1149 2249 ad
1174 2198 1209 2251 2
1236 2202 1292 2253 et
1312 2207 1494 2275 quoest.
1520 2202 1612 2267 28,
1637 2202 1701 2256 de
1742 2201 1845 2259 Ve-

483 2272 666 2337 ritate,
692 2281 800 2330 art.
838 2278 855 2330 l
889 2283 936 2330 et
957 2276 1011 2331 6.
1042 2274 1204 2332 Unde
1226 2278 1390 2334 nulla
1418 2288 1651 2352 apparet
1682 2297 1847 2355 repu-

481 2353 720 2425 gnantia
752 2354 813 2410 in
834 2371 918 2422 e0,
949 2355 1095 2428 quod
1136 2358 1321 2430 gratia
1349 2375 1468 2416 non
1492 2377 1553 2418 se
1577 2363 1847 2419 extendat
1897 2403 1901 2407 -

484 2432 553 2487 ad
592 2435 1009 2492 excludendum
1057 2446 1365 2509 peccatum,
1409 2447 1466 2499 et
1510 2444 1659 2516 quod
1699 2444 1847 2502 adsit

484 2511 927 2587 infusiogratiae,
942 2518 1084 2589 quin
1098 2519 1356 2576 succedat
1368 2523 1631 2581 remissio
1641 2525 1841 2597 culpae.

560 2592 667 2649 Sed
685 2610 786 2650 nec
809 2596 916 2652 ista
940 2599 1235 2668 responsio
1250 2600 1546 2667 satisfacit,
1565 2603 1663 2660 sed
1682 2603 1847 2660 facile

495 2673 777 2730 refellitur
843 2677 1193 2735 ostendendo
1258 2681 1566 2740 falsitatem
1634 2684 1847 2741 funda-

493 2754 692 2820 menti,
744 2756 892 2827 quod
947 2759 1205 2816 assumit.
1256 2762 1540 2826 Quoniam
1595 2765 1845 2822 formam

489 2835 799 2894 coexistere
824 2838 1001 2895 simul
1027 2841 1088 2896 in
1110 2840 1310 2899 eodem
1331 2843 1580 2918 subjecto
1604 2862 1734 2903 cum
1755 2847 1845 2904 sui

490 2914 834 2988 privatione,
853 2925 938 2975 est
960 2937 1193 2993 prorsus
1213 2922 1588 2996 impossibile.
1609 2929 1679 2983 Et
1698 2928 1848 2986 ratio

488 3000 603 3062 est;
652 3013 785 3053 nam
829 3000 958 3057 licet
982 3003 1233 3061 exclusio
1273 3005 1633 3077 privationis,
1684 3009 1732 3064 si
1775 3008 1846 3066 ad

489 3095 696 3135 sonum
736 3080 1044 3139 verborum
1083 3087 1313 3157 praecise
1338 3089 1719 3156 attendamus,
1753 3091 1836 3146 vi-

490 3159 690 3217 deatur
716 3161 945 3221 effectus
974 3166 1312 3239 privativuS,
1344 3176 1401 3227 et
1437 3173 1842 3240 secundarius;

496 3256 556 3297 re
579 3245 771 3298 tamen
800 3244 923 3317 ipsa
947 3252 1032 3303 est
1056 3247 1284 3305 effectus
1311 3251 1606 3323 positivus,
1637 3257 1693 3309 et
1721 3254 1847 3326 pri-

494 3323 713 3381 marius
747 3345 760 3380 ι
805 3340 921 3382 non
950 3327 1107 3384 enim
1147 3331 1421 3395 exclusio,
1452 3348 1552 3390 seu
1592 3334 1848 3390 carentia

491 3406 759 3462 carentiae
811 3413 896 3463 est
945 3410 1063 3466 alia
1112 3409 1384 3478 carentia,
1441 3414 1540 3470 sed
1588 3420 1675 3472 est
1725 3417 1847 3489 ipsa

491 3485 710 3542 forma:
734 3504 845 3560 qua
869 3491 1092 3548 ratione
1106 3495 1360 3551 carentia
1383 3497 1585 3552 mortis
1598 3503 1683 3553 est
1702 3500 1842 3564 vita,

487 3577 542 3624 et
561 3571 815 3626 carentia
838 3572 1060 3631 umbrae
1080 3580 1165 3631 est
1188 3577 1286 3632 lux
1303 3600 1316 3643 ;
1337 3582 1389 3633 et
1404 3577 1605 3635 eadem
1624 3579 1847 3638 ratione

487 3652 739 3707 carentia
764 3653 1107 3724 privationis
1130 3657 1331 3731 gratim
1363 3663 1447 3716 est
1472 3659 1596 3732 ipsa
1634 3662 1841 3735 gratia.

488 3730 746 3802 Implicat
773 3737 963 3789 autem
986 3734 1237 3792 formam
1263 3737 1547 3796 inhaerere
1573 3740 1841 3815 subjecto,

486 3815 540 3865 et
563 3826 678 3867 non
702 3811 992 3885 impertiri
1016 3816 1125 3889 ipsi
1154 3834 1324 3874 suum
1351 3819 1615 3876 effectum
1644 3821 1847 3893 positi-

491 3905 646 3954 vum,
667 3897 720 3946 et
742 3893 1089 3963 primarium
1111 3911 1277 3972 :ergo
1297 3898 1556 3971 implicat
1570 3900 1843 3968 formam,

489 3975 543 4026 et
562 3972 683 4044 ejus
713 3974 1098 4045 privationem
1126 3979 1436 4038 coexistere
1456 3981 1632 4038 simul
1662 3982 1726 4038 in
1746 3997 1847 4039 eo-

491 4050 621 4108 dem
644 4053 911 4128 subjecto.
934 4059 1047 4115 Hac
1068 4058 1138 4116 de
1151 4075 1315 4116 causa
1329 4061 1474 4116 sicut
1496 4076 1597 4134 per
1619 4063 1845 4118 nullam

492 4134 805 4203 potentiam
853 4135 981 4193 fieri
1026 4145 1223 4211 potest,
1254 4139 1404 4213 quod
1445 4141 1597 4198 idem
1623 4141 1850 4217 subjec—

493 4220 613 4269 tum
660 4214 865 4273 habeat
913 4220 1115 4288 vitam,
1148 4227 1204 4277 et
1244 4222 1420 4278 simul
1461 4223 1846 4295 privationem

491 4297 639 4362 vitae,
690 4314 788 4354 seu
831 4308 1077 4360 mortem
1126 4324 1140 4359 ι
1185 4304 1264 4360 ita
1302 4302 1428 4361 fieri
1470 4321 1588 4362 non
1617 4308 1841 4379 poterit,

488 4379 636 4452 quod
683 4380 836 4438 idem
877 4383 1196 4458 subjectum
1244 4385 1449 4444 habeat
1485 4388 1753 4462 gratiam,
1790 4396 1848 4446 et

493 4459 877 4537 privationem
924 4467 1141 4538 gratiae,
1184 4467 1308 4524 sive
1351 4472 1637 4540 peccatum
1664 4469 1848 4545 origi-

494 4541 643 4607 nale,
674 4542 721 4596 si
750 4546 929 4601 semel
957 4545 1126 4612 istud,
1162 4553 1222 4603 ut
1254 4547 1377 4621 jam
1406 4553 1698 4605 ostensum
1737 4555 1843 4616 est,

494 4623 555 4679 in
585 4624 909 4696 privatione
933 4629 1132 4701 gratiae
1157 4630 1436 4687 consistit.
1464 4633 1585 4696 Qua
1629 4633 1849 4689 simili-

494 4706 694 4764 tudine
734 4708 914 4764 utitur
940 4725 1205 4783 expresse
1233 4712 1553 4769 Concilium
1581 4713 1843 4772 Trident.

494 4787 674 4859 priori
699 4788 819 4844 loco
839 4806 1012 4862 supra
1033 4791 1220 4858 citato,
1248 4789 1343 4847 ubi
1373 4791 1561 4866 inquit
1593 4814 1606 4849 ε
1635 4792 1848 4872 Siquis

489 4869 717 4935 dixerit,
745 4870 1024 4929 Adamum
1048 4873 1398 4951 inquinatum
1418 4894 1515 4950 per
1535 4876 1848 4932 inobedien-

490 4954 575 5006 tim
623 4961 921 5025 peccalum,
972 4964 1216 5022 mortem,
1274 4965 1326 5012 et
1370 4976 1562 5031 poenas
1605 4962 1848 5032 corporis

488 5039 701 5087 tantum
752 5037 810 5088 in
857 5054 1011 5090 omne
1049 5055 1215 5106 ycnus
1254 5040 1559 5094 humanum
1588 5041 1847 5112 transsu-

1329 491 1340 502 .
1426 417 1517 470 DE
1554 411 2135 470 JUSTIFICATIONE
2175 410 2377 464 IMPII.

1970 584 2131 650 disse,
2161 600 2270 638 non
2295 589 2480 637 autem
2504 587 2552 635 et
2573 585 2874 653 peccatum,
2907 574 3049 647 quod
3075 589 3222 627 mors
3246 577 3321 625 est

1971 668 2187 733 anima,
2207 666 2503 721 anathema
2522 665 2616 730 sit,
2635 680 2758 718 cum
2790 657 3130 715 contradicat
3158 654 3202 710 A
3207 671 3331 726 pos-

1973 749 2079 805 tolo
2118 749 2319 803 dicenti
2358 766 2376 800 .·
2426 745 2530 804 Per
2555 761 2729 801 unum
2753 743 3025 799 hominem
3050 743 3325 811 peccatum

1973 829 2210 886 intravit
2246 831 2307 883 in
2332 826 2619 893 mundum,
2647 831 2698 880 et
2718 840 2817 897 per
2839 828 3120 895 peccatum
3143 833 3291 910 ⁷3².oe3.
3314 835 3329 871 .-

1971 918 2022 966 et
2061 910 2143 964 ita
2172 912 2233 964 in
2257 924 2439 963 omnes
2457 908 2701 963 homines
2725 919 2872 960 mors
2892 904 3253 991 pernen-rut,-
3270 913 3330 988 Ψ

1973 1009 2077 1071 quo
2101 1007 2285 1046 omnes
2320 995 2698 1064 peccaverunt.
2730 988 2814 1041 Ex
2838 982 3046 1058 quibus
3086 979 3326 1037 Conciln

1974 1072 2167 1130 verbis
2193 1072 2549 1127 instauratur
2583 1069 2988 1144 argumentum
3016 1064 3280 1153 nostrum
3313 1079 3325 1113 :

1974 1155 2109 1228 quia
2146 1153 2291 1210 sicut
2318 1168 2476 1210 mors
2514 1156 2598 1210 est
2625 1148 2875 1223 privatio
2899 1146 3052 1235 vitae,
3083 1147 3166 1199 lta
3201 1156 3331 1214 pec-

1973 1238 2165 1290 catum
2191 1231 2473 1306 originale
2486 1236 2574 1289 est
2599 1229 2848 1304 privatio
2861 1229 3076 1301 gratiae,
3102 1237 3228 1295 quae
3245 1224 3329 1313 est

1974 1316 2095 1374 vita
2118 1314 2578 1387 supernaturalis
2606 1313 2847 1377 animae3
2876 1314 2934 1367 et
2958 1307 3086 1364 ideo
3127 1306 3331 1362 Conci—

1976 1399 2123 1455 lium
2157 1402 2447 1471 peccatum
2467 1395 2615 1452 illud
2642 1394 2893 1468 appellat
2914 1395 3162 1448 mortem
3183 1409 3205 1479 J
3231 1385 3329 1443 sed

1976 1494 2079 1552 per
2118 1480 2341 1536 nullam
2371 1477 2687 1550 potentiam
2708 1474 2837 1532 fieri
2864 1477 3063 1547 potest,
3090 1475 3151 1525 ut
3179 1468 3330 1525 idem

1974 1558 2290 1634 subjectum
2331 1557 2537 1615 habeat
2563 1556 2761 1622 vitam,
2804 1559 2860 1612 et
2898 1554 2975 1610 sit
3012 1554 3327 1614 mortuum,

1975 1643 2070 1698 vel
2088 1640 2238 1713 quod
2263 1641 2380 1696 vita
2404 1637 2806 1696 introducatur
2826 1636 2890 1692 in
2916 1633 3252 1709 subjectum,
3278 1637 3332 1687 et

1977 1726 2222 1779 mortem
2241 1721 2311 1778 ab
2331 1735 2399 1777 eo
2417 1735 2533 1776 non
2554 1719 2803 1791 expellat
2820 1741 2849 1797 3·
2863 1714 3123 1789 qaamvis
3145 1712 3335 1770 exclu-

1975 1800 2061 1858 sio
2076 1802 2280 1858 mortis
2299 1816 2399 1873 per
2414 1801 2595 1856 vitam
2611 1798 2876 1855 videatur
2889 1795 3119 1853 effectus
3139 1807 3336 1883 secun·-

1975 1881 2193 1949 darius,
2220 1887 2276 1939 et
2297 1881 2652 1954 privativus:
2681 1880 2826 1935 sicut
2850 1877 3104 1934 exclusio
3126 1878 3333 1968 peccati

1979 1979 2080 2037 per
2116 1964 2362 2038 gratiam
2395 1986 2409 2020 :
2438 1978 2577 2039 ergo
2617 1978 2718 2036 per
2746 1963 2972 2023 nullam
3019 1963 3334 2047 potentiam

1978 2042 2106 2101 fieri
2135 2046 2306 2111 valet,
2337 2043 2486 2116 quod
2512 2044 2719 2117 gratia,
2751 2048 2808 2100 et
2833 2045 3125 2115 peccatum
3151 2054 3334 2111 origi-

1979 2128 2112 2184 nale
2138 2127 2200 2183 in
2227 2127 2428 2184 eodem
2446 2125 2696 2200 subjecto
2720 2125 3052 2182 coexistunt.

2063 2209 2181 2264 100.
2210 2208 2373 2265 Unde
2393 2206 2576 2264 obiter
2596 2206 2844 2262 diluitur
2863 2205 3167 2268 motivum,
3185 2200 3561 2300 (10οάῐῖὲῖρὸᾸί
3630 2212 3633 2259 l

1979 2288 2292 2344 assumitur
2308 2304 2376 2345 ex
2392 2287 2652 2345 doctrina
2670 2288 2735 2341 D.
2751 2286 2957 2342 Thom.
2983 2299 3120 2339 nam
3142 2281 3339 2339 exclu—
3354 2307 3531 2350 irarium

1978 2369 2065 2425 sio
2111 2370 2455 2442 privationis
2498 2375 2581 2427 est
2618 2367 2932 2426 secundum
2976 2382 3100 2424 rem
3138 2362 3336 2421 eadem
3381 2356 3508 2449 ¹332·

1980 2451 2223 2508 mutatio
2242 2452 2508 2524 simplex,
2536 2456 2593 2507 et
2614 2448 2995 2507 indivisibilis
3019 2461 3150 2503 cum
3175 2445 3339 2500 infu-

1979 2532 2160 2596 sione,
2193 2533 2315 2589 sive
2341 2531 2766 2590 introductione
2794 2531 3010 2595 formae,
3034 2532 3095 2583 ut
3119 2530 3335 2583 constat

1979 2627 2050 2669 ex
2077 2612 2245 2670 modo
2272 2613 2437 2669 dictis
2470 2634 2483 2669 :
2514 2613 2664 2670 unde
2692 2610 3068 2685 impossibile,
3095 2614 3150 2663 et
3171 2608 3337 2663 inin-

1980 2690 2282 2766 telligibile
2301 2708 2532 2765 prorsus
2553 2697 2655 2759 est,
2675 2692 2823 2765 quod
2841 2690 3111 2748 adveniat
3125 2688 3332 2749 forma.

1980 2776 2036 2828 et
2054 2772 2173 2844 ejus
2198 2772 2445 2843 privatio
2467 2787 2584 2828 non
2605 2770 2940 2828 excludatur
2967 2790 2979 2824 ε
3009 2767 3156 2840 quod
3178 2766 3339 2822 suffi-

1979 2853 2055 2911 cit
2075 2852 2145 2910 ad
2169 2859 2431 2911 nostrum
2456 2854 2765 2920 intentum,
2783 2851 2831 2907 si
2848 2850 3026 2907 semel
3048 2853 3337 2922 peccatum

1980 2936 2264 3010 originale
2316 2936 2377 2991 in
2432 2936 2755 3009 privatione
2806 2933 3005 3008 gratiae
3056 2931 3334 2988 consistit.

1980 3017 2087 3075 Sed
2115 3019 2250 3091 quia
2277 3019 2339 3074 in
2368 3017 2750 3075 destructione
2787 3015 2994 3089 peccati
3025 3013 3340 3070 habitualis

1983 3115 2099 3157 non
2138 3103 2364 3156 tantum
2407 3098 2676 3172 abjicitur
2716 3098 2963 3170 privatio
2988 3097 3205 3170 gratiae,
3236 3094 3335 3152 sed

1979 3182 2155 3237 etiam
2185 3184 2525 3237 retractatur
2552 3184 2707 3235 actus
2736 3178 2944 3251 peccati
2974 3176 3270 3249 praeteriti,
3303 3193 3335 3231 a

1981 3278 2092 3336 quo
2118 3264 2403 3334 peccatum
2433 3258 2727 3315 habituale
2754 3255 3139 3331 dependebat;
3171 3260 3228 3313 et
3253 3256 3335 3311 si-

1980 3344 2103 3400 mul
2117 3340 2442 3400 excluditur
2457 3341 2754 3398 conversio
2772 3338 3014 3410 positiva
3028 3335 3097 3393 ad
3121 3336 3334 3394 bonum

1980 3421 2406 3488 commutabile,
2437 3437 2561 3493 quae
2580 3420 2887 3476 comitatur
2912 3417 3111 3492 gratiae
3139 3417 3340 3490 priva-'

1982 3504 2228 3568 tionem3
2272 3507 2572 3574 propterea
2607 3503 2674 3556 D.
2716 3500 2923 3556 Thom.
2954 3498 3201 3555 affirmat
3242 3512 3337 3555 re-
3370 3501 3528 3545 D-'rho-

1981 3584 2318 3640 missionem
2347 3581 2554 3655 peccati
2582 3596 2704 3638 esse
2730 3596 2800 3637 ex
2822 3580 2926 3636 hac
2956 3585 3116 3651 parte
3144 3584 3338 3635 muta-

1982 3667 2197 3723 tionem
2243 3663 2534 3719 diversam
2581 3660 2652 3718 ab
2692 3660 2984 3717 infusione
3022 3660 3242 3735 gratim,
3274 3664 3336 3715 ut

1979 3749 2199 3803 constat
2223 3761 2293 3802 ex
2315 3743 2626 3817 quaestione
2655 3742 2756 3797 illa
2777 3741 2842 3796 de
2868 3743 3023 3797 verit.
3050 3748 3160 3797 art.
3191 3743 3247 3804 6,
3273 3741 3334 3796 in

1980 3825 2257 3901 corpffiubi
2286 3827 2365 3882 ait
2391 3846 2404 3880 ε
2441 3845 2467 3877 α
2493 3826 2653 3880 Patet
2690 3823 2886 3897 igitur,
2918 3821 3067 3895 quod
3093 3823 3143 3877 si
3170 3823 3335 3894 culpa

1988 3931 2013 3961 α
2055 3909 2297 3965 omnino
2324 3922 2440 3963 non
2456 3910 2541 3962 est
2554 3904 2770 3976 aliquid
2790 3903 3052 3976 positive,
3081 3902 3231 3959 idem
3253 3910 3338 3959 est

1988 4011 2015 4042 <r
2056 3988 2272 4045 infusio
2296 3986 2512 4062 gratiae,
2544 3989 2600 4042 et
2637 3985 2901 4041 remissio
2927 3986 3106 4056 culpae
3130 3999 3336 4041 secun-

1988 4093 2014 4122 «
2055 4070 2193 4125 dum
2236 4085 2376 4134 rem,
2400 4066 2712 4124 secundum
2741 4081 2879 4122 vero
2907 4066 3190 4122 rationem
3220 4078 3334 4122 non

1988 4173 2013 4203 α
2054 4155 2140 4207 est
2165 4148 2337 4206 idem.
2370 4148 2428 4203 Si
2470 4151 2659 4204 autem
2700 4147 2867 4218 culpa
2892 4145 3111 4218 aliquid
3153 4145 3331 4218 ponit,

1988 4253 2013 4284 «
2057 4245 2175 4287 non
2200 4227 2513 4286 secundum
2543 4226 2846 4292 rationem,
2890 4225 2989 4283 sed
3016 4225 3332 4283 secundum

1988 4334 2015 4366 α
2056 4326 2201 4377 rem,
2231 4309 2389 4366 aliud
2415 4314 2501 4366 est
2539 4306 2754 4364 infusio
2779 4307 2995 4381 gratim,
3026 4313 3084 4364 et
3121 4307 3337 4363 infusio

1988 4416 2013 4449 α
2054 4395 2252 4466 culpae,
2296 4391 2345 4447 si
2390 4389 2829 4448 considerentur
2875 4394 2937 4445 ut
2965 4391 3330 4454 mutationes,

1988 4496 2014 4527 α
2054 4472 2320 4547 quamvis
2365 4472 2428 4527 in
2477 4470 2700 4527 ratione
2745 4475 2934 4527 motus
2971 4471 3089 4527 sint
3129 4486 3332 4528 unum.

1987 4577 2014 4608 «
2056 4556 2236 4627 Culpa
2257 4557 2449 4609 autem
2474 4549 2693 4623 aliquid
2717 4551 2913 4623 ponit»
2936 4550 3219 4625 (intellige
3240 4567 3341 4609 an-

1980 4634 2317 4699 tecedenter,
2349 4634 2439 4688 vel
2466 4632 2936 4698 concomitanter;
2961 4647 3079 4689 non
3116 4631 3339 4691 forma-

1982 4717 2134 4783 liter,
2168 4715 2297 4772 etin
2314 4715 2544 4783 recto),«
2572 4718 2628 4770 et
2654 4727 2772 4769 non
2796 4712 2982 4768 solum
3013 4710 3334 4770 absentiam

1985 4819 2012 4850 α
2056 4797 2281 4873 gratiae;
2315 4794 2572 4853 absentia
2597 4795 2758 4851 enim
2795 4793 2996 4870 gratiae
3021 4794 3337 4851 secundum

1987 4898 2013 4930 α
2054 4894 2115 4935 se
2158 4875 2516 4934 considerata
2560 4873 2730 4932 hahet
2776 4879 3001 4931 tantum
3051 4874 3336 4932 rationem

1987 4980 2013 5012 α
2055 4974 2255 5033 pomae,
2288 4973 2405 5016 non
2448 4961 2637 5015 autem
2682 4957 2965 5013 rationem
2992 4958 3188 5029 culpae,
3223 4956 3337 5013 nisi

1908 5088 1923 5096 -
1987 5063 2012 5094 (ι
2052 5039 2363 5099 secundum
2405 5038 2553 5112 quod
2604 5039 2952 5120 relinquitur
2978 5054 3050 5095 ex
3077 5043 3202 5094 actu
3231 5055 3328 5096 vo·

3084 5120 3337 5176 luntatus
