3647 5753
236 3325 434 3385 Incideris

266 3386 413 3434 evasio

246 3426 434 3474 dismili-

286 3480 366 3521 tur.

444 398 564 452 :342

447 581 580 622 esse
607 564 792 622 forma
810 555 1444 637 justificans.Pr0batur
1470 550 1815 628 major,quia

457 648 519 699 ut
542 644 748 716 aliquis
795 642 870 698 sit
895 637 1240 713 simpliciter
1276 635 1462 709 justus
1504 633 1567 689 in
1607 630 1814 690 ordine

443 722 900 798 supernaturali,
931 719 1098 778 debet
1137 717 1480 793 participare
1506 712 1810 788 justitiam,

454 822 487 863 a
507 819 619 878 qua
645 806 791 861 Deus
840 800 1052 858 dicitur
1078 797 1424 871 simpliciter
1439 795 1643 870 justus,
1670 793 1816 849 sicut

451 885 520 942 in
540 882 882 940 universum
922 880 1115 938 omnis
1154 873 1425 951 perfectio
1464 877 1815 947 supernatu-

456 965 597 1024 ralis
635 963 893 1023 hominis
921 961 1190 1020 convenit
1215 958 1345 1034 ipsi
1389 972 1489 1030 per
1512 955 1815 1028 participa-

451 1046 671 1103 tionem
696 1041 1061 1118 perfectionis
1081 1040 1329 1097 divinae:
1354 1035 1577 1111 justitia
1600 1038 1809 1101 autem,

450 1142 484 1184 a
507 1143 619 1200 qua
662 1126 812 1182 Deus
850 1121 1062 1180 dicitur
1105 1119 1450 1194 simpliciter
1467 1116 1671 1191 justus,
1696 1130 1814 1172 non

443 1212 536 1264 est
578 1207 713 1275 haec,
763 1206 853 1262 vel
882 1205 985 1261 illa
1014 1199 1377 1276 particularis
1422 1196 1645 1273 justitia
1664 1195 1814 1252 circa

453 1287 646 1355 istam,
676 1292 772 1344 aut
800 1287 966 1343 illam
999 1283 1306 1358 specialem
1333 1278 1641 1337 materiam
1671 1301 1684 1344 ς
1713 1274 1812 1334 sed

445 1373 537 1426 est
575 1368 816 1443 justitia,
844 1372 927 1425 ·et
969 1363 1248 1423 rectitudo
1274 1360 1625 1420 universalis
1662 1359 1816 1417 circa

447 1467 685 1509 omnem
708 1449 1015 1507 materiam
1046 1469 1059 1503 :
1106 1461 1243 1521 ergo
1281 1450 1347 1501 ut
1390 1445 1563 1502 homo
1588 1442 1813 1498 dicatur

448 1532 635 1606 justus
661 1529 1022 1602 simpliciter,
1071 1526 1238 1585 debet
1272 1525 1618 1599 participare
1636 1521 1815 1597 justi-

453 1612 597 1668 tiam
647 1612 961 1668 increatam
981 1651 995 1676 ,
1045 1613 1102 1665 et
1145 1606 1535 1664 universalem
1557 1646 1571 1660 .
1619 1601 1815 1679 Minor

449 1694 629 1751 etiam
649 1692 971 1751 ostenditur
998 1711 1011 1747 :
1035 1689 1311 1763 quoniam
1329 1686 1557 1762 justitia
1579 1685 1816 1742 univer-

451 1775 592 1833 salis
634 1774 735 1831 Dei
766 1789 890 1831 non·
909 1771 1168 1831 consistit
1200 1770 1264 1827 in
1291 1769 1485 1842 aliquo
1513 1765 1809 1832 attributo,

455 1856 547 1912 vel
570 1854 919 1927 operatione,
937 1850 1043 1908 sub
1063 1865 1331 1925 expresso
1346 1851 1617 1920 conceptu
1644 1846 1814 1903 attri-

455 1934 599 2005 buti,
648 1936 741 1991 vel
768 1932 1157 2007 operationis;
1186 1929 1284 1987 sed
1319 1927 1579 1986 consistit
1600 1927 1661 1983 in
1705 1943 1815 1983 na-

452 2021 586 2073 tura
614 2014 835 2079 divina,
861 2028 985 2086 quae
1010 2016 1094 2069 est
1122 2011 1289 2068 radix
1314 2008 1664 2066 universalis
1684 2023 1813 2065 om-

457 2096 622 2152 nium
651 2092 1079 2159 attributorum,
1111 2097 1167 2149 et
1213 2089 1632 2164 perfectionum
1655 2086 1812 2144 divi-

449 2194 683 2236 narum:
707 2191 843 2250 ergo
859 2180 920 2231 ut
944 2175 1075 2248 quis
1097 2172 1396 2248 participet
1419 2170 1810 2227 universalem

445 2258 728 2333 justitiam
783 2255 905 2324 Dei,
933 2254 1099 2313 debet
1146 2252 1492 2327 participare
1541 2256 1812 2308 naturam

447 2340 710 2397 divinam
750 2337 855 2394 sub
900 2343 1174 2410 conceptu
1198 2339 1422 2391 naturae
1459 2331 1600 2390 :sed
1647 2334 1812 2389 nulla

449 2419 704 2493 operatio
751 2417 1052 2492 participat
1091 2420 1362 2472 naturam
1415 2412 1683 2469 divinam
1704 2411 1812 2469 sub

448 2504 716 2572 conceptu
741 2503 978 2563 naturae,
1004 2512 1136 2552 cum
1161 2496 1326 2551 nulla
1345 2493 1603 2566 operatio
1617 2489 1812 2549 ‘creata

449 2579 625 2653 possit
665 2576 876 2634 habere
923 2576 1211 2634 rationem
1243 2574 1446 2648 primae
1483 2572 1692 2630 radicis
1711 2588 1812 2629 ea-

448 2675 581 2715 rum
626 2656 1060 2731 perfectionum,
1117 2670 1242 2728 quae
1286 2658 1423 2708 sunt
1472 2653 1535 2709 in
1580 2652 1811 2725 proprio

448 2738 742 2811 supposito
769 2761 783 2804 ;
811 2735 908 2792 sed
932 2736 1120 2808 potius
1149 2732 1401 2791 radicem
1431 2748 1464 2789 a
1488 2747 1549 2789 se
1571 2730 1810 2788 distinc-

451 2823 913 2893 tamsupponat:
966 2832 1103 2892 ergo
1144 2816 1309 2871 nulla
1335 2814 1592 2888 operatio
1632 2818 1813 2887 potest

449 2902 794 2976 participare
827 2898 1113 2973 justitiam
1141 2898 1532 2954 universalem
1554 2896 1678 2953 Dei.
1705 2898 1811 2953 Vi-

448 2981 694 3040 deantur
746 2996 870 3053 quae
915 2978 1171 3035 diximus
1229 2979 1350 3035 loco
1394 2993 1570 3049 supra
1616 2978 1804 3045 citato,

449 3059 744 3128 dub.3,ubi
766 3058 1071 3115 statuimus
1084 3057 1332 3132 gratiam
1353 3054 1809 3114 sanctificantem

446 3155 570 3196 esse
611 3137 1105 3212 participationem
1135 3136 1441 3195 formalem
1470 3139 1695 3192 naturae
1715 3133 1811 3190 di-

449 3219 602 3276 vinae
627 3217 733 3274 sub
754 3222 1025 3291 conceptu
1056 3221 1296 3273 naturas.

521 3302 614 3357 63.
641 3298 975 3365 Nec'resert,
1020 3297 1271 3363 sidicas,
1304 3312 1563 3355 amorem
1586 3296 1687 3354 Dei
1708 3314 1810 3353 su-

449 3396 549 3455 per
607 3380 807 3438 omnia
851 3379 1162 3436 continere
1199 3376 1529 3435 virtualiter
1574 3393 1810 3435 omnem

448 3462 704 3521 hominis
780 3459 1184 3518 rectitudinem
1210 3481 1226 3526 ;
1274 3458 1559 3531 siquidem
1605 3460 1811 3532 omnia

448 3559 572 3616 quae
605 3542 829 3598 suntin
870 3538 1125 3604 homine,
1174 3536 1403 3612 subjicit
1448 3541 1561 3597 Deo
1603 3540 1810 3598 ultimo

407 3667 411 3671 .
447 3622 554 3678 fini
573 3637 744 3695 super
772 3618 971 3677 omnia
985 3617 1217 3675 dilecto.
1244 3620 1394 3686 Non,
1422 3618 1684 3692 inquam,
1713 3635 1810 3677 re-

261 4619 316 4662 Ι).
330 4617 434 4662 Tho.

448 3703 562 3776 fert
591 3725 604 3762 ε
634 3701 908 3775 quoniam
950 3700 1081 3757 licet
1108 3698 1411 3773 praedictus
1432 3715 1596 3757 amor
1622 3700 1810 3757 conti-

448 3790 581 3841 neat
625 3782 823 3840 omnia
864 3781 1146 3837 virtutum
1188 3773 1453 3852 opera‘in
1496 3781 1805 3855 proposito,

445 3869 502 3920 et
528 3862 817 3934 imperio;
868 3859 1256 3916 nihilominus
1301 3874 1370 3915 ea
1418 3874 1536 3916 non
1557 3860 1812 3918 continet

447 3960 550 4017 per
576 3943 812 4000 modum
856 3941 1083 4006 radicis,
1139 3945 1196 3996 et
1243 3941 1485 4015 rigorosi
1535 3941 1808 4015 principii

446 4024 713 4085 effectivi.
764 4026 893 4079 Non
931 4022 1092 4079 enim
1120 4021 1278 4078 elicit
1304 4022 1504 4079 omnia
1524 4023 1808 4081 virtutum

447 4120 622 4180 opera
644 4100 925 4177 proxime,
954 4101 1046 4157 vel
1068 4099 1400 4157 radicaliter
1426 4123 1441 4168 ;
1464 4098 1561 4157 sed
1584 4105 1809 4160 tantum

447 4203 517 4246 ea
542 4187 813 4259 imperat,
861 4189 918 4240 et
967 4182 1266 4238 hominem
1316 4183 1430 4239 Deo
1468 4180 1702 4257 subjicit
1747 4185 1811 4242 in

447 4268 663 4324 virtute
687 4264 888 4339 gratiae
915 4260 1229 4318 habitualis
1254 4262 1558 4319 existentis
1584 4266 1650 4322 in
1676 4266 1811 4323 ani-

450 4362 561 4404 mae
587 4344 853 4408 essentia,
887 4342 976 4399 cui
1008 4340 1252 4414 proinde
1280 4344 1552 4401 convenit
1576 4345 1812 4418 propria

452 4427 600 4484 ratio
615 4424 854 4500 justitiae
892 4421 1257 4488 universalia,
1302 4428 1358 4480 et
1402 4431 1812 4499 consequenter

449 4510 751 4579 conceptus
821 4502 1089 4577 proprius
1155 4502 1357 4561 formae
1408 4503 1805 4579 justificantis.
1831 4572 1847 4588 ·

451 4592 587 4655 Quae
612 4593 697 4644 est
717 4584 980 4643 doctrina
1004 4586 1072 4639 D.
1102 4585 1308 4641 Thom.
1336 4590 1457 4641 tum
1481 4587 1543 4642 in
1562 4587 1668 4644 hac
1696 4589 1805 4657 1,2,

450 4689 503 4748 q.
552 4671 673 4736 110,
700 4674 808 4723 art.
835 4666 870 4720 3
889 4673 940 4720 et
958 4667 1014 4731 4,
1038 4672 1087 4720 et
1109 4675 1296 4743 quast.
1332 4666 1452 4733 lll,
1476 4676 1586 4724 art.
1613 4671 1667 4738 2,
1688 4674 1810 4727 tum

450 4755 515 4807 in
540 4767 592 4828 q.
624 4752 718 4816 27,
739 4749 803 4803 de
823 4748 980 4802 verit.
1005 4751 1117 4800 art.
1141 4747 1177 4800 5
1196 4745 1272 4800 ad
1292 4747 1346 4812 9,
1374 4746 1472 4804 ubi
1495 4748 1577 4805 ait
1607 4771 1622 4806 ε
1650 4751 1812 4807 «Una

456 4853 484 4885 α
524 4830 711 4905 gratia
735 4825 953 4901 perficit
978 4841 1180 4883 omnes
1206 4827 1507 4899 potentias,
1535 4832 1652 4899 nori
1677 4830 1810 4904 qui-

454 4934 482 4964 «
523 4911 657 4970 dem
682 4910 780 4974 ita,
806 4912 866 4963 ut
910 4906 1075 4962 sitin
1130 4905 1401 4964 omnibus
1426 4907 1657 4965 sicutin
1679 4910 1813 4967 sub-

457 5014 483 5047 «
520 4995 690 5067 jecto;
720 4988 818 5048 sed
845 4989 909 5045 in
933 4992 1214 5062 quantum
1237 4988 1517 5047 informat
1542 4993 1807 5050 omnium

1380 385 1473 441 DE
1511 381 2093 438 JUSTIFICATIONE
2132 382 2339 438 1MP11.

2606 460 2637 482 Ν

1951 570 1978 603 «τ
2025 551 2413 624 potentiarum
2442 555 2617 608 actus,
2664 571 2689 601 n
2725 551 2794 604 Et
2832 548 2907 604 ad
2949 549 3033 615 17,
3065 545 3254 619 inquit
3287 567 3301 602 :

1952 655 1978 686 α
2024 633 2395 691 immediatus
2439 633 2666 691 effectus
2684 631 2882 706 gratiae
2907 635 2994 687 est
3030 629 3300 688 conferre

1953 737 1980 771 α
2021 732 2144 774 esse
2166 717 2487 790 spirituale,
2541 715 2690 790 quod
2733 714 2981 788 pertinet
3010 711 3083 769 ad
3105 711 3300 770 infor-

1953 817 1981 850 α
2022 798 2337 855 mationem
2350 796 2733 872 subjecti,sive
2753 794 2823 851 ad
2834 792 3301 868 justificationem

1951 899 1978 930 «
2021 878 2210 953 impii,
2236 894 2360 952 quae
2383 885 2467 936 est
2485 878 2711 935 effectus
2738 876 2937 950 gratiae
2963 875 3257 947 operantis
3281 899 3297 942 ς

1954 980 1979 1011 α
2020 958 2117 1016 sed
2144 959 2372 1017 effectus
2397 958 2595 1032 gratim
2640 955 3030 1013 mediantibus
3056 956 3301 1012 virtuti-

1953 1060 1979 1093 «
2020 1038 2127 1095 bus
2154 1045 2239 1097 est
2264 1039 2471 1096 elicere
2491 1042 2644 1094 actus
2669 1036 3016 1094 meritorios.
3048 1057 3074 1087 »

2021 1124 2107 1177 Ex
2126 1122 2333 1195 quibus
2358 1120 2750 1187 confirmatur,
2781 1125 2836 1176 et
2855 1119 3177 1193 explicatur
3206 1134 3301 1176 se·
3313 1134 3509 1230 rfflgi‘hur

1946 1284 2238 1342 constituit
2286 1283 2627 1356 simpliciter
2671 1280 2901 1355 aliquod
2952 1279 3294 1356 subjectum,
3344 1240 3469 1329 ¹33:

1945 1200 2130 1263 cundo
2161 1228 2175 1273 ς
2207 1221 2342 1262 nam
2370 1205 2433 1261 in
2460 1202 2664 1260 ordine
2692 1201 2945 1259 naturali
2975 1201 3079 1256 illa
3104 1200 3298 1257 forma

1944 1382 2069 1438 quae
2090 1372 2318 1440 praestat
2343 1365 2433 1420 illi
2461 1379 2598 1436 esse,
2626 1363 2969 1436 simpliciter
2991 1362 3054 1419 in
3075 1362 3177 1419 tali
3200 1378 3303 1420 or-

1945 1446 2101 1513 dine,
2127 1452 2184 1503 et
2212 1445 2426 1503 radicat
2464 1460 2531 1501 ea
2558 1460 2682 1517 quae
2705 1445 2768 1500 in
2796 1443 2897 1499 tali
2922 1443 3175 1517 subjecto
3204 1458 3303 1500 re-

1947 1526 2281 1599 periuntur:
2307 1540 2442 1598 ergo
2464 1524 2679 1597 pariter
2693 1522 2758 1578 in
2786 1522 2991 1580 ordine
3014 1538 3303 1596 superna-

1944 1607 2119 1663 turali
2164 1605 2263 1662 illa
2308 1607 2495 1663 forma
2520 1603 2812 1661 constituit
2833 1603 3129 1660 hominem
3150 1605 3304 1660 sim-

1946 1687 2170 1760 pliciter
2187 1687 2425 1760 justum,
2445 1702 2570 1758 quas
2585 1689 2810 1758 praestat
2824 1684 2932 1756 ipsi
2960 1684 3306 1757 simpliciter

1944 1782 2065 1825 esse
2114 1767 2179 1827 in
2208 1767 2312 1824 tali
2338 1765 2559 1834 ordine,
2590 1771 2644 1822 et
2682 1763 2896 1821 radicat
2945 1780 3145 1821 omnes
3169 1780 3305 1837 per—

1945 1849 2215 1907 fectiones
2278 1849 2341 1905 in
2385 1864 2452 1905 eo
2513 1852 2787 1921 repertas.
2832 1845 2986 1903 Sicut
3012 1847 3173 1904 enim
3239 1848 3303 1904 in

1944 1928 2149 1987 ordine
2173 1929 2427 1987 naturali
2455 1928 2889 2003 distinguuntur
2924 1932 3300 1995 natura,esse‚

1944 2010 2148 2076 virtuS,
2192 2014 2249 2067 et
2296 2009 2551 2082 operatio
2582 2033 2597 2075 ;
2628 2009 2709 2064 ita
2748 2006 2963 2064 eaedem
3015 2007 3305 2079 perfectio-

1945 2105 2046 2147 nes
2073 2090 2135 2146 in
2181 2088 2386 2147 ordine
2422 2088 2851 2161 supernaturali
2879 2086 3301 2162 distinguendae

1943 2176 2123 2239 sunt;
2173 2187 2304 2228 cum
2346 2186 2463 2227 non
2504 2171 2701 2226 minus
2740 2175 2927 2243 pateat
2976 2169 3085 2226 iste
3136 2170 3297 2237 ordo,

1943 2267 2116 2325 quam
2146 2251 2267 2318 ille,
2302 2267 2406 2307 nec
2432 2250 2580 2307 adsit
2627 2251 2792 2318 ratio,
2836 2255 2898 2305 ut
2947 2251 3096 2307 circa
3125 2251 3296 2308 illum

1942 2332 2233 2389 contrario
2272 2330 2442 2390 modo
2486 2331 2899 2388 discurramus.
2923 2332 3094 2406 Atqui
3127 2348 3300 2406 repu-

1943 2419 2081 2489 gnat
2106 2413 2255 2471 actui
2289 2412 2669 2481 contritioniS,
2700 2419 2755 2470 et
2782 2415 2997 2471 amoris
3025 2411 3311 2487 praestare‘

1942 2511 2065 2552 esse
2088 2495 2430 2568 simpliciter
2456 2495 2517 2551 in
2546 2494 2750 2552 ordine
2775 2496 3289 2568 supernaturali,et

1945 2575 2201 2633 radicare
2230 2575 2602 2648 perfectiones
2648 2578 3132 2650 supernaturales,
3169 2594 3296 2651 quae

1943 2656 2007 2712 in
2052 2656 2288 2713 homine
2354 2656 2765 2730 reperiuntur:
2816 2673 2949 2732 ergo
3014 2663 3294 2733 repugnat

1944 2736 2090 2793 actui
2137 2737 2518 2806 contritionis,
2574 2743 2631 2794 et
2693 2738 2909 2796 amoris
2956 2739 3299 2797 constituere

1944 2816 2240 2873 hominem
2281 2817 2622 2892 simpliciter
2663 2819 2905 2894 justum,
2954 2835 3017 2876 ac
3057 2819 3300 2893 proinde

1941 2913 2064 2955 esse
2085 2897 2333 2956 formam
2343 2898 3059 2971 justificantem.Suadetur
3080 2902 3297 2970 minor;

1943 2992 2079 3034 nam
2104 2977 2166 3034 in
2196 2978 2402 3052 primis
2449 2979 2635 3037 forma
2674 2982 3152 3054 supernaturaliS,
3177 2997 3304 3054 quae

1942 3057 2040 3115 dat
2065 3075 2186 3117 esse
2205 3060 2546 3133 simpliciter
2574 3062 2637 3118 in
2662 3063 2762 3119 tali
2785 3063 3007 3130 ordine,
3026 3064 3303 3137 recipitur

1944 3138 2007 3194 in
2034 3139 2157 3212 ipsa
2200 3139 2537 3205 substantia,
2569 3157 2693 3215 quae
2714 3141 2810 3198 dat
2835 3158 2957 3200 esse
2985 3144 3250 3201 naturale
3283 3165 3297 3201 ε

1941 3221 2087 3277 sicut
2137 3222 2328 3279 omnis
2372 3224 2558 3279 virtus
2606 3224 2939 3283 immediate
3001 3228 3298 3299 operativa
3365 3237 3368 3240 ’

1945 3302 2218 3375 recipitur
2267 3303 2332 3358 in
2378 3304 2647 3375 potentiis
2689 3305 3022 3363 immediate
3046 3310 3300 3380 operati-

1943 3381 2051 3450 vis3
2072 3382 2342 3456 perfectio
2362 3383 2522 3440 enim
2544 3382 2709 3441 debet
2736 3385 3152 3444 accommodari
3178 3404 3302 3462 per-

1943 3463 2202 3531 fectibili,
2222 3464 2381 3520 etilli
2406 3467 2831 3537 proportionari
2860 3467 2993 3525 :sed
3019 3475 3302 3544 repugnat

1943 3542 2091 3600 actui
2118 3543 2498 3611 contritioniS,
2516 3548 2573 3601 et
2598 3547 2815 3606 amoris
2845 3548 3020 3620 recipi
3044 3550 3107 3605 in
3133 3551 3303 3607 subs-

1941 3622 2125 3679 tantia
2172 3623 2522 3692 immediate,
2567 3642 2695 3682 cum
2724 3627 3041 3685 substantia
3063 3639 3304 3705 nequeat

1941 3703 2278 3763 immediate
2323 3706 2594 3777 operari:
2625 3724 2761 3782 ergo
2800 3709 3101 3781 praedictus
3146 3719 3303 3770 actus

1942 3786 2143 3859 nequit
2183 3791 2450 3860 praestare
2474 3802 2598 3845 esse
2645 3789 2986 3862 simpliciter
3008 3793 3070 3848 in
3098 3793 3303 3851 ordine

1941 3866 2389 3941 supernaturali.
2424 3867 2639 3924 Deinde
2661 3871 2824 3926 nulla
2845 3874 3100 3944 operatio
3123 3880 3304 3948 potest

1943 3962 2064 4004 esse
2110 3946 2299 4020 prima
2360 3945 2526 4003 radix
2567 3948 3002 4020 perfectionum,
3045 3969 3170 4026 quae
3234 3954 3299 4010 in

1942 4030 2064 4104 ejus
2088 4027 2338 4101 subjecto
2360 4029 2748 4101 reperiuntur,
2781 4049 2909 4090 cum
2933 4035 3058 4107 ipsa
3086 4051 3298 4110 opera—

1946 4109 2024 4165 tio
2044 4123 2115 4164 ex
2136 4113 2342 4164 natura
2369 4124 2473 4164 sua
2501 4112 3003 4185 postuletaliquam
3024 4115 3295 4185 radicem,

1942 4194 2001 4246 et
2043 4188 2339 4253 virtutem,
2386 4205 2419 4245 a
2463 4206 2575 4263 qua
2613 4190 2854 4259 oriatur,
2890 4200 2951 4250 ut
2975 4196 3113 4251 satis
3138 4211 3209 4253 ex
3234 4214 3297 4255 se

1906 4274 2161 4342 „constat
2188 4289 2201 4325 :
2232 4275 2510 4342 repugnat
2532 4270 2880 4345 igitur.actui
2910 4276 3293 4344 contritionis,

1942 4357 1999 4408 et
2014 4351 2229 4408 amoris
2248 4367 2370 4407 esse
2393 4351 2639 4411 radicem
2664 4356 3077 4428 perfectionum
3100 4374 3297 4432 super·

1944 4430 2324 4495 naturalium,
2348 4448 2473 4504 quae
2501 4434 2562 4489 in
2584 4434 2736 4507 justo
2766 4438 3155 4509 reperiuntur.
3188 4442 3305 4497 Nec

1945 4513 2009 4570 in
2036 4513 2301 4586 praesenti
2330 4527 2457 4569 occu
2469 4513 2794 4588 rrit‘aliqua
2822 4517 3059 4592 obJ‘ectio
3086 4519 3298 4578 adver-

1942 4611 2040 4651 sus
2061 4595 2207 4650 hanc
2237 4593 2539 4660 rationem,
2553 4596 2644 4651 cui
2672 4612 2812 4670 opus
2839 4601 2913 4655 sit
2933 4601 3166 4659 obviam
3188 4602 3297 4671 ire,

1943 4675 2251 4750 suppositis
2279 4675 2369 4730 his
2394 4692 2518 4748 quae
2556 4676 2812 4736 diximus
2850 4682 2988 4740 locis
3013 4684 3222 4750 citatis,
3246 4691 3305 4742 et

1944 4757 2130 4815 videri
2175 4761 2428 4831 possunt,
2478 4758 2680 4833 utejus
2709 4760 2884 4819 robur
2911 4766 3093 4842 magis
3121 4767 3298 4824 inno-

1942 4843 2136 4897 tescat.

2016 4915 2112 4970 64.
2143 4912 2210 4965 Et
2230 4911 2496 4983 quamvis
2522 4913 2794 4973 hactenus
2819 4918 2969 4976 dicta
2995 4920 3305 4994 procedant

1943 4992 2267 5069 specialiter
2286 4991 2436 5049 circa
2449 4992 2712 5052 eflectum
2736 4998 3081 5072 primarium
3102 5001 3307 5061 formae

2913 5080 3297 5155 justificantis,
