3647 5753
1394 365 1572 421 DISP.
1624 366 1739 432 vn,
1785 367 1952 422 DUB.
1997 368 2062 423 V.
3018 377 3122 434 231

260 559 290 590 α
331 537 483 595 sicut
502 538 949 603 exhortationeS,
979 535 1252 611 suffragia
1278 536 1625 605 orationum,

189 665 193 672 .
263 639 290 669 α
332 616 556 675 donum
578 619 800 692 gratias,
824 624 880 674 et
906 618 1021 673 alia
1045 615 1391 690 hujusmodi,
1422 615 1630 690 quibus

265 721 292 751 α
336 701 487 756 Deus
508 699 961 757 adminiculatur
982 699 1206 755 bomini
1230 697 1298 754 ad
1322 700 1621 755 salutema'o

261 780 372 836 Ubi
391 796 523 838 cum
578 786 867 838 recenseat
910 781 1026 837 alia
1053 779 1265 844 media,
1291 786 1347 837 et
1385 780 1622 849 auxilia,

261 877 379 919 non
407 862 677 919 meminit
707 861 999 936 qualitatis
1048 861 1278 935 physice
1318 860 1627 932 praedeter-

259 943 544 999 minantis
569 964 582 999 :
614 941 684 999 ad
711 958 883 1015 quam
911 943 958 998 si
986 940 1113 998 dari
1140 945 1414 1007 censeret,
1443 947 1626 1013 posset

254 1021 596 1094 compendio
622 1028 799 1079 totam
828 1037 954 1079 eam
1001 1019 1406 1078 certitudinem
1450 1020 1626 1078 redu-

253 1117 382 1159 cere
412 1118 587 1177 :ergo
611 1103 803 1177 gratia
841 1103 1074 1177 physice
1103 1101 1624 1176 praedetermirtans

255 1184 447 1242 aliena
467 1190 552 1241 est
581 1201 613 1242 a
655 1190 850 1242 mente
876 1188 942 1240 D.
973 1184 1225 1241 Thomae.
1258 1186 1408 1239 Tum
1454 1184 1624 1240 deni-

253 1259 543 1337 que,'quia
564 1263 622 1320 id
668 1270 862 1337 aperte
887 1262 1173 1337 significat
1203 1262 1356 1320 idem
1401 1263 1456 1319 S.
1492 1265 1624 1321 Doc-

255 1349 346 1401 tor
391 1346 452 1402 in
483 1348 538 1413 2,
567 1346 698 1402 dist.
731 1347 819 1413 39,
851 1353 1030 1423 quaest.
1072 1346 1117 1409 1,
1167 1354 1281 1401 art.
1320 1346 1336 1400 1
1366 1347 1427 1401 in
1470 1364 1617 1420 corp.

255 1425 355 1482 ubi
378 1425 459 1482 ait
487 1447 501 1482 ε
531 1448 558 1478 α
600 1428 726 1499 Ipsa
757 1431 946 1482 autem
977 1428 1230 1499 potentia
1281 1426 1616 1493 voluntatiS,

261 1530 288 1563 α
329 1513 607 1582 quantum
637 1509 697 1565 in
725 1524 787 1565 se
804 1515 906 1577 est,
939 1507 1274 1566 indifferens
1293 1512 1377 1566 est
1397 1507 1467 1564 ad
1491 1509 1621 1581 plu-

259 1614 287 1646 «
331 1607 396 1649 ra
421 1611 435 1646 ε
462 1590 560 1647 sed
580 1590 729 1664 quod
757 1590 1140 1648 determinate
1182 1595 1349 1648 exeat
1376 1591 1439 1646 in
1467 1590 1622 1647 hunc

255 1695 282 1727 κ
326 1677 536 1736 actum,
568 1687 686 1728 non
713 1675 796 1728 est
821 1669 892 1728 ab
920 1671 1034 1727 alio
1054 1669 1497 1735 determinante,
1519 1669 1619 1727 sed

251 1774 281 1806 α
325 1751 540 1824 abipsa
562 1753 881 1809 voluntate.
925 1772 951 1802 1>
984 1749 1204 1815 Quibus
1244 1748 1439 1807 verbis
1469 1749 1620 1824 phy-

242 1833 428 1889 sicam
453 1830 1115 1903 praedeterminationem
1142 1829 1464 1903 proscribit.

52 1924 207 1967 runda-
325 1914 459 1972 320.
500 1911 607 1969 Sed
636 1912 753 1968 haec
775 1913 972 1968 omnia
994 1912 1161 1969 facile
1186 1911 1615 1976 convelluntur;

46 1979 229 2068 fflffi,
246 2010 391 2050 nam
419 1993 624 2068 majori
652 2009 724 2050 ex
749 1999 907 2066 parte
930 1992 1242 2065 procedunt
1262 1990 1333 2048 ab
1356 1991 1619 2048 authori-

243 2081 367 2133 tate
385 2091 546 2133 mere
573 2074 858 2148 negativa,
884 2079 939 2131 et
978 2074 1283 2146 insequuta.
1333 2072 1499 2131 Unde
1545 2073 1617 2130 ad

240 2154 694 2213 fundamentum
717 2154 1084 2227 desumptum
1112 2169 1182 2210 ex
1219 2155 1391 2209 Sacra
1418 2153 1615 2226 Scrip-

239 2241 374 2292 tura
414 2233 830 2308 respondemus
867 2232 1243 2298 concedendo,
1283 2232 1433 2305 quod
1469 2247 1617 2304 saepe

235 2316 526 2392 significet
545 2333 648 2374 nos
696 2315 921 2373 moveri
964 2330 997 2371 a
1025 2317 1138 2371 Deo
1176 2315 1368 2371 media
1413 2314 1616 2389 cogni-

238 2398 417 2463 tione,
449 2403 506 2454 et
543 2413 760 2465 amore,
791 2412 916 2468 quae
944 2395 1258 2467 important
1298 2396 1614 2452 motionem

238 2479 557 2535 moralem.
610 2477 717 2533 Sed
774 2476 1023 2531 minime
1076 2480 1244 2549 negat
1296 2475 1610 2549 Scriptura,

236 2557 389 2630 quod
416 2557 661 2632 physice,
692 2560 751 2613 et
772 2571 907 2613 vere
927 2556 1234 2612 causaliter
1258 2571 1614 2628 praemovea-

241 2655 380 2695 mur
407 2640 588 2694 aDe0.
618 2641 738 2696 lmo
766 2652 903 2695 vero
945 2635 1001 2693 id
1024 2636 1165 2693 satis
1209 2641 1402 2711 aperte
1426 2638 1614 2712 signi-

205 2717 453 2788 ,flcatin
476 2719 604 2775 aliis
632 2720 788 2782 locis,
815 2722 870 2776 et
913 2717 1199 2791 praecipue
1252 2717 1316 2774 in
1365 2717 1448 2774 eis
1490 2734 1616 2792 quae

231 2798 620 2873 expendimus
647 2804 679 2870 g
707 2802 743 2855 3
762 2804 820 2856 et
839 2801 894 2856 4.
925 2800 1245 2870 Utrumque
1270 2799 1434 2855 enim
1485 2816 1616 2858 con-

230 2880 555 2939 cedendum
575 2886 679 2944 est,
706 2880 838 2952 quia
864 2885 1173 2953 utrumque
1191 2881 1526 2953 requiritur,
1554 2887 1616 2938 ut

235 2960 432 3030 libere,
468 2967 525 3019 et
570 2961 962 3018 infallibiliter
987 2960 1093 3016 sub
1130 2959 1616 3019 determinatione

233 3041 453 3101 divinae
473 3043 678 3118 gratiae
702 3058 1027 3115 operemur.
1056 3042 1178 3098 Nisi
1196 3042 1356 3098 enim
1384 3043 1619 3114 praeiret

231 3124 500 3198 cognitio,
536 3128 593 3180 et
621 3121 1037 3179 indeliberatus
1064 3122 1311 3189 affectus,
1341 3138 1459 3179 non
1485 3140 1616 3194 pos-

229 3218 421 3260 semus
462 3217 574 3260 nos
601 3201 785 3258 libere
827 3200 1236 3267 determinare,
1284 3201 1383 3257 sed
1427 3202 1616 3260 instar

233 3285 490 3359 lapidum
540 3300 884 3359 ageremur:
912 3284 1012 3341 sed
1040 3284 1154 3340 nisi
1199 3283 1481 3341 accideret
1509 3301 1616 3342 au-

231 3366 444 3424 xilium
475 3365 719 3440 physice
741 3380 1120 3438 praemovenS,
1147 3380 1251 3420 nec
1273 3363 1616 3420 infallibili-

232 3450 318 3504 ter
344 3446 796 3520 subsequeretur
823 3460 1149 3508 cousensuS,
1172 3459 1275 3501 nec
1303 3444 1614 3502 arbitrium

236 3534 491 3586 creatum
535 3526 1020 3584 subordinaretur
1065 3526 1343 3590 Creatori,
1404 3532 1464 3582 ut
1509 3543 1615 3585 ex-

240 3608 551 3681 pendimus
572 3611 603 3678 g
636 3607 656 3661 l
688 3612 745 3663 et
764 3609 818 3674 5,
842 3612 898 3663 et
918 3606 1055 3663 locis
1077 3604 1291 3661 ibidem
1312 3607 1520 3663 citatis.

47 3699 213 3792 Ἢ
240 3685 843 3825 ιῑᾶῗῖἶῗὲἰῃέἲοέὥέῗ
846 3687 862 3742 ¹
870 3686 1482 3830 ἷΐὲἒηὲᾎωέοὲοἳῗῖ
1485 3703 1616 3824 ¹221}

48 3805 206 3938 ”gfff
241 3812 573 3905 necessitate
588 3845 750 3903 trahi
777 3843 847 3901 ad
872 3860 1237 3911 consensum,
1268 3844 1364 3901 sed
1391 3848 1617 3905 suasio-

72 3904 204 3988 ’ἶῗιιῖ
242 3928 426 3996 nibus,
451 3933 508 3986 et
529 3941 755 3992 amore,
786 3931 849 3981 ut
876 3927 942 3982 D.
967 3929 1201 4000 August.
1228 3930 1284 3982 et
1298 3926 1400 3982 alii
1420 3928 1617 3985 Patres

242 4009 551 4066 affirmant.
585 4006 700 4064 Sed
736 4012 800 4062 ut
837 4007 1149 4071 suasiones,
1197 4011 1254 4062 et
1299 4021 1464 4063 amor
1519 4007 1617 4063 in-

57 1419 191 1465 Idem.

244 4089 570 4148 tallibiliter
585 4086 1315 4161 inferantconsensum,adj
1323 4087 1615 4145 iciendum

242 4176 324 4227 est
349 4171 644 4228 auxilium
672 4169 906 4244 physice
932 4169 1266 4235 immutans,
1289 4167 1440 4240 quod
1467 4184 1617 4241 prae-

240 4250 497 4309 cedentia
512 4251 759 4319 auxilia,
791 4248 914 4306 sive
940 4249 1192 4324 physica,
1217 4249 1342 4305 sive
1367 4249 1617 4306 moralia

243 4332 305 4389 in
323 4348 443 4390 esse
470 4332 860 4395 vincentium,
885 4330 1008 4386 sive
1035 4328 1435 4387 inducentium
1458 4329 1618 4388 effec-

243 4417 361 4469 tum
389 4412 795 4471 infallibiliter
823 4411 1133 4468 constituat
1163 4433 1176 4466 :
1206 4409 1356 4484 quod
1399 4412 1522 4484 ipsa
1545 4427 1617 4469 ex

242 4508 302 4551 se
326 4510 445 4552 non
472 4493 714 4558 habent,
748 4507 877 4549 cum
918 4491 1137 4564 possint
1157 4490 1449 4548 dissensui
1478 4506 1618 4548 con-

239 4576 422 4649 jungi.
449 4577 522 4630 Et
548 4590 687 4632 cum
713 4576 943 4648 August.
973 4572 1221 4645 inquirit
1253 4592 1267 4628 :
1291 4571 1441 4644 Quid
1461 4573 1619 4628 aliud

243 4657 617 4730 deprecamur,
651 4672 822 4733 quam
848 4656 1225 4726 coquitionem,
1256 4660 1306 4709 et
1340 4655 1619 4711 amorem?

247 4738 494 4810 loquitur
521 4737 597 4795 de
609 4735 1020 4811 cognitione,et
1045 4748 1242 4791 amore
1263 4733 1611 4801 victricibus,

241 4814 448 4890 quibus
492 4813 911 4889 superadditur
960 4815 1065 4883 vis,
1115 4819 1179 4869 ut
1223 4813 1619 4871 infallibiliter

243 4900 498 4965 vincant,
531 4894 938 4968 nempemotio
952 4893 1617 4967 participansefficaciam

245 4976 429 5034 divini
455 4976 719 5052 imperii,
750 4990 921 5047 quam
966 4990 1236 5032 vocamus
1278 4975 1617 5048 qualitatem

1759 538 1994 613 physice
2046 545 2520 614 praeoperantem,
2570 546 2626 599 et
2677 542 2797 614 ipse
2823 543 2878 599 S.
2928 545 3131 602 Doctor

1757 626 1921 677 vocat
1940 620 2280 678 charitatem
2310 621 2758 694 praecedentibus
2786 623 2907 678 illis
2927 626 3129 698 cogni-

1757 701 1953 768 tionis,
1985 708 2043 759 et
2063 703 2279 760 amoris
2301 702 2554 761 motibus
2579 704 3030 777 superiniusam,
3065 710 3128 762 ut

1754 781 2008 854 seipsum
2028 784 2269 855 exponit
2292 799 2424 840 cum
2453 784 2789 841 innumeris
2817 784 2973 853 locis,
3000 801 3126 857 quae

1755 862 1817 917 in
1842 861 1947 918 hac
1974 860 2362 935 disputatione
2383 863 2665 932 dedimus,
2700 869 2822 919 tum
2845 866 3127 938 praecipue

1755 943 1816 996 in
1856 941 1949 997 lib.
1994 942 2059 996 de
2103 945 2326 1015 spiritu,
2369 950 2418 997 et
2472 944 2579 1000 litt.
2636 961 2757 1017 cap.
2782 944 2836 1012 3,
2872 944 2969 1000 ubi
2998 945 3123 1001 ait:

1761 1044 1786 1077 α
1830 1026 1970 1079 Cum
1995 1023 2073 1090 id,
2098 1023 2246 1098 quod
2276 1024 2580 1099 agendum,
2612 1031 2666 1082 et
2687 1042 2799 1099 quo
2820 1025 3122 1083 nitendum
3157 1036 3319 1091 paug.

1759 1124 1786 1157 α
1826 1107 1930 1171 est,
1954 1104 2190 1176 coeperit
2219 1119 2336 1161 non
2367 1103 2564 1169 latere,
2598 1105 2710 1161 nisi
2734 1105 2911 1162 etiam
2932 1106 3125 1163 delec-

1759 1204 1786 1236 «
1826 1186 1922 1246 tet,
1954 1188 2010 1240 et
2037 1187 2283 1251 ametur,
2324 1199 2442 1240 non
2470 1184 2678 1258 agitur,
2711 1200 2828 1242 non
2876 1185 3122 1258 suscipi-

1758 1284 1786 1318 «
1827 1267 1941 1330 tur,
1969 1280 2086 1322 non
2100 1263 2476 1322 benevivitur
2503 1271 2596 1320 :ut
2613 1270 2804 1323 autem
2821 1265 3120 1341 diligatur,

1758 1364 1784 1396 α
1825 1344 2072 1400 charitas
2100 1345 2197 1400 Dei
2220 1343 2569 1400 diffunditur
2601 1344 2663 1400 in
2689 1344 2960 1402 cordibus
2985 1363 3125 1405 nos-

1757 1444 1783 1476 «
1827 1424 1951 1491 triS,
2002 1440 2120 1482 non
2168 1441 2269 1497 per
2316 1424 2566 1482 liberum
2609 1424 2941 1495 arbitrium,
2972 1427 3123 1501 quod

1756 1524 1782 1556 α
1823 1504 2007 1578 surgit
2047 1520 2117 1561 ex
2145 1504 2330 1571 nobis,
2357 1503 2455 1561 sed
2504 1521 2602 1577 per
2626 1505 2907 1579 Spiritum
2955 1523 3123 1564 sanc-

1755 1604 1781 1636 α
1823 1588 1967 1651 tum,
1995 1584 2093 1657 qui
2122 1583 2288 1642 datus
2315 1589 2399 1641 est
2427 1583 2613 1642 nobis,
2650 1607 2675 1636 »
2712 1584 2822 1642 Ubi
2853 1585 2923 1643 ad
2952 1603 3121 1644 amo—

1751 1679 1874 1722 rem
1903 1665 2146 1736 perfecte
2166 1663 2415 1721 liberum
2441 1665 2712 1739 supponit
2763 1666 2979 1740 requiri
3025 1682 3125 1724 co-

1747 1745 2088 1820 gnitionem,
2134 1751 2187 1802 et
2220 1746 2676 1815 delectationem,
2703 1748 2826 1805 sive
2854 1748 3119 1806 affectum

1748 1825 2200 1885 indeliberatum
2223 1852 2237 1896 ;
2259 1827 2360 1886 sed
2405 1831 2648 1887 ulterius
2668 1831 2938 1903 exposcit,
2969 1830 3121 1904 quod

1748 1908 1840 1965 his
1869 1910 2120 1967 motibus
2158 1912 2488 1985 suppositis,
2536 1912 2882 1969 infundatur
2924 1914 3121 1970 chari-

1747 1994 1833 2045 tas
1859 2012 1873 2055 ;
1902 1995 2069 2064 atque
2128 1990 2222 2048 ido
2261 1992 2569 2050 manifeste
2594 1990 2880 2067 significat
2931 1992 3121 2051 delec-

1745 2069 2049 2137 tationem,
2080 2071 2203 2127 sive
2230 2070 2494 2129 affectum
2526 2069 2973 2129 indeliberatum
2996 2089 3114 2131 non

1745 2164 1868 2207 esse
1888 2151 2174 2207 auxilium
2226 2151 2452 2217 ultimo,
2484 2158 2542 2208 et
2588 2151 2987 2208 infallibiliter
3014 2152 3114 2209 in-

1746 2230 1941 2289 ferens
1986 2248 2245 2290 amorem
2293 2234 2537 2306 perfecte
2582 2232 2835 2290 liberum
2851 2256 2866 2299 ;
2896 2234 2995 2291 sed
3021 2235 3117 2290 ul-

1746 2313 1926 2369 terius
1954 2313 2170 2387 requiri
2202 2314 2360 2370 aliud
2389 2314 2699 2378 auxilium,
2747 2313 2898 2387 quod
2927 2317 3118 2389 appel-

1746 2394 1822 2449 lat
1875 2394 2235 2451 charitatem.
2300 2393 2624 2467 Eademque
2680 2400 2765 2451 est
2827 2396 3118 2453 sententia

1745 2473 1995 2531 aliorum
2048 2476 2146 2530 SS.
2179 2476 2437 2541 Patrum,
2467 2479 2524 2531 et
2569 2475 2855 2547 praecipue
2903 2475 3114 2550 cyrilli

1746 2553 1948 2620 nostri,
1983 2558 2044 2608 ut
2083 2553 2203 2626 ipse
2227 2570 2288 2610 se
2308 2554 2556 2627 explicat
2583 2555 2644 2607 in
2680 2554 2773 2610 lib.
2801 2554 2866 2610 de
2888 2554 3116 2611 Adora—

1745 2637 1910 2702 tt'one,
1939 2642 1988 2689 et
2007 2637 2176 2700 multu,
2209 2635 2368 2709 cujus
2413 2632 2588 2691 verba
2632 2634 2899 2692 dedimus
2950 2636 3116 2693 dubio

1740 2715 1968 2787 praced.
1998 2732 2149 2771 num.
2185 2716 2304 2771 136.
2397 2780 2401 2783 ⁴

1819 2794 1905 2850 Ad
1926 2794 2234 2853 secundam
2256 2794 2758 2854 confirmationem
2801 2797 3114 2870 responde·
3131 2825 3317 2869 mlum„

1744 2884 1856 2946 tur,
1880 2878 2018 2935 satis
2038 2876 2339 2936 evidenter
2365 2885 2625 2937 constare
2664 2895 2735 2936 ex
2754 2894 2929 2952 supra
2949 2879 3115 2937 dictis
3129 2875 3329 2921 secunda.

1744 2961 2008 3017 num.29l
2040 2964 2096 3016 et
2121 2963 2152 3029 g
2174 2961 2228 3027 3,
2254 2966 2307 3018 et
2336 2962 2473 3019 locis
2497 2960 2711 3017 ibidem
2733 2961 2939 3030 citatis,
2967 2960 3114 3035 quod

1747 3043 1810 3097 D.
1837 3040 2042 3097 Thom.
2090 3038 2302 3106 doceat,
2362 3042 2648 3097 auxilium
2700 3056 2771 3098 ex
2807 3056 2868 3097 se
2917 3040 3115 3098 efficax

1744 3121 2055 3179 consistere
2082 3122 2145 3177 in
2170 3123 2445 3195 qualitate
2486 3122 2664 3179 ssuida
2706 3119 2938 3196 physice
2966 3139 3116 3195 prae-

1745 3208 2014 3259 movente
2028 3200 2098 3258 ad
2119 3201 2495 3275 operandum.
2516 3206 2629 3260 Nec
2643 3203 2967 3261 manifestae
2982 3204 3121 3261 huic

1745 3284 1804 3338 S.
1835 3282 2087 3340 Doctoris
2107 3282 2407 3340 sententias
2438 3281 2652 3341 nubem
2676 3281 2973 3341 offundere
2996 3300 3121 3357 pos·

1743 3367 1881 3418 sunt
1903 3378 2028 3435 quae
2055 3362 2171 3420 haec
2194 3361 2559 3420 confirmatio
2587 3361 2771 3427 affert,
2816 3362 2916 3420 sed
2948 3363 3116 3420 facile

1744 3442 2158 3516 dispelluntur.
2209 3440 2293 3497 Ad
2316 3440 2566 3516 primum
2609 3440 2940 3506 dicendum,
2966 3442 3117 3515 quod

1743 3523 1889 3579 sicut
1909 3538 1979 3579 ex
2006 3538 2073 3580 eo
2101 3523 2434 3580 testimonio
2462 3527 2753 3595 nequeunt
2782 3521 3117 3578 Adversarii

1745 3604 2028 3677 colligere,
2061 3602 2210 3675 quod
2230 3602 2419 3677 gratia
2441 3602 2679 3659 actualis
2705 3600 3009 3665 sufficienS,
3043 3601 3119 3657 ad

1747 3685 2004 3758 primum
2027 3689 2213 3740 actum
2238 3683 2740 3756 supernaturalem
2763 3681 3121 3740 indelibera-

1746 3770 1870 3822 tum
1888 3764 2162 3837 requisita
2189 3779 2307 3820 non
2321 3763 2579 3821 consistit
2599 3764 2661 3821 in
2680 3763 2958 3838 qualitate
2980 3762 3119 3820 flui—

1746 3844 1839 3910 da,
1870 3843 1968 3901 sed
1997 3844 2060 3900 in
2083 3840 2302 3899 actibus
2348 3843 2579 3911 animas,
2613 3843 2673 3899 id
2726 3843 2936 3917 quippe
2983 3842 3120 3900 doc-

1748 3926 1918 3982 trinae
1935 3927 1998 3981 D.
2025 3924 2232 3981 Thom.
2254 3923 2557 3982 evidenter
2586 3931 2864 4000 repugnat
2893 3925 3004 3981 :ita
3019 3940 3124 3982 nec

1746 4006 2017 4079 colligere
2045 4004 2425 4077 valent,quod
2445 4004 2633 4079 gratia
2659 4006 2854 4063 efficax
2884 4005 2947 4061 in
2977 4021 3122 4077 qua-

1747 4087 1910 4143 litate
1931 4085 2111 4143 fluida
2138 4101 2256 4144 non
2285 4087 2580 4145 consistat.
2607 4086 2950 4161 Legitimam
2982 4101 3123 4144 vero

1747 4168 1908 4224 illius
1944 4166 2052 4224 loci
2102 4167 2554 4243 intelligentiam
2576 4167 2699 4240 jam
2739 4182 2912 4239 supra
2957 4165 3124 4223 dedi-

1746 4251 1928 4318 mus§
1961 4244 2014 4314 2,
2039 4264 2195 4303 num.
2227 4249 2357 4314 297,
2383 4253 2439 4305 et
2458 4248 2603 4320 disp.
2633 4249 2687 4315 5,
2713 4264 2867 4303 num.
2899 4248 2990 4303 55.
3034 4245 3120 4302 Ad

1745 4328 2043 4384 secundum
2064 4326 2450 4396 concedimus,
2483 4331 2663 4385 Deum
2688 4328 2857 4384 aliter
2885 4342 3120 4384 movere

1745 4425 1944 4465 causas
1971 4409 2284 4477 naturales,
2334 4414 2389 4466 et
2436 4409 2604 4465 aliter
2637 4424 2834 4465 causas
2879 4406 3112 4477 liberas,

1745 4490 1881 4562 quia
1906 4489 2038 4545 illas
2058 4488 2174 4563 agit
2186 4489 2313 4547 sine
2328 4488 2723 4546 indifferentia
2740 4512 2755 4555 ;
2770 4488 2833 4544 in
2850 4488 2939 4544 his
2954 4503 3110 4553 vero,

1746 4585 1877 4627 cum
1903 4584 2000 4626 eas
2024 4568 2321 4626 efficaciter
2367 4569 2599 4644 physice
2640 4575 2968 4643 praemovet,
3018 4569 3118 4625 in-

1747 4648 2141 4706 differentiam
2157 4648 2383 4722 judicii,
2431 4646 2613 4722 atque
2647 4648 2894 4706 dominii
2940 4649 3119 4704 simul

1749 4736 1876 4789 actu
1905 4735 2206 4787 conservat
2253 4730 2360 4787 Sed
2386 4746 2517 4787 cum
2535 4731 2638 4787 bac
2652 4729 2987 4788 diversitate
3011 4735 3126 4786 stat

1754 4808 1906 4884 quod
1929 4823 2130 4865 omnes
2155 4824 2351 4865 causas
2375 4808 2676 4866 efficaciter
2706 4809 2939 4884 physice
2976 4825 3128 4882 prae-

1751 4890 2122 4957 determinet,
2147 4894 2203 4947 et
2222 4891 2471 4964 applicet
2497 4889 2566 4947 ad
2604 4889 2911 4965 agendum,
2944 4897 3005 4947 ut
3030 4907 3129 4948 sa-

1752 4973 1828 5029 tis
1852 4976 2046 5044 aperte
2071 4968 2231 5029 docet
2251 4975 2318 5028 D.
2341 4972 2549 5029 Thom.
2588 4973 2701 5028 loco
2723 4972 2814 5028 cit.
2846 4987 2920 5027 em
2939 4979 3124 5050 quast.
