3647 5753
49 963 210 1010 curri·

49 1025 56 1037 ·
79 1025 231 1069 argu-

49 1070 199 1110 ento.

1409 381 1588 438 DISP.
1631 379 1728 449 vl,
1772 380 1942 436 DUB.
1985 380 2055 437 11.

248 553 430 612 hanc
478 555 881 613 remissionem
915 553 1139 611 infert:
1180 568 1316 628 ergo
1342 551 1393 608 si
1421 567 1540 609 non
1563 551 1643 609 ita

244 636 580 710 contingit,
611 636 710 694 sed
733 637 920 709 potius
945 652 977 693 e
1004 651 1297 701 converso,
1330 632 1458 690 fieri
1482 638 1642 707 pote-

247 718 370 786 rit,
405 725 471 775 ut
494 719 758 777 remissio
784 720 1013 776 offensas
1036 742 1037 745 ¹
1060 734 1178 776 non
1230 715 1392 774 cadat
1432 714 1539 772 sub
1572 731 1641 774 eo

247 800 506 866 merito,
559 799 708 874 quod
751 805 945 856 causat
989 800 1239 875 gratiam
1287 802 1347 853 ut
1386 795 1637 853 dandam

249 882 578 953 peccatori.

338 962 444 1017 61.
489 962 573 1019 Ad
590 969 997 1038 argumentum
1022 958 1400 1033 respondetur
1426 972 1639 1032 negan-

248 1044 337 1103 do
370 1048 686 1121 majorem;
712 1064 851 1104 nam
877 1062 1007 1103 cum
1053 1043 1270 1101 oflensa
1308 1041 1410 1097 Dei
1452 1040 1527 1096 sit
1566 1039 1637 1098 de

243 1144 482 1203 genere
527 1129 689 1197 mali,
741 1146 859 1187 non
911 1130 1284 1186 conservatur
1336 1121 1550 1179 directe
1602 1139 1636 1180 a

244 1212 401 1277 Deo,
435 1210 534 1267 sed
557 1227 589 1267 a
612 1216 899 1284 peccatore
927 1207 1219 1266 mediante
1264 1209 1389 1261 actu
1438 1219 1634 1277 pecca-

242 1292 494 1348 minoso
522 1291 753 1365 physice
774 1292 1084 1365 praeteritO,
1114 1295 1170 1346 et
1190 1286 1543 1354 virtualiter,
1569 1302 1633 1343 ac

242 1373 569 1430 moraliter
598 1376 661 1430 in
685 1375 930 1439 macula,
961 1389 1060 1429 seu
1085 1370 1409 1444 privatione
1433 1368 1632 1442 gratiae

243 1458 631 1529 permanenti
667 1479 681 1514 ε
720 1456 872 1513 unde
897 1455 1186 1528 expellere
1214 1452 1505 1508 maculam
1547 1454 1631 1506 est

241 1536 705 1596 indivisibiliter
755 1538 1050 1596 destruere
1089 1535 1368 1592 offensam
1417 1530 1630 1606 absque

242 1617 376 1675 alio
426 1634 595 1685 novo,
650 1626 747 1677 aut
795 1619 1067 1675 distincto
1108 1614 1352 1681 influxu,
1408 1612 1508 1686 qui
1553 1612 1629 1668 sit

245 1698 521 1757 absolute
545 1700 613 1756 ad
660 1702 993 1773 praedictam
1033 1696 1479 1755 destructionem
1521 1709 1628 1750 ne-

244 1783 561 1839 cessarius,
614 1783 780 1841 Unde
841 1784 1028 1840 locum
1096 1797 1214 1837 non
1279 1778 1450 1837 habet
1516 1776 1624 1833 illa

244 1865 540 1938 praecisio,
595 1881 768 1938 quam
821 1867 1229 1938 argumentum
1278 1858 1621 1934 praetendit;

212 1942 219 1947 ’
242 1944 561 2002 destructis
581 1946 742 2002 enim
762 1944 1157 2009 fundamento,
1183 1948 1236 2000 et
1264 1958 1449 2007 causa,
1481 1955 1625 2012 opus

244 2031 336 2083 aet
376 2032 441 2083 nt
486 2027 733 2094 effectuS,
772 2033 828 2084 et
871 2043 962 2084 res
1007 2024 1246 2082 fundata
1294 2027 1509 2096 pereat.
1536 2020 1624 2076 Ad

246 2109 498 2182 maJ'oris
547 2109 945 2183 probationem
998 2107 1304 2164 dicendum
1349 2111 1452 2172 est,
1485 2121 1622 2162 nos-

248 2196 407 2247 tram
449 2191 768 2250 doctrinam
801 2209 919 2251 non
943 2191 1118 2248 inniti
1162 2191 1227 2247 in
1265 2187 1622 2248 connexione

247 2273 697 2348 indispensabili
726 2278 881 2333 inter
906 2274 1309 2348 expulsionem
1357 2273 1615 2339 maculae,

243 2361 302 2412 et
349 2355 798 2415 destructionem
845 2357 1114 2424 offensae3
1163 2356 1413 2413 libenter
1458 2354 1618 2412 enim

246 2437 633 2507 admittimus,
686 2457 848 2516 posse
891 2441 1005 2498 duo
1053 2441 1246 2512 aliqua
1300 2435 1619 2517 necessario

245 2522 529 2587 connecti,
563 2527 617 2578 et
638 2522 788 2595 quod
818 2537 1000 2577 unum
1030 2520 1194 2577 cadat
1225 2520 1330 2576 sub
1384 2518 1612 2599 merit-o,

246 2607 303 2657 et
332 2616 452 2657 non
475 2605 650 2662 aliud.
678 2605 786 2661 Sed
810 2605 1085 2660 innititur
1108 2605 1168 2660 in
1191 2604 1466 2679 qualitate
1488 2600 1618 2659 co'n-

250 2683 544 2752 nexioniS,
564 2685 833 2742 videlicet
849 2702 948 2758 per
963 2685 1200 2742 modum
1225 2683 1610 2749 fundamenti,

244 2769 302 2820 et
328 2765 413 2821 rei
443 2765 713 2833 fundatae,
738 2773 794 2822 et
820 2766 883 2821 in
912 2766 1080 2824 modo
1102 2765 1454 2823 indivisibili
1477 2779 1615 2820 cau-

245 2849 491 2907 salitatis
537 2850 687 2907 circa
734 2855 1043 2924 utrumque
1058 2875 1072 2919 ς
1116 2848 1246 2908 fieri
1291 2850 1453 2908 enim
1495 2863 1613 2906 non

245 2936 445 3002 potest,
471 2932 619 3004 quod
676 2931 1004 2989 destruatur
1056 2932 1501 2990 fundamentum
1550 2933 1614 2987 in

243 3027 365 3069 esse
387 3012 536 3081 talis,
563 3017 619 3069 et
645 3014 793 3084 quod
820 3032 911 3072 res
939 3014 1177 3071 fundata
1207 3031 1323 3072 non
1346 3014 1614 3070 destrua-

246 3099 339 3151 tur
364 3094 563 3152 eadem
594 3098 960 3167 causalitate;
986 3115 1089 3156 nec
1109 3097 1432 3170 oppositum
1460 3097 1616 3151 valet

246 3174 438 3248 aliquo
468 3178 735 3249 exemplo
762 3176 1020 3234 firmari.
1064 3178 1168 3233 Illa
1190 3177 1372 3242 enim,
1403 3190 1529 3248 quae
1548 3175 1612 3231 in

244 3256 601 3313 contrarium
652 3257 1077 3329 expenduntur,
1113 3257 1264 3312 nihil
1292 3256 1570 3313 evincunt
1595 3279 1609 3322 ;

249 3351 381 3393 nam
415 3336 601 3409 gloria
648 3337 862 3394 animae
899 3353 1017 3394 non
1065 3336 1342 3394 fundatur
1378 3337 1441 3392 in
1485 3337 1614 3410 glo-

251 3417 337 3472 ria
381 3417 657 3488 corporis,
703 3415 801 3472 sed
853 3433 884 3473 e
923 3434 1198 3475 converso
1237 3440 1249 3473 :
1290 3423 1346 3474 et
1386 3417 1465 3472 ita
1502 3421 1615 3472 stat

250 3496 408 3562 bene,
442 3495 591 3568 quod
621 3498 878 3553 Christus
906 3500 1187 3557 meruerit
1212 3497 1321 3555 sibi
1363 3499 1610 3573 gloriam

251 3581 522 3652 corporiS,
563 3595 680 3637 non
734 3581 1010 3639 merendo
1047 3582 1295 3656 gloriam
1362 3581 1607 3649 animae3

252 3677 383 3716 nam
430 3660 731 3719 meritum.
761 3668 940 3734 potest
985 3677 1310 3735 supponere
1377 3662 1609 3736 aliquod

254 3740 710 3808 fundamentum,
745 3743 895 3815 quod
919 3750 1264 3811 noncauset,
1297 3749 1351 3800 et
1374 3760 1610 3802 causare

256 3837 370 3879 rem
394 3823 694 3880 fundatam
724 3844 736 3878 ε
761 3825 906 3882 sicut
928 3826 1203 3882 meritum
1226 3824 1295 3882 de
1316 3825 1462 3883 sacto
1482 3842 1611 3882 cau-

251 3910 332 3961 sat
349 3906 595 3980 gloriam
624 3923 742 3964 non
768 3908 1054 3965 causando
1074 3909 1341 3983 gratiam,
1374 3924 1499 3981 quae
1524 3913 1609 3965 est
1637 3929 1646 3937 ·

252 3987 439 4061 gloriae
481 3987 943 4047 fundamentum.
978 3989 1245 4064 Idemque
1290 3989 1496 4047 accidit
1541 3991 1605 4047 in

252 4070 503 4141 exemplo
553 4071 761 4142 speciei
805 4072 1090 4140 increatae,
1126 4078 1188 4128 ut
1214 4072 1381 4130 facile
1414 4073 1606 4131 consi-

254 4148 463 4207 deranti
495 4151 793 4209 constabit.

54 4245 244 4290 mrunur
320 4232 398 4289 Ad
452 4235 704 4307 primam
768 4236 1269 4295 confirmationem
1334 4238 1597 4306 dicimus,

77 4295 205 4350 prima

66 4347 212 4391 contir-

82 4395 219 4440 nmio.

255 4315 682 4375 fundamentum
717 4320 959 4378 malitias
989 4337 1107 4378 non
1148 4337 1270 4378 esse
1297 4323 1600 4380 entitatem

255 4405 392 4456 actus
415 4402 792 4472 peccaminosi
823 4404 1116 4476 praecisive
1143 4410 1429 4479 acceptam
1457 4429 1472 4473 ;
1501 4405 1600 4463 sed

254 4482 536 4540 entitatem
572 4490 635 4539 ut
678 4485 973 4558 egreditur
1024 4501 1057 4541 a
1098 4487 1387 4559 principio
1411 4491 1601 4545 creato

255 4562 586 4632 deficienter,
613 4572 668 4623 et
696 4565 906 4641 absque
931 4567 1125 4625 debita
1148 4566 1502 4644 subjectione
1527 4568 1597 4626 ad

255 4647 423 4721 legem
457 4649 628 4705 :licet
653 4657 844 4708 autem
871 4652 1019 4707 Deus
1070 4657 1259 4708 causet
1296 4651 1596 4708 entitatem

256 4727 403 4786 illam
456 4731 752 4802 praecisive
796 4736 1101 4805 acceptam,
1135 4748 1254 4789 non
1302 4736 1495 4789 tamen
1537 4738 1598 4789 ut

252 4809 524 4884 egreditur
554 4811 660 4869 illo
700 4813 870 4870 modo
897 4812 1218 4870 defectuoso
1243 4835 1257 4880 ς
1287 4818 1343 4869 et
1369 4812 1449 4870 ita
1476 4829 1594 4870 non

256 4890 465 4965 attingit
503 4892 946 4951 fundamentum
974 4894 1232 4962 malitias,
1265 4910 1329 4951 ac
1355 4894 1596 4968 proinde

256 4987 346 5028 nec
377 4974 665 5032 malitiam
712 4973 918 5049 ipsam,
962 4978 1228 5051 quamvis
1278 4977 1509 5044 entitas,
1539 4983 1596 5035 et

257 5055 457 5113 malitia
485 5059 720 5116 realiter
741 5075 859 5116 non
885 5058 1335 5136 distinguantur.
1369 5059 1592 5120 Funda-

3025 375 3138 431 833

1773 554 2035 607 mentum
2079 556 2268 608 autem
2310 549 2540 609 offensae
2577 553 2661 606 est
2722 546 2968 614 macula,
3013 545 3136 601 sive

1771 633 2018 699 aversio,
2045 637 2142 689 aut
2169 638 2323 689 actus
2351 632 2778 704 peccaminosus
2805 629 2869 685 in
2909 627 3136 684 macula

1770 716 2073 773 moraliter
2101 731 2495 790 perseveranS,
2522 714 2664 787 quin
2711 728 2852 785 opus
2890 711 2966 767 sit
2998 710 3134 766 huic

1771 797 2146 856 fundamento
2173 799 2237 855 in
2262 815 2386 857 esse
2410 798 2545 854 talis
2581 794 2800 869 aliquid
2847 795 3002 850 ultra
3029 793 3135 850 ad-

1763 879 1961 953 jicere.
1988 881 2264 945 Quocirca
2308 880 2613 937 causalitas
2653 876 2894 935 moralis
2934 875 3132 933 meriti

1767 962 1832 1017 in
1859 962 2065 1020 ordine
2103 963 2173 1020 ad
2200 962 2606 1020 destruendam
2636 961 2925 1016 maculam
2951 973 3012 1014 se
3032 957 3133 1013 in-

1766 1041 2251 1117 dispensabiliter,
2284 1050 2338 1101 et
2386 1038 2824 1101 indivisibiliter
2875 1038 3133 1097 extendit

1766 1125 1838 1182 ad
1864 1125 2307 1184 destructionem
2336 1128 2565 1185 offensae
2585 1151 2599 1195 ς
2624 1132 2680 1182 et
2723 1125 2887 1181 valor
2933 1122 3129 1178 meriti

1763 1210 2224 1266 commensurari
2253 1207 2419 1266 debet
2454 1209 2750 1280 utriusque
2789 1202 3126 1261 destructio-

1762 1288 1856 1344 nis
1880 1289 2319 1347 aestimabilitati
2342 1292 2405 1347 in
2435 1290 2659 1347 ratione
2688 1286 2936 1361 praemii.

1836 1371 1994 1429 Adde
2023 1372 2384 1445 praecisiones
2413 1372 2476 1428 in
2516 1372 2621 1428 hac
2659 1369 3119 1436 confirmatione,

1760 1456 1817 1508 et
1843 1453 1907 1509 in
1936 1459 2276 1528 argumento
2301 1454 2616 1526 propositas
2645 1467 2805 1526 posse
2830 1448 3126 1506 deservire

1759 1531 1831 1588 ad
1895 1534 2415 1592 considerationem
2481 1532 2950 1607 metaphysicam,
3005 1546 3123 1588 non

1759 1620 1951 1671 autem
1978 1616 2049 1672 ad
2076 1633 2197 1675 rem
2228 1619 2531 1684 moralem,
2557 1616 2627 1673 de
2652 1631 2766 1688 qua
2791 1615 2855 1671 in
2881 1628 3124 1686 praesen·

1758 1698 1837 1763 ti;
1878 1714 2014 1756 nam
2062 1718 2190 1758 cum
2248 1705 2427 1758 Deum
2480 1699 2789 1755 infundere
2842 1695 3123 1770 peccatori

1755 1783 2002 1854 gratiam
2030 1784 2105 1839 sit
2133 1785 2320 1859 reipsa
2353 1783 2646 1840 remittere
2673 1781 2972 1846 offensam,
3001 1793 3118 1837 non

1757 1866 1938 1932 potest
1959 1863 2255 1923 efficaciter
2295 1865 2517 1923 moveri
2565 1881 2598 1921 a
2639 1862 2865 1919 meritis
2887 1860 2958 1917 ad
2995 1860 3120 1934 pri-

1754 1956 1939 2010 mum,
1989 1946 2131 2017 quin
2180 1952 2481 2004 moveatur
2532 1945 2601 2002 ad
2647 1943 3010 2002 secundum:
3058 1940 3119 1997 id

1754 2028 1945 2081 autem
1965 2026 2114 2097 quod
2143 2030 2290 2085 Deus
2331 2033 2560 2101 praestat
2586 2031 2648 2082 ut
2669 2030 2857 2082 motus
2881 2040 2914 2080 a
2935 2024 3119 2079 meri-

1753 2104 1845 2169 tis,
1864 2110 1949 2161 est
1975 2109 2342 2169 meritorium
2373 2110 2703 2183 praemium3
2728 2112 2786 2164 et
2813 2108 2892 2163 ita
2913 2106 2961 2161 si
2989 2121 3116 2180 gra-

1753 2185 1833 2242 tia
1855 2191 1918 2240 ut
1936 2185 2124 2245 danda
2146 2192 2424 2262 peccatori
2451 2196 2536 2247 est
2558 2188 2862 2262 praemium
2890 2202 3115 2245 corres-

1753 2266 2010 2339 pondens
2031 2272 2238 2329 merito
2257 2272 2327 2329 de
2337 2272 2619 2346 condigno
2641 2286 2797 2345 purae
2815 2274 3110 2335 creaturae,

1751 2351 1974 2422 pariter
2000 2352 2230 2425 offensae
2265 2356 2527 2413 remissio
2554 2356 2665 2412 erit
2693 2353 2998 2426 praemium
3024 2353 3114 2408 ei-

1749 2430 1882 2487 dem
1943 2435 2155 2491 merito
2205 2437 2659 2511 correspondens
2685 2460 2698 2503 ;
2749 2452 2811 2491 ac
2871 2433 3114 2508 proinde

1750 2519 2059 2589 utrumque
2109 2520 2315 2577 existet
2364 2522 2520 2578 intra
2563 2520 2848 2594 sphaeram
2896 2518 3114 2575 valoris

1749 2596 2005 2669 praedicti
2035 2602 2254 2658 meriti.

1822 2679 1911 2736 Ad
1957 2684 2268 2741 secundam
2308 2685 2806 2743 confirmationem
2848 2682 3113 2740 concedi·
3142 2676 3302 2770 {gfff}

1748 2774 1898 2827 mus,
1925 2777 2054 2818 eam
2083 2765 2316 2838 quidem
2346 2766 2649 2823 insinuare
2675 2763 2909 2821 modum
2936 2778 3115 2836 expe-
3176 2775 3256 2819 dae.

1745 2840 2019 2901 ditiorem
2067 2846 2264 2904 tuendi
2321 2849 2656 2924 opinionem
2719 2845 3107 2912 contrariam,

1744 2940 1918 2996 quam
1939 2933 2025 2984 est
2047 2929 2166 2996 ille,
2196 2932 2294 3003 qui
2317 2934 2703 2989 communiter
2723 2930 3113 2987 circunfertur

1743 3006 1814 3064 de
1844 3011 2185 3069 remissione
2213 3012 2493 3071 indirecta
2523 3015 2751 3071 offensas
2798 3029 2900 3084 per
2950 3011 3109 3068 viam

1744 3089 1940 3145 meriti
1965 3092 2202 3147 termini
2236 3093 2466 3166 physice
2493 3110 2623 3149 cum
2652 3094 2867 3150 offensa
2895 3092 3111 3147 incom-

1746 3170 2055 3242 possibili3‚
2089 3190 2263 3245 quam
2294 3175 2567 3231 hactenus
2613 3175 3102 3249 impugnavimus,

1744 3252 1852 3308 Sed
1876 3253 2264 3312 nihilominus
2308 3257 2737 3331 respondemuS,
2764 3256 3107 3314 destructio-

1744 3349 1880 3390 nem
1909 3335 2137 3393 offensae
2185 3354 2303 3395 non
2350 3340 2719 3415 praeintelligi
2749 3340 2819 3397 ad
2858 3340 3105 3415 gratiam

1743 3417 2020 3487 peccatori
2061 3418 2314 3475 infusam
2343 3444 2355 3487 ;
2386 3422 2660 3494 quoniam
2691 3429 2752 3478 ut
2776 3422 3106 3480 communi-

1741 3499 1830 3551 ter
1887 3495 2092 3554 docent
2130 3500 2443 3558 Thomistae
2489 3503 2524 3556 3
2570 3511 2720 3575 part.
2776 3510 2956 3581 quaest.
3009 3504 3102 3570 86,

1740 3576 2011 3634 contritio
2035 3578 2096 3635 in
2123 3581 2345 3638 ratione
2382 3582 2788 3640 satisfactionis
2834 3586 3106 3656 supponit

1738 3657 2007 3731 gratiam,
2039 3666 2096 3717 et
2141 3678 2257 3720 non
2298 3679 2420 3721 esse
2454 3666 2710 3730 maculas,
2737 3671 2792 3721 et
2819 3664 3003 3721 tendit
3032 3665 3103 3723 ad

1739 3738 2152 3801 destruendum
2200 3746 2478 3803 offensam
2514 3769 2526 3803 ε
2579 3747 2728 3819 quod
2789 3748 2916 3804 fieri
2984 3764 3101 3806 non

1739 3829 1947 3896 posset,
1976 3826 2024 3881 si
2054 3824 2362 3886 destructio
2389 3829 2618 3886 offensae
2644 3831 2891 3904 gratiam
2918 3846 3104 3903 pecca·

1737 3905 1852 3962 tori
1899 3906 2089 3963 datam
2138 3911 2400 3967 anteiret.
2434 3910 2519 3966 Ad
2556 3912 2952 3984 probationem
2996 3927 3101 3968 au-

1736 3991 1852 4042 tem
1881 3987 1944 4044 in
1972 3991 2328 4047 contrarium
2351 3991 2658 4049 dicendum
2686 3998 2787 4058 est,
2821 3992 3099 4050 offensam

1735 4072 1836 4128 Dei
1867 4070 2140 4130 bifariam
2179 4075 2353 4148 accipi
2384 4093 2544 4149 posse
2577 4100 2589 4134 ε
2622 4076 2812 4150 primo
2855 4093 2958 4149 pro
2998 4077 3103 4135 lae-

1733 4152 1897 4211 sione
1916 4154 2068 4228 juris
2094 4156 2303 4223 divini,
2329 4163 2384 4214 et
2411 4160 2667 4215 carentia
2697 4158 2891 4214 ultimi
2940 4156 3095 4226 finis,

1732 4252 1858 4308 quae
1878 4253 1950 4294 ex
1973 4244 2097 4294 actu
2122 4240 2329 4311 peccati
2359 4240 2422 4296 in
2446 4240 2558 4296 Deo
2586 4238 2864 4306 affective,
2889 4244 2945 4296 et
2970 4255 3093 4297 mo-

1734 4318 1938 4376 raliter
1967 4320 2224 4386 resultat,
2257 4321 2481 4378 ratione
2507 4320 2666 4394 cujus
2711 4320 2922 4377 dicitur
2950 4323 3098 4378 Deus

1730 4397 1999 4467 offensus,
2034 4402 2141 4458 hoc
2158 4407 2242 4457 est
2270 4403 2453 4468 laesus,
2485 4407 2538 4458 et
2572 4400 2977 4459 damnificatus
3002 4418 3097 4460 se-

1731 4481 1983 4538 cundum
2025 4483 2289 4540 affectum
2332 4484 2643 4556 peccatoris
2676 4504 2689 4539 :
2717 4482 2965 4540 secundo
2993 4499 3096 4556 pro

1729 4571 1853 4621 actu
1886 4566 2142 4625 increato
2167 4568 2306 4635 odii,
2333 4583 2445 4639 quo
2472 4570 2619 4623 Deus
2647 4567 2727 4624 ita
2757 4567 2924 4623 laesus
2950 4567 3096 4624 abo-

1728 4647 1989 4705 minatur
2010 4656 2378 4723 peccatorem,
2407 4649 2631 4706 ratione
2680 4649 2841 4723 cujus
2881 4648 3093 4705 dicitur

1728 4733 1877 4788 Deus
1897 4734 2006 4807 ipsi
2030 4732 2297 4798 offensus,
2325 4730 2385 4788 id
2405 4737 2493 4789 est
2511 4731 2563 4788 ei
2595 4730 2875 4797 infensuS,
2901 4735 2958 4786 et
2978 4730 3091 4789 ini·

1726 4818 1932 4876 micus.
1963 4818 2338 4876 concedimus
2377 4832 2532 4890 ergo,
2563 4813 2711 4887 quod
2739 4812 2955 4871 offensa
2987 4814 3091 4873 hoc

1723 4899 1971 4957 secundo
1991 4899 2161 4957 modo
2205 4896 2564 4955 considerata
2609 4895 2836 4952 tollitur
2878 4895 3093 4954 imme-

1724 4982 1897 5051 diate,
1929 4988 1985 5041 et
2008 4983 2335 5041 formaliter
2362 4998 2465 5056 per
2488 4988 2675 5038 actum
2706 4979 3083 5047 contrarium,

1723 5081 1838 5138 quo
1866 5068 2013 5122 Deus
2053 5065 2353 5124 hominem
2406 5064 2476 5121 ad
2523 5079 2690 5121 suam
2742 5062 3009 5137 gratiam,
3035 5069 3090 5122 et
