3647 5753
1458 390 1636 447 mse,
1681 391 1725 458 1,
1766 390 1933 447 mm.
1978 392 2020 447 1.
2187 348 2197 358 ⁵
3090 387 3194 443 301

344 562 401 613 et
427 556 523 613 ubi
566 573 657 616 res
685 562 1077 634 postulaverit,
1119 560 1372 636 amplius
1396 576 1701 635 exponere,

347 643 410 693 ut
434 638 700 714 exinceps
739 641 809 698 ad
837 650 1039 701 caetera
1080 644 1360 703 inoffenso
1405 642 1547 718 pede
1570 658 1706 700 cur·

346 734 564 778 ramus.

837 873 1121 928 DUBIUM
1171 876 1217 929 l.

347 1014 419 1071 In
458 1032 562 1092 quo
611 1020 874 1074 consistat
921 1021 1153 1076 essentia
1201 1021 1409 1093 peccati
1450 1016 1705 1074 mortalis

418 1089 742 1158 habitualis,
784 1094 927 1171 quod
950 1101 1026 1149 est
1048 1096 1314 1150 terminus
1340 1110 1372 1150 a
1395 1109 1509 1167 quo
1527 1093 1705 1164 justi-

418 1164 712 1234 ficationis.
1195 1206 1199 1210 -

188 1284 296 1334 Mala.
420 1282 476 1338 2.
510 1284 687 1341 Plura
718 1290 854 1341 sunt
894 1286 1067 1352 mala,
1099 1302 1224 1358 quae
1264 1289 1388 1359 post
1415 1286 1704 1357 peccatum

161 1342 336 1425 ⁸3&
350 1363 569 1419 actuale
610 1365 937 1422 succedunt.
991 1366 1191 1423 Primo
1234 1364 1627 1422 denominatio
1671 1378 1705 1419 a

173 1430 320 1524 ’ξὲὲῖ
351 1449 570 1515 peccato
618 1445 955 1517 praecedenti
1003 1448 1219 1513 relicta,
1278 1445 1504 1502 ratione
1548 1447 1705 1521 cujus

170 1522 557 1583 uantur-dicitur
593 1525 765 1583 homo
805 1542 1076 1599 peccasse,
1118 1532 1173 1583 et
1193 1540 1316 1585 esse
1343 1525 1407 1581 in
1433 1531 1656 1598 peccato
1687 1546 1701 1581 z

348 1602 480 1660 licet
505 1603 663 1660 enim
703 1611 858 1661 actus
902 1607 1111 1679 peccati
1152 1604 1384 1680 physice
1412 1606 1712 1678 praeterie÷

348 1684 442 1751 rit,
490 1686 788 1743 moraliter
831 1691 1027 1744 tamen
1069 1692 1394 1760 perseverat
1428 1686 1702 1759 quamdiu

348 1780 465 1822 non
488 1769 826 1824 retractatur
854 1790 867 1824 ε
891 1768 1138 1825 succedit
1163 1772 1436 1841 praeterea
1459 1768 1705 1841 privatio

343 1846 561 1920 gratias,
589 1862 762 1919 quam
784 1848 955 1907 homo
984 1848 1264 1923 peccando
1292 1865 1326 1904 a
1345 1864 1406 1905 se
1428 1848 1676 1905 exclusit
1684 1872 1700 1916 3

346 1931 399 1982 et
436 1926 614 1982 simul
642 1929 896 1986 carentia
935 1928 1354 1986 conformitatis
1398 1927 1469 1985 ad
1497 1929 1700 2004 legem,

347 2022 516 2079 quam
563 2023 666 2080 per
700 2015 987 2080 peccatum
1030 2008 1312 2065 violavit:
1361 2007 1570 2065 deinde
1615 2008 1705 2066 of-

351 2087 527 2153 fensa,
559 2088 681 2145 sive
709 2089 926 2163 injuria
953 2089 1254 2147 moraliter
1284 2089 1346 2145 in
1376 2090 1488 2145 Deo
1518 2089 1705 2145 resul-

352 2172 495 2234 tanS,
537 2167 853 2226 secundum
892 2186 1064 2242 quam
1106 2168 1319 2225 dicitur
1358 2166 1607 2226 offensus
1634 2168 1706 2225 ab

352 2246 585 2303 homine
618 2268 631 2303 ε
659 2247 898 2321 insuper
926 2253 1134 2317 reatuS,
1179 2246 1307 2303 sive'
1344 2246 1707 2322 condignitas

350 2327 655 2398 peccatoris
676 2327 746 2384 ad
775 2345 1023 2401 poenam,
1056 2329 1147 2385 cui
1169 2327 1456 2386 obnoxius·
1476 2326 1548 2385 ob
1577 2343 1706 2400 pec—

347 2412 536 2464 catum
575 2409 942 2467 constituitur
974 2432 987 2466 ε
1029 2416 1086 2468 et
1131 2409 1366 2467 tandem
1408 2409 1635 2466 aversio
1673 2425 1706 2466 a

350 2491 461 2547 Deo
481 2532 493 2555 ,
555 2494 610 2545 et
659 2491 957 2550 conversio
1009 2490 1321 2548 habitualis
1371 2488 1443 2545 ad
1490 2488 1704 2546 bonum

354 2568 672 2642 proprium,
707 2575 937 2643 excepto
983 2570 1188 2628 ordine
1234 2568 1306 2627 ad
1348 2571 1529 2626 Deum
1575 2575 1706 2627 tan-

353 2665 526 2722 quam
553 2648 624 2706 ad
661 2652 931 2709 ultimum
963 2651 1161 2709 finem.
1198 2654 1330 2709 Post
1363 2652 1482 2708 haec
1507 2651 1707 2709 divina

355 2730 448 2787 lex
469 2728 694 2786 ordinat
719 2728 1017 2788 homiuem
1045 2731 1115 2788 ad
1143 2744 1369 2805 poenam
1392 2747 1463 2788 ex
1484 2731 1707 2806 justitia

354 2808 614 2884 punitiva
646 2830 659 2865 :
702 2825 764 2866 ac
790 2809 1037 2885 denique
1069 2816 1278 2868 statuto
1305 2815 1562 2885 tempore
1601 2810 1706 2869 ad-

353 2890 508 2947 venit
536 2906 704 2963 poena
726 2907 828 2964 per
855 2892 1031 2949 talem
1059 2892 1242 2966 legem
1272 2891 1705 2949 taxata.Viden-

347 2969 484 3026 dum
505 2985 640 3044 ergo
665 2974 767 3036 est,
801 2969 865 3026 in
887 2986 1137 3042 quonam
1166 2987 1237 3028 ex
1265 2969 1354 3025 his
1377 2968 1549 3027 malis
1571 2988 1707 3044 pro-

351 3051 474 3123 pria
497 3051 645 3108 ratio
666 3052 873 3125 peccati
896 3052 1159 3109 mortalis
1180 3050 1491 3108 habitualis
1510 3067 1707 3109 essen-

347 3131 566 3195 tialiter
616 3131 923 3188 consistat?
976 3133 1044 3187 Et
1091 3132 1281 3205 primo
1330 3137 1549 3188 certum
1598 3137 1702 3200 est,

351 3218 637 3285 peccatum
660 3212 952 3270 habituale
976 3230 1093 3270 non
1132 3213 1441 3271 consistere
1463 3213 1525 3269 in
1547 3212 1706 3270 ordi-

350 3294 603 3359 natione,
656 3310 769 3366 qua
808 3296 953 3350 Deus
979 3297 1134 3350 taxat
1177 3293 1403 3350 homini
1454 3309 1702 3367 poenam,

350 3390 533 3448 neque
565 3375 626 3432 in
671 3376 795 3448 ipsa
842 3391 1040 3449 poena3
1072 3375 1190 3431 haec
1228 3375 1437 3448 quippe
1483 3375 1708 3432 nullam

349 3456 638 3514 malitiam
661 3457 1013 3530 exprimunt,
1045 3456 1143 3513 sed
1165 3456 1352 3530 potius
1378 3456 1488 3529 ipsi
1511 3455 1709 3512 adver-

343 3543 550 3595 santur
584 3560 597 3594 :
627 3555 730 3596 nec
755 3544 890 3595 sunt
916 3555 948 3594 a
970 3543 1279 3611 peccatore,
1304 3538 1404 3594 sed
1440 3555 1473 3595 a
1502 3542 1633 3605 Deo,
1677 3553 1710 3595 a

341 3634 452 3690 quo
503 3624 706 3675 tamen
746 3619 976 3675 nullum
1022 3618 1177 3674 valet
1227 3633 1350 3675 esse
1395 3622 1704 3691 peccatum.

344 3699 653 3766 Similiter,
705 3704 767 3754 ut
792 3699 912 3756 fere
952 3703 1171 3756 certum
1199 3697 1595 3771 supponimuS,
1628 3698 1711 3755 si-

343 3784 459 3835 tam
489 3794 620 3835 non
643 3794 766 3835 esse
793 3779 855 3835 in
878 3777 1094 3836 offensa
1118 3777 1237 3844 Dei,
1263 3779 1467 3835 saltem
1489 3778 1713 3851 passive

341 3865 607 3933 accept&
637 3859 772 3933 quia
817 3859 934 3915 haec
985 3857 1258 3931 recipitur
1306 3859 1608 3917 moraliter
1649 3858 1712 3914 in

341 3941 472 4007 Deo,
498 3942 576 3996 ut
607 3939 642 3994 3
673 3946 826 4012 part.
853 3946 1017 3996 tract.
1050 3942 1096 4006 l,
1121 3940 1262 4012 disp.
1304 3941 1350 4007 l,
1394 3937 1712 3995 declarabi—

341 4035 491 4091 mus;
520 4024 824 4094 peccatum
854 4022 1047 4076 autem
1074 4018 1367 4076 habituale
1393 4022 1589 4074 manet
1617 4018 1714 4074 in-

334 4101 598 4160 trinseoee
618 4101 681 4157 in
709 4105 1017 4174 peccatore.
1045 4100 1328 4168 Diximus,
1375 4102 1591 4174 passive
1616 4118 1716 4156 ac-

337 4190 525 4255 cepta;
584 4182 722 4255 quia
786 4181 932 4238 ratio
978 4180 1206 4238 offensae
1255 4180 1569 4238 habitualis
1614 4181 1714 4238 Dei

344 4263 544 4329 active,
597 4267 659 4319 et
700 4261 1030 4319 radicaliter
1058 4261 1416 4320 considerata
1441 4258 1716 4317 coincidit

348 4342 536 4416 reipsa
580 4358 714 4400 cum
743 4340 1025 4398 habituali
1053 4346 1295 4414 peccato,
1326 4341 1486 4416 cujus
1519 4355 1717 4399 essen-

351 4423 491 4481 tiam
521 4423 963 4498 investigamus.
1270 4417 1276 4423 ’

990 4586 1104 4654 §1-

389 4773 402 4779 ,
448 4711 774 4786 Praefertur,
830 4717 880 4765 et
924 4707 1239 4802 defenditur
1285 4707 1355 4763 D.
1413 4704 1623 4763 Thomu

898 4797 1186 4846 sententia.

167 4939 300 5031 (do-‘3¹3³
359 4994 532 5052 tualis
553 4990 821 5050 mortalis
851 4989 1103 5046 hominis
1123 4985 1330 5045 elevati
1354 4985 1425 5042 ad
1451 4984 1719 5042 ordinem

1229 5170 1264 5192 Q

428 4914 482 4970 3.
518 4908 841 4968 Dicendum
865 4914 969 4974 est,
999 4906 1306 4966 essentiam
1331 4903 1538 4978 peccati
1562 4902 1725 4960 habi·

1840 562 2344 635 supernaturalem
2395 562 2705 619 consistere
2755 561 2820 617 in
2876 557 3200 632 privatione

1838 643 2169 701 voluntaria
2179 642 2378 717 gratiae
2393 641 2819 706 sanctificantiS,
2832 655 3007 714 quam
3025 638 3198 695 homo

1841 738 1941 795 per
1968 728 2255 795 peccatum
2285 723 2530 779 mortale
2557 722 2775 779 actuale
2803 735 2835 775 a
2855 734 2914 775 se
2935 717 3195 784 exclusit,

1838 817 1970 858 cum
2013 807 2268 876 respectu
2297 801 2368 858 ad
2414 800 2745 875 praedictum
2786 804 3074 874 peccatum
3104 811 3200 852 ac-

1838 882 2011 938 tuale.
2045 882 2308 940 Diximus
2329 882 2392 938 in
2412 882 2795 947 conclusione,
2823 880 3031 952 peccati
3048 892 3201 931 mor-

1837 962 2003 1029 talis,·
2026 961 2160 1035 quia
2182 962 2351 1019 modo
2377 961 2672 1033 loquimur
2700 961 2770 1017 de
2791 963 3011 1032 peccato
3031 954 3200 1012 habi-

1839 1043 2002 1111 tuali,
2049 1044 2198 1116 quod
2225 1049 2309 1100 est
2354 1041 2889 1115 indispensabiliter
2915 1036 3202 1095 terminus

1836 1143 1874 1181 a
1914 1144 2019 1204 quo
2063 1124 2493 1201 iustificationis
2540 1125 2732 1199 impii,
2784 1122 2934 1198 quod
2978 1125 3203 1177 tantum

1835 1210 1923 1262 est
1946 1207 2225 1274 mortale3
2257 1206 2488 1264 veniale
2506 1206 2715 1279 quippe
2737 1220 2855 1262 nou
2884 1200 3205 1260 necessario

1836 1288 1901 1344 in
1922 1286 2332 1363 justificatione
2359 1287 2700 1344 destruitur.
2732 1287 2996 1342 Diximus
3023 1283 3201 1343 etiam

1835 1370 2076 1427 hominis
2112 1370 2331 1438 elevati,
2372 1377 2472 1426 etc.
2501 1368 2638 1441 quia
2666 1367 2835 1424 modo
2863 1365 3204 1440 praescindi-

1837 1466 1968 1507 mus
1995 1466 2028 1507 a
2067 1456 2216 1507 statu
2265 1450 2523 1508 hominis
2568 1446 2782 1505 conditi
2833 1448 2896 1503 in
2926 1446 3105 1519 puris,
3147 1450 3206 1502 et

1835 1531 2024 1587 solum
2060 1530 2493 1588 consideramus
2522 1533 2859 1601 praesentem
2889 1524 3203 1599 providen-

1837 1609 2000 1666 tiam.
2051 1611 2117 1665 In
2160 1626 2271 1683 quo
2299 1615 2491 1666 autem
2536 1607 2869 1665 consisteret
2914 1610 3200 1680 peccatum

1836 1690 2079 1747 mortale
2126 1690 2384 1748 hominis
2425 1688 2638 1746 conditi
2684 1690 2748 1745 iu
2794 1689 2975 1762 puris,
3035 1687 3205 1746 modo

1839 1785 1956 1827 non
1983 1775 2203 1843 oportet
2229 1786 2301 1826 ex
2323 1770 2578 1843 professo
2599 1770 2967 1836 examinare,
2996 1783 3205 1842 quam-

1838 1848 1927 1906 vis
1952 1864 2054 1906 nec
2082 1849 2142 1905 id
2183 1850 2248 1905 in
2295 1854 2478 1907 totum
2526 1849 2769 1906 omnino
2817 1850 3198 1921 relinquetur,

1836 1929 1934 1987 sed
1955 1946 2025 1987 ex
2047 1930 2303 1988 dicendis
2326 1931 2391 1987 in
2407 1930 2512 1987 hoc
2532 1931 2818 1996 Tractatu,
2845 1935 2898 1987 et
2922 1930 3203 2003 praecipue

1836 2010 1978 2082 disp.
2020 2011 2279 2088 sequenti,
2323 2009 2450 2065 dub.
2490 2011 2547 2074 7,
2580 2007 2731 2065 haud
2759 2008 2995 2066 obscure
3022 2024 3200 2082 appa-

1840 2091 2009 2148 rebit.
2055 2091 2309 2148 Assertio
2354 2106 2490 2165 ergo
2533 2090 2616 2146 sic
2661 2092 2952 2148 intellecta
2983 2096 3070 2148 est
3093 2107 3197 2148 ex-

1839 2187 2033 2244 pressa
2074 2173 2142 2228 D.
2171 2172 2379 2234 Thom.
2430 2169 2696 2244 pluribus
2722 2171 2786 2227 in
2827 2170 2962 2228 locis
3001 2172 3195 2227 statim
3228 2216 3375 2258 „Tho

1841 2250 2178 2307 referendis.
2199 2249 2356 2315 Quod
2382 2256 2442 2306 ut
2462 2250 2787 2308 evidentius
2806 2254 3042 2317 constet,
3065 2249 3198 2306 ani·
3271 2247 3281 2257 ‘

1838 2328 2314 2386 madvertendum
2342 2334 2446 2394 est,
2478 2329 2582 2386 hoc
2603 2330 2986 2401 complexum,
3011 2346 3200 2401 pecca-

1839 2416 1958 2465 tum
2007 2409 2306 2475 habituale,
2362 2408 2469 2465 sub
2516 2409 2591 2465 iis
2618 2408 2886 2467 terminis
2928 2408 3076 2483 apud
3132 2410 3195 2465 D.

1839 2491 2044 2548 Thom.
2076 2507 2195 2548 non
2223 2489 2469 2564 reperiri
2502 2515 2517 2559 ;
2546 2490 2646 2548 sed
2674 2490 2854 2547 alium
2884 2490 3200 2547 terminum

1838 2570 2160 2645 simplicem
2181 2571 2638 2645 aequivalentem,
2661 2585 2867 2642 nempe
2884 2570 3161 2626 maculam
3183 2588 3202 2623 .·

1838 2652 1988 2727 quod
2015 2653 2189 2710 etiam
2205 2652 2353 2725 apud
2375 2651 2519 2709 alios
2539 2651 2911 2713 scholasticos
2938 2651 3201 2724 antiquos

1839 2734 2105 2801 invaluit,
2148 2740 2205 2792 et
2233 2750 2350 2791 non
2379 2734 2694 2792 immerito,
2739 2737 2887 2789 Nam
2928 2748 3049 2790 esse
3074 2749 3203 2790 ma-

1839 2815 2090 2871 culatum
2118 2829 2312 2870 coram
2360 2816 2492 2880 Deo,
2528 2812 2679 2868 nihil
2709 2810 2866 2868 aliud
2894 2817 2998 2879 est,
3029 2828 3201 2886 quam

1838 2910 1962 2952 esse
2007 2897 2230 2968 peccato
2275 2893 2744 2966 coinquinatum3
2794 2891 2854 2948 id
2902 2898 3092 2950 autem
3120 2898 3206 2950 est

1838 2974 2067 3032 effectus
2112 2974 2377 3047 proprius
2423 2973 2630 3047 peccati
2679 2970 3009 3041 habitualis,
3053 2972 3205 3030 unde

1793 3053 2008 3111 -debet
2044 3052 2115 3110 ab
2160 3052 2361 3112 eadem
2410 3053 2616 3119 forma,
2668 3058 2765 3108 aut
2809 3052 2969 3124 quasi
3019 3052 3207 3110 forma

1843 3135 2150 3210 provenire
2176 3157 2189 3191 ι
2217 3140 2382 3207 atque
2409 3133 2537 3192 ideo
2565 3134 2809 3199 macula,
2842 3139 2895 3190 et
2919 3139 3206 3206 peccatum

1842 3215 2152 3283 habituale,
2186 3231 2217 3272 a
2245 3212 2452 3287 quibus
2496 3214 2599 3270 ille
2625 3212 2855 3270 effectus
2882 3214 3209 3271 communi—

1840 3302 2020 3366 catur,
2052 3301 2189 3353 sunt
2231 3293 2385 3351 idem
2421 3294 2736 3351 secundum
2769 3310 2912 3360 rem,
2942 3294 3212 3368 quamvis

1844 3378 2092 3449 pressius
2108 3374 2509 3450 significentur
2521 3374 2760 3431 nomine
2780 3375 3021 3442 macules,
3037 3391 3209 3448 quam

1842 3472 1978 3513 voce
2003 3456 2298 3528 complexa
2321 3455 2529 3527 peccati
2571 3453 2896 3509 habitualis.
2940 3453 3211 3510 Juniores

1844 3553 1981 3595 vero
2008 3536 2281 3611 Theologi
2311 3541 2551 3608 utroque
2572 3534 2824 3592 termino
2848 3533 2918 3591 ad
2945 3534 3208 3592 eamdem

1795 3639 1800 3645 ·
1845 3634 1970 3676 rem
2003 3615 2443 3692 significandam
2491 3613 2893 3686 indifferenter
2942 3619 3206 3671 utuntur.

1846 3702 1962 3757 Hoc
1997 3698 2309 3772 supposito,
2361 3702 2555 3771 aperte
2581 3696 2871 3755 evincitur
2899 3699 2963 3754 D.
2997 3696 3204 3754 Thom.
3246 3733 3404 3776 „mm

1846 3781 2121 3847 docuisse,
2154 3784 2443 3853 peccatum
2468 3776 2762 3835 habituale
2788 3795 2909 3836 esse
2937 3777 3211 3852 privatio·

1846 3878 1980 3919 nem
2020 3858 2218 3937 gratiae
2246 3875 2376 3915 cum
2423 3855 2762 3914 habitudine
2810 3860 2878 3916 ad
2923 3863 3209 3932 peccatum

1847 3941 2080 4008 actuale,
2113 3955 2214 4013 per
2234 3937 2383 4013 quod
2411 3936 2705 3993 inducitur
2733 3958 2745 3993 :
2778 3955 2914 3996 nam
2942 3944 3124 4016 quast.
3152 3937 3209 4004 3,

1846 4023 1910 4078 de
1929 4028 2134 4096 potent.
2165 4028 2274 4077 art.
2300 4020 2335 4075 6
2362 4017 2437 4073 ad
2456 4017 2547 4086 23,
2577 4017 2770 4090 inquit
2803 4039 2815 4074 :
2852 4041 2877 4071 α
2898 4018 3122 4073 Macula
3150 4015 3213 4073 in

1854 4125 1880 4156 α
1923 4102 2122 4159 anima
2162 4115 2280 4158 non
2310 4098 2472 4173 ponit
2499 4101 2767 4155 naturam
2796 4098 3071 4171 aliquam,
3115 4096 3214 4153 sed

1854 4206 1881 4238 α
1922 4183 2105 4240 solam
2150 4179 2351 4254 gratiae
2378 4177 2810 4252 privationem;
2859 4183 3054 4235 tamen
3081 4193 3213 4233 cum

1855 4285 1880 4316 «
1928 4264 2182 4335 respectu
2240 4259 2311 4316 ad
2365 4262 2553 4314 actum
2617 4256 3053 4330 praecedentem,
3116 4256 3213 4329 qui

1856 4365 1881 4395 α
1926 4339 2095 4415 hujus
2143 4337 2488 4413 privationis
2542 4350 2710 4393 causa
2762 4335 2891 4402 fuit,
2949 4336 3042 4392 vel
3092 4350 3216 4392 esse

1857 4443 1883 4475 α
1928 4419 2127 4495 potuit.
2156 4439 2180 4471 n
2214 4421 2283 4474 Et
2303 4420 2363 4473 in
2403 4418 2507 4473 hac
2543 4419 2588 4481 1,
2628 4418 2682 4482 2,
2715 4422 2895 4493 quast.
2922 4416 3013 4484 86,
3045 4423 3158 4472 art.
3190 4418 3208 4471 l
3256 4432 3388 4478 mem.

1852 4502 1928 4557 ad
1946 4502 2000 4568 3,
2033 4499 2113 4556 ait
2140 4520 2153 4556 ε
2184 4520 2209 4551 (ι
2233 4497 2456 4554 Macula
2479 4512 2594 4552 non
2617 4501 2702 4552 est
2728 4494 2946 4567 aliquid
2977 4496 3217 4568 positive

1859 4604 1886 4636 α
1928 4582 1992 4638 in
2021 4579 2235 4644 anima,
2269 4593 2374 4634 nec
2394 4574 2680 4651 significat
2708 4575 3095 4648 privationem
3122 4592 3219 4633 so-

1859 4683 1886 4714 «
1928 4660 2067 4724 lam,
2092 4656 2190 4714 sed
2209 4655 2489 4730 significat
2514 4655 2898 4728 privationem
2927 4653 3218 4729 quandam

1860 4763 1887 4794 α
1931 4737 2140 4797 nitoris
2187 4736 2398 4793 animae
2436 4737 2499 4793 in
2528 4735 2732 4793 ordine
2774 4736 2846 4793 ad
2872 4752 3039 4793 suam
3080 4753 3220 4795 cau—

1863 4841 1888 4871 «
1931 4834 2073 4884 sam,
2124 4831 2248 4889 quae
2287 4820 2372 4872 est
2417 4819 2729 4888 peccatum.
2763 4837 2787 4867 »
2818 4817 2886 4871 Et
2914 4818 2974 4870 in
3001 4817 3055 4885 4,
3086 4817 3216 4874 dist.
3257 4843 3392 4890 mem,

1866 4899 1951 4965 14,
1981 4906 2161 4977 quast.
2192 4898 2247 4961 2,
2279 4903 2388 4951 art.
2428 4896 2473 4961 l,
2505 4903 2684 4972 quast.
2718 4896 2753 4950 3
2778 4895 2852 4950 ad
2878 4897 2930 4960 2,
2978 4895 3167 4968 inquit
3194 4918 3208 4952 ε

1865 5002 1890 5033 α
1936 4983 2045 5037 Per
2071 4978 2380 5036 adventum
2418 4977 2614 5052 gratiae
2653 4976 2722 5033 ad
2743 4977 3050 5034 essentiam
3074 4977 3207 5034 ani-
