<?xml version="1.0" encoding="UTF-8"?>
<!DOCTYPE html PUBLIC "-//W3C//DTD XHTML 1.0 Transitional//EN"
    "http://www.w3.org/TR/xhtml1/DTD/xhtml1-transitional.dtd">
<html xmlns="http://www.w3.org/1999/xhtml" xml:lang="en" lang="en">
 <head>
  <title>
</title>
<meta http-equiv="Content-Type" content="text/html;charset=utf-8" />
  <meta name='ocr-system' content='tesseract 3.04.00' />
  <meta name='ocr-capabilities' content='ocr_page ocr_carea ocr_par ocr_line ocrx_word'/>
</head>
<body>
  <div class='ocr_page' id='page_1' title='image "./collegiisalmant00carmgoog_0548.png"; bbox 0 0 3647 5753; ppageno 0'>
   <div class='ocr_carea' id='block_1_1' title="bbox 479 403 2398 464">
    <p class='ocr_par' dir='ltr' id='par_1_1' title="bbox 479 403 2398 464">
     <span class='ocr_line' id='line_1_1' title="bbox 479 403 2398 464; baseline 0.002 -4"><span class='ocrx_word' id='word_1_1' title='bbox 479 403 591 461; x_wconf 79' lang='lat'><strong>526</strong></span> <span class='ocrx_word' id='word_1_2' title='bbox 1443 407 1537 462; x_wconf 85' lang='lat' dir='ltr'><strong>DE</strong></span> <span class='ocrx_word' id='word_1_3' title='bbox 1573 407 2155 463; x_wconf 82' lang='lat' dir='ltr'><strong>JUSTIFICATIONE</strong></span> <span class='ocrx_word' id='word_1_4' title='bbox 2196 408 2398 464; x_wconf 90' lang='lat' dir='ltr'><strong>IMPII.</strong></span> 
     </span>
    </p>
   </div>
   <div class='ocr_carea' id='block_1_2' title="bbox 250 576 1836 2599">
    <p class='ocr_par' dir='ltr' id='par_1_2' title="bbox 260 576 1836 1464">
     <span class='ocr_line' id='line_1_2' title="bbox 481 576 1832 651; baseline 0.003 -19"><span class='ocrx_word' id='word_1_5' title='bbox 481 576 638 642; x_wconf 87' lang='lat' dir='ltr'><strong>talia,</strong></span> <span class='ocrx_word' id='word_1_6' title='bbox 657 582 717 631; x_wconf 91' lang='lat' dir='ltr'><strong>ut</strong></span> <span class='ocrx_word' id='word_1_7' title='bbox 736 581 821 633; x_wconf 87' lang='lat' dir='ltr'><strong>est</strong></span> <span class='ocrx_word' id='word_1_8' title='bbox 845 576 1145 634; x_wconf 86' lang='lat' dir='ltr'><strong>curiositas</strong></span> <span class='ocrx_word' id='word_1_9' title='bbox 1173 578 1485 651; x_wconf 88' lang='lat' dir='ltr'><strong>aspiciendi</strong></span> <span class='ocrx_word' id='word_1_10' title='bbox 1507 578 1832 647; x_wconf 78' lang='lat' dir='ltr'><strong>foeminam3</strong></span> 
     </span>
     <span class='ocr_line' id='line_1_3' title="bbox 483 659 1836 732; baseline 0.001 -19"><span class='ocrx_word' id='word_1_11' title='bbox 483 673 600 714; x_wconf 91' lang='lat' dir='ltr'><strong>non</strong></span> <span class='ocrx_word' id='word_1_12' title='bbox 629 660 817 712; x_wconf 88' lang='lat' dir='ltr'><strong>autem</strong></span> <span class='ocrx_word' id='word_1_13' title='bbox 839 673 1196 732; x_wconf 80' lang='lat' dir='ltr'><strong>eorum,quae</strong></span> <span class='ocrx_word' id='word_1_14' title='bbox 1225 659 1441 716; x_wconf 90' lang='lat' dir='ltr'><strong>leviora</strong></span> <span class='ocrx_word' id='word_1_15' title='bbox 1462 665 1614 729; x_wconf 89' lang='lat' dir='ltr'><strong>sunt,</strong></span> <span class='ocrx_word' id='word_1_16' title='bbox 1647 665 1703 717; x_wconf 93' lang='lat' dir='ltr'><strong>et</strong></span> <span class='ocrx_word' id='word_1_17' title='bbox 1717 660 1836 715; x_wconf 91' lang='lat' dir='ltr'><strong>mi-</strong></span> 
     </span>
     <span class='ocr_line' id='line_1_4' title="bbox 479 739 1834 812; baseline 0.002 -17"><span class='ocrx_word' id='word_1_18' title='bbox 479 755 589 795; x_wconf 91' lang='lat' dir='ltr'><strong>nus</strong></span> <span class='ocrx_word' id='word_1_19' title='bbox 611 739 929 810; x_wconf 88' lang='lat' dir='ltr'><strong>periculum</strong></span> <span class='ocrx_word' id='word_1_20' title='bbox 953 741 1350 812; x_wconf 58' lang='lat' dir='ltr'><strong>praeseferunt,</strong></span> <span class='ocrx_word' id='word_1_21' title='bbox 1380 747 1442 796; x_wconf 89' lang='lat' dir='ltr'><strong>ut</strong></span> <span class='ocrx_word' id='word_1_22' title='bbox 1480 749 1565 797; x_wconf 89' lang='lat' dir='ltr'><strong>est</strong></span> <span class='ocrx_word' id='word_1_23' title='bbox 1589 741 1834 798; x_wconf 87' lang='lat' dir='ltr'><strong>verbum</strong></span> 
     </span>
     <span class='ocr_line' id='line_1_5' title="bbox 477 819 1835 896; baseline 0.004 -22"><span class='ocrx_word' id='word_1_24' title='bbox 477 819 708 892; x_wconf 86' lang='lat' dir='ltr'>aliquod</span> <span class='ocrx_word' id='word_1_25' title='bbox 728 822 993 878; x_wconf 91' lang='lat' dir='ltr'><strong>otiosum.</strong></span> <span class='ocrx_word' id='word_1_26' title='bbox 1021 824 1090 877; x_wconf 87' lang='lat' dir='ltr'><strong>Et</strong></span> <span class='ocrx_word' id='word_1_27' title='bbox 1110 823 1189 880; x_wconf 92' lang='lat' dir='ltr'><strong>ita</strong></span> <span class='ocrx_word' id='word_1_28' title='bbox 1210 823 1469 896; x_wconf 85' lang='lat' dir='ltr'><strong>quaedam</strong></span> <span class='ocrx_word' id='word_1_29' title='bbox 1490 823 1744 880; x_wconf 91' lang='lat' dir='ltr'><strong>venialia</strong></span> <span class='ocrx_word' id='word_1_30' title='bbox 1764 839 1835 879; x_wconf 88' lang='lat' dir='ltr'><strong>ex</strong></span> 
     </span>
     <span class='ocr_line' id='line_1_6' title="bbox 476 899 1836 972; baseline 0.003 -17"><span class='ocrx_word' id='word_1_31' title='bbox 476 900 537 955; x_wconf 92' lang='lat' dir='ltr'><strong>vi</strong></span> <span class='ocrx_word' id='word_1_32' title='bbox 580 899 831 972; x_wconf 81' lang='lat' dir='ltr'><strong>praedicti</strong></span> <span class='ocrx_word' id='word_1_33' title='bbox 875 903 1088 959; x_wconf 87' lang='lat' dir='ltr'><strong>amoris</strong></span> <span class='ocrx_word' id='word_1_34' title='bbox 1144 905 1527 970; x_wconf 81' lang='lat' dir='ltr'>remittentur,</span> <span class='ocrx_word' id='word_1_35' title='bbox 1571 904 1670 960; x_wconf 92' lang='lat' dir='ltr'><strong>sed</strong></span> <span class='ocrx_word' id='word_1_36' title='bbox 1716 918 1836 960; x_wconf 90' lang='lat' dir='ltr'><strong>non</strong></span> 
     </span>
     <span class='ocr_line' id='line_1_7' title="bbox 478 981 1828 1060; baseline 0.004 -24"><span class='ocrx_word' id='word_1_37' title='bbox 478 981 693 1037; x_wconf 90' lang='lat' dir='ltr'><strong>omnia.</strong></span> <span class='ocrx_word' id='word_1_38' title='bbox 726 984 841 1038; x_wconf 86' lang='lat' dir='ltr'><strong>Nec</strong></span> <span class='ocrx_word' id='word_1_39' title='bbox 866 983 927 1038; x_wconf 90' lang='lat' dir='ltr'><strong>in</strong></span> <span class='ocrx_word' id='word_1_40' title='bbox 951 983 1054 1039; x_wconf 90' lang='lat' dir='ltr'><strong>hoc</strong></span> <span class='ocrx_word' id='word_1_41' title='bbox 1082 983 1272 1055; x_wconf 89' lang='lat' dir='ltr'><strong>aliqua</strong></span> <span class='ocrx_word' id='word_1_42' title='bbox 1294 985 1408 1041; x_wconf 86' lang='lat' dir='ltr'><strong>alia</strong></span> <span class='ocrx_word' id='word_1_43' title='bbox 1437 985 1620 1060; x_wconf 83' lang='lat' dir='ltr'><strong>magis</strong></span> <span class='ocrx_word' id='word_1_44' title='bbox 1656 990 1828 1053; x_wconf 90' lang='lat' dir='ltr'><strong>certa,</strong></span> 
     </span>
     <span class='ocr_line' id='line_1_8' title="bbox 477 1061 1834 1139; baseline 0.003 -22"><span class='ocrx_word' id='word_1_45' title='bbox 477 1065 534 1117; x_wconf 91' lang='lat' dir='ltr'><strong>et</strong></span> <span class='ocrx_word' id='word_1_46' title='bbox 553 1063 793 1118; x_wconf 88' lang='lat' dir='ltr'><strong>omnino</strong></span> <span class='ocrx_word' id='word_1_47' title='bbox 813 1061 1195 1120; x_wconf 86' lang='lat' dir='ltr'><strong>determinata</strong></span> <span class='ocrx_word' id='word_1_48' title='bbox 1223 1066 1420 1139; x_wconf 83' lang='lat' dir='ltr'><strong>regula</strong></span> <span class='ocrx_word' id='word_1_49' title='bbox 1443 1065 1608 1122; x_wconf 89' lang='lat' dir='ltr'><strong>nobis</strong></span> <span class='ocrx_word' id='word_1_50' title='bbox 1634 1081 1834 1123; x_wconf 89' lang='lat' dir='ltr'><strong>occur-</strong></span> 
     </span>
     <span class='ocr_line' id='line_1_9' title="bbox 480 1141 1835 1214; baseline 0.004 -18"><span class='ocrx_word' id='word_1_51' title='bbox 480 1141 574 1206; x_wconf 90' lang='lat' dir='ltr'><strong>rit,</strong></span> <span class='ocrx_word' id='word_1_52' title='bbox 598 1159 709 1214; x_wconf 92' lang='lat' dir='ltr'><strong>qua</strong></span> <span class='ocrx_word' id='word_1_53' title='bbox 736 1143 996 1199; x_wconf 83' lang='lat' dir='ltr'><strong>effectum</strong></span> <span class='ocrx_word' id='word_1_54' title='bbox 1038 1145 1250 1201; x_wconf 85' lang='lat' dir='ltr'><strong>amoris</strong></span> <span class='ocrx_word' id='word_1_55' title='bbox 1275 1146 1574 1201; x_wconf 88' lang='lat' dir='ltr'><strong>charitatis</strong></span> <span class='ocrx_word' id='word_1_56' title='bbox 1628 1146 1689 1201; x_wconf 92' lang='lat' dir='ltr'><strong>in</strong></span> <span class='ocrx_word' id='word_1_57' title='bbox 1734 1162 1835 1202; x_wconf 86' lang='lat' dir='ltr'><strong>or-</strong></span> 
     </span>
     <span class='ocr_line' id='line_1_10' title="bbox 476 1219 1834 1285; baseline 0.004 -9"><span class='ocrx_word' id='word_1_58' title='bbox 476 1219 613 1279; x_wconf 88' lang='lat' dir='ltr'><strong>dine</strong></span> <span class='ocrx_word' id='word_1_59' title='bbox 640 1221 710 1278; x_wconf 90' lang='lat' dir='ltr'><strong>ad</strong></span> <span class='ocrx_word' id='word_1_60' title='bbox 767 1224 1082 1279; x_wconf 87' lang='lat' dir='ltr'><strong>venialium</strong></span> <span class='ocrx_word' id='word_1_61' title='bbox 1131 1226 1531 1285; x_wconf 85' lang='lat' dir='ltr'><strong>remissionem</strong></span> <span class='ocrx_word' id='word_1_62' title='bbox 1572 1225 1834 1283; x_wconf 80' lang='lat' dir='ltr'><strong>dimetiri</strong></span> 
     </span>
     <span class='ocr_line' id='line_1_11' title="bbox 260 1299 1834 1363; baseline 0.004 -7"><span class='ocrx_word' id='word_1_63' title='bbox 260 1314 319 1356; x_wconf 83' lang='lat'><strong>1).</strong></span> <span class='ocrx_word' id='word_1_64' title='bbox 339 1313 445 1357; x_wconf 78' lang='lat' dir='ltr'><strong>Tho.</strong></span> <span class='ocrx_word' id='word_1_65' title='bbox 478 1299 789 1359; x_wconf 61' lang='lat' dir='ltr'><strong>valeamusss</strong></span> <span class='ocrx_word' id='word_1_66' title='bbox 817 1306 974 1360; x_wconf 90' lang='lat' dir='ltr'><strong>Hanc</strong></span> <span class='ocrx_word' id='word_1_67' title='bbox 1002 1310 1189 1361; x_wconf 91' lang='lat' dir='ltr'><strong>autem</strong></span> <span class='ocrx_word' id='word_1_68' title='bbox 1219 1305 1377 1363; x_wconf 89' lang='lat' dir='ltr'><strong>docet</strong></span> <span class='ocrx_word' id='word_1_69' title='bbox 1422 1309 1485 1363; x_wconf 92' lang='lat' dir='ltr'><strong>D.</strong></span> <span class='ocrx_word' id='word_1_70' title='bbox 1512 1306 1716 1363; x_wconf 90' lang='lat' dir='ltr'><strong>Thom.</strong></span> <span class='ocrx_word' id='word_1_71' title='bbox 1770 1309 1834 1363; x_wconf 88' lang='lat' dir='ltr'><strong>in</strong></span> 
     </span>
     <span class='ocr_line' id='line_1_12' title="bbox 476 1384 1828 1464; baseline 0.004 -27"><span class='ocrx_word' id='word_1_72' title='bbox 476 1384 529 1450; x_wconf 93' lang='lat'><strong>4,</strong></span> <span class='ocrx_word' id='word_1_73' title='bbox 558 1384 685 1440; x_wconf 82' lang='lat' dir='ltr'><strong>dist.</strong></span> <span class='ocrx_word' id='word_1_74' title='bbox 722 1386 994 1461; x_wconf 72' lang='lat' dir='ltr'><strong>16,quaest.</strong></span> <span class='ocrx_word' id='word_1_75' title='bbox 1018 1388 1072 1452; x_wconf 90' lang='grc'><strong>2,</strong></span> <span class='ocrx_word' id='word_1_76' title='bbox 1099 1393 1206 1443; x_wconf 86' lang='lat' dir='ltr'><strong>art.</strong></span> <span class='ocrx_word' id='word_1_77' title='bbox 1233 1389 1288 1453; x_wconf 84' lang='lat'><strong>2,</strong></span> <span class='ocrx_word' id='word_1_78' title='bbox 1313 1390 1669 1464; x_wconf 53' lang='lat' dir='ltr'><strong>quastiuncss</strong></span> <span class='ocrx_word' id='word_1_79' title='bbox 1689 1389 1764 1443; x_wconf 79' lang='lat' dir='ltr'><strong>ad</strong></span> <span class='ocrx_word' id='word_1_80' title='bbox 1780 1391 1828 1455; x_wconf 89' lang='grc'><strong>1,</strong></span> 
     </span>
    </p>

    <p class='ocr_par' dir='ltr' id='par_1_3' title="bbox 250 1462 1836 2599">
     <span class='ocr_line' id='line_1_13' title="bbox 480 1462 885 1520; baseline -0.002 -2"><span class='ocrx_word' id='word_1_81' title='bbox 480 1463 572 1519; x_wconf 90' lang='lat' dir='ltr'><strong>his</strong></span> <span class='ocrx_word' id='word_1_82' title='bbox 593 1462 802 1520; x_wconf 78' lang='lat' dir='ltr'><strong>verbiS.</strong></span> <span class='ocrx_word' id='word_1_83' title='bbox 879 1511 885 1517; x_wconf 91' lang='lat'>.</span> 
     </span>
     <span class='ocr_line' id='line_1_14' title="bbox 296 1544 1835 1619; baseline 0.003 -17"><span class='ocrx_word' id='word_1_84' title='bbox 296 1561 441 1619; x_wconf 57' lang='lat' dir='ltr'><strong>‘renis</strong></span> <span class='ocrx_word' id='word_1_85' title='bbox 553 1544 682 1600; x_wconf 74' lang='grc'>322.</span> <span class='ocrx_word' id='word_1_86' title='bbox 727 1546 921 1602; x_wconf 90' lang='lat' dir='ltr'><strong>Tertia</strong></span> <span class='ocrx_word' id='word_1_87' title='bbox 958 1549 1243 1605; x_wconf 89' lang='lat' dir='ltr'><strong>sententia</strong></span> <span class='ocrx_word' id='word_1_88' title='bbox 1294 1549 1566 1618; x_wconf 81' lang='lat' dir='ltr'><strong>defendit,</strong></span> <span class='ocrx_word' id='word_1_89' title='bbox 1623 1547 1695 1607; x_wconf 91' lang='lat' dir='ltr'><strong>ad</strong></span> <span class='ocrx_word' id='word_1_90' title='bbox 1738 1565 1835 1606; x_wconf 91' lang='lat' dir='ltr'><strong>re-</strong></span> 
     </span>
     <span class='ocr_line' id='line_1_15' title="bbox 250 1614 1835 1706; baseline 0.005 -26"><span class='ocrx_word' id='word_1_91' title='bbox 250 1614 467 1706; x_wconf 60' lang='grc' dir='ltr'><strong>ξξζζξξξξξζ</strong></span> <span class='ocrx_word' id='word_1_92' title='bbox 481 1626 815 1684; x_wconf 89' lang='lat' dir='ltr'><strong>missionem</strong></span> <span class='ocrx_word' id='word_1_93' title='bbox 844 1635 1198 1700; x_wconf 90' lang='lat' dir='ltr'><strong>peccatorum</strong></span> <span class='ocrx_word' id='word_1_94' title='bbox 1228 1632 1551 1688; x_wconf 87' lang='lat' dir='ltr'><strong>venialium</strong></span> <span class='ocrx_word' id='word_1_95' title='bbox 1579 1632 1835 1689; x_wconf 89' lang='lat' dir='ltr'><strong>sufficere</strong></span> 
     </span>
     <span class='ocr_line' id='line_1_16' title="bbox 480 1706 1833 1779; baseline 0.004 -17"><span class='ocrx_word' id='word_1_96' title='bbox 480 1706 731 1779; x_wconf 87' lang='lat' dir='ltr'><strong>aliquam</strong></span> <span class='ocrx_word' id='word_1_97' title='bbox 760 1708 1155 1779; x_wconf 88' lang='lat' dir='ltr'><strong>poenitentiam</strong></span> <span class='ocrx_word' id='word_1_98' title='bbox 1192 1709 1517 1776; x_wconf 87' lang='lat' dir='ltr'><strong>formalem,</strong></span> <span class='ocrx_word' id='word_1_99' title='bbox 1562 1712 1655 1767; x_wconf 88' lang='lat' dir='ltr'><strong>vel</strong></span> <span class='ocrx_word' id='word_1_100' title='bbox 1707 1712 1833 1767; x_wconf 90' lang='lat' dir='ltr'><strong>vir—</strong></span> 
     </span>
     <span class='ocr_line' id='line_1_17' title="bbox 475 1788 1832 1865; baseline 0.005 -24"><span class='ocrx_word' id='word_1_101' title='bbox 475 1788 717 1850; x_wconf 82' lang='lat' dir='ltr'><strong>tualem;</strong></span> <span class='ocrx_word' id='word_1_102' title='bbox 759 1794 814 1843; x_wconf 89' lang='lat' dir='ltr'><strong>et</strong></span> <span class='ocrx_word' id='word_1_103' title='bbox 858 1788 1005 1845; x_wconf 88' lang='lat' dir='ltr'><strong>hanc</strong></span> <span class='ocrx_word' id='word_1_104' title='bbox 1049 1791 1357 1847; x_wconf 75' lang='lat' dir='ltr'><strong>virtualem</strong></span> <span class='ocrx_word' id='word_1_105' title='bbox 1405 1791 1832 1865; x_wconf 80' lang='lat' dir='ltr'><strong>displicentiam</strong></span> 
     </span>
     <span class='ocr_line' id='line_1_18' title="bbox 473 1867 1835 1939; baseline 0.004 -17"><span class='ocrx_word' id='word_1_106' title='bbox 473 1867 688 1923; x_wconf 89' lang='lat' dir='ltr'><strong>salvari</strong></span> <span class='ocrx_word' id='word_1_107' title='bbox 718 1883 834 1924; x_wconf 92' lang='lat' dir='ltr'><strong>non</strong></span> <span class='ocrx_word' id='word_1_108' title='bbox 854 1871 1040 1925; x_wconf 90' lang='lat' dir='ltr'><strong>solum</strong></span> <span class='ocrx_word' id='word_1_109' title='bbox 1072 1871 1134 1927; x_wconf 91' lang='lat' dir='ltr'><strong>in</strong></span> <span class='ocrx_word' id='word_1_110' title='bbox 1160 1887 1361 1928; x_wconf 90' lang='lat' dir='ltr'><strong>amore</strong></span> <span class='ocrx_word' id='word_1_111' title='bbox 1385 1871 1705 1939; x_wconf 88' lang='lat' dir='ltr'><strong>charitatis,</strong></span> <span class='ocrx_word' id='word_1_112' title='bbox 1735 1872 1835 1929; x_wconf 90' lang='lat' dir='ltr'><strong>sed</strong></span> 
     </span>
     <span class='ocr_line' id='line_1_19' title="bbox 474 1948 1830 2022; baseline 0.002 -16"><span class='ocrx_word' id='word_1_113' title='bbox 474 1948 651 2006; x_wconf 85' lang='lat' dir='ltr'><strong>etiam</strong></span> <span class='ocrx_word' id='word_1_114' title='bbox 676 1949 738 2004; x_wconf 90' lang='lat' dir='ltr'><strong>in</strong></span> <span class='ocrx_word' id='word_1_115' title='bbox 768 1950 1027 2022; x_wconf 91' lang='lat' dir='ltr'><strong>pluribus</strong></span> <span class='ocrx_word' id='word_1_116' title='bbox 1072 1953 1203 2008; x_wconf 88' lang='lat' dir='ltr'><strong>aliis</strong></span> <span class='ocrx_word' id='word_1_117' title='bbox 1241 1954 1526 2009; x_wconf 90' lang='lat' dir='ltr'><strong>virtutum</strong></span> <span class='ocrx_word' id='word_1_118' title='bbox 1573 1954 1830 2021; x_wconf 88' lang='lat' dir='ltr'><strong>actibus;</strong></span> 
     </span>
     <span class='ocr_line' id='line_1_20' title="bbox 476 2030 1834 2107; baseline 0.005 -24"><span class='ocrx_word' id='word_1_119' title='bbox 476 2030 742 2101; x_wconf 86' lang='lat' dir='ltr'><strong>quamvis</strong></span> <span class='ocrx_word' id='word_1_120' title='bbox 776 2030 839 2085; x_wconf 91' lang='lat' dir='ltr'><strong>in</strong></span> <span class='ocrx_word' id='word_1_121' title='bbox 861 2032 1220 2105; x_wconf 83' lang='lat' dir='ltr'><strong>assignandis</strong></span> <span class='ocrx_word' id='word_1_122' title='bbox 1260 2033 1585 2106; x_wconf 85' lang='lat' dir='ltr'><strong>hujusmodi</strong></span> <span class='ocrx_word' id='word_1_123' title='bbox 1628 2049 1834 2107; x_wconf 89' lang='lat' dir='ltr'><strong>opera-</strong></span> 
     </span>
     <span class='ocr_line' id='line_1_21' title="bbox 478 2108 1836 2187; baseline 0.006 -24"><span class='ocrx_word' id='word_1_124' title='bbox 478 2108 732 2164; x_wconf 84' lang='lat' dir='ltr'><strong>tionibus</strong></span> <span class='ocrx_word' id='word_1_125' title='bbox 771 2125 887 2167; x_wconf 91' lang='lat' dir='ltr'><strong>non</strong></span> <span class='ocrx_word' id='word_1_126' title='bbox 933 2114 1070 2168; x_wconf 91' lang='lat' dir='ltr'><strong>satis</strong></span> <span class='ocrx_word' id='word_1_127' title='bbox 1096 2114 1449 2171; x_wconf 87' lang='lat' dir='ltr'><strong>conveniant</strong></span> <span class='ocrx_word' id='word_1_128' title='bbox 1472 2115 1595 2187; x_wconf 88' lang='lat' dir='ltr'><strong>ejus</strong></span> <span class='ocrx_word' id='word_1_129' title='bbox 1622 2114 1836 2171; x_wconf 86' lang='lat' dir='ltr'><strong>Antho-</strong></span> 
     </span>
     <span class='ocr_line' id='line_1_22' title="bbox 255 2192 1829 2261; baseline 0.001 -14"><span class='ocrx_word' id='word_1_130' title='bbox 255 2205 445 2250; x_wconf 76' lang='lat' dir='ltr'><strong>nnona.</strong></span> <span class='ocrx_word' id='word_1_131' title='bbox 479 2206 591 2247; x_wconf 91' lang='lat' dir='ltr'><strong>res.</strong></span> <span class='ocrx_word' id='word_1_132' title='bbox 615 2192 695 2247; x_wconf 90' lang='lat' dir='ltr'><strong>Ita</strong></span> <span class='ocrx_word' id='word_1_133' title='bbox 722 2194 786 2247; x_wconf 90' lang='lat' dir='ltr'><strong>D.</strong></span> <span class='ocrx_word' id='word_1_134' title='bbox 830 2194 1143 2251; x_wconf 90' lang='lat' dir='ltr'><strong>Bonavent.</strong></span> <span class='ocrx_word' id='word_1_135' title='bbox 1171 2198 1231 2250; x_wconf 85' lang='lat' dir='ltr'><strong>in</strong></span> <span class='ocrx_word' id='word_1_136' title='bbox 1261 2196 1317 2261; x_wconf 89' lang='grc'><strong>4,</strong></span> <span class='ocrx_word' id='word_1_137' title='bbox 1342 2197 1469 2252; x_wconf 83' lang='lat' dir='ltr'><strong>dist.</strong></span> <span class='ocrx_word' id='word_1_138' title='bbox 1502 2197 1593 2261; x_wconf 89' lang='grc'><strong>21,</strong></span> <span class='ocrx_word' id='word_1_139' title='bbox 1632 2201 1740 2251; x_wconf 81' lang='lat' dir='ltr'><strong>art.</strong></span> <span class='ocrx_word' id='word_1_140' title='bbox 1781 2197 1829 2260; x_wconf 90' lang='lat' dir='ltr'><strong>l,</strong></span> 
     </span>
     <span class='ocr_line' id='line_1_23' title="bbox 260 2256 1834 2356; baseline 0.004 -29"><span class='ocrx_word' id='word_1_141' title='bbox 260 2256 453 2351; x_wconf 45' lang='lat'><strong>3532&amp;</strong></span> <span class='ocrx_word' id='word_1_142' title='bbox 478 2280 661 2350; x_wconf 53' lang='grc' dir='ltr'><strong><em>φηςι.</em></strong></span> <span class='ocrx_word' id='word_1_143' title='bbox 707 2275 762 2341; x_wconf 80' lang='lat'><strong>2,</strong></span> <span class='ocrx_word' id='word_1_144' title='bbox 795 2276 987 2331; x_wconf 82' lang='lat' dir='ltr'><strong>scotus</strong></span> <span class='ocrx_word' id='word_1_145' title='bbox 1033 2277 1231 2333; x_wconf 68' lang='lat' dir='ltr'><strong>ibidem</strong></span> <span class='ocrx_word' id='word_1_146' title='bbox 1282 2286 1465 2356; x_wconf 66' lang='lat' dir='ltr'><strong>qma.</strong></span> <span class='ocrx_word' id='word_1_147' title='bbox 1505 2280 1550 2344; x_wconf 93' lang='lat'><strong>1,</strong></span> <span class='ocrx_word' id='word_1_148' title='bbox 1602 2277 1834 2335; x_wconf 79' lang='lat' dir='ltr'><strong>Gabriel</strong></span> 
     </span>
     <span class='ocr_line' id='line_1_24' title="bbox 267 2355 1829 2449; baseline 0.005 -42"><span class='ocrx_word' id='word_1_149' title='bbox 267 2357 438 2449; x_wconf 60' lang='lat' dir='ltr'><strong>gfflss}</strong></span> <span class='ocrx_word' id='word_1_150' title='bbox 477 2355 606 2409; x_wconf 79' lang='lat' dir='ltr'><strong>dist.</strong></span> <span class='ocrx_word' id='word_1_151' title='bbox 646 2356 728 2416; x_wconf 86' lang='lat'><strong>16,</strong></span> <span class='ocrx_word' id='word_1_152' title='bbox 785 2365 964 2432; x_wconf 71' lang='lat' dir='ltr'><strong>quoest.</strong></span> <span class='ocrx_word' id='word_1_153' title='bbox 990 2359 1044 2424; x_wconf 87' lang='lat'><strong>5,</strong></span> <span class='ocrx_word' id='word_1_154' title='bbox 1095 2366 1203 2415; x_wconf 84' lang='lat' dir='ltr'><strong>art.</strong></span> <span class='ocrx_word' id='word_1_155' title='bbox 1236 2361 1293 2426; x_wconf 92' lang='grc'><strong>2,</strong></span> <span class='ocrx_word' id='word_1_156' title='bbox 1338 2359 1522 2433; x_wconf 90' lang='lat' dir='ltr'><strong>Maj0r</strong></span> <span class='ocrx_word' id='word_1_157' title='bbox 1559 2366 1742 2436; x_wconf 71' lang='lat' dir='ltr'><strong>quaest.</strong></span> <span class='ocrx_word' id='word_1_158' title='bbox 1782 2361 1829 2425; x_wconf 86' lang='lat'><strong>1,</strong></span> 
     </span>
     <span class='ocr_line' id='line_1_25' title="bbox 278 2435 1835 2511; baseline 0.006 -24"><span class='ocrx_word' id='word_1_159' title='bbox 278 2439 443 2498; x_wconf 55' lang='lat' dir='ltr'><strong>nediu:</strong></span> <span class='ocrx_word' id='word_1_160' title='bbox 478 2436 689 2490; x_wconf 89' lang='lat' dir='ltr'><strong>Suarez</strong></span> <span class='ocrx_word' id='word_1_161' title='bbox 708 2435 770 2488; x_wconf 82' lang='lat' dir='ltr'><strong>de</strong></span> <span class='ocrx_word' id='word_1_162' title='bbox 790 2436 1123 2493; x_wconf 65' lang='lat' dir='ltr'><strong>Paenitentia</strong></span> <span class='ocrx_word' id='word_1_163' title='bbox 1150 2439 1292 2511; x_wconf 78' lang='lat' dir='ltr'><strong>disp.</strong></span> <span class='ocrx_word' id='word_1_164' title='bbox 1350 2442 1433 2505; x_wconf 89' lang='lat'><strong>11,</strong></span> <span class='ocrx_word' id='word_1_165' title='bbox 1464 2447 1589 2496; x_wconf 84' lang='lat' dir='ltr'><strong>sect.</strong></span> <span class='ocrx_word' id='word_1_166' title='bbox 1623 2440 1677 2505; x_wconf 89' lang='grc'><strong>3,</strong></span> <span class='ocrx_word' id='word_1_167' title='bbox 1709 2442 1835 2496; x_wconf 88' lang='lat' dir='ltr'><strong>Me-</strong></span> 
     </span>
     <span class='ocr_line' id='line_1_26' title="bbox 276 2503 1829 2599; baseline 0.004 -30"><span class='ocrx_word' id='word_1_168' title='bbox 276 2503 438 2549; x_wconf 55' lang='lat' dir='ltr'><strong>mfflss·</strong></span> <span class='ocrx_word' id='word_1_169' title='bbox 478 2514 616 2570; x_wconf 89' lang='lat' dir='ltr'><strong>dina</strong></span> <span class='ocrx_word' id='word_1_170' title='bbox 632 2518 915 2589; x_wconf 90' lang='lat' dir='ltr'><strong>Complut.</strong></span> <span class='ocrx_word' id='word_1_171' title='bbox 938 2526 1101 2575; x_wconf 76' lang='lat' dir='ltr'><strong>tract.</strong></span> <span class='ocrx_word' id='word_1_172' title='bbox 1134 2522 1153 2576; x_wconf 93' lang='lat' dir='ltr'><strong>l</strong></span> <span class='ocrx_word' id='word_1_173' title='bbox 1186 2522 1558 2579; x_wconf 77' lang='lat' dir='ltr'><strong>choenitent.</strong></span> <span class='ocrx_word' id='word_1_174' title='bbox 1585 2522 1829 2599; x_wconf 70' lang='lat' dir='ltr'><strong>quaest3,</strong></span> 
     </span>
    </p>
   </div>
   <div class='ocr_carea' id='block_1_3' title="bbox 260 2554 1832 2670">
    <p class='ocr_par' dir='ltr' id='par_1_4' title="bbox 260 2554 1832 2670">
     <span class='ocr_line' id='line_1_27' title="bbox 260 2554 1832 2670; baseline 0.009 -27"><span class='ocrx_word' id='word_1_175' title='bbox 260 2554 439 2647; x_wconf 42' lang='lat' dir='ltr'><strong>³¹31}ss</strong></span> <span class='ocrx_word' id='word_1_176' title='bbox 478 2596 802 2651; x_wconf 85' lang='lat' dir='ltr'><strong>Dicastillus</strong></span> <span class='ocrx_word' id='word_1_177' title='bbox 826 2598 970 2670; x_wconf 81' lang='lat' dir='ltr'><strong>disp.</strong></span> <span class='ocrx_word' id='word_1_178' title='bbox 993 2602 1047 2665; x_wconf 78' lang='lat'><strong>2,</strong></span> <span class='ocrx_word' id='word_1_179' title='bbox 1080 2601 1207 2657; x_wconf 73' lang='lat' dir='ltr'><strong>dub.</strong></span> <span class='ocrx_word' id='word_1_180' title='bbox 1249 2604 1332 2668; x_wconf 89' lang='lat'><strong>17,</strong></span> <span class='ocrx_word' id='word_1_181' title='bbox 1352 2620 1507 2658; x_wconf 75' lang='lat' dir='ltr'><strong><em>num.</em></strong></span> <span class='ocrx_word' id='word_1_182' title='bbox 1523 2604 1634 2657; x_wconf 80' lang='lat'><strong>405</strong></span> <span class='ocrx_word' id='word_1_183' title='bbox 1654 2602 1832 2658; x_wconf 84' lang='lat' dir='ltr'><strong>etalii</strong></span> 
     </span>
    </p>
   </div>
   <div class='ocr_carea' id='block_1_4' title="bbox 252 2652 1836 5031">
    <p class='ocr_par' dir='ltr' id='par_1_5' title="bbox 252 2652 1836 5031">
     <span class='ocr_line' id='line_1_28' title="bbox 256 2652 1836 2750; baseline 0.006 -20"><span class='ocrx_word' id='word_1_184' title='bbox 256 2652 458 2746; x_wconf 51' lang='grc' dir='ltr'><strong>Βρᾞἒξῗ·</strong></span> <span class='ocrx_word' id='word_1_185' title='bbox 476 2677 687 2750; x_wconf 87' lang='lat' dir='ltr'><strong>plures.</strong></span> <span class='ocrx_word' id='word_1_186' title='bbox 714 2677 929 2741; x_wconf 90' lang='lat' dir='ltr'><strong>Quibus</strong></span> <span class='ocrx_word' id='word_1_187' title='bbox 954 2681 1126 2737; x_wconf 86' lang='lat' dir='ltr'><strong>etiam</strong></span> <span class='ocrx_word' id='word_1_188' title='bbox 1154 2699 1225 2740; x_wconf 88' lang='lat' dir='ltr'><strong>ex</strong></span> <span class='ocrx_word' id='word_1_189' title='bbox 1253 2684 1567 2740; x_wconf 87' lang='lat' dir='ltr'><strong>Thomistis</strong></span> <span class='ocrx_word' id='word_1_190' title='bbox 1590 2683 1836 2740; x_wconf 89' lang='lat' dir='ltr'><strong>subscri-</strong></span> 
     </span>
     <span class='ocr_line' id='line_1_29' title="bbox 476 2760 1829 2839; baseline 0.004 -23"><span class='ocrx_word' id='word_1_191' title='bbox 476 2760 872 2834; x_wconf 82' lang='lat' dir='ltr'><strong>buntNugtius</strong></span> <span class='ocrx_word' id='word_1_192' title='bbox 897 2764 931 2817; x_wconf 90' lang='lat'>3</span> <span class='ocrx_word' id='word_1_193' title='bbox 952 2771 1103 2834; x_wconf 83' lang='lat' dir='ltr'><strong>part.</strong></span> <span class='ocrx_word' id='word_1_194' title='bbox 1127 2771 1305 2839; x_wconf 60' lang='lat' dir='ltr'><strong>quast.</strong></span> <span class='ocrx_word' id='word_1_195' title='bbox 1332 2766 1425 2831; x_wconf 91' lang='lat'><strong>87,</strong></span> <span class='ocrx_word' id='word_1_196' title='bbox 1443 2772 1551 2821; x_wconf 82' lang='lat' dir='ltr'><strong>art.</strong></span> <span class='ocrx_word' id='word_1_197' title='bbox 1589 2766 1635 2831; x_wconf 93' lang='lat'><strong>1,</strong></span> <span class='ocrx_word' id='word_1_198' title='bbox 1663 2767 1829 2822; x_wconf 80' lang='lat' dir='ltr'><strong>Joan.</strong></span> 
     </span>
     <span class='ocr_line' id='line_1_30' title="bbox 477 2840 1832 2920; baseline 0.004 -22"><span class='ocrx_word' id='word_1_199' title='bbox 477 2857 510 2898; x_wconf 89' lang='lat' dir='ltr'><strong>a</strong></span> <span class='ocrx_word' id='word_1_200' title='bbox 530 2842 584 2897; x_wconf 92' lang='lat' dir='ltr'><strong>S.</strong></span> <span class='ocrx_word' id='word_1_201' title='bbox 618 2840 838 2897; x_wconf 86' lang='lat' dir='ltr'><strong>Thoma</strong></span> <span class='ocrx_word' id='word_1_202' title='bbox 865 2841 946 2899; x_wconf 90' lang='lat' dir='ltr'><strong>ibi</strong></span> <span class='ocrx_word' id='word_1_203' title='bbox 973 2844 1115 2917; x_wconf 81' lang='lat' dir='ltr'><strong>disp.</strong></span> <span class='ocrx_word' id='word_1_204' title='bbox 1146 2845 1238 2912; x_wconf 81' lang='lat'><strong>35,</strong></span> <span class='ocrx_word' id='word_1_205' title='bbox 1264 2851 1372 2901; x_wconf 83' lang='lat' dir='ltr'><strong>art.</strong></span> <span class='ocrx_word' id='word_1_206' title='bbox 1405 2847 1462 2913; x_wconf 91' lang='grc'><strong>2,</strong></span> <span class='ocrx_word' id='word_1_207' title='bbox 1487 2849 1667 2903; x_wconf 91' lang='lat' dir='ltr'><strong>Gonet</strong></span> <span class='ocrx_word' id='word_1_208' title='bbox 1688 2847 1832 2920; x_wconf 82' lang='lat' dir='ltr'><strong>disp.</strong></span> 
     </span>
     <span class='ocr_line' id='line_1_31' title="bbox 475 2924 1831 2997; baseline 0.006 -20"><span class='ocrx_word' id='word_1_209' title='bbox 475 2925 511 2978; x_wconf 90' lang='grc'><strong>4</strong></span> <span class='ocrx_word' id='word_1_210' title='bbox 537 2924 951 2981; x_wconf 78' lang='lat' dir='ltr'><strong>choeni&#39;tentia</strong></span> <span class='ocrx_word' id='word_1_211' title='bbox 976 2935 1085 2983; x_wconf 80' lang='lat' dir='ltr'><strong>art.</strong></span> <span class='ocrx_word' id='word_1_212' title='bbox 1127 2929 1173 2994; x_wconf 90' lang='lat'><strong>1,</strong></span> <span class='ocrx_word' id='word_1_213' title='bbox 1204 2928 1307 2997; x_wconf 73' lang='lat'><strong>§3‚</strong></span> <span class='ocrx_word' id='word_1_214' title='bbox 1339 2945 1491 2985; x_wconf 82' lang='lat' dir='ltr'><strong>num.</strong></span> <span class='ocrx_word' id='word_1_215' title='bbox 1523 2930 1588 2985; x_wconf 84' lang='lat'><strong>21</strong></span> <span class='ocrx_word' id='word_1_216' title='bbox 1623 2933 1680 2986; x_wconf 88' lang='lat' dir='ltr'><strong>et</strong></span> <span class='ocrx_word' id='word_1_217' title='bbox 1707 2930 1831 2986; x_wconf 90' lang='lat' dir='ltr'><strong>alii.</strong></span> 
     </span>
     <span class='ocr_line' id='line_1_32' title="bbox 252 3006 1835 3081; baseline 0.006 -24"><span class='ocrx_word' id='word_1_218' title='bbox 252 3025 443 3071; x_wconf 73' lang='lat' dir='ltr'><strong>Primum</strong></span> <span class='ocrx_word' id='word_1_219' title='bbox 547 3006 684 3069; x_wconf 66' lang='lat' dir='ltr'><strong>Quae</strong></span> <span class='ocrx_word' id='word_1_220' title='bbox 705 3007 990 3063; x_wconf 90' lang='lat' dir='ltr'><strong>sententia</strong></span> <span class='ocrx_word' id='word_1_221' title='bbox 1041 3013 1220 3080; x_wconf 89' lang='lat' dir='ltr'><strong>potest</strong></span> <span class='ocrx_word' id='word_1_222' title='bbox 1261 3007 1493 3081; x_wconf 89' lang='lat' dir='ltr'><strong>probari</strong></span> <span class='ocrx_word' id='word_1_223' title='bbox 1524 3009 1714 3081; x_wconf 92' lang='lat' dir='ltr'><strong>primo</strong></span> <span class='ocrx_word' id='word_1_224' title='bbox 1763 3026 1835 3067; x_wconf 82' lang='lat' dir='ltr'><strong>ex</strong></span> 
     </span>
     <span class='ocr_line' id='line_1_33' title="bbox 258 3076 1829 3169; baseline 0.003 -28"><span class='ocrx_word' id='word_1_225' title='bbox 258 3076 460 3169; x_wconf 51' lang='lat' dir='ltr'><strong>“gfflffff</strong></span> <span class='ocrx_word' id='word_1_226' title='bbox 473 3086 685 3143; x_wconf 90' lang='lat' dir='ltr'><strong>Concil.</strong></span> <span class='ocrx_word' id='word_1_227' title='bbox 711 3086 971 3144; x_wconf 89' lang='lat' dir='ltr'><strong>Trident.</strong></span> <span class='ocrx_word' id='word_1_228' title='bbox 1000 3106 1126 3145; x_wconf 79' lang='lat' dir='ltr'><strong>sess,</strong></span> <span class='ocrx_word' id='word_1_229' title='bbox 1167 3091 1248 3159; x_wconf 87' lang='grc'><strong>14,</strong></span> <span class='ocrx_word' id='word_1_230' title='bbox 1281 3108 1405 3163; x_wconf 82' lang='lat' dir='ltr'><strong>cap.</strong></span> <span class='ocrx_word' id='word_1_231' title='bbox 1428 3091 1482 3155; x_wconf 87' lang='lat'><strong>5,</strong></span> <span class='ocrx_word' id='word_1_232' title='bbox 1510 3089 1606 3145; x_wconf 89' lang='lat' dir='ltr'><strong>ubi</strong></span> <span class='ocrx_word' id='word_1_233' title='bbox 1648 3090 1829 3158; x_wconf 91' lang='lat' dir='ltr'><strong>docet,</strong></span> 
     </span>
     <span class='ocr_line' id='line_1_34' title="bbox 263 3167 1835 3247; baseline 0.006 -29"><span class='ocrx_word' id='word_1_234' title='bbox 263 3175 458 3220; x_wconf 77' lang='lat' dir='ltr'><strong>Trideni.</strong></span> <span class='ocrx_word' id='word_1_235' title='bbox 472 3171 696 3239; x_wconf 88' lang='lat' dir='ltr'><strong>peccata</strong></span> <span class='ocrx_word' id='word_1_236' title='bbox 735 3167 987 3225; x_wconf 88' lang='lat' dir='ltr'><strong>venialia</strong></span> <span class='ocrx_word' id='word_1_237' title='bbox 1008 3185 1170 3242; x_wconf 90' lang='lat' dir='ltr'><strong>posse</strong></span> <span class='ocrx_word' id='word_1_238' title='bbox 1200 3171 1262 3247; x_wconf 86' lang='lat' dir='ltr'><strong>in</strong></span> <span class='ocrx_word' id='word_1_239' title='bbox 1282 3171 1640 3228; x_wconf 80' lang='lat' dir='ltr'><strong>confessione</strong></span> <span class='ocrx_word' id='word_1_240' title='bbox 1662 3176 1835 3227; x_wconf 80' lang='lat' dir='ltr'><strong>taceri</strong></span> 
     </span>
     <span class='ocr_line' id='line_1_35' title="bbox 470 3247 1836 3329; baseline 0.005 -27"><span class='ocrx_word' id='word_1_241' title='bbox 470 3249 612 3303; x_wconf 85' lang='lat' dir='ltr'><strong>citra</strong></span> <span class='ocrx_word' id='word_1_242' title='bbox 633 3247 853 3321; x_wconf 80' lang='lat' dir='ltr'><strong>culpam</strong></span> <span class='ocrx_word' id='word_1_243' title='bbox 875 3254 966 3305; x_wconf 86' lang='lat' dir='ltr'><strong>:et</strong></span> <span class='ocrx_word' id='word_1_244' title='bbox 989 3250 1272 3307; x_wconf 88' lang='lat' dir='ltr'><strong>rationem</strong></span> <span class='ocrx_word' id='word_1_245' title='bbox 1309 3251 1670 3329; x_wconf 76' lang='lat' dir='ltr'><strong>tradit,&#39;·quia</strong></span> <span class='ocrx_word' id='word_1_246' title='bbox 1710 3272 1836 3327; x_wconf 77' lang='lat' dir='ltr'><strong>pos-</strong></span> 
     </span>
     <span class='ocr_line' id='line_1_36' title="bbox 469 3331 1834 3408; baseline 0.007 -24"><span class='ocrx_word' id='word_1_247' title='bbox 469 3337 598 3385; x_wconf 77' lang='lat' dir='ltr'><strong>sunt</strong></span> <span class='ocrx_word' id='word_1_248' title='bbox 636 3331 825 3385; x_wconf 79' lang='lat' dir='ltr'><strong>multis</strong></span> <span class='ocrx_word' id='word_1_249' title='bbox 844 3332 977 3387; x_wconf 82' lang='lat' dir='ltr'><strong>aliis</strong></span> <span class='ocrx_word' id='word_1_250' title='bbox 998 3333 1190 3389; x_wconf 77' lang='lat' dir='ltr'><strong>mediis</strong></span> <span class='ocrx_word' id='word_1_251' title='bbox 1201 3337 1423 3408; x_wconf 73' lang='lat' dir='ltr'><strong>expiari</strong></span> <span class='ocrx_word' id='word_1_252' title='bbox 1442 3355 1461 3389; x_wconf 93' lang='lat'><strong>.·</strong></span> <span class='ocrx_word' id='word_1_253' title='bbox 1482 3334 1580 3392; x_wconf 87' lang='lat' dir='ltr'><strong>sed</strong></span> <span class='ocrx_word' id='word_1_254' title='bbox 1601 3335 1649 3390; x_wconf 91' lang='lat' dir='ltr'><strong>si</strong></span> <span class='ocrx_word' id='word_1_255' title='bbox 1670 3341 1834 3393; x_wconf 88' lang='lat' dir='ltr'><strong>extra</strong></span> 
     </span>
     <span class='ocr_line' id='line_1_37' title="bbox 448 3413 1834 3488; baseline 0.009 -24"><span class='ocrx_word' id='word_1_256' title='bbox 448 3416 893 3467; x_wconf 77' lang='lat' dir='ltr'><strong>sacramentum</strong></span> <span class='ocrx_word' id='word_1_257' title='bbox 929 3413 1281 3486; x_wconf 80' lang='lat' dir='ltr'><strong>poenitentiae</strong></span> <span class='ocrx_word' id='word_1_258' title='bbox 1322 3432 1439 3473; x_wconf 90' lang='lat' dir='ltr'><strong>non</strong></span> <span class='ocrx_word' id='word_1_259' title='bbox 1462 3422 1698 3488; x_wconf 89' lang='lat' dir='ltr'><strong>possunt</strong></span> <span class='ocrx_word' id='word_1_260' title='bbox 1731 3433 1834 3475; x_wconf 92' lang='lat' dir='ltr'><strong>ve-</strong></span> 
     </span>
     <span class='ocr_line' id='line_1_38' title="bbox 468 3490 1835 3566; baseline 0.006 -21"><span class='ocrx_word' id='word_1_261' title='bbox 468 3490 652 3547; x_wconf 88' lang='lat' dir='ltr'><strong>nialia</strong></span> <span class='ocrx_word' id='word_1_262' title='bbox 679 3492 916 3560; x_wconf 82' lang='lat' dir='ltr'><strong>auferri,</strong></span> <span class='ocrx_word' id='word_1_263' title='bbox 950 3494 1062 3550; x_wconf 90' lang='lat' dir='ltr'><strong>nisi</strong></span> <span class='ocrx_word' id='word_1_264' title='bbox 1090 3511 1191 3566; x_wconf 88' lang='lat' dir='ltr'><strong>per</strong></span> <span class='ocrx_word' id='word_1_265' title='bbox 1218 3495 1585 3555; x_wconf 88' lang='lat' dir='ltr'><strong>dilectionem</strong></span> <span class='ocrx_word' id='word_1_266' title='bbox 1630 3498 1752 3562; x_wconf 90' lang='lat' dir='ltr'><strong>Dei,</strong></span> <span class='ocrx_word' id='word_1_267' title='bbox 1777 3503 1835 3555; x_wconf 96' lang='lat' dir='ltr'><strong>et</strong></span> 
     </span>
     <span class='ocr_line' id='line_1_39' title="bbox 463 3569 1834 3649; baseline 0.007 -23"><span class='ocrx_word' id='word_1_268' title='bbox 463 3569 723 3628; x_wconf 88' lang='lat' dir='ltr'><strong>dolorem</strong></span> <span class='ocrx_word' id='word_1_269' title='bbox 749 3590 820 3630; x_wconf 86' lang='lat' dir='ltr'><strong>ex</strong></span> <span class='ocrx_word' id='word_1_270' title='bbox 859 3574 965 3631; x_wconf 90' lang='lat' dir='ltr'><strong>hoc</strong></span> <span class='ocrx_word' id='word_1_271' title='bbox 1002 3591 1198 3633; x_wconf 89' lang='lat' dir='ltr'><strong>amore</strong></span> <span class='ocrx_word' id='word_1_272' title='bbox 1242 3577 1658 3649; x_wconf 83' lang='lat' dir='ltr'><strong>procedentem,</strong></span> <span class='ocrx_word' id='word_1_273' title='bbox 1714 3594 1834 3635; x_wconf 90' lang='lat' dir='ltr'><strong>non</strong></span> 
     </span>
     <span class='ocr_line' id='line_1_40' title="bbox 467 3656 1833 3728; baseline 0.007 -21"><span class='ocrx_word' id='word_1_274' title='bbox 467 3659 695 3725; x_wconf 88' lang='lat' dir='ltr'><strong>possent</strong></span> <span class='ocrx_word' id='word_1_275' title='bbox 718 3656 941 3728; x_wconf 89' lang='lat' dir='ltr'><strong>expiari</strong></span> <span class='ocrx_word' id='word_1_276' title='bbox 982 3657 1190 3714; x_wconf 89' lang='lat' dir='ltr'><strong>mediis</strong></span> <span class='ocrx_word' id='word_1_277' title='bbox 1218 3659 1351 3714; x_wconf 89' lang='lat' dir='ltr'><strong>aliis</strong></span> <span class='ocrx_word' id='word_1_278' title='bbox 1398 3660 1689 3726; x_wconf 84' lang='lat' dir='ltr'><strong>remediis,</strong></span> <span class='ocrx_word' id='word_1_279' title='bbox 1732 3660 1833 3717; x_wconf 90' lang='lat' dir='ltr'><strong>sed</strong></span> 
     </span>
     <span class='ocr_line' id='line_1_41' title="bbox 467 3733 1832 3810; baseline 0.007 -23"><span class='ocrx_word' id='word_1_280' title='bbox 467 3733 637 3791; x_wconf 88' lang='lat' dir='ltr'><strong>unico</strong></span> <span class='ocrx_word' id='word_1_281' title='bbox 657 3740 881 3792; x_wconf 90' lang='lat' dir='ltr'><strong>tantum</strong></span> <span class='ocrx_word' id='word_1_282' title='bbox 909 3760 922 3794; x_wconf 69' lang='grc' dir='ltr'><strong>ι</strong></span> <span class='ocrx_word' id='word_1_283' title='bbox 946 3753 1082 3810; x_wconf 79' lang='lat' dir='ltr'><strong>ergo</strong></span> <span class='ocrx_word' id='word_1_284' title='bbox 1103 3743 1327 3810; x_wconf 89' lang='lat' dir='ltr'><strong>peccata</strong></span> <span class='ocrx_word' id='word_1_285' title='bbox 1354 3740 1609 3797; x_wconf 88' lang='lat' dir='ltr'><strong>venialia</strong></span> <span class='ocrx_word' id='word_1_286' title='bbox 1648 3740 1832 3797; x_wconf 90' lang='lat' dir='ltr'><strong>deleri</strong></span> 
     </span>
     <span class='ocr_line' id='line_1_42' title="bbox 470 3818 1835 3895; baseline 0.005 -26"><span class='ocrx_word' id='word_1_287' title='bbox 470 3820 706 3895; x_wconf 83' lang='lat' dir='ltr'><strong>possunt</strong></span> <span class='ocrx_word' id='word_1_288' title='bbox 745 3830 863 3872; x_wconf 91' lang='lat' dir='ltr'><strong>non</strong></span> <span class='ocrx_word' id='word_1_289' title='bbox 908 3818 1095 3874; x_wconf 91' lang='lat' dir='ltr'><strong>solum</strong></span> <span class='ocrx_word' id='word_1_290' title='bbox 1151 3833 1253 3891; x_wconf 90' lang='lat' dir='ltr'><strong>per</strong></span> <span class='ocrx_word' id='word_1_291' title='bbox 1303 3819 1731 3886; x_wconf 88' lang='lat' dir='ltr'><strong>contritionem,</strong></span> <span class='ocrx_word' id='word_1_292' title='bbox 1776 3825 1835 3877; x_wconf 93' lang='lat' dir='ltr'><strong>et</strong></span> 
     </span>
     <span class='ocr_line' id='line_1_43' title="bbox 474 3898 1832 3972; baseline 0.007 -22"><span class='ocrx_word' id='word_1_293' title='bbox 474 3909 733 3953; x_wconf 88' lang='lat' dir='ltr'><strong>amorem</strong></span> <span class='ocrx_word' id='word_1_294' title='bbox 761 3898 881 3965; x_wconf 93' lang='lat' dir='ltr'><strong>Dei,</strong></span> <span class='ocrx_word' id='word_1_295' title='bbox 913 3899 1010 3955; x_wconf 88' lang='lat' dir='ltr'><strong>sed</strong></span> <span class='ocrx_word' id='word_1_296' title='bbox 1031 3900 1206 3957; x_wconf 89' lang='lat' dir='ltr'><strong>etiam</strong></span> <span class='ocrx_word' id='word_1_297' title='bbox 1235 3915 1336 3972; x_wconf 92' lang='lat' dir='ltr'><strong>per</strong></span> <span class='ocrx_word' id='word_1_298' title='bbox 1376 3905 1533 3957; x_wconf 89' lang='lat' dir='ltr'><strong>actus</strong></span> <span class='ocrx_word' id='word_1_299' title='bbox 1581 3902 1832 3959; x_wconf 89' lang='lat' dir='ltr'><strong>aliarum</strong></span> 
     </span>
     <span class='ocr_line' id='line_1_44' title="bbox 473 3976 1433 4054; baseline 0.008 -24"><span class='ocrx_word' id='word_1_300' title='bbox 473 3976 760 4034; x_wconf 89' lang='lat' dir='ltr'><strong>virtutum</strong></span> <span class='ocrx_word' id='word_1_301' title='bbox 783 3996 815 4035; x_wconf 90' lang='lat' dir='ltr'><strong>a</strong></span> <span class='ocrx_word' id='word_1_302' title='bbox 835 3982 1024 4052; x_wconf 84' lang='lat' dir='ltr'><strong>gratia</strong></span> <span class='ocrx_word' id='word_1_303' title='bbox 1051 3981 1433 4054; x_wconf 69' lang='lat' dir='ltr'><strong>procedentes».</strong></span> 
     </span>
     <span class='ocr_line' id='line_1_45' title="bbox 546 4059 1829 4142; baseline 0.007 -27"><span class='ocrx_word' id='word_1_304' title='bbox 546 4059 933 4117; x_wconf 80' lang='lat' dir='ltr'><strong>confirmatur</strong></span> <span class='ocrx_word' id='word_1_305' title='bbox 952 4077 1024 4119; x_wconf 85' lang='lat' dir='ltr'><strong>ex</strong></span> <span class='ocrx_word' id='word_1_306' title='bbox 1050 4065 1114 4118; x_wconf 90' lang='lat' dir='ltr'><strong>D.</strong></span> <span class='ocrx_word' id='word_1_307' title='bbox 1153 4061 1335 4119; x_wconf 91' lang='lat' dir='ltr'><strong>Thom</strong></span> <span class='ocrx_word' id='word_1_308' title='bbox 1370 4064 1405 4118; x_wconf 90' lang='lat'><strong>3</strong></span> <span class='ocrx_word' id='word_1_309' title='bbox 1441 4073 1589 4137; x_wconf 80' lang='lat' dir='ltr'><strong>part.</strong></span> <span class='ocrx_word' id='word_1_310' title='bbox 1645 4075 1829 4142; x_wconf 70' lang='lat' dir='ltr'><strong>quaest.</strong></span> 
     </span>
     <span class='ocr_line' id='line_1_46' title="bbox 473 4140 1834 4218; baseline 0.008 -23"><span class='ocrx_word' id='word_1_311' title='bbox 473 4140 565 4208; x_wconf 86' lang='lat'><strong>87,</strong></span> <span class='ocrx_word' id='word_1_312' title='bbox 597 4148 706 4197; x_wconf 80' lang='lat' dir='ltr'><strong>art.</strong></span> <span class='ocrx_word' id='word_1_313' title='bbox 754 4142 798 4209; x_wconf 92' lang='grc'><strong>1,</strong></span> <span class='ocrx_word' id='word_1_314' title='bbox 831 4140 929 4196; x_wconf 91' lang='lat' dir='ltr'><strong>ubi</strong></span> <span class='ocrx_word' id='word_1_315' title='bbox 955 4141 1248 4214; x_wconf 83' lang='lat' dir='ltr'><strong>explicans</strong></span> <span class='ocrx_word' id='word_1_316' title='bbox 1287 4142 1599 4202; x_wconf 85' lang='lat' dir='ltr'><strong>virtualem</strong></span> <span class='ocrx_word' id='word_1_317' title='bbox 1644 4148 1834 4218; x_wconf 88' lang='lat' dir='ltr'><strong>poeni-</strong></span> 
     </span>
     <span class='ocr_line' id='line_1_47' title="bbox 473 4222 1827 4299; baseline 0.006 -22"><span class='ocrx_word' id='word_1_318' title='bbox 473 4222 735 4289; x_wconf 88' lang='lat' dir='ltr'><strong>tentiam,</strong></span> <span class='ocrx_word' id='word_1_319' title='bbox 761 4239 884 4297; x_wconf 81' lang='lat' dir='ltr'><strong>quae</strong></span> <span class='ocrx_word' id='word_1_320' title='bbox 901 4222 1105 4279; x_wconf 85' lang='lat' dir='ltr'><strong>sufficit</strong></span> <span class='ocrx_word' id='word_1_321' title='bbox 1119 4223 1188 4280; x_wconf 88' lang='lat' dir='ltr'><strong>ad</strong></span> <span class='ocrx_word' id='word_1_322' title='bbox 1211 4225 1529 4283; x_wconf 90' lang='lat' dir='ltr'><strong>tollendum</strong></span> <span class='ocrx_word' id='word_1_323' title='bbox 1550 4228 1827 4299; x_wconf 88' lang='lat' dir='ltr'><strong>venialia,</strong></span> 
     </span>
     <span class='ocr_line' id='line_1_48' title="bbox 474 4303 1834 4385; baseline 0.005 -24"><span class='ocrx_word' id='word_1_324' title='bbox 474 4303 634 4361; x_wconf 86' lang='lat' dir='ltr'><strong>addit</strong></span> <span class='ocrx_word' id='word_1_325' title='bbox 667 4305 870 4371; x_wconf 73' lang='grc' dir='ltr'>εΡαια,</span> <span class='ocrx_word' id='word_1_326' title='bbox 894 4324 1038 4365; x_wconf 10' lang='lat' dir='ltr'><strong>rcum</strong></span> <span class='ocrx_word' id='word_1_327' title='bbox 1063 4308 1270 4385; x_wconf 78' lang='lat' dir='ltr'><strong>aliquis</strong></span> <span class='ocrx_word' id='word_1_328' title='bbox 1314 4309 1493 4381; x_wconf 75' lang='lat' dir='ltr'><strong>sertui·</strong></span> <span class='ocrx_word' id='word_1_329' title='bbox 1537 4312 1834 4368; x_wconf 79' lang='lat' dir='ltr'><strong>secundum</strong></span> 
     </span>
     <span class='ocr_line' id='line_1_49' title="bbox 470 4385 1834 4459; baseline 0.007 -19"><span class='ocrx_word' id='word_1_330' title='bbox 470 4387 727 4458; x_wconf 76' lang='lat' dir='ltr'><strong>affectum</strong></span> <span class='ocrx_word' id='word_1_331' title='bbox 752 4389 812 4444; x_wconf 77' lang='lat' dir='ltr'><strong>in</strong></span> <span class='ocrx_word' id='word_1_332' title='bbox 849 4385 1044 4456; x_wconf 77' lang='lat' dir='ltr'><strong>Deum,</strong></span> <span class='ocrx_word' id='word_1_333' title='bbox 1074 4395 1123 4443; x_wconf 84' lang='lat' dir='ltr'><strong>et</strong></span> <span class='ocrx_word' id='word_1_334' title='bbox 1161 4405 1249 4444; x_wconf 79' lang='lat' dir='ltr'><strong>res</strong></span> <span class='ocrx_word' id='word_1_335' title='bbox 1280 4389 1522 4459; x_wconf 81' lang='lat' dir='ltr'><strong>divinas,</strong></span> <span class='ocrx_word' id='word_1_336' title='bbox 1560 4398 1683 4458; x_wconf 68' lang='lat' dir='ltr'><strong>etc„</strong></span> <span class='ocrx_word' id='word_1_337' title='bbox 1733 4392 1834 4450; x_wconf 84' lang='lat' dir='ltr'><strong>sed</strong></span> 
     </span>
     <span class='ocr_line' id='line_1_50' title="bbox 472 4468 1828 4543; baseline 0.007 -20"><span class='ocrx_word' id='word_1_338' title='bbox 472 4473 682 4533; x_wconf 88' lang='lat' dir='ltr'><strong>motus,</strong></span> <span class='ocrx_word' id='word_1_339' title='bbox 710 4484 821 4540; x_wconf 89' lang='lat' dir='ltr'><strong>quo</strong></span> <span class='ocrx_word' id='word_1_340' title='bbox 848 4468 1078 4527; x_wconf 82' lang='lat' dir='ltr'><strong>affectus</strong></span> <span class='ocrx_word' id='word_1_341' title='bbox 1116 4470 1300 4527; x_wconf 82' lang='lat' dir='ltr'><strong>fertur</strong></span> <span class='ocrx_word' id='word_1_342' title='bbox 1327 4470 1392 4527; x_wconf 90' lang='lat' dir='ltr'><strong>in</strong></span> <span class='ocrx_word' id='word_1_343' title='bbox 1439 4487 1529 4529; x_wconf 87' lang='lat' dir='ltr'><strong>res</strong></span> <span class='ocrx_word' id='word_1_344' title='bbox 1578 4473 1828 4543; x_wconf 88' lang='lat' dir='ltr'><strong>divinas,</strong></span> 
     </span>
     <span class='ocr_line' id='line_1_51' title="bbox 470 4547 1834 4624; baseline 0.007 -20"><span class='ocrx_word' id='word_1_345' title='bbox 470 4547 729 4605; x_wconf 84' lang='lat' dir='ltr'><strong>salvatur</strong></span> <span class='ocrx_word' id='word_1_346' title='bbox 759 4565 875 4608; x_wconf 90' lang='lat' dir='ltr'><strong>non</strong></span> <span class='ocrx_word' id='word_1_347' title='bbox 902 4552 1089 4608; x_wconf 91' lang='lat' dir='ltr'><strong>solum</strong></span> <span class='ocrx_word' id='word_1_348' title='bbox 1124 4552 1188 4607; x_wconf 89' lang='lat' dir='ltr'><strong>in</strong></span> <span class='ocrx_word' id='word_1_349' title='bbox 1237 4557 1361 4609; x_wconf 88' lang='lat' dir='ltr'><strong>actu</strong></span> <span class='ocrx_word' id='word_1_350' title='bbox 1385 4553 1701 4624; x_wconf 75' lang='lat' dir='ltr'><strong>charitatiS,</strong></span> <span class='ocrx_word' id='word_1_351' title='bbox 1734 4555 1834 4614; x_wconf 91' lang='lat' dir='ltr'><strong>sed</strong></span> 
     </span>
     <span class='ocr_line' id='line_1_52' title="bbox 471 4628 1834 4707; baseline 0.004 -20"><span class='ocrx_word' id='word_1_352' title='bbox 471 4628 651 4687; x_wconf 88' lang='lat' dir='ltr'><strong>etiam</strong></span> <span class='ocrx_word' id='word_1_353' title='bbox 672 4629 735 4686; x_wconf 91' lang='lat' dir='ltr'><strong>in</strong></span> <span class='ocrx_word' id='word_1_354' title='bbox 756 4630 971 4702; x_wconf 79' lang='lat' dir='ltr'><strong>actibus</strong></span> <span class='ocrx_word' id='word_1_355' title='bbox 992 4632 1306 4707; x_wconf 76' lang='lat' dir='ltr'><strong>religionis„</strong></span> <span class='ocrx_word' id='word_1_356' title='bbox 1328 4630 1482 4701; x_wconf 82' lang='lat' dir='ltr'><strong>fidei,</strong></span> <span class='ocrx_word' id='word_1_357' title='bbox 1509 4640 1565 4692; x_wconf 90' lang='lat' dir='ltr'><strong>et</strong></span> <span class='ocrx_word' id='word_1_358' title='bbox 1579 4637 1834 4692; x_wconf 86' lang='lat' dir='ltr'><strong>aliarum</strong></span> 
     </span>
     <span class='ocr_line' id='line_1_53' title="bbox 474 4711 1833 4788; baseline 0.004 -20"><span class='ocrx_word' id='word_1_359' title='bbox 474 4711 761 4769; x_wconf 89' lang='lat' dir='ltr'><strong>virtutum</strong></span> <span class='ocrx_word' id='word_1_360' title='bbox 793 4729 965 4788; x_wconf 81' lang='lat' dir='ltr'><strong>:ergo</strong></span> <span class='ocrx_word' id='word_1_361' title='bbox 985 4714 1028 4770; x_wconf 91' lang='lat' dir='ltr'><strong>ii</strong></span> <span class='ocrx_word' id='word_1_362' title='bbox 1049 4715 1224 4772; x_wconf 88' lang='lat' dir='ltr'><strong>etiam</strong></span> <span class='ocrx_word' id='word_1_363' title='bbox 1251 4721 1407 4773; x_wconf 88' lang='lat' dir='ltr'><strong>actus</strong></span> <span class='ocrx_word' id='word_1_364' title='bbox 1448 4718 1740 4775; x_wconf 84' lang='lat' dir='ltr'><strong>sufficiunt</strong></span> <span class='ocrx_word' id='word_1_365' title='bbox 1761 4717 1833 4775; x_wconf 85' lang='lat' dir='ltr'><strong>ad</strong></span> 
     </span>
     <span class='ocr_line' id='line_1_54' title="bbox 471 4793 1107 4852; baseline 0.003 -3"><span class='ocrx_word' id='word_1_366' title='bbox 471 4793 799 4850; x_wconf 89' lang='lat' dir='ltr'><strong>tollendum</strong></span> <span class='ocrx_word' id='word_1_367' title='bbox 832 4796 1107 4852; x_wconf 86' lang='lat' dir='ltr'><strong>venialia.</strong></span> 
     </span>
     <span class='ocr_line' id='line_1_55' title="bbox 254 4874 1833 5031; baseline 0.006 -24"><span class='ocrx_word' id='word_1_368' title='bbox 254 4890 443 4982; x_wconf 43' lang='lat' dir='ltr'><strong>aa*</strong></span> <span class='ocrx_word' id='word_1_369' title='bbox 474 4874 1833 5031; x_wconf 50' lang='lat' dir='ltr'><strong>111122255313225331213330&amp;timim</strong></span> 
     </span>
    </p>
   </div>
   <div class='ocr_carea' id='block_1_5' title="bbox 483 5035 1830 5110">
    <p class='ocr_par' dir='ltr' id='par_1_6' title="bbox 483 5035 1830 5110">
     <span class='ocr_line' id='line_1_56' title="bbox 483 5035 1830 5110; baseline 0.006 -21"><span class='ocrx_word' id='word_1_370' title='bbox 483 5035 835 5104; x_wconf 82' lang='lat' dir='ltr'><strong>poenitentiae</strong></span> <span class='ocrx_word' id='word_1_371' title='bbox 859 5041 946 5093; x_wconf 89' lang='lat' dir='ltr'><strong>est</strong></span> <span class='ocrx_word' id='word_1_372' title='bbox 973 5038 1291 5095; x_wconf 89' lang='lat' dir='ltr'><strong>remedium</strong></span> <span class='ocrx_word' id='word_1_373' title='bbox 1318 5045 1513 5098; x_wconf 89' lang='lat' dir='ltr'><strong>contra</strong></span> <span class='ocrx_word' id='word_1_374' title='bbox 1551 5040 1830 5110; x_wconf 89' lang='lat' dir='ltr'><strong>venialia,</strong></span> 
     </span>
    </p>
   </div>
   <div class='ocr_carea' id='block_1_6' title="bbox 274 4084 438 4129">
    <p class='ocr_par' dir='ltr' id='par_1_7' title="bbox 274 4084 438 4129">
     <span class='ocr_line' id='line_1_57' title="bbox 274 4084 438 4129; baseline 0.012 -2"><span class='ocrx_word' id='word_1_375' title='bbox 274 4084 438 4129; x_wconf 62' lang='lat' dir='ltr'><strong>Dmho.</strong></span> 
     </span>
    </p>
   </div>
   <div class='ocr_carea' id='block_1_7' title="bbox 1967 578 3340 3426">
    <p class='ocr_par' dir='ltr' id='par_1_8' title="bbox 1967 578 3340 1944">
     <span class='ocr_line' id='line_1_58' title="bbox 1970 578 3339 654; baseline -0.003 -18"><span class='ocrx_word' id='word_1_376' title='bbox 1970 596 2086 637; x_wconf 89' lang='lat' dir='ltr'><strong>non</strong></span> <span class='ocrx_word' id='word_1_377' title='bbox 2107 579 2346 652; x_wconf 90' lang='lat' dir='ltr'><strong>quidem</strong></span> <span class='ocrx_word' id='word_1_378' title='bbox 2374 579 2509 654; x_wconf 88' lang='lat' dir='ltr'><strong>quia</strong></span> <span class='ocrx_word' id='word_1_379' title='bbox 2535 581 2722 653; x_wconf 89' lang='lat' dir='ltr'><strong>seipso</strong></span> <span class='ocrx_word' id='word_1_380' title='bbox 2748 578 3073 636; x_wconf 83' lang='lat' dir='ltr'><strong>formaliter</strong></span> <span class='ocrx_word' id='word_1_381' title='bbox 3102 578 3205 634; x_wconf 85' lang='lat' dir='ltr'><strong>illa</strong></span> <span class='ocrx_word' id='word_1_382' title='bbox 3226 592 3339 635; x_wconf 85' lang='lat' dir='ltr'><strong>ex-</strong></span> 
     </span>
     <span class='ocr_line' id='line_1_59' title="bbox 1968 661 3334 734; baseline -0.004 -16"><span class='ocrx_word' id='word_1_383' title='bbox 1968 661 2183 726; x_wconf 81' lang='lat' dir='ltr'><strong>cludat;</strong></span> <span class='ocrx_word' id='word_1_384' title='bbox 2213 661 2315 717; x_wconf 90' lang='lat' dir='ltr'><strong>sed</strong></span> <span class='ocrx_word' id='word_1_385' title='bbox 2337 662 2473 734; x_wconf 89' lang='lat' dir='ltr'><strong>quia</strong></span> <span class='ocrx_word' id='word_1_386' title='bbox 2490 661 2660 719; x_wconf 86' lang='lat' dir='ltr'><strong>efficit</strong></span> <span class='ocrx_word' id='word_1_387' title='bbox 2699 662 2970 726; x_wconf 85' lang='lat' dir='ltr'><strong>formam,</strong></span> <span class='ocrx_word' id='word_1_388' title='bbox 3003 675 3104 731; x_wconf 89' lang='lat' dir='ltr'><strong>per</strong></span> <span class='ocrx_word' id='word_1_389' title='bbox 3154 673 3334 731; x_wconf 89' lang='lat' dir='ltr'><strong>quam</strong></span> 
     </span>
     <span class='ocr_line' id='line_1_60' title="bbox 1967 739 3340 798; baseline -0.002 -2"><span class='ocrx_word' id='word_1_390' title='bbox 1967 740 2280 798; x_wconf 87' lang='lat' dir='ltr'><strong>destruitur</strong></span> <span class='ocrx_word' id='word_1_391' title='bbox 2308 760 2320 793; x_wconf 95' lang='lat'><strong>:</strong></span> <span class='ocrx_word' id='word_1_392' title='bbox 2348 743 2428 798; x_wconf 86' lang='lat' dir='ltr'><strong>ita</strong></span> <span class='ocrx_word' id='word_1_393' title='bbox 2480 747 2534 798; x_wconf 89' lang='lat' dir='ltr'><strong>et</strong></span> <span class='ocrx_word' id='word_1_394' title='bbox 2579 743 2643 798; x_wconf 91' lang='lat' dir='ltr'><strong>in</strong></span> <span class='ocrx_word' id='word_1_395' title='bbox 2687 741 2886 798; x_wconf 89' lang='lat' dir='ltr'><strong>eodem</strong></span> <span class='ocrx_word' id='word_1_396' title='bbox 2931 757 3099 797; x_wconf 85' lang='lat' dir='ltr'><strong>sensu</strong></span> <span class='ocrx_word' id='word_1_397' title='bbox 3139 739 3340 795; x_wconf 88' lang='lat' dir='ltr'><strong>docuit</strong></span> 
     </span>
     <span class='ocr_line' id='line_1_61' title="bbox 1968 820 3330 894; baseline 0 -18"><span class='ocrx_word' id='word_1_398' title='bbox 1968 823 2310 887; x_wconf 90' lang='lat' dir='ltr'><strong>Concilium,</strong></span> <span class='ocrx_word' id='word_1_399' title='bbox 2343 838 2502 894; x_wconf 90' lang='lat' dir='ltr'><strong>posse</strong></span> <span class='ocrx_word' id='word_1_400' title='bbox 2528 823 2783 879; x_wconf 87' lang='lat' dir='ltr'><strong>venialia</strong></span> <span class='ocrx_word' id='word_1_401' title='bbox 2828 822 2960 879; x_wconf 91' lang='lat' dir='ltr'><strong>aliis</strong></span> <span class='ocrx_word' id='word_1_402' title='bbox 3006 820 3204 876; x_wconf 91' lang='lat' dir='ltr'><strong>multis</strong></span> <span class='ocrx_word' id='word_1_403' title='bbox 3233 836 3330 876; x_wconf 91' lang='lat' dir='ltr'><strong>re-</strong></span> 
     </span>
     <span class='ocr_line' id='line_1_62' title="bbox 1968 901 3328 977; baseline 0.001 -20"><span class='ocrx_word' id='word_1_404' title='bbox 1968 901 2176 958; x_wconf 89' lang='lat' dir='ltr'><strong>mediis</strong></span> <span class='ocrx_word' id='word_1_405' title='bbox 2217 903 2436 971; x_wconf 88' lang='lat' dir='ltr'><strong>deleri;</strong></span> <span class='ocrx_word' id='word_1_406' title='bbox 2476 904 2612 976; x_wconf 90' lang='lat' dir='ltr'><strong>quia</strong></span> <span class='ocrx_word' id='word_1_407' title='bbox 2653 909 2859 977; x_wconf 81' lang='lat' dir='ltr'><strong>praeter</strong></span> <span class='ocrx_word' id='word_1_408' title='bbox 2902 906 3328 958; x_wconf 87' lang='lat' dir='ltr'><strong>sacramentum</strong></span> 
     </span>
     <span class='ocr_line' id='line_1_63' title="bbox 1968 983 3333 1056; baseline 0 -18"><span class='ocrx_word' id='word_1_409' title='bbox 1968 983 2317 1055; x_wconf 82' lang='lat' dir='ltr'><strong>poenitentiae</strong></span> <span class='ocrx_word' id='word_1_410' title='bbox 2360 984 2574 1042; x_wconf 90' lang='lat' dir='ltr'><strong>dantur</strong></span> <span class='ocrx_word' id='word_1_411' title='bbox 2624 986 2740 1042; x_wconf 86' lang='lat' dir='ltr'><strong>alia</strong></span> <span class='ocrx_word' id='word_1_412' title='bbox 2777 989 3156 1049; x_wconf 85' lang='lat' dir='ltr'><strong>sacramenta,</strong></span> <span class='ocrx_word' id='word_1_413' title='bbox 3206 997 3333 1056; x_wconf 79' lang='lat' dir='ltr'><strong>quae</strong></span> 
     </span>
     <span class='ocr_line' id='line_1_64' title="bbox 1967 1066 3333 1136; baseline 0.002 -17"><span class='ocrx_word' id='word_1_414' title='bbox 1967 1071 2202 1120; x_wconf 86' lang='lat' dir='ltr'><strong>causant</strong></span> <span class='ocrx_word' id='word_1_415' title='bbox 2256 1066 2579 1123; x_wconf 88' lang='lat' dir='ltr'><strong>venialium</strong></span> <span class='ocrx_word' id='word_1_416' title='bbox 2652 1067 3073 1131; x_wconf 87' lang='lat' dir='ltr'><strong>remissionem,</strong></span> <span class='ocrx_word' id='word_1_417' title='bbox 3132 1069 3333 1136; x_wconf 90' lang='lat' dir='ltr'><strong>utputa</strong></span> 
     </span>
     <span class='ocr_line' id='line_1_65' title="bbox 1970 1146 3324 1216; baseline -0.001 -12"><span class='ocrx_word' id='word_1_418' title='bbox 1970 1146 2365 1216; x_wconf 88' lang='lat' dir='ltr'><strong>Confirmatio,</strong></span> <span class='ocrx_word' id='word_1_419' title='bbox 2399 1149 2776 1215; x_wconf 86' lang='lat' dir='ltr'><strong>Eucharistia,</strong></span> <span class='ocrx_word' id='word_1_420' title='bbox 2793 1147 3324 1205; x_wconf 86' lang='lat' dir='ltr'><strong>Extrema-Unctio.</strong></span> 
     </span>
     <span class='ocr_line' id='line_1_66' title="bbox 1967 1229 3330 1305; baseline 0 -20"><span class='ocrx_word' id='word_1_421' title='bbox 1967 1232 2110 1286; x_wconf 87' lang='lat' dir='ltr'><strong>Sunt</strong></span> <span class='ocrx_word' id='word_1_422' title='bbox 2139 1232 2314 1287; x_wconf 87' lang='lat' dir='ltr'><strong>etiam</strong></span> <span class='ocrx_word' id='word_1_423' title='bbox 2356 1232 2454 1305; x_wconf 90' lang='lat' dir='ltr'><strong>qui</strong></span> <span class='ocrx_word' id='word_1_424' title='bbox 2484 1231 2777 1304; x_wconf 86' lang='lat' dir='ltr'><strong>aliquibus</strong></span> <span class='ocrx_word' id='word_1_425' title='bbox 2815 1229 3330 1287; x_wconf 87' lang='lat' dir='ltr'><strong>sacramentalibus</strong></span> 
     </span>
     <span class='ocr_line' id='line_1_67' title="bbox 1968 1311 3327 1383; baseline 0 -17"><span class='ocrx_word' id='word_1_426' title='bbox 1968 1312 2223 1368; x_wconf 85' lang='lat' dir='ltr'><strong>similem</strong></span> <span class='ocrx_word' id='word_1_427' title='bbox 2253 1313 2527 1370; x_wconf 88' lang='lat' dir='ltr'><strong>virtutem</strong></span> <span class='ocrx_word' id='word_1_428' title='bbox 2564 1312 2904 1379; x_wconf 90' lang='lat' dir='ltr'><strong>concedant;</strong></span> <span class='ocrx_word' id='word_1_429' title='bbox 2942 1311 3094 1368; x_wconf 90' lang='lat' dir='ltr'><strong>unde</strong></span> <span class='ocrx_word' id='word_1_430' title='bbox 3138 1311 3327 1383; x_wconf 90' lang='lat' dir='ltr'><strong>pluri-</strong></span> 
     </span>
     <span class='ocr_line' id='line_1_68' title="bbox 1968 1389 3326 1468; baseline -0.001 -20"><span class='ocrx_word' id='word_1_431' title='bbox 1968 1391 2071 1448; x_wconf 91' lang='lat' dir='ltr'><strong>bus</strong></span> <span class='ocrx_word' id='word_1_432' title='bbox 2099 1392 2368 1449; x_wconf 88' lang='lat' dir='ltr'><strong>remediis</strong></span> <span class='ocrx_word' id='word_1_433' title='bbox 2390 1399 2624 1468; x_wconf 90' lang='lat' dir='ltr'><strong>possunt</strong></span> <span class='ocrx_word' id='word_1_434' title='bbox 2652 1393 2905 1450; x_wconf 87' lang='lat' dir='ltr'><strong>venialia</strong></span> <span class='ocrx_word' id='word_1_435' title='bbox 2948 1391 3196 1464; x_wconf 88' lang='lat' dir='ltr'><strong>expiari.</strong></span> <span class='ocrx_word' id='word_1_436' title='bbox 3221 1389 3326 1447; x_wconf 86' lang='lat' dir='ltr'><strong>Sed</strong></span> 
     </span>
     <span class='ocr_line' id='line_1_69' title="bbox 1969 1474 3329 1549; baseline 0.001 -19"><span class='ocrx_word' id='word_1_437' title='bbox 1969 1490 2072 1530; x_wconf 90' lang='lat' dir='ltr'><strong>nos</strong></span> <span class='ocrx_word' id='word_1_438' title='bbox 2107 1474 2169 1529; x_wconf 92' lang='lat' dir='ltr'><strong>in</strong></span> <span class='ocrx_word' id='word_1_439' title='bbox 2198 1476 2467 1547; x_wconf 72' lang='lat' dir='ltr'><strong>praesenti</strong></span> <span class='ocrx_word' id='word_1_440' title='bbox 2514 1475 2584 1533; x_wconf 90' lang='lat' dir='ltr'><strong>de</strong></span> <span class='ocrx_word' id='word_1_441' title='bbox 2636 1476 2892 1534; x_wconf 88' lang='lat' dir='ltr'><strong>remedio</strong></span> <span class='ocrx_word' id='word_1_442' title='bbox 2940 1493 3041 1549; x_wconf 92' lang='lat' dir='ltr'><strong>per</strong></span> <span class='ocrx_word' id='word_1_443' title='bbox 3094 1474 3329 1533; x_wconf 90' lang='lat' dir='ltr'><strong>modum</strong></span> 
     </span>
     <span class='ocr_line' id='line_1_70' title="bbox 1967 1555 3330 1632; baseline 0.003 -20"><span class='ocrx_word' id='word_1_444' title='bbox 1967 1555 2264 1613; x_wconf 87' lang='lat' dir='ltr'><strong>efficientis</strong></span> <span class='ocrx_word' id='word_1_445' title='bbox 2287 1573 2403 1613; x_wconf 91' lang='lat' dir='ltr'><strong>non</strong></span> <span class='ocrx_word' id='word_1_446' title='bbox 2427 1559 2670 1632; x_wconf 78' lang='lat' dir='ltr'><strong>agimuS,</strong></span> <span class='ocrx_word' id='word_1_447' title='bbox 2701 1559 2798 1616; x_wconf 91' lang='lat' dir='ltr'><strong>sed</strong></span> <span class='ocrx_word' id='word_1_448' title='bbox 2825 1559 2895 1615; x_wconf 92' lang='lat' dir='ltr'><strong>de</strong></span> <span class='ocrx_word' id='word_1_449' title='bbox 2919 1558 3174 1616; x_wconf 91' lang='lat' dir='ltr'><strong>remedio</strong></span> <span class='ocrx_word' id='word_1_450' title='bbox 3209 1559 3330 1616; x_wconf 82' lang='lat' dir='ltr'><strong>for-</strong></span> 
     </span>
     <span class='ocr_line' id='line_1_71' title="bbox 1968 1638 3322 1714; baseline 0.004 -20"><span class='ocrx_word' id='word_1_451' title='bbox 1968 1638 2128 1705; x_wconf 89' lang='lat' dir='ltr'><strong>mali,</strong></span> <span class='ocrx_word' id='word_1_452' title='bbox 2163 1653 2369 1712; x_wconf 89' lang='lat' dir='ltr'><strong>nempe</strong></span> <span class='ocrx_word' id='word_1_453' title='bbox 2414 1639 2484 1695; x_wconf 89' lang='lat' dir='ltr'><strong>de</strong></span> <span class='ocrx_word' id='word_1_454' title='bbox 2510 1640 2715 1707; x_wconf 81' lang='lat' dir='ltr'><strong>forma,</strong></span> <span class='ocrx_word' id='word_1_455' title='bbox 2761 1647 2859 1697; x_wconf 87' lang='lat' dir='ltr'><strong>aut</strong></span> <span class='ocrx_word' id='word_1_456' title='bbox 2904 1642 3065 1714; x_wconf 86' lang='lat' dir='ltr'><strong>quasi</strong></span> <span class='ocrx_word' id='word_1_457' title='bbox 3118 1642 3322 1709; x_wconf 85' lang='lat' dir='ltr'><strong>forma,</strong></span> 
     </span>
     <span class='ocr_line' id='line_1_72' title="bbox 1970 1722 3318 1793; baseline 0.004 -17"><span class='ocrx_word' id='word_1_458' title='bbox 1970 1737 2070 1793; x_wconf 89' lang='lat' dir='ltr'><strong>per</strong></span> <span class='ocrx_word' id='word_1_459' title='bbox 2098 1737 2269 1792; x_wconf 91' lang='lat' dir='ltr'><strong>quam</strong></span> <span class='ocrx_word' id='word_1_460' title='bbox 2293 1723 2547 1778; x_wconf 86' lang='lat' dir='ltr'><strong>venialia</strong></span> <span class='ocrx_word' id='word_1_461' title='bbox 2575 1722 2907 1779; x_wconf 88' lang='lat' dir='ltr'><strong>immediate</strong></span> <span class='ocrx_word' id='word_1_462' title='bbox 2929 1722 3318 1782; x_wconf 90' lang='lat' dir='ltr'><strong>destruuntur.</strong></span> 
     </span>
     <span class='ocr_line' id='line_1_73' title="bbox 1968 1802 3326 1875; baseline 0.004 -19"><span class='ocrx_word' id='word_1_463' title='bbox 1968 1802 2239 1866; x_wconf 87' lang='lat' dir='ltr'><strong>Quocirca</strong></span> <span class='ocrx_word' id='word_1_464' title='bbox 2270 1802 2601 1875; x_wconf 64' lang='lat' dir='ltr'><strong>praedictum</strong></span> <span class='ocrx_word' id='word_1_465' title='bbox 2624 1804 3024 1862; x_wconf 89' lang='lat' dir='ltr'><strong>testimonium</strong></span> <span class='ocrx_word' id='word_1_466' title='bbox 3050 1805 3200 1861; x_wconf 90' lang='lat' dir='ltr'><strong>nihil</strong></span> <span class='ocrx_word' id='word_1_467' title='bbox 3222 1804 3326 1861; x_wconf 87' lang='lat' dir='ltr'><strong>ad·-</strong></span> 
     </span>
     <span class='ocr_line' id='line_1_74' title="bbox 1968 1883 3054 1944; baseline 0.002 -4"><span class='ocrx_word' id='word_1_468' title='bbox 1968 1899 2168 1944; x_wconf 88' lang='lat' dir='ltr'><strong>versus</strong></span> <span class='ocrx_word' id='word_1_469' title='bbox 2196 1889 2452 1940; x_wconf 90' lang='lat' dir='ltr'><strong>nostram</strong></span> <span class='ocrx_word' id='word_1_470' title='bbox 2476 1883 2797 1942; x_wconf 88' lang='lat' dir='ltr'><strong>doctrinam</strong></span> <span class='ocrx_word' id='word_1_471' title='bbox 2819 1886 3054 1944; x_wconf 85' lang='lat' dir='ltr'><strong>evincit.</strong></span> 
     </span>
    </p>

    <p class='ocr_par' dir='ltr' id='par_1_9' title="bbox 1967 1963 3328 3426">
     <span class='ocr_line' id='line_1_75' title="bbox 2040 1963 3320 2038; baseline 0.006 -20"><span class='ocrx_word' id='word_1_472' title='bbox 2040 1963 2128 2018; x_wconf 83' lang='lat' dir='ltr'><strong>Ad</strong></span> <span class='ocrx_word' id='word_1_473' title='bbox 2148 1963 2650 2021; x_wconf 84' lang='lat' dir='ltr'><strong>confirmationem</strong></span> <span class='ocrx_word' id='word_1_474' title='bbox 2676 1966 3052 2038; x_wconf 89' lang='lat' dir='ltr'><strong>respondetur</strong></span> <span class='ocrx_word' id='word_1_475' title='bbox 3074 1972 3136 2025; x_wconf 90' lang='lat' dir='ltr'><strong>D.</strong></span> <span class='ocrx_word' id='word_1_476' title='bbox 3166 1969 3320 2026; x_wconf 88' lang='lat' dir='ltr'><strong>Tho-</strong></span> 
     </span>
     <span class='ocr_line' id='line_1_76' title="bbox 1968 2046 3323 2123; baseline 0.004 -21"><span class='ocrx_word' id='word_1_477' title='bbox 1968 2063 2125 2103; x_wconf 92' lang='lat' dir='ltr'><strong>mam</strong></span> <span class='ocrx_word' id='word_1_478' title='bbox 2152 2061 2219 2101; x_wconf 92' lang='lat' dir='ltr'><strong>eo</strong></span> <span class='ocrx_word' id='word_1_479' title='bbox 2271 2046 2392 2101; x_wconf 91' lang='lat' dir='ltr'><strong>loco</strong></span> <span class='ocrx_word' id='word_1_480' title='bbox 2418 2062 2684 2119; x_wconf 85' lang='lat' dir='ltr'><strong>expresse</strong></span> <span class='ocrx_word' id='word_1_481' title='bbox 2717 2064 2883 2123; x_wconf 84' lang='lat' dir='ltr'><strong>agere</strong></span> <span class='ocrx_word' id='word_1_482' title='bbox 2908 2048 2979 2106; x_wconf 91' lang='lat' dir='ltr'><strong>de</strong></span> <span class='ocrx_word' id='word_1_483' title='bbox 3019 2057 3171 2106; x_wconf 92' lang='lat' dir='ltr'><strong>motu</strong></span> <span class='ocrx_word' id='word_1_484' title='bbox 3195 2067 3323 2123; x_wconf 86' lang='lat' dir='ltr'><strong>pro·</strong></span> 
     </span>
     <span class='ocr_line' id='line_1_77' title="bbox 1968 2125 3322 2194; baseline 0.001 -9"><span class='ocrx_word' id='word_1_485' title='bbox 1968 2126 2198 2185; x_wconf 89' lang='lat' dir='ltr'><strong>cedente</strong></span> <span class='ocrx_word' id='word_1_486' title='bbox 2225 2125 2295 2182; x_wconf 89' lang='lat' dir='ltr'><strong>ab</strong></span> <span class='ocrx_word' id='word_1_487' title='bbox 2317 2125 2514 2182; x_wconf 88' lang='lat' dir='ltr'><strong>habitu</strong></span> <span class='ocrx_word' id='word_1_488' title='bbox 2535 2128 2849 2194; x_wconf 79' lang='lat' dir='ltr'><strong>charitatiS,</strong></span> <span class='ocrx_word' id='word_1_489' title='bbox 2877 2134 2938 2184; x_wconf 87' lang='lat' dir='ltr'><strong>ut</strong></span> <span class='ocrx_word' id='word_1_490' title='bbox 2963 2135 3180 2187; x_wconf 91' lang='lat' dir='ltr'><strong>constat</strong></span> <span class='ocrx_word' id='word_1_491' title='bbox 3200 2135 3322 2186; x_wconf 91' lang='lat' dir='ltr'><strong>tum</strong></span> 
     </span>
     <span class='ocr_line' id='line_1_78' title="bbox 1968 2207 3323 2276; baseline 0.001 -9"><span class='ocrx_word' id='word_1_492' title='bbox 1968 2228 2038 2268; x_wconf 88' lang='lat' dir='ltr'><strong>ex</strong></span> <span class='ocrx_word' id='word_1_493' title='bbox 2079 2208 2270 2266; x_wconf 90' lang='lat' dir='ltr'><strong>verbis</strong></span> <span class='ocrx_word' id='word_1_494' title='bbox 2300 2207 2633 2265; x_wconf 86' lang='lat' dir='ltr'><strong>immediate</strong></span> <span class='ocrx_word' id='word_1_495' title='bbox 2673 2210 3154 2276; x_wconf 87' lang='lat' dir='ltr'><strong>antecedentibus,</strong></span> <span class='ocrx_word' id='word_1_496' title='bbox 3199 2218 3323 2268; x_wconf 90' lang='lat' dir='ltr'><strong>tum</strong></span> 
     </span>
     <span class='ocr_line' id='line_1_79' title="bbox 1968 2291 3325 2366; baseline -0.001 -15"><span class='ocrx_word' id='word_1_497' title='bbox 1968 2311 2038 2351; x_wconf 84' lang='lat' dir='ltr'><strong>ex</strong></span> <span class='ocrx_word' id='word_1_498' title='bbox 2062 2294 2152 2358; x_wconf 87' lang='lat' dir='ltr'><strong>iis,</strong></span> <span class='ocrx_word' id='word_1_499' title='bbox 2178 2308 2303 2366; x_wconf 79' lang='lat' dir='ltr'><strong>quae</strong></span> <span class='ocrx_word' id='word_1_500' title='bbox 2337 2308 2512 2365; x_wconf 90' lang='lat' dir='ltr'><strong>supra</strong></span> <span class='ocrx_word' id='word_1_501' title='bbox 2556 2291 2812 2348; x_wconf 87' lang='lat' dir='ltr'><strong>diximus</strong></span> <span class='ocrx_word' id='word_1_502' title='bbox 2863 2311 3013 2349; x_wconf 85' lang='lat' dir='ltr'><strong>num.</strong></span> <span class='ocrx_word' id='word_1_503' title='bbox 3043 2296 3169 2359; x_wconf 77' lang='grc'>312,</span> <span class='ocrx_word' id='word_1_504' title='bbox 3200 2301 3325 2350; x_wconf 90' lang='lat' dir='ltr'><strong>tum</strong></span> 
     </span>
     <span class='ocr_line' id='line_1_80' title="bbox 1968 2376 3326 2451; baseline -0.001 -16"><span class='ocrx_word' id='word_1_505' title='bbox 1968 2377 2213 2450; x_wconf 85' lang='lat' dir='ltr'><strong>denique</strong></span> <span class='ocrx_word' id='word_1_506' title='bbox 2237 2394 2307 2431; x_wconf 75' lang='lat' dir='ltr'><strong>eci:</strong></span> <span class='ocrx_word' id='word_1_507' title='bbox 2331 2382 2440 2432; x_wconf 85' lang='lat' dir='ltr'><strong>art.</strong></span> <span class='ocrx_word' id='word_1_508' title='bbox 2466 2376 2501 2430; x_wconf 90' lang='lat'><strong>3</strong></span> <span class='ocrx_word' id='word_1_509' title='bbox 2525 2393 2630 2451; x_wconf 78' lang='lat' dir='ltr'><strong>seq.</strong></span> <span class='ocrx_word' id='word_1_510' title='bbox 2663 2377 2725 2431; x_wconf 84' lang='lat' dir='ltr'><strong>in</strong></span> <span class='ocrx_word' id='word_1_511' title='bbox 2749 2394 2889 2449; x_wconf 83' lang='lat' dir='ltr'><strong>resp.</strong></span> <span class='ocrx_word' id='word_1_512' title='bbox 2921 2377 2995 2431; x_wconf 80' lang='lat' dir='ltr'><strong>ad</strong></span> <span class='ocrx_word' id='word_1_513' title='bbox 3013 2378 3064 2432; x_wconf 83' lang='lat'><strong>3.</strong></span> <span class='ocrx_word' id='word_1_514' title='bbox 3116 2377 3326 2434; x_wconf 86' lang='lat' dir='ltr'><strong>Chari-</strong></span> 
     </span>
     <span class='ocr_line' id='line_1_81' title="bbox 1967 2457 3325 2521; baseline 0 -7"><span class='ocrx_word' id='word_1_515' title='bbox 1967 2465 2053 2516; x_wconf 90' lang='lat' dir='ltr'><strong>tas</strong></span> <span class='ocrx_word' id='word_1_516' title='bbox 2081 2459 2241 2515; x_wconf 90' lang='lat' dir='ltr'><strong>enim</strong></span> <span class='ocrx_word' id='word_1_517' title='bbox 2265 2474 2381 2514; x_wconf 90' lang='lat' dir='ltr'><strong>non</strong></span> <span class='ocrx_word' id='word_1_518' title='bbox 2403 2459 2590 2514; x_wconf 91' lang='lat' dir='ltr'><strong>solum</strong></span> <span class='ocrx_word' id='word_1_519' title='bbox 2627 2457 2870 2515; x_wconf 87' lang='lat' dir='ltr'><strong>afficitur</strong></span> <span class='ocrx_word' id='word_1_520' title='bbox 2896 2459 2965 2515; x_wconf 88' lang='lat' dir='ltr'><strong>ad</strong></span> <span class='ocrx_word' id='word_1_521' title='bbox 2994 2462 3191 2521; x_wconf 91' lang='lat' dir='ltr'><strong>Deum.</strong></span> <span class='ocrx_word' id='word_1_522' title='bbox 3224 2458 3325 2517; x_wconf 74' lang='lat' dir='ltr'><strong>sed</strong></span> 
     </span>
     <span class='ocr_line' id='line_1_82' title="bbox 1968 2539 3325 2610; baseline -0.001 -14"><span class='ocrx_word' id='word_1_523' title='bbox 1968 2541 2144 2597; x_wconf 87' lang='lat' dir='ltr'><strong>etiam</strong></span> <span class='ocrx_word' id='word_1_524' title='bbox 2173 2539 2243 2595; x_wconf 88' lang='lat' dir='ltr'><strong>ad</strong></span> <span class='ocrx_word' id='word_1_525' title='bbox 2280 2555 2369 2596; x_wconf 90' lang='lat' dir='ltr'><strong>res</strong></span> <span class='ocrx_word' id='word_1_526' title='bbox 2395 2539 2625 2595; x_wconf 87' lang='lat' dir='ltr'><strong>divinas</strong></span> <span class='ocrx_word' id='word_1_527' title='bbox 2672 2543 2902 2610; x_wconf 89' lang='lat' dir='ltr'><strong>propter</strong></span> <span class='ocrx_word' id='word_1_528' title='bbox 2931 2542 3130 2604; x_wconf 84' lang='lat' dir='ltr'><strong>Deum,</strong></span> <span class='ocrx_word' id='word_1_529' title='bbox 3154 2546 3210 2596; x_wconf 89' lang='lat' dir='ltr'><strong>et</strong></span> <span class='ocrx_word' id='word_1_530' title='bbox 3237 2541 3325 2596; x_wconf 87' lang='lat' dir='ltr'><strong>al-</strong></span> 
     </span>
     <span class='ocr_line' id='line_1_83' title="bbox 1970 2620 3324 2692; baseline 0 -15"><span class='ocrx_word' id='word_1_531' title='bbox 1970 2621 2103 2678; x_wconf 91' lang='lat' dir='ltr'><strong>tiori</strong></span> <span class='ocrx_word' id='word_1_532' title='bbox 2130 2620 2299 2677; x_wconf 91' lang='lat' dir='ltr'><strong>modo</strong></span> <span class='ocrx_word' id='word_1_533' title='bbox 2326 2637 2389 2676; x_wconf 87' lang='lat' dir='ltr'><strong>ac</strong></span> <span class='ocrx_word' id='word_1_534' title='bbox 2415 2621 2620 2692; x_wconf 84' lang='lat' dir='ltr'><strong>aliquae</strong></span> <span class='ocrx_word' id='word_1_535' title='bbox 2642 2621 2903 2676; x_wconf 90' lang='lat' dir='ltr'><strong>virtutes.</strong></span> <span class='ocrx_word' id='word_1_536' title='bbox 2936 2622 3124 2677; x_wconf 86' lang='lat' dir='ltr'><strong>Potest</strong></span> <span class='ocrx_word' id='word_1_537' title='bbox 3151 2621 3324 2677; x_wconf 89' lang='lat' dir='ltr'><strong>etiam</strong></span> 
     </span>
     <span class='ocr_line' id='line_1_84' title="bbox 1969 2700 3326 2774; baseline 0 -15"><span class='ocrx_word' id='word_1_538' title='bbox 1969 2701 2121 2768; x_wconf 88' lang='lat' dir='ltr'><strong>addi,</strong></span> <span class='ocrx_word' id='word_1_539' title='bbox 2149 2702 2304 2774; x_wconf 89' lang='lat' dir='ltr'><strong>loqui</strong></span> <span class='ocrx_word' id='word_1_540' title='bbox 2333 2703 2387 2758; x_wconf 92' lang='lat' dir='ltr'><strong>S.</strong></span> <span class='ocrx_word' id='word_1_541' title='bbox 2431 2702 2727 2759; x_wconf 90' lang='lat' dir='ltr'><strong>Doctorem</strong></span> <span class='ocrx_word' id='word_1_542' title='bbox 2747 2700 2817 2757; x_wconf 89' lang='lat' dir='ltr'><strong>de</strong></span> <span class='ocrx_word' id='word_1_543' title='bbox 2839 2700 3056 2757; x_wconf 89' lang='lat' dir='ltr'><strong>actibus</strong></span> <span class='ocrx_word' id='word_1_544' title='bbox 3078 2702 3326 2759; x_wconf 90' lang='lat' dir='ltr'><strong>aliarum</strong></span> 
     </span>
     <span class='ocr_line' id='line_1_85' title="bbox 1968 2783 3327 2856; baseline 0.001 -16"><span class='ocrx_word' id='word_1_545' title='bbox 1968 2785 2269 2851; x_wconf 87' lang='lat' dir='ltr'><strong>virtutum,</strong></span> <span class='ocrx_word' id='word_1_546' title='bbox 2305 2799 2422 2840; x_wconf 90' lang='lat' dir='ltr'><strong>non</strong></span> <span class='ocrx_word' id='word_1_547' title='bbox 2443 2783 2756 2840; x_wconf 90' lang='lat' dir='ltr'><strong>secundum</strong></span> <span class='ocrx_word' id='word_1_548' title='bbox 2778 2799 2857 2848; x_wconf 91' lang='lat' dir='ltr'><strong>se,</strong></span> <span class='ocrx_word' id='word_1_549' title='bbox 2889 2783 2987 2838; x_wconf 91' lang='lat' dir='ltr'><strong>sed</strong></span> <span class='ocrx_word' id='word_1_550' title='bbox 3011 2791 3180 2856; x_wconf 89' lang='lat' dir='ltr'><strong>prout</strong></span> <span class='ocrx_word' id='word_1_551' title='bbox 3209 2785 3327 2841; x_wconf 83' lang='lat' dir='ltr'><strong>for-</strong></span> 
     </span>
     <span class='ocr_line' id='line_1_86' title="bbox 1968 2864 3328 2938; baseline 0 -15"><span class='ocrx_word' id='word_1_552' title='bbox 1968 2865 2202 2923; x_wconf 88' lang='lat' dir='ltr'><strong>maliter</strong></span> <span class='ocrx_word' id='word_1_553' title='bbox 2248 2864 2612 2938; x_wconf 89' lang='lat' dir='ltr'><strong>imperantur</strong></span> <span class='ocrx_word' id='word_1_554' title='bbox 2639 2882 2670 2920; x_wconf 90' lang='lat' dir='ltr'><strong>a</strong></span> <span class='ocrx_word' id='word_1_555' title='bbox 2696 2864 2974 2921; x_wconf 88' lang='lat' dir='ltr'><strong>charitate</strong></span> <span class='ocrx_word' id='word_1_556' title='bbox 3012 2881 3084 2921; x_wconf 86' lang='lat' dir='ltr'><strong>ex</strong></span> <span class='ocrx_word' id='word_1_557' title='bbox 3113 2866 3328 2923; x_wconf 90' lang='lat' dir='ltr'><strong>motivo</strong></span> 
     </span>
     <span class='ocr_line' id='line_1_87' title="bbox 1968 2944 3322 3020; baseline 0.002 -16"><span class='ocrx_word' id='word_1_558' title='bbox 1968 2963 2253 3020; x_wconf 88' lang='lat' dir='ltr'><strong>expresso,</strong></span> <span class='ocrx_word' id='word_1_559' title='bbox 2281 2947 2371 3002; x_wconf 89' lang='lat' dir='ltr'><strong>vel</strong></span> <span class='ocrx_word' id='word_1_560' title='bbox 2393 2946 2673 3019; x_wconf 89' lang='lat' dir='ltr'><strong>implicito</strong></span> <span class='ocrx_word' id='word_1_561' title='bbox 2692 2944 3024 3002; x_wconf 90' lang='lat' dir='ltr'><strong>destruendi</strong></span> <span class='ocrx_word' id='word_1_562' title='bbox 3050 2947 3322 3007; x_wconf 87' lang='lat' dir='ltr'><strong>venialia.</strong></span> 
     </span>
     <span class='ocr_line' id='line_1_88' title="bbox 1967 3027 3327 3103; baseline -0.001 -18"><span class='ocrx_word' id='word_1_563' title='bbox 1967 3035 2246 3103; x_wconf 90' lang='lat' dir='ltr'><strong>quatenus</strong></span> <span class='ocrx_word' id='word_1_564' title='bbox 2272 3028 2568 3085; x_wconf 86' lang='lat' dir='ltr'><strong>divertunt</strong></span> <span class='ocrx_word' id='word_1_565' title='bbox 2594 3044 2627 3084; x_wconf 91' lang='lat' dir='ltr'><strong>a</strong></span> <span class='ocrx_word' id='word_1_566' title='bbox 2656 3031 2785 3084; x_wconf 92' lang='lat' dir='ltr'><strong>Deo.</strong></span> <span class='ocrx_word' id='word_1_567' title='bbox 2820 3027 2968 3083; x_wconf 90' lang='lat' dir='ltr'><strong>Hinc</strong></span> <span class='ocrx_word' id='word_1_568' title='bbox 2989 3034 3184 3084; x_wconf 89' lang='lat' dir='ltr'><strong>tamen</strong></span> <span class='ocrx_word' id='word_1_569' title='bbox 3211 3029 3327 3084; x_wconf 87' lang='lat' dir='ltr'><strong>mi·</strong></span> 
     </span>
     <span class='ocr_line' id='line_1_89' title="bbox 1971 3108 3317 3182; baseline -0.003 -14"><span class='ocrx_word' id='word_1_570' title='bbox 1971 3113 2130 3169; x_wconf 91' lang='lat' dir='ltr'><strong>nime</strong></span> <span class='ocrx_word' id='word_1_571' title='bbox 2157 3109 2424 3175; x_wconf 80' lang='lat' dir='ltr'><strong>infertur,</strong></span> <span class='ocrx_word' id='word_1_572' title='bbox 2457 3108 2607 3182; x_wconf 90' lang='lat' dir='ltr'><strong>quod</strong></span> <span class='ocrx_word' id='word_1_573' title='bbox 2635 3108 2882 3165; x_wconf 89' lang='lat' dir='ltr'><strong>aliarum</strong></span> <span class='ocrx_word' id='word_1_574' title='bbox 2926 3108 3210 3165; x_wconf 88' lang='lat' dir='ltr'><strong>virtutum</strong></span> <span class='ocrx_word' id='word_1_575' title='bbox 3232 3125 3317 3164; x_wconf 86' lang='lat' dir='ltr'><strong>ac·</strong></span> 
     </span>
     <span class='ocr_line' id='line_1_90' title="bbox 1969 3189 3323 3264; baseline -0.001 -16"><span class='ocrx_word' id='word_1_576' title='bbox 1969 3198 2076 3261; x_wconf 76' lang='lat' dir='ltr'><strong>tuS,</strong></span> <span class='ocrx_word' id='word_1_577' title='bbox 2105 3196 2167 3247; x_wconf 93' lang='lat' dir='ltr'><strong>ut</strong></span> <span class='ocrx_word' id='word_1_578' title='bbox 2194 3190 2583 3264; x_wconf 79' lang='lat' dir='ltr'><strong>praescindunt</strong></span> <span class='ocrx_word' id='word_1_579' title='bbox 2611 3206 2642 3246; x_wconf 89' lang='lat' dir='ltr'><strong>a</strong></span> <span class='ocrx_word' id='word_1_580' title='bbox 2676 3189 3041 3262; x_wconf 85' lang='lat' dir='ltr'><strong>displicentia</strong></span> <span class='ocrx_word' id='word_1_581' title='bbox 3068 3190 3323 3256; x_wconf 81' lang='lat' dir='ltr'><strong>formali,</strong></span> 
     </span>
     <span class='ocr_line' id='line_1_91' title="bbox 1968 3271 3325 3345; baseline -0.004 -13"><span class='ocrx_word' id='word_1_582' title='bbox 1968 3275 2060 3332; x_wconf 89' lang='lat' dir='ltr'><strong>vel</strong></span> <span class='ocrx_word' id='word_1_583' title='bbox 2081 3272 2318 3329; x_wconf 87' lang='lat' dir='ltr'><strong>virtuali</strong></span> <span class='ocrx_word' id='word_1_584' title='bbox 2347 3288 2447 3345; x_wconf 91' lang='lat' dir='ltr'><strong>per</strong></span> <span class='ocrx_word' id='word_1_585' title='bbox 2474 3271 2899 3337; x_wconf 89' lang='lat' dir='ltr'><strong>contritionem,</strong></span> <span class='ocrx_word' id='word_1_586' title='bbox 2932 3278 3030 3328; x_wconf 88' lang='lat' dir='ltr'><strong>aut</strong></span> <span class='ocrx_word' id='word_1_587' title='bbox 3069 3287 3325 3328; x_wconf 88' lang='lat' dir='ltr'><strong>amorem</strong></span> 
     </span>
     <span class='ocr_line' id='line_1_92' title="bbox 1968 3352 3151 3426; baseline -0.001 -15"><span class='ocrx_word' id='word_1_588' title='bbox 1968 3355 2282 3421; x_wconf 86' lang='lat' dir='ltr'><strong>charitatis,</strong></span> <span class='ocrx_word' id='word_1_589' title='bbox 2315 3353 2532 3426; x_wconf 90' lang='lat' dir='ltr'><strong>possint</strong></span> <span class='ocrx_word' id='word_1_590' title='bbox 2561 3353 2816 3410; x_wconf 88' lang='lat' dir='ltr'><strong>venialia</strong></span> <span class='ocrx_word' id='word_1_591' title='bbox 2836 3352 3151 3411; x_wconf 89' lang='lat' dir='ltr'><strong>destruere.</strong></span> 
     </span>
    </p>
   </div>
   <div class='ocr_carea' id='block_1_8' title="bbox 2041 3434 3524 3509">
    <p class='ocr_par' dir='ltr' id='par_1_10' title="bbox 2041 3434 3524 3509">
     <span class='ocr_line' id='line_1_93' title="bbox 2041 3434 3524 3509; baseline 0 -17"><span class='ocrx_word' id='word_1_592' title='bbox 2041 3438 2169 3492; x_wconf 87' lang='grc'>323.</span> <span class='ocrx_word' id='word_1_593' title='bbox 2213 3434 2322 3492; x_wconf 92' lang='lat' dir='ltr'><strong>Sed</strong></span> <span class='ocrx_word' id='word_1_594' title='bbox 2340 3440 2540 3492; x_wconf 89' lang='lat' dir='ltr'><strong>contra</strong></span> <span class='ocrx_word' id='word_1_595' title='bbox 2567 3436 2828 3509; x_wconf 83' lang='lat' dir='ltr'><strong>arguitur</strong></span> <span class='ocrx_word' id='word_1_596' title='bbox 2872 3436 3119 3494; x_wconf 89' lang='lat' dir='ltr'><strong>secundo</strong></span> <span class='ocrx_word' id='word_1_597' title='bbox 3152 3451 3326 3492; x_wconf 89' lang='lat' dir='ltr'><strong>:nam</strong></span> <span class='ocrx_word' id='word_1_598' title='bbox 3366 3449 3524 3492; x_wconf 76' lang='lat' dir='ltr'><strong>semn-</strong></span> 
     </span>
    </p>
   </div>
   <div class='ocr_carea' id='block_1_9' title="bbox 1967 3498 3531 3601">
    <p class='ocr_par' dir='ltr' id='par_1_11' title="bbox 1967 3498 3531 3601">
     <span class='ocr_line' id='line_1_94' title="bbox 1967 3498 3531 3601; baseline -0.004 -28"><span class='ocrx_word' id='word_1_599' title='bbox 1967 3516 2096 3574; x_wconf 89' lang='lat' dir='ltr'><strong>ideo</strong></span> <span class='ocrx_word' id='word_1_600' title='bbox 2124 3516 2482 3589; x_wconf 91' lang='lat' dir='ltr'><strong>displicentia</strong></span> <span class='ocrx_word' id='word_1_601' title='bbox 2504 3516 2786 3583; x_wconf 76' lang='lat' dir='ltr'><strong>formaliS,</strong></span> <span class='ocrx_word' id='word_1_602' title='bbox 2819 3519 2910 3574; x_wconf 84' lang='lat' dir='ltr'><strong>vel</strong></span> <span class='ocrx_word' id='word_1_603' title='bbox 2936 3517 3201 3573; x_wconf 91' lang='lat' dir='ltr'><strong>virtualis</strong></span> <span class='ocrx_word' id='word_1_604' title='bbox 3229 3516 3328 3572; x_wconf 92' lang='lat' dir='ltr'><strong>in-</strong></span> <span class='ocrx_word' id='word_1_605' title='bbox 3344 3498 3531 3601; x_wconf 59' lang='lat' dir='ltr'><strong>dffi,</strong></span> 
     </span>
    </p>
   </div>
   <div class='ocr_carea' id='block_1_10' title="bbox 3393 3602 3498 3641">
    <p class='ocr_par' dir='ltr' id='par_1_12' title="bbox 3393 3602 3498 3641">
     <span class='ocr_line' id='line_1_95' title="bbox 3393 3602 3498 3641; baseline -0.029 0"><span class='ocrx_word' id='word_1_606' title='bbox 3393 3602 3498 3641; x_wconf 74' lang='lat' dir='ltr'><strong>tum.</strong></span> 
     </span>
    </p>
   </div>
   <div class='ocr_carea' id='block_1_11' title="bbox 1966 3598 3335 4969">
    <p class='ocr_par' dir='ltr' id='par_1_13' title="bbox 1966 3598 3335 4969">
     <span class='ocr_line' id='line_1_96' title="bbox 1968 3598 3328 3657; baseline -0.002 0"><span class='ocrx_word' id='word_1_607' title='bbox 1968 3604 2140 3657; x_wconf 87' lang='lat' dir='ltr'><strong>venta</strong></span> <span class='ocrx_word' id='word_1_608' title='bbox 2167 3600 2232 3656; x_wconf 91' lang='lat' dir='ltr'><strong>in</strong></span> <span class='ocrx_word' id='word_1_609' title='bbox 2258 3604 2383 3655; x_wconf 91' lang='lat' dir='ltr'><strong>actu</strong></span> <span class='ocrx_word' id='word_1_610' title='bbox 2405 3599 2700 3656; x_wconf 88' lang='lat' dir='ltr'><strong>charitatis</strong></span> <span class='ocrx_word' id='word_1_611' title='bbox 2727 3600 2933 3656; x_wconf 84' lang='lat' dir='ltr'><strong>sufficit</strong></span> <span class='ocrx_word' id='word_1_612' title='bbox 2957 3598 3024 3656; x_wconf 91' lang='lat' dir='ltr'><strong>ad</strong></span> <span class='ocrx_word' id='word_1_613' title='bbox 3067 3599 3328 3656; x_wconf 90' lang='lat' dir='ltr'><strong>destruc-</strong></span> 
     </span>
     <span class='ocr_line' id='line_1_97' title="bbox 1968 3679 3325 3752; baseline -0.001 -17"><span class='ocrx_word' id='word_1_614' title='bbox 1968 3680 2185 3737; x_wconf 89' lang='lat' dir='ltr'><strong>tionem</strong></span> <span class='ocrx_word' id='word_1_615' title='bbox 2237 3679 2556 3736; x_wconf 89' lang='lat' dir='ltr'><strong>venialium</strong></span> <span class='ocrx_word' id='word_1_616' title='bbox 2583 3722 2596 3744; x_wconf 90' lang='lat'><strong>,</strong></span> <span class='ocrx_word' id='word_1_617' title='bbox 2654 3679 2789 3752; x_wconf 90' lang='lat' dir='ltr'><strong>quia</strong></span> <span class='ocrx_word' id='word_1_618' title='bbox 2836 3695 2938 3752; x_wconf 93' lang='lat' dir='ltr'><strong>per</strong></span> <span class='ocrx_word' id='word_1_619' title='bbox 2989 3680 3325 3735; x_wconf 86' lang='lat' dir='ltr'><strong>charitatem</strong></span> 
     </span>
     <span class='ocr_line' id='line_1_98' title="bbox 1966 3758 3325 3832; baseline -0.003 -16"><span class='ocrx_word' id='word_1_620' title='bbox 1966 3758 2362 3817; x_wconf 87' lang='lat' dir='ltr'><strong>convertimur</strong></span> <span class='ocrx_word' id='word_1_621' title='bbox 2385 3758 2448 3814; x_wconf 93' lang='lat' dir='ltr'><strong>in</strong></span> <span class='ocrx_word' id='word_1_622' title='bbox 2465 3760 2665 3825; x_wconf 88' lang='lat' dir='ltr'><strong>Deum,</strong></span> <span class='ocrx_word' id='word_1_623' title='bbox 2689 3760 3035 3832; x_wconf 85' lang='lat' dir='ltr'><strong>tanquamin</strong></span> <span class='ocrx_word' id='word_1_624' title='bbox 3052 3758 3325 3814; x_wconf 89' lang='lat' dir='ltr'><strong>ultimum</strong></span> 
     </span>
     <span class='ocr_line' id='line_1_99' title="bbox 1969 3838 3328 3912; baseline -0.001 -17"><span class='ocrx_word' id='word_1_625' title='bbox 1969 3839 2166 3905; x_wconf 89' lang='lat' dir='ltr'><strong>finem,</strong></span> <span class='ocrx_word' id='word_1_626' title='bbox 2215 3844 2272 3896; x_wconf 90' lang='lat' dir='ltr'><strong>et</strong></span> <span class='ocrx_word' id='word_1_627' title='bbox 2315 3838 2666 3897; x_wconf 88' lang='lat' dir='ltr'><strong>detestamur</strong></span> <span class='ocrx_word' id='word_1_628' title='bbox 2704 3841 2994 3906; x_wconf 88' lang='lat' dir='ltr'><strong>venialia,</strong></span> <span class='ocrx_word' id='word_1_629' title='bbox 3050 3844 3328 3912; x_wconf 85' lang='lat' dir='ltr'><strong>quatenus</strong></span> 
     </span>
     <span class='ocr_line' id='line_1_100' title="bbox 1966 3919 3333 3994; baseline -0.001 -20"><span class='ocrx_word' id='word_1_630' title='bbox 1966 3925 2101 3974; x_wconf 89' lang='lat' dir='ltr'><strong>sunt</strong></span> <span class='ocrx_word' id='word_1_631' title='bbox 2122 3921 2318 3994; x_wconf 89' lang='lat' dir='ltr'><strong>aliqua</strong></span> <span class='ocrx_word' id='word_1_632' title='bbox 2338 3919 2552 3977; x_wconf 81' lang='lat' dir='ltr'><strong>offensa</strong></span> <span class='ocrx_word' id='word_1_633' title='bbox 2573 3921 2674 3977; x_wconf 89' lang='lat' dir='ltr'><strong>Dei</strong></span> <span class='ocrx_word' id='word_1_634' title='bbox 2706 3942 2719 3977; x_wconf 76' lang='grc' dir='ltr'><strong><em>ε</em></strong></span> <span class='ocrx_word' id='word_1_635' title='bbox 2745 3920 2844 3977; x_wconf 91' lang='lat' dir='ltr'><strong>sed</strong></span> <span class='ocrx_word' id='word_1_636' title='bbox 2861 3921 2966 3977; x_wconf 89' lang='lat' dir='ltr'><strong>hoc</strong></span> <span class='ocrx_word' id='word_1_637' title='bbox 2990 3921 3179 3993; x_wconf 89' lang='lat' dir='ltr'><strong>ipsum</strong></span> <span class='ocrx_word' id='word_1_638' title='bbox 3208 3933 3333 3991; x_wconf 90' lang='lat' dir='ltr'><strong>pos·</strong></span> 
     </span>
     <span class='ocr_line' id='line_1_101' title="bbox 1966 4000 3329 4074; baseline 0 -17"><span class='ocrx_word' id='word_1_639' title='bbox 1966 4006 2101 4057; x_wconf 85' lang='lat' dir='ltr'><strong>sunt</strong></span> <span class='ocrx_word' id='word_1_640' title='bbox 2128 4004 2400 4074; x_wconf 68' lang='lat' dir='ltr'><strong>praestare</strong></span> <span class='ocrx_word' id='word_1_641' title='bbox 2447 4001 2550 4057; x_wconf 88' lang='lat' dir='ltr'><strong>alii</strong></span> <span class='ocrx_word' id='word_1_642' title='bbox 2599 4001 2883 4057; x_wconf 87' lang='lat' dir='ltr'><strong>virtutum</strong></span> <span class='ocrx_word' id='word_1_643' title='bbox 2931 4006 3105 4065; x_wconf 88' lang='lat' dir='ltr'><strong>actus,</strong></span> <span class='ocrx_word' id='word_1_644' title='bbox 3154 4000 3253 4073; x_wconf 91' lang='lat' dir='ltr'><strong>qui</strong></span> <span class='ocrx_word' id='word_1_645' title='bbox 3298 4017 3329 4057; x_wconf 87' lang='lat' dir='ltr'><strong>a</strong></span> 
     </span>
     <span class='ocr_line' id='line_1_102' title="bbox 1966 4082 3335 4158; baseline -0.001 -19"><span class='ocrx_word' id='word_1_646' title='bbox 1966 4085 2152 4158; x_wconf 84' lang='lat' dir='ltr'><strong>gratia</strong></span> <span class='ocrx_word' id='word_1_647' title='bbox 2198 4082 2511 4156; x_wconf 89' lang='lat' dir='ltr'><strong>procedunt</strong></span> <span class='ocrx_word' id='word_1_648' title='bbox 2549 4104 2562 4139; x_wconf 90' lang='lat'>:</span> <span class='ocrx_word' id='word_1_649' title='bbox 2607 4100 2742 4158; x_wconf 82' lang='lat' dir='ltr'><strong>ergo</strong></span> <span class='ocrx_word' id='word_1_650' title='bbox 2791 4082 3123 4158; x_wconf 85' lang='lat' dir='ltr'><strong>hujusmodi</strong></span> <span class='ocrx_word' id='word_1_651' title='bbox 3177 4087 3335 4139; x_wconf 88' lang='lat' dir='ltr'><strong>actus</strong></span> 
     </span>
     <span class='ocr_line' id='line_1_103' title="bbox 1966 4162 3335 4224; baseline 0 -4"><span class='ocrx_word' id='word_1_652' title='bbox 1966 4165 2253 4221; x_wconf 82' lang='lat' dir='ltr'><strong>sufficiunt</strong></span> <span class='ocrx_word' id='word_1_653' title='bbox 2281 4162 2350 4220; x_wconf 89' lang='lat' dir='ltr'><strong>ad</strong></span> <span class='ocrx_word' id='word_1_654' title='bbox 2391 4164 2712 4224; x_wconf 85' lang='lat' dir='ltr'><strong>tollendum</strong></span> <span class='ocrx_word' id='word_1_655' title='bbox 2744 4165 3019 4222; x_wconf 87' lang='lat' dir='ltr'><strong>venialia.</strong></span> <span class='ocrx_word' id='word_1_656' title='bbox 3048 4163 3335 4221; x_wconf 86' lang='lat' dir='ltr'><strong>Probatur</strong></span> 
     </span>
     <span class='ocr_line' id='line_1_104' title="bbox 1967 4247 3334 4320; baseline -0.001 -17"><span class='ocrx_word' id='word_1_657' title='bbox 1967 4249 2180 4314; x_wconf 89' lang='lat' dir='ltr'><strong>minor,</strong></span> <span class='ocrx_word' id='word_1_658' title='bbox 2212 4248 2347 4320; x_wconf 90' lang='lat' dir='ltr'><strong>quia</strong></span> <span class='ocrx_word' id='word_1_659' title='bbox 2375 4248 2594 4306; x_wconf 88' lang='lat' dir='ltr'><strong>attritio</strong></span> <span class='ocrx_word' id='word_1_660' title='bbox 2620 4247 3082 4320; x_wconf 89' lang='lat' dir='ltr'><strong>supernaturalis</strong></span> <span class='ocrx_word' id='word_1_661' title='bbox 3109 4251 3236 4305; x_wconf 91' lang='lat' dir='ltr'><strong>orta</strong></span> <span class='ocrx_word' id='word_1_662' title='bbox 3260 4263 3334 4303; x_wconf 84' lang='lat' dir='ltr'><strong>ex</strong></span> 
     </span>
     <span class='ocr_line' id='line_1_105' title="bbox 1966 4327 3334 4402; baseline 0 -19"><span class='ocrx_word' id='word_1_663' title='bbox 1966 4329 2172 4402; x_wconf 83' lang='lat' dir='ltr'><strong>gratia,</strong></span> <span class='ocrx_word' id='word_1_664' title='bbox 2198 4345 2309 4402; x_wconf 90' lang='lat' dir='ltr'><strong>qua</strong></span> <span class='ocrx_word' id='word_1_665' title='bbox 2331 4333 2494 4401; x_wconf 88' lang='lat' dir='ltr'><strong>parte</strong></span> <span class='ocrx_word' id='word_1_666' title='bbox 2514 4333 2599 4386; x_wconf 90' lang='lat' dir='ltr'><strong>est</strong></span> <span class='ocrx_word' id='word_1_667' title='bbox 2626 4328 2861 4396; x_wconf 89' lang='lat' dir='ltr'><strong>attritio,</strong></span> <span class='ocrx_word' id='word_1_668' title='bbox 2894 4327 3208 4383; x_wconf 86' lang='lat' dir='ltr'><strong>detestatur</strong></span> <span class='ocrx_word' id='word_1_669' title='bbox 3229 4343 3334 4384; x_wconf 88' lang='lat' dir='ltr'><strong>ve·</strong></span> 
     </span>
     <span class='ocr_line' id='line_1_106' title="bbox 1969 4406 3334 4484; baseline -0.001 -18"><span class='ocrx_word' id='word_1_670' title='bbox 1969 4410 2148 4466; x_wconf 92' lang='lat' dir='ltr'><strong>nialia</strong></span> <span class='ocrx_word' id='word_1_671' title='bbox 2166 4434 2181 4478; x_wconf 92' lang='lat'>;</span> <span class='ocrx_word' id='word_1_672' title='bbox 2207 4416 2261 4468; x_wconf 91' lang='lat' dir='ltr'><strong>et</strong></span> <span class='ocrx_word' id='word_1_673' title='bbox 2299 4426 2411 4484; x_wconf 90' lang='lat' dir='ltr'><strong>qua</strong></span> <span class='ocrx_word' id='word_1_674' title='bbox 2439 4414 2599 4482; x_wconf 88' lang='lat' dir='ltr'><strong>parte</strong></span> <span class='ocrx_word' id='word_1_675' title='bbox 2621 4425 2653 4466; x_wconf 98' lang='lat' dir='ltr'><strong>a</strong></span> <span class='ocrx_word' id='word_1_676' title='bbox 2697 4409 2884 4482; x_wconf 83' lang='lat' dir='ltr'><strong>gratia</strong></span> <span class='ocrx_word' id='word_1_677' title='bbox 2937 4406 3211 4480; x_wconf 89' lang='lat' dir='ltr'><strong>procedit,</strong></span> <span class='ocrx_word' id='word_1_678' title='bbox 3244 4423 3334 4464; x_wconf 88' lang='lat' dir='ltr'><strong>re-</strong></span> 
     </span>
     <span class='ocr_line' id='line_1_107' title="bbox 1968 4489 3329 4548; baseline -0.001 -3"><span class='ocrx_word' id='word_1_679' title='bbox 1968 4490 2152 4547; x_wconf 81' lang='lat' dir='ltr'><strong>fertur</strong></span> <span class='ocrx_word' id='word_1_680' title='bbox 2178 4492 2380 4548; x_wconf 89' lang='lat' dir='ltr'><strong>saltem</strong></span> <span class='ocrx_word' id='word_1_681' title='bbox 2405 4490 2731 4547; x_wconf 88' lang='lat' dir='ltr'><strong>virtualiter</strong></span> <span class='ocrx_word' id='word_1_682' title='bbox 2758 4490 2822 4546; x_wconf 91' lang='lat' dir='ltr'><strong>in</strong></span> <span class='ocrx_word' id='word_1_683' title='bbox 2847 4490 3024 4545; x_wconf 92' lang='lat' dir='ltr'><strong>Deum</strong></span> <span class='ocrx_word' id='word_1_684' title='bbox 3056 4489 3329 4545; x_wconf 89' lang='lat' dir='ltr'><strong>ultimum</strong></span> 
     </span>
     <span class='ocr_line' id='line_1_108' title="bbox 1967 4568 3331 4644; baseline -0.001 -18"><span class='ocrx_word' id='word_1_685' title='bbox 1967 4569 2166 4638; x_wconf 91' lang='lat' dir='ltr'><strong>finem,</strong></span> <span class='ocrx_word' id='word_1_686' title='bbox 2193 4571 2606 4644; x_wconf 88' lang='lat' dir='ltr'><strong>participatque</strong></span> <span class='ocrx_word' id='word_1_687' title='bbox 2648 4568 2882 4626; x_wconf 88' lang='lat' dir='ltr'><strong>modum</strong></span> <span class='ocrx_word' id='word_1_688' title='bbox 2935 4569 3189 4640; x_wconf 91' lang='lat' dir='ltr'><strong>aliquem</strong></span> <span class='ocrx_word' id='word_1_689' title='bbox 3233 4569 3331 4625; x_wconf 90' lang='lat' dir='ltr'><strong>in·</strong></span> 
     </span>
     <span class='ocr_line' id='line_1_109' title="bbox 1967 4649 3332 4718; baseline -0.001 -10"><span class='ocrx_word' id='word_1_690' title='bbox 1967 4652 2282 4709; x_wconf 88' lang='lat' dir='ltr'><strong>trinsecum</strong></span> <span class='ocrx_word' id='word_1_691' title='bbox 2302 4652 2375 4710; x_wconf 91' lang='lat' dir='ltr'><strong>de</strong></span> <span class='ocrx_word' id='word_1_692' title='bbox 2418 4653 2574 4709; x_wconf 88' lang='lat' dir='ltr'><strong>linea</strong></span> <span class='ocrx_word' id='word_1_693' title='bbox 2599 4651 2915 4718; x_wconf 89' lang='lat' dir='ltr'><strong>charitatis,</strong></span> <span class='ocrx_word' id='word_1_694' title='bbox 2943 4655 3005 4705; x_wconf 92' lang='lat' dir='ltr'><strong>ut</strong></span> <span class='ocrx_word' id='word_1_695' title='bbox 3049 4649 3332 4707; x_wconf 88' lang='lat' dir='ltr'><strong>constabit</strong></span> 
     </span>
     <span class='ocr_line' id='line_1_110' title="bbox 1967 4729 3333 4823; baseline -0.001 -35"><span class='ocrx_word' id='word_1_696' title='bbox 1967 4739 2128 4789; x_wconf 74' lang='lat' dir='ltr'><strong>tract.</strong></span> <span class='ocrx_word' id='word_1_697' title='bbox 2159 4751 2268 4823; x_wconf 79' lang='lat' dir='ltr'><strong>seq.</strong></span> <span class='ocrx_word' id='word_1_698' title='bbox 2301 4733 2442 4806; x_wconf 80' lang='lat' dir='ltr'><strong>disp.</strong></span> <span class='ocrx_word' id='word_1_699' title='bbox 2470 4733 2528 4799; x_wconf 89' lang='grc'><strong>4,</strong></span> <span class='ocrx_word' id='word_1_700' title='bbox 2551 4731 2681 4787; x_wconf 77' lang='lat' dir='ltr'><strong>dub.</strong></span> <span class='ocrx_word' id='word_1_701' title='bbox 2721 4733 2767 4796; x_wconf 90' lang='lat'><strong>1,</strong></span> <span class='ocrx_word' id='word_1_702' title='bbox 2802 4729 3068 4803; x_wconf 89' lang='lat' dir='ltr'><strong>idemque</strong></span> <span class='ocrx_word' id='word_1_703' title='bbox 3089 4747 3333 4804; x_wconf 89' lang='lat' dir='ltr'><strong>propor-</strong></span> 
     </span>
     <span class='ocr_line' id='line_1_111' title="bbox 1969 4810 3333 4882; baseline -0.001 -14"><span class='ocrx_word' id='word_1_704' title='bbox 1969 4812 2324 4871; x_wconf 88' lang='lat' dir='ltr'><strong>tionabiliter</strong></span> <span class='ocrx_word' id='word_1_705' title='bbox 2349 4812 2619 4870; x_wconf 91' lang='lat' dir='ltr'><strong>convenit</strong></span> <span class='ocrx_word' id='word_1_706' title='bbox 2643 4810 2880 4882; x_wconf 89' lang='lat' dir='ltr'><strong>reliquis</strong></span> <span class='ocrx_word' id='word_1_707' title='bbox 2924 4810 3207 4867; x_wconf 82' lang='lat' dir='ltr'><strong>virtutum</strong></span> <span class='ocrx_word' id='word_1_708' title='bbox 3235 4826 3333 4867; x_wconf 86' lang='lat' dir='ltr'><strong>ac-</strong></span> 
     </span>
     <span class='ocr_line' id='line_1_112' title="bbox 1966 4894 3334 4969; baseline 0 -18"><span class='ocrx_word' id='word_1_709' title='bbox 1966 4895 2139 4963; x_wconf 89' lang='lat' dir='ltr'><strong>tibus,</strong></span> <span class='ocrx_word' id='word_1_710' title='bbox 2169 4896 2268 4969; x_wconf 91' lang='lat' dir='ltr'><strong>qui</strong></span> <span class='ocrx_word' id='word_1_711' title='bbox 2310 4912 2343 4952; x_wconf 92' lang='lat' dir='ltr'><strong>a</strong></span> <span class='ocrx_word' id='word_1_712' title='bbox 2364 4895 2516 4969; x_wconf 82' lang='lat' dir='ltr'><strong>justo</strong></span> <span class='ocrx_word' id='word_1_713' title='bbox 2561 4894 2878 4952; x_wconf 90' lang='lat' dir='ltr'><strong>eliciuntur</strong></span> <span class='ocrx_word' id='word_1_714' title='bbox 2905 4914 2919 4947; x_wconf 72' lang='grc' dir='ltr'><strong><em>ε</em></strong></span> <span class='ocrx_word' id='word_1_715' title='bbox 2947 4907 3084 4968; x_wconf 82' lang='lat' dir='ltr'><strong>ergo</strong></span> <span class='ocrx_word' id='word_1_716' title='bbox 3130 4908 3334 4951; x_wconf 83' lang='lat' dir='ltr'><strong>omnes</strong></span> 
     </span>
    </p>
   </div>
   <div class='ocr_carea' id='block_1_12' title="bbox 1967 4972 3331 5179">
    <p class='ocr_par' dir='ltr' id='par_1_14' title="bbox 1967 4972 3331 5179">
     <span class='ocr_line' id='line_1_113' title="bbox 1969 4972 3331 5049; baseline -0.001 -19"><span class='ocrx_word' id='word_1_717' title='bbox 1969 4974 2299 5049; x_wconf 89' lang='lat' dir='ltr'><strong>hujusmodi</strong></span> <span class='ocrx_word' id='word_1_718' title='bbox 2327 4979 2482 5032; x_wconf 88' lang='lat' dir='ltr'><strong>actus</strong></span> <span class='ocrx_word' id='word_1_719' title='bbox 2505 4977 2796 5047; x_wconf 80' lang='lat' dir='ltr'><strong>praestant,</strong></span> <span class='ocrx_word' id='word_1_720' title='bbox 2822 4972 3027 5028; x_wconf 87' lang='lat' dir='ltr'><strong>saltem</strong></span> <span class='ocrx_word' id='word_1_721' title='bbox 3059 4972 3331 5029; x_wconf 88' lang='lat' dir='ltr'><strong>virtuali-</strong></span> 
     </span>
     <span class='ocr_line' id='line_1_114' title="bbox 1967 5047 3331 5131; baseline -0.002 -26"><span class='ocrx_word' id='word_1_722' title='bbox 1967 5054 2075 5116; x_wconf 89' lang='lat' dir='ltr'><strong>ter,</strong></span> <span class='ocrx_word' id='word_1_723' title='bbox 2121 5048 2272 5123; x_wconf 93' lang='lat' dir='ltr'><strong>quod</strong></span> <span class='ocrx_word' id='word_1_724' title='bbox 2299 5048 2751 5106; x_wconf 90' lang='lat' dir='ltr'><strong>communicaret</strong></span> <span class='ocrx_word' id='word_1_725' title='bbox 2778 5051 2933 5103; x_wconf 89' lang='lat' dir='ltr'><strong>actus</strong></span> <span class='ocrx_word' id='word_1_726' title='bbox 2972 5047 3206 5130; x_wconf 74' lang='lat' dir='ltr'><strong>amoris,</strong></span> <span class='ocrx_word' id='word_1_727' title='bbox 3237 5047 3331 5131; x_wconf 73' lang='lat' dir='ltr'><strong>vel</strong></span> 
     </span>
     <span class='ocr_line' id='line_1_115' title="bbox 2960 5125 3326 5179; baseline -0.003 -3"><span class='ocrx_word' id='word_1_728' title='bbox 2960 5125 3326 5179; x_wconf 80' lang='lat' dir='ltr'><strong>contritionis</strong></span> 
     </span>
    </p>
   </div>
  </div>
 </body>
</html>
