3647 5753
111 4352 187 4430 ᾖ.

111 4445 172 4479 m.
221 4449 395 4507 opera
429 4451 547 4491 non
576 4435 790 4492 mereri
818 4437 1026 4493 merito
1064 4435 1136 4493 de
1175 4452 1428 4511 congruo
1457 4453 1586 4511 pro·

1372 423 1550 481 DISP.
1593 422 1691 489 VI,
1732 421 1900 478 DUB.
1946 421 2016 478 V.
2979 415 3092 474 863

236 611 263 643 α
296 605 402 662 pro
439 606 525 649 eo.
559 593 779 650 Horum
803 596 1013 668 quippe
1039 613 1222 653 unum
1245 597 1496 670 pertinet
1521 596 1592 654 ad

235 693 261 723 ι
295 671 554 741 initium,
577 675 825 733 alterum
848 677 917 734 ad
940 677 1119 735 finem
1147 699 1161 735 ε
1187 683 1493 752 utrumque
1515 683 1598 735 ta-

235 776 261 806 «
293 769 431 811 men
470 763 555 813 est
593 759 691 815 Dei
720 758 960 826 donum,
985 762 1122 835 quia
1152 767 1460 835 utrumque
1480 761 1594 818 dic-

234 856 261 888 «
295 841 420 893 tum
439 843 526 894 est
544 852 666 896 esse
684 838 980 899 donatum.
1008 842 1168 908 Quod
1184 843 1344 900 enim
1366 848 1450 900 est
1473 841 1593 898 ini-

234 938 261 969 «
293 917 442 975 tium
468 921 664 979 verius
703 923 1049 991 Christiano,
1073 942 1247 1000 quam
1275 925 1507 983 credere
1527 924 1593 981 in

232 1020 259 1051 α
293 1000 631 1061 Christum?
669 1006 805 1070 Quis
828 1005 966 1063 finis
1004 1009 1216 1066 melior
1260 1024 1433 1081 quam
1472 1007 1589 1080 pati

229 1104 256 1135 α
291 1100 396 1157 pro
442 1086 667 1145 Christo
687 1091 715 1145 Ρ
759 1109 785 1141 n
830 1089 917 1145 Ad
963 1091 1352 1149 antecedentis
1396 1097 1591 1148 autem

223 1164 623 1238 probationem
671 1174 850 1241 potest
895 1171 1030 1237 dici,
1067 1171 1202 1229 illos
1244 1173 1338 1227 SS.
1388 1172 1592 1227 Patres

223 1263 347 1305 non
392 1248 548 1322 loqui
575 1248 646 1307 de
691 1252 900 1309 merito
927 1253 1161 1326 proprie
1210 1258 1455 1328 accepto.
1486 1251 1586 1310 sed

226 1328 387 1404 large
413 1329 581 1396 dicto,
613 1337 781 1404 prout
814 1332 967 1390 idem
1012 1337 1115 1400 est,
1157 1350 1221 1392 ac
1259 1333 1589 1409 impetratio

226 1409 471 1486 alicujus
498 1410 658 1469 boni.

300 1492 577 1561 Secundo,
607 1500 665 1552 et
700 1494 929 1553 facilius
950 1497 1347 1570 respondetur,
1373 1498 1589 1557 omisso

225 1576 603 1644 antecedenti,
637 1579 898 1653 negando
923 1582 1389 1656 consequentiam
1413 1605 1427 1648 ;
1454 1581 1589 1654 quia

223 1660 574 1734 martyrium
603 1676 719 1717 non
747 1668 830 1718 est
854 1664 1214 1739 principium
1243 1664 1587 1736 requisitum

221 1740 293 1797 ad
332 1739 698 1809 eliciendum,
725 1744 818 1800 vel
846 1744 1306 1803 conservandum
1335 1744 1543 1801 merita
1567 1768 1583 1812 ;

222 1821 379 1880 unde
405 1838 522 1880 non
541 1839 602 1880 se
622 1829 779 1882 tenet
797 1842 866 1883 ex
888 1832 1050 1901 parte
1077 1829 1337 1894 illorum,
1361 1826 1461 1884 sed
1484 1842 1586 1900 po-

223 1908 332 1961 test
374 1901 574 1959 sortiri
625 1904 905 1963 rationem
951 1907 1211 1973 termini,
1251 1912 1307 1964 et
1358 1906 1580 1974 cadere,

220 1985 532 2057 suppositis
553 1985 686 2041 aliis
711 1986 1138 2046 conditionibus
1162 1991 1322 2062 (quas
1349 1991 1412 2045 in
1435 2004 1577 2061 prae·

219 2067 371 2123 senti
400 2082 516 2123 non
544 2067 981 2144 investigamus)
1007 2071 1114 2127 sub
1135 2071 1578 2145 praecedentium
1622 2094 1637 2103 ·

222 2151 568 2207 meritorum
619 2150 862 2217 influxu,
894 2153 1041 2211 sicut
1079 2153 1151 2211 de
1192 2154 1343 2211 dono
1366 2153 1584 2211 confir-

219 2231 495 2287 mationis
545 2247 720 2303 supra
772 2232 1123 2292 dicebamus.
1157 2234 1242 2290 Ad
1288 2233 1584 2307 probatio-

219 2327 356 2368 nem
377 2315 793 2387 consequentiae
807 2314 1072 2383 dicimuS,
1091 2318 1581 2389 perseverantiam

216 2394 283 2449 in
308 2394 494 2467 gratia
516 2395 594 2451 ita
616 2394 832 2462 afferri,
859 2403 913 2455 et
943 2399 1231 2472 implicari
1262 2399 1327 2455 in
1356 2406 1584 2474 marty-

216 2475 309 2532 rio
355 2491 459 2550 pro
506 2478 749 2543 Christo,
783 2486 841 2535 ut
880 2482 1059 2537 simul
1104 2482 1182 2537 sit
1228 2483 1581 2555 principium

215 2559 558 2631 requisitum
586 2560 793 2616 saltem
823 2561 893 2617 ad
940 2562 1403 2620 conservandum
1449 2579 1579 2620 me-

214 2639 332 2696 rita
359 2654 536 2712 usque
577 2640 647 2696 ad
687 2640 1054 2701 durationem
1081 2644 1405 2702 collationis
1442 2644 1580 2702 doni

210 2721 505 2794 martyrii,
543 2723 633 2780 vel
662 2722 900 2780 alterius
922 2726 1148 2798 praemii
1178 2747 1191 2782 ε
1216 2727 1489 2799 quocirca
1509 2742 1581 2782 ex

206 2817 297 2867 e0,
329 2801 479 2875 quod
527 2805 879 2879 martyrium
928 2805 1074 2863 cadit
1115 2806 1224 2863 sub
1258 2808 1467 2865 merito
1510 2807 1581 2865 de

207 2887 518 2962 condigno,
551 2887 802 2946 minime
827 2892 1104 2963 sequitur,
1131 2890 1282 2964 quod
1311 2907 1580 2964 perseve-

212 2969 424 3033 rantia,
455 2984 558 3025 seu
601 2972 800 3044 gratiae
825 2973 1187 3048 conservatio
1224 2971 1333 3028 sub
1370 2971 1575 3030 eodem

212 3050 425 3106 merito
448 3047 626 3106 cadat.
653 3051 737 3106 Ad
758 3053 1156 3110 testimonium
1182 3055 1245 3106 D.
1272 3053 1579 3127 Augustini

214 3129 482 3203 proxime
510 3131 778 3196 relatum,
802 3132 952 3204 quod
976 3139 1161 3206 posset
1184 3132 1317 3189 huic
1340 3147 1579 3206 respon-

213 3209 368 3267 sioni
395 3209 716 3276 adversari,
744 3210 1052 3268 dicendum
1076 3217 1180 3276 est,
1200 3213 1255 3267 S.
1281 3214 1579 3269 Doctorem

211 3291 405 3348 solum
435 3288 759 3355 intendere,
792 3290 942 3362 quod
972 3291 1088 3364 pati
1129 3291 1478 3365 martyrium
1506 3292 1582 3348 sit

213 3372 433 3428 donum
456 3371 553 3426 Dei
585 3369 869 3426 excedens
892 3372 1051 3427 vires
1073 3376 1311 3438 naturae,
1341 3378 1402 3428 ut
1430 3377 1582 3445 patet

213 3468 288 3509 ex
326 3455 484 3508 textu
519 3465 685 3507 :cum
706 3467 820 3524 quo
848 3457 997 3509 recte
1017 3452 1280 3521 cohaeret,
1313 3461 1376 3511 ut
1403 3455 1582 3528 possit

213 3549 338 3591 esse
365 3533 666 3606 praemium
708 3533 1058 3607 respondens
1107 3536 1318 3593 merito
1367 3552 1579 3610 praeoe-

217 3616 374 3675 denti
413 3633 485 3674 ex
524 3616 747 3674 viribus
772 3615 990 3691 gratiae.
1037 3616 1320 3675 Addimus
1346 3622 1402 3678 S.
1437 3621 1581 3678 Doc-

217 3705 402 3756 torem
430 3698 583 3772 loqui
609 3697 923 3755 secundum
954 3698 1390 3772 dispositionem
1432 3716 1581 3774 prae-

218 3783 398 3840 sentis
418 3780 810 3855 providentias,
840 3783 1004 3855 juxta
1029 3799 1205 3855 quam
1234 3800 1405 3842 nemo
1433 3784 1581 3841 forte

220 3871 473 3923 meretur
500 3863 569 3921 de
600 3863 882 3939 condigno
909 3865 1028 3937 pati
1058 3868 1434 3941 martyrium.

822 4042 854 4107 s
894 4040 963 4095 v.

370 4185 742 4245 Corollarium
769 4149 1114 4262 praescientis
1157 4188 1432 4244 doctrina.

304 4353 424 4408 107.
455 4353 538 4408 Ex
558 4351 724 4408 dictis
748 4351 1024 4424 sequitur,
1051 4353 1272 4427 justum
1302 4367 1406 4426 per
1433 4351 1584 4411 bona

223 4515 349 4588 prie
375 4515 525 4573 dicto
550 4514 769 4573 donum
811 4519 1277 4589 perseverantiae‚
1319 4533 1420 4574 seu
1444 4535 1583 4593 gra-

224 4599 315 4654 tiae
334 4596 849 4656 conservationem.
878 4599 994 4655 Hoc
1018 4599 1437 4656 consectarium
1478 4599 1585 4657 do·

222 4685 350 4736 cent
393 4681 780 4737 communiter
820 4680 1088 4755 discipuli
1116 4685 1179 4738 D.
1229 4682 1437 4739 Thom.
1481 4698 1586 4755 pro

224 4764 421 4817 nostra
457 4761 821 4817 conclusione
850 4763 1038 4828 relati,
1076 4767 1133 4820 et
1160 4764 1402 4830 merito;
1447 4779 1582 4820 nam

223 4840 476 4898 continet
526 4840 896 4898 manifestam
949 4841 1275 4900 doctrinam
1327 4844 1585 4919 Angelici

226 4922 596 4993 Praeceptoris
625 4924 686 4978 in
710 4922 810 4978 hoc
853 4931 967 4979 art.
1010 4925 1065 4980 9.
1123 4926 1266 4979 Cum
1317 4926 1478 4982 enim
1523 4926 1586 4981 in

228 5001 358 5058 aliis
379 5001 638 5059 articulis
662 5002 1110 5075 praecedentibus
1130 5003 1445 5079 distinguat
1471 5020 1587 5062 me·

230 5084 406 5140 ritum
426 5083 498 5140 de
523 5098 796 5159 congruo,
814 5091 871 5143 et
890 5085 1167 5143 meritum
1189 5085 1261 5144 de
1279 5085 1583 5163 condigno,

1727 595 2018 669 soleatque
2042 592 2351 652 concedere
2376 594 2569 667 aliqua
2608 593 2810 650 cadere
2836 591 2941 649 sub
2970 608 3096 649 me-

1731 680 1845 737 rito
1871 678 1942 735 de
1994 694 2265 752 congruo,
2309 694 2433 750 quae
2480 683 2673 735 tamen
2726 682 2913 751 negat.
2946 674 3095 747 quod

1727 759 1835 817 sub
1864 759 2075 816 merito
2112 758 2396 833 condigno
2431 757 2661 822 cadunt;
2706 758 3098 815 nihilominus

1727 841 1793 897 in
1819 841 1926 898 hoc
1971 841 2213 899 articulo
2241 839 2626 913 praetermissa
2668 838 2934 912 praedicta
2973 837 3092 894 dis-

1727 924 2025 990 tinetione,
2058 923 2377 989 indefinite,
2422 928 2479 980 et
2503 921 2914 979 universaliter
2953 936 3092 977 con-

1726 1005 1925 1073 cludit,
1968 1005 2120 1078 quod
2161 1006 2589 1078 perseverantia
2635 1005 2745 1062 viae
2786 1020 2905 1061 non
2942 1003 3093 1060 cadit

1725 1088 1832 1145 sub
1870 1086 2118 1154 merito;
2147 1088 2323 1145 sentit
2363 1087 2560 1161 igitur,
2604 1085 2753 1160 quod
2774 1087 2962 1161 justus
2990 1104 3093 1160 per

1724 1168 1876 1227 bona
1897 1185 2072 1242 opera
2108 1185 2226 1227 non
2252 1174 2508 1226 meretur
2534 1167 2719 1225 adhuc
2740 1167 2810 1224 de
2836 1183 3089 1241 congruo

1725 1250 2237 1326 perseverantiam,
2300 1267 2399 1307 seu
2459 1249 2955 1308 conservationem
3022 1250 3086 1306 in

1719 1335 1926 1410 gratia.
1959 1334 2117 1399 Quod
2143 1333 2466 1392 evidentius
2492 1338 2709 1391 constat
2746 1348 2819 1390 ex
2847 1348 3089 1406 respon-

1721 1418 1885 1474 sione
1911 1416 1982 1474 ad
2015 1419 2069 1483 2,
2104 1416 2203 1473 ubi
2242 1416 2421 1486 docet,
2455 1416 2752 1473 hominem
2782 1431 2942 1489 posse
2969 1417 3086 1471 im-

1724 1504 1950 1571 petrare
1996 1497 2211 1554 donum
2242 1495 2702 1572 perseverantiae,
2736 1512 2853 1553 non
2894 1501 3083 1554 autem

1724 1593 1887 1651 posse
1926 1576 2072 1634 illud
2100 1579 2314 1635 mereri
2340 1596 2353 1630 ε
2388 1577 2484 1634 ubi
2514 1576 2663 1634 illud
2690 1578 2963 1634 meritum
2992 1594 3085 1635 ex·

1721 1658 1921 1726 cludit,
1951 1659 2101 1732 quod
2128 1659 2198 1716 ab
2226 1659 2633 1734 impetratione
2670 1658 3080 1733 distinguitur3

1723 1742 1829 1799 hoc
1866 1748 2056 1799 autem
2084 1748 2166 1799 est
2194 1759 2366 1799 omne
2407 1744 2682 1799 meritum
2713 1742 2942 1814 proprie
2970 1741 3083 1798 dic-

1721 1829 1859 1892 tum,
1893 1823 2016 1881 sive
2055 1823 2124 1881 de
2162 1824 2463 1899 condigno,
2494 1826 2617 1881 sive
2661 1823 2732 1880 de
2782 1839 3034 1898 congruo
3067 1846 3079 1880 ε

1719 1921 1857 1980 ergo
1894 1922 1965 1962 ex
2011 1913 2204 1964 mente
2251 1909 2315 1961 D.
2347 1906 2551 1963 Thom.
2590 1907 2775 1980 justus
2805 1920 2905 1977 per
2934 1905 3082 1962 bona

1718 2004 1894 2061 opera
1924 2004 2041 2045 non
2070 1995 2324 2046 meretur
2361 1989 2847 2061 perseverantiam
2877 1987 3084 2059 merito

1718 2069 1789 2127 de
1835 2087 2086 2145 congruo
2135 2072 2366 2145 proprie
2410 2070 2579 2129 dicto.
2612 2072 2836 2128 Accedit
2881 2070 3080 2138 etiam,

1718 2156 1774 2210 S.
1806 2155 2103 2210 Doctorem
2133 2154 2215 2210 uti
2246 2155 2489 2218 ratione,
2520 2168 2646 2224 quae
2673 2152 3079 2209 universaliter

1718 2235 1934 2292 militat
1981 2235 2044 2291 in
2096 2236 2258 2291 omni
2289 2236 2497 2292 merito
2545 2236 2777 2308 proprie
2822 2234 2990 2298 dicto,
3023 2241 3085 2289 ut

1714 2316 1911 2373 statim
1933 2315 2338 2389 expendemus.
2385 2315 2641 2372 Eandem
2671 2315 3079 2372 resolutionem

1717 2403 1911 2469 aperte
1960 2395 2132 2452 tradit
2179 2399 2239 2452 D.
2287 2399 2521 2469 August.
2564 2404 2673 2451 toto
2702 2395 2794 2451 lib.
2839 2396 2902 2450 de
2946 2395 3080 2451 bono

1710 2497 1975 2553 persever.
2011 2479 2107 2535 ubi
2144 2478 2424 2551 praecipue
2452 2478 2669 2550 probat,
2691 2478 3076 2550 perseverandi

1711 2563 1960 2630 qratiam
1984 2577 2095 2614 non
2139 2560 2435 2615 secundum
2461 2561 2656 2613 merita
2699 2564 2887 2613 nostra
2908 2558 3039 2612 dari
3058 2576 3076 2611 .·

1715 2641 1864 2714 quod
1913 2642 2125 2698 falsum
2170 2648 2335 2701 esset.
2379 2641 2431 2697 si
2472 2642 2657 2715 justus
2684 2641 2848 2696 illam
2885 2656 3074 2696 mere-

1717 2730 1879 2780 retur
1917 2725 2126 2781 merito
2175 2723 2246 2780 de
2305 2739 2557 2797 congruo
2618 2723 2849 2797 proprie
2901 2720 3070 2779 dicto.

1716 2807 1879 2863 Unde
1923 2813 2130 2882 praeter
2158 2808 2483 2864 Thomistas
2513 2809 2722 2864 relatos
2748 2806 2829 2861 sic
2870 2803 3075 2860 docent

1713 2891 1778 2946 D.
1842 2891 2171 2946 Antoninus
2215 2893 2251 2945 4
2297 2899 2448 2963 part.
2497 2891 2644 2946 titul.
2706 2891 2760 2953 9,
2819 2904 2939 2958 cap.
2993 2889 3071 2942 7:

1715 2971 2021 3044 Viguerius
2065 2989 2185 3042 cap.
2238 2973 2293 3036 3,
2322 2975 2354 3040 9
2402 2974 2475 3026 5:
2528 2971 2821 3027 Arboreus
2863 2968 2956 3025 lib.
3012 2969 3073 3023 14

1720 3052 2030 3122 Theoloyioe,
2055 3068 2174 3123 cap.
2213 3052 2290 3116 19,
2321 3059 2378 3107 et
2404 3052 2526 3108 alii.

1788 3130 2252 3186 Fundamentum
2276 3129 2518 3186 habetur
2540 3147 2610 3187 ex
2636 3130 2802 3186 dictis
2820 3144 2921 3201 pro
2942 3144 3074 3185 nos-

1713 3293 1966 3350 conferri
2021 3309 2121 3366 per
2167 3292 2402 3349 modum
2458 3294 2681 3365 praemii
2734 3308 3073 3366 correspon-

1714 3373 1905 3431 dentis
1944 3375 2152 3431 merito
2197 3374 2266 3431 de
2303 3390 2573 3448 congruo,
2608 3375 2720 3431 nisi
2745 3390 3075 3448 praesuppo-

1716 3461 1890 3512 natur
1917 3456 2191 3512 meritum
2232 3454 2303 3511 de
2339 3470 2590 3530 congruo
2631 3471 2988 3527 permanere,
3021 3463 3076 3513 et

1713 3537 2044 3595 conservari
2074 3553 2247 3609 usque
2292 3536 2362 3592 ad
2412 3537 2637 3609 praemii
2684 3536 3070 3593 collationem.

1715 3619 1923 3690 Nequit
1952 3622 2142 3674 autem
2172 3617 2446 3674 meritum
2473 3616 2543 3674 de
2571 3633 2823 3691 congruo
2844 3618 3078 3690 proprie

1713 3698 1931 3755 dictum
1979 3699 2058 3755 ita
2106 3714 2463 3770 permanere,
2511 3698 2623 3754 nisi
2672 3704 3079 3771 praesupponat

1713 3780 1964 3854 gratiam
2011 3794 2378 3851 perseverare
2392 3804 2407 3846 ;
2447 3795 2581 3836 nam
2633 3779 2777 3836 sicut
2820 3782 3075 3852 primum

1714 3878 1838 3919 esse
1865 3862 2115 3935 praedicti
2147 3864 2338 3919 meriti
2384 3863 2657 3920 innititur
2683 3864 2881 3939 gratiae
2919 3863 3076 3919 exis-

1716 3943 1928 4010 tentiae,
1965 3949 2025 3999 ut
2066 3945 2436 4017 exposuimus
2462 3959 2636 4017 supra
2675 3944 2800 4000 dub.
2841 3947 2887 4009 1,
2919 3959 3073 3998 num.

1714 4027 1808 4091 21,
1841 4025 1919 4080 ita
1946 4026 2347 4098 permanentia
2375 4025 2624 4098 praedicti
2654 4025 2847 4082 meriti
2878 4024 3080 4080 inniti·

1717 4114 1812 4165 tur
1867 4108 2067 4183 gratiae
2111 4108 2575 4180 perseverantiae,
2613 4123 2789 4180 eaque
2827 4113 3084 4164 cessante

1714 4191 2023 4254 evanescit,
2068 4196 2164 4246 aut
2192 4189 2539 4262 impeditur:
2571 4207 2673 4264 par
2699 4191 2859 4247 enim
2886 4197 2971 4247 est
3013 4190 3083 4248 de

1716 4273 2170 4338 conservatione,
2197 4289 2260 4328 ac
2284 4272 2354 4328 de
2380 4273 2687 4329 existentia
2715 4274 2881 4329 ratio.
2917 4273 3084 4329 Unde

1719 4353 2148 4428 perseverantia
2210 4353 2408 4428 gratiae
2460 4359 2615 4411 tenet
2664 4371 2725 4411 se
2796 4370 2867 4410 ex
2922 4360 3084 4426 parte

1718 4437 1913 4494 meriti
1936 4435 2006 4492 de
2032 4451 2280 4510 congruo
2310 4434 2540 4508 proprie
2567 4436 2723 4498 dicti.
2757 4442 2819 4493 ut
2844 4452 3082 4492 conser-

1717 4518 1856 4582 vati,
1888 4522 1944 4574 et
1993 4522 2054 4573 ut
2095 4516 2390 4574 influentis
2418 4517 2481 4574 in
2523 4519 2801 4575 actualem
2856 4519 3086 4591 praemii

1718 4599 2108 4657 collationem.
2135 4599 2307 4671 Atqui
2336 4599 2533 4671 nequit
2577 4599 2779 4657 cadere
2819 4599 2925 4655 sub
2955 4614 3082 4656 me-

1721 4682 1852 4745 rito,
1885 4695 1987 4736 nec
2011 4695 2112 4753 per
2138 4680 2373 4736 modum
2418 4681 2641 4753 praemii
2670 4680 2795 4737 dari
2827 4679 2902 4746 id,
2934 4679 3086 4750 quod

1719 4777 1781 4819 se
1819 4766 1970 4818 tenet
1999 4776 2069 4818 ex
2112 4768 2271 4833 parte
2296 4763 2511 4827 meriti,
2545 4766 2607 4817 ut
2640 4761 2847 4834 saepius
2893 4761 2953 4816 in
2980 4759 3088 4817 hac

1718 4841 2105 4913 disputatione
2130 4842 2521 4913 exposuimus.
2568 4845 2716 4916 Ergo
2736 4843 2923 4916 justus
2969 4856 3089 4898 non

1720 4930 1977 4980 meretur
2027 4921 2209 4979 adhuc
2258 4922 2329 4980 de
2392 4939 2644 4999 congruo
2711 4923 2943 4996 proprie
2997 4920 3087 4978 lo—

1718 5005 1945 5077 quendo
1991 5004 2210 5062 donum
2241 5005 2699 5077 perseverantias.
2749 5007 2861 5059 Nec
2888 5007 3091 5058 eontra

1730 5087 1837 5143 hoc
1863 5085 2146 5143 motivum
2186 5084 2405 5159 aliquid
2449 5084 2721 5149 occurrit,
2752 5082 2897 5155 quoi
2952 5098 3099 5140 con-

3114 3122 3238 3166 Ratio

3117 3171 3261 3214 tunda-

1713 3217 1805 3268 tra
1870 3213 2216 3272 assertione;
2269 3213 2544 3284 quoniam
2608 3213 2805 3284 nequit
2855 3210 3285 3284 aliquidmeuiatis
