3647 5753
1394 425 1571 479 mse.
1618 426 1684 491 11,

244 609 367 650 seco
412 593 722 660 transienS,
774 598 830 650 et
877 610 995 652 non
1042 599 1373 667 exposceret
1398 594 1543 653 oriri
1572 611 1605 651 a

246 675 531 746 principio
588 675 970 745 permanenti.
1022 678 1159 739 Quae
1216 681 1301 733 est
1346 676 1606 733 doctrina

52 758 96 800 D·
117 757 213 802 Tho-
243 757 307 810 D.
338 755 546 812 Thom.
575 757 631 820 2,
658 757 719 822 2,
741 762 928 833 quaest.
951 757 1044 822 24,
1077 763 1188 811 art.
1242 758 1296 812 11
1325 757 1399 811 ad
1418 759 1473 822 2,
1496 754 1603 811 -ubi

245 837 323 893 ait
355 859 368 893 :
403 859 427 889 α
455 836 794 904 Dicendum,
824 836 974 909 quod
1014 837 1283 904 charitas,
1309 854 1433 910 qua)
1458 836 1604 895 defi-

249 942 273 973 α
302 936 428 977 cere
499 924 679 992 potest
736 935 808 976 ex
848 920 970 991 ipsa
1012 919 1235 976 ratione
1284 920 1598 985 charitatiS,

249 1024 272 1053 «
303 1019 436 1058 vera
459 1000 711 1058 charitas
740 1018 858 1058 non
884 1005 984 1058 est.
1030 1002 1147 1057 Hoc
1167 1000 1326 1056 enim
1359 1006 1523 1067 esset,
1553 1001 1601 1057 si

245 1103 270 1134 «
303 1083 404 1138 hoc
432 1085 497 1138 in
526 1100 629 1140 suo
657 1098 855 1139 amore
884 1080 1137 1149 haberet,
1165 1082 1313 1155 quod
1342 1082 1412 1139 ad
1464 1087 1604 1137 tem-

244 1186 272 1215 «
306 1181 405 1236 pus
433 1170 676 1232 amaret,
708 1170 765 1221 et
812 1171 1003 1238 postea
1032 1181 1229 1221 amare
1268 1164 1556 1222 desineret
1584 1187 1599 1230 ;

247 1267 271 1295 a
302 1245 447 1317 quod
499 1261 618 1302 non
645 1251 791 1303 esset
831 1260 983 1302 verae
1027 1245 1370 1302 dilectionis.
1421 1243 1527 1301 Sed
1553 1244 1601 1299 si

247 1347 270 1374 α
302 1326 553 1380 charitas
600 1327 900 1382 amittatur
944 1342 1015 1382 ex
1043 1325 1426 1381 mutabilitate
1464 1322 1603 1379 sub-

248 1427 272 1456 «
298 1405 426 1477 jecti
466 1410 671 1462 contra
700 1406 1051 1479 propositum
1093 1407 1409 1470 charitatiS,
1454 1402 1602 1477 quod

247 1507 270 1534 «
304 1487 364 1541 in
384 1502 487 1541 suo
514 1491 635 1542 actu
662 1485 997 1551 includitur,
1039 1487 1143 1544 hoc
1171 1503 1289 1544 non
1326 1489 1603 1558 repugnat

248 1584 270 1614 α
303 1566 533 1621 veritati
577 1565 897 1622 charitatis.
948 1569 1015 1621 Et
1059 1571 1255 1639 quaest.
1315 1566 1486 1620 unica
1536 1564 1601 1617 de

244 1646 460 1702 Charit.
517 1652 630 1700 art.
683 1647 747 1700 12
787 1648 863 1701 ad
901 1649 955 1712 2,
1002 1647 1228 1718 inquit:
1287 1668 1313 1698 α
1342 1644 1603 1700 Charitas

251 1723 704 1781 «inamissibilis
754 1732 840 1782 est
889 1726 1203 1783 secundum
1271 1729 1600 1798 potestatem

249 1827 274 1856 «
308 1807 599 1878 propriam
621 1830 634 1872 ;
661 1807 851 1863 amitti
873 1813 1066 1864 tamen
1090 1812 1270 1878 potest
1288 1803 1601 1862 secundum

258 1908 281 1937 «
314 1892 641 1957 potestatem
682 1887 917 1961 subJecti
968 1888 1270 1944 vertibilis,
1308 1907 1332 1937 n
1385 1884 1602 1950 Quibus

249 1967 514 2022 omnibus
543 1965 717 2023 robur
746 1967 969 2024 accedet
1006 1984 1085 2025 ex
1136 1966 1391 2024 dicendis
1437 1973 1596 2021 tract.

248 2063 353 2123 seq.
383 2048 524 2120 disp.
546 2048 602 2114 4,
632 2048 760 2105 dub.
811 2051 829 2104 l
863 2056 913 2104 et
941 2051 996 2105 5.

836 2230 867 2297 ς
909 2228 1004 2282 rx.

256 2370 503 2443 Refertur
536 2376 719 2446 opinio
763 2374 1000 2429 secundm
1037 2375 1328 2428 assertioni
1377 2381 1601 2428 contra-

329 2453 438 2515 ria,
491 2460 538 2507 et
597 2454 787 2529 ailqua
834 2454 986 2509 iuius
1042 2456 1251 2509 motiva
1279 2455 1602 2509 convellun-

334 2536 443 2585 tur.

69 2678 223 2729 opinio
332 2677 458 2732 229.
522 2679 809 2736 Adversus
859 2685 1110 2736 nostram
1138 2680 1444 2736 secundam
1472 2697 1603 2737 con-

56 2733 221 2822 Ὓῗὲ’““
255 2757 562 2817 elusionem
620 2762 874 2817 sentiunt
944 2778 1059 2817 non
1099 2763 1286 2817 solum
1342 2762 1451 2826 illi,
1503 2763 1599 2833 qui

248 2839 449 2898 docent
477 2848 759 2916 peccatum
812 2845 1056 2900 mortale
1093 2843 1346 2900 hominis
1392 2842 1601 2900 elevati

246 2921 318 2977 ad
363 2927 861 2996 supernaturalem
916 2925 1089 2981 finem
1143 2942 1303 2997 posse
1348 2925 1601 2983 absolute

248 3005 463 3060 remitti
492 3006 700 3078 absque
722 3007 1039 3061 mutatione
1063 3007 1378 3062 intrinseca
1406 3023 1601 3079 pecca-

245 3085 405 3150 toris,
436 3103 573 3159 quos
605 3085 869 3143 dedimus
895 3087 1022 3152 dub,
1051 3087 1271 3159 praeced.
1321 3091 1352 3156 ἕ
1391 3092 1447 3154 7,
1503 3086 1600 3143 sed

240 3167 417 3224 etiam
443 3185 556 3224 non
586 3169 748 3240 pauci
775 3185 846 3226 ex
874 3168 1013 3233 illis,
1058 3169 1156 3240 qui
1186 3168 1483 3225 nobiscum
1513 3169 1601 3224 as-

243 3248 496 3316 firmant,
544 3250 762 3322 requiri
816 3249 887 3306 ad
956 3248 1286 3321 praedictum
1341 3252 1600 3307 effectum

141 3333 146 3338 ’
241 3332 493 3403 aliquam
547 3331 943 3398 intrinsecam,
995 3337 1050 3387 et
1103 3335 1599 3404 supernaturalem

241 3411 550 3485 peccatoris
570 3412 949 3468 mutationem
974 3431 985 3467 ς
1010 3413 1203 3484 plures
1223 3414 1382 3469 enim
1400 3429 1600 3470 eorum

182 3527 189 3532 ·
239 3497 545 3549 autumant
572 3492 644 3547 ad
670 3490 728 3545 id
769 3491 1024 3548 sufficere
1053 3490 1211 3547 aliud
1264 3493 1602 3549 mutationis

234 3591 431 3648 genus,
463 3578 520 3629 et
562 3589 679 3629 non
699 3571 1017 3629 desiderari
1070 3571 1601 3645 indispensabiliter

238 3655 596 3710 infusionem
616 3654 813 3727 gratim
834 3652 1145 3709 habitualis
1173 3652 1596 3710 sanctificantis

37 3722 211 3768 *Μηθ-
239 3740 321 3793 lta
349 3742 589 3794 Arauxo
618 3736 680 3791 in
729 3736 1014 3808 praesenti,
1071 3736 1196 3792 dub.
1244 3738 1296 3800 3,
1343 3737 1514 3791 conci.
1544 3740 1597 3803 2,

50 3774 207 3867 {¹3ssst
239 3819 553 3893 Gregorius
579 3817 859 3872 Martinez
897 3816 1023 3871 dub.
1055 3816 1109 3882 3,
1141 3818 1378 3871 conclu&
1410 3818 1463 3882 3,
1494 3820 1604 3871 Zu-

36 3870 220 3966 ἐῗῗιῗόῶ,
239 3900 354 3954 mel
380 3900 529 3971 disp.
556 3898 611 3962 2,
637 3896 765 3951 dub.
790 3897 1048 3959 5,.Joan.
1074 3913 1107 3952 a
1152 3899 1207 3952 S.
1246 3897 1450 3953 Thom.
1495 3898 1604 3950 dis-

38 3968 202 4072 Hssgffi&
231 3987 352 4052 put.
385 3983 481 4042 27,
509 3983 621 4032 art.
652 3978 763 4045 2‚§
803 3974 913 4032 Sed
938 3976 1118 4031 adhuc
1139 3979 1400 4054 inquiram,
1433 3978 1604 4032 Mon-

67 4054 187 4112 soto.’
237 4060 600 4130 tesin..disp.
658 4058 747 4124 33,
797 4059 1115 4132 quoest.6,§
1148 4058 1202 4121 2,
1248 4059 1502 4128 vasquez
1542 4058 1605 4112 in

50 4114 197 4211 53:¹2¹&
238 4139 533 4212 praesenti,
568 4142 623 4193 et
650 4138 684 4191 3
714 4145 861 4210 part.
892 4138 1032 4208 disp.
1063 4139 1119 4201 2,
1152 4136 1279 4192 dub.
1310 4139 1362 4199 4,
1395 4142 1450 4193 et
1477 4139 1598 4194 alii.

53 4215 204 4270 Gidoy.
238 4225 352 4280 Pro
392 4222 598 4279 eadem
626 4221 801 4277 etiam
836 4219 1120 4276 sententia
1144 4221 1475 4278 reseruntur
1501 4224 1605 4278 So-

234 4309 347 4370 tus,
375 4305 588 4365 CanuS,
619 4306 675 4357 et
700 4300 953 4355 Victoria
980 4320 993 4354 ε
1035 4304 1092 4355 et
1130 4300 1238 4372 ipsi
1280 4309 1473 4374 aperte
1493 4302 1607 4358 suf-

238 4386 505 4456 fragatur
552 4380 745 4455 Godoy
773 4388 901 4438 tom.
926 4384 981 4448 2,
1014 4384 1074 4437 in
1103 4383 1137 4437 3
1158 4391 1307 4455 part.
1339 4385 1481 4457 disp.
1508 4387 1601 4448 23,

236 4469 269 4535 g
305 4467 363 4521 4.
389 4468 530 4529 Quae
552 4467 736 4534 posset
762 4462 825 4517 in
867 4462 1073 4532 primis
1121 4462 1351 4533 probari
1382 4464 1607 4538 vulgari

237 4550 608 4622 argumentO,
638 4542 786 4615 quod
815 4543 1079 4600 videlicet
1106 4549 1260 4599 actus
1289 4546 1520 4612 amoriS,
1553 4550 1610 4603 et

233 4625 613 4686 contritionis
651 4629 787 4679 sunt
827 4622 1229 4696 dispositiones
1275 4623 1345 4680 ad
1374 4626 1610 4682 infusio-

238 4725 375 4766 nem
402 4706 608 4782 gratiae
629 4703 1056 4768 sanctificantis,
1088 4721 1217 4760 cum
1240 4722 1351 4777 quo
1379 4722 1496 4762 non
1519 4707 1609 4762 vi-

238 4790 409 4847 detur
432 4788 742 4848 cohaerere,
785 4784 936 4858 quod
958 4785 1027 4841 ab
1054 4785 1178 4858 ipsa
1198 4785 1453 4843 effective
1474 4804 1610 4858 pro-

234 4872 448 4929 cedant
474 4894 488 4938 ;
521 4875 689 4940 atque
712 4868 838 4924 ideo
864 4868 1054 4924 solum
1082 4867 1152 4924 ab
1176 4866 1395 4925 auxilio
1418 4874 1609 4925 trans-

235 4954 406 5011 eunti
450 4950 836 5009 essentialiter
875 4948 1298 5023 dependebunt,
1348 4953 1402 5005 et
1448 4949 1518 5005 ab
1545 4967 1611 5007 eo

235 5033 424 5091 eliciti
465 5031 761 5104 expellent
807 5029 1085 5087 indirecte
1138 5034 1447 5103 peccatum.
1504 5030 1611 5088 Sed

1731 426 1895 482 DUB.
1940 427 2033 483 VI.
2977 435 3100 499 459

1737 597 1872 669 quia
1931 598 2077 654 hanc
2127 598 2516 658 difficultatem
2571 604 2683 659 late
2737 603 3103 661 versabimus

1735 677 1879 750 dis-p.
1908 696 2013 757 seq.
2040 680 2167 736 dub.
2191 681 2246 747 4,
2295 681 2391 737 ubi
2414 682 2779 739 ostendemus
2802 685 3104 756 praedictos

1736 763 1892 813 actus
1918 758 1987 816 de
2015 758 2158 817 facto
2184 777 2412 834 semper
2462 763 2765 835 procedere
2806 781 2838 820 a
2883 765 3097 837 gratia,

1736 853 2083 912 quamquam
2106 841 2284 912 gratis
2312 842 2713 899 admitteretur
2737 860 2854 900 non
2880 844 3098 916 depen-

1737 916 1873 976 dere
1891 920 2272 977 essentialiter
2294 922 2364 978 ab
2387 923 2488 978 illa
2507 945 2519 984 ;
2546 921 2756 979 idcirco
2779 925 2840 978 in
2862 924 2944 979 eis
2966 941 3100 981 eno·

1735 996 1941 1054 dandis
1970 1016 2087 1056 non
2133 1006 2393 1073 opportet
2439 1000 2532 1056 hic
2578 1002 2904 1058 immorari.
2940 1006 3099 1059 Prae-

1735 1079 1936 1134 sertim
1957 1095 2087 1135 cum
2114 1082 2288 1152 possit
2309 1081 2424 1137 haec
2444 1081 2640 1153 opinio
2663 1082 2793 1137 aliis
2811 1081 3092 1154 pluribuS,

1734 1163 1790 1215 et
1811 1174 1928 1215 non
1956 1176 2161 1231 parum
2203 1160 2530 1217 difficilibus
2576 1164 2933 1236 argumentis
2969 1180 3099 1219 sua-

1736 1237 1901 1294 deri:
1946 1239 2221 1312 quidquid
2248 1240 2323 1295 sit
2368 1240 2438 1297 de
2482 1241 2641 1297 illius
2671 1242 2940 1314 principii
2970 1259 3097 1299 cer-

1735 1318 1997 1385 titudine,
2030 1336 2092 1375 ac
2113 1321 2372 1377 veritate.

1810 1395 2084 1466 Arguitur
2134 1411 2269 1467 ergo
2315 1394 2503 1467 primo
2547 1416 2560 1451 t
2609 1396 2882 1468 quoniam
2940 1400 3095 1452 actus
3112 1410 3298 1456 Primum

1737 1475 1951 1529 amoris
1971 1477 2429 1546 supernaturalis
2451 1475 2550 1531 Dei
2571 1490 2741 1547 super
2757 1477 2953 1532 omnia
2978 1492 3094 1533 non
3112 1471 3315 1556 mssffi'ffin·

1734 1553 2013 1626 dependet
2058 1556 2443 1612 essentialiter
2488 1572 2521 1611 a
2559 1556 2837 1614 charitate
2897 1578 2908 1612 ε
2960 1573 3096 1630 ergo

1737 1650 1919 1707 neque
1948 1652 1979 1691 a
2005 1635 2191 1707 gratia
2228 1635 2636 1692 sanctificante.
2680 1639 3096 1710 Consequentia

1737 1719 1919 1786 patet;
1970 1731 2106 1770 nam
2138 1714 2437 1787 praedictus
2477 1731 2639 1771 amor
2689 1732 2804 1773 non
2849 1718 3097 1773 refertur

1736 1795 2069 1853 immediate
2103 1796 2173 1852 ad
2211 1798 2457 1870 gratiam
2497 1796 2967 1863 sanctificantem,
3000 1798 3098 1856 sed

1735 1876 2025 1934 mediante
2046 1877 2260 1933 virtute
2284 1877 2564 1949 proxima,
2595 1893 2692 1948 per
2712 1895 2885 1949 quam
2913 1879 3100 1951 gratia

1737 1955 1948 2020 intluit,
1982 1972 2188 2028 nempe
2213 1956 2488 2012 charitate
2514 1973 2525 2006 :
2552 1971 2688 2028 ergo
2711 1957 2758 2012 si
2786 1958 2913 2012 talis
2934 1975 3098 2015 amor

1736 2053 1853 2094 non
1881 2037 2160 2111 dependet
2180 2036 2564 2093 essentialiter
2592 2054 2624 2092 a
2651 2038 2945 2105 charitate,
2997 2057 3101 2096 nec

1734 2116 2016 2189 dependet
2053 2118 2434 2174 essentialiter
2455 2133 2487 2170 a
2513 2117 2722 2189 gratia.
2746 2119 3099 2176 Antecedens

1735 2202 1926 2252 autem
1953 2198 2256 2262 suadetur-3
2287 2195 2562 2268 quoniam
2605 2212 2721 2252 non
2768 2199 2950 2271 magis
2996 2198 3100 2255 de-

1736 2279 1942 2351 pendet
1970 2279 2267 2352 praedictus
2311 2294 2474 2334 amor
2515 2296 2547 2334 a
2586 2279 2893 2344 charitate,
2925 2296 3098 2352 quam

1734 2360 1882 2415 visio
1905 2359 2162 2429 beatifica
2182 2377 2215 2416 a
2239 2359 2460 2415 lumine
2482 2359 2678 2432 gloriae
2700 2378 2717 2412 .·
2740 2366 2794 2415 at
2823 2361 2962 2416 risio
2982 2377 3099 2417 non

1734 2441 2016 2514 dependet
2041 2442 2424 2499 essentialiter
2452 2458 2486 2497 a
2515 2442 2736 2497 lumine
2756 2443 2976 2515 gloriae,
3003 2443 3101 2498 sed

1736 2530 1940 2597 potest*
1965 2542 2063 2597 per
2111 2524 2426 2597 potentiam
2469 2524 2787 2580 absolutam
2815 2525 2945 2580 elici
2975 2525 3102 2581 sine

1735 2610 1836 2663 tali
1866 2608 2091 2663 lumine
2121 2630 2133 2664 ε
2165 2624 2301 2680 ergo
2330 2623 2494 2662 amor
2515 2607 2977 2678 supernaturalis
2999 2609 3099 2663 Dei

1733 2704 1905 2760 super
1943 2689 2143 2745 omnia
2183 2704 2300 2743 non
2346 2685 2627 2759 dependet
2653 2686 3038 2743 essentialiter
3064 2704 3097 2743 a

1732 2770 2030 2825 charitate.
2085 2769 2311 2832 Minor,
2358 2766 2421 2821 in
2466 2783 2578 2838 qua
2623 2769 2744 2823 sola
2773 2770 2952 2838 potest
2975 2782 3098 2823 esse

1733 2848 2054 2916 dissicultaS,
2074 2854 2159 2906 est
2179 2852 2242 2906 D.
2269 2850 2476 2906 Thom.
2501 2855 2684 2926 quaest.
2719 2850 2800 2914 10,
2827 2848 2890 2903 de
2929 2847 3090 2908 Verit.
3112 2872 3298 2920 nsum„

1733 2942 1843 2989 art.
1877 2937 1959 2999 ll,
1992 2937 2051 2988 in
2073 2950 2217 3004 corp.
2248 2931 2340 2986 ubi
2373 2932 2558 3002 inquit
2592 2952 2605 2986 ε
2642 2953 2666 2981 α
2699 2932 2852 2986 Sicut
2885 2931 3099 2989 divinae

1741 3038 1767 3068 «
1808 3015 2236 3088 omnipotentia>
2262 3009 2510 3085 subjecta
2555 3018 2689 3067 sunt
2726 3029 2984 3087 corpora,
3018 3014 3098 3069 ita

1741 3120 1765 3150 α
1806 3104 1865 3153 et
1891 3103 2128 3153 mentes.
2165 3094 2327 3150 Unde
2353 3096 2497 3150 sicut
2541 3097 2719 3165 potest
2749 3096 2942 3167 aliqua
2966 3111 3098 3150 cor-

1741 3201 1765 3231 «
1812 3195 1949 3250 pora
1971 3177 2278 3248 perducere
2306 3174 2375 3230 ad
2409 3174 2655 3239 effectuS,
2688 3192 2933 3246 quorum
2974 3174 3097 3230 dis-

1742 3280 1766 3312 «
1812 3259 2015 3330 positio
2043 3258 2107 3314 in
2131 3254 2410 3328 praedictis
2432 3253 2766 3324 corporibus
2788 3272 2905 3311 non
2931 3256 3098 3311 inve—

1740 3363 1765 3392 «
1812 3341 2011 3404 nitur,
2061 3339 2204 3393 sicut
2253 3339 2488 3392 Petrum
2535 3335 2666 3390 fecit
2706 3352 2878 3408 super
2924 3353 3100 3409 aquas

1742 3443 1766 3473 «
1810 3419 2109 3476 ambulare
2135 3418 2260 3472 sine
2289 3417 2409 3483 hoc,
2443 3414 2590 3487 quod
2618 3416 2671 3471 ei
2700 3415 2889 3473 dotem
2924 3417 3099 3490 agili-

1743 3523 1767 3553 «
1811 3500 1941 3555 tatis
1969 3497 2247 3554 tribueret
2273 3518 2285 3551 ι
2313 3497 2391 3552 ita
2419 3501 2598 3567 potest
2619 3501 2873 3552 mentem
2903 3496 3100 3554 adhoc

1743 3603 1767 3633 «
1813 3578 2136 3652 perducere,
2170 3583 2230 3631 ut
2256 3576 2470 3631 divinae
2491 3575 2751 3632 essentiae
2774 3577 3010 3632 uniatur
3033 3577 3099 3632 in

1743 3686 1769 3716 α
1808 3666 1958 3716 statu
1990 3660 2097 3714 viae
2124 3657 2293 3715 modo
2335 3659 2437 3713 illo
2461 3700 2474 3722 ‚
2526 3673 2638 3729 quo
2668 3655 2866 3712 unitur
2894 3658 3004 3714 sibi
3035 3659 3097 3714 in

1743 3767 1768 3796 «
1812 3742 2000 3816 patria
2044 3741 2170 3797 sine
2219 3740 2342 3806 hoc,
2393 3738 2541 3811 quod
2570 3739 2855 3795 alumine
2899 3740 3098 3813 gloriae

1743 3850 1768 3878 «
1813 3822 2210 3899 perfundatur.
2260 3843 2284 3873 »

1812 3896 2206 3971 Respondetur
2230 3894 2491 3969 negando
2513 3894 2869 3951 antecedens.
2901 3895 2985 3950 Ad
3009 3913 3097 3952 cu·
3113 3911 3316 3962 nemon·-

1732 3982 1826 4055 jus
1857 3977 2249 4052 probationem
2281 3978 2490 4032 iterum
2520 3974 2777 4049 neganda
2799 3982 2883 4032 est
2905 3977 3100 4034 minor
3162 3958 3244 4003 ⁵¹⁰·

1739 4058 2030 4114 intellecta
2057 4057 2126 4112 de
2153 4056 2376 4112 lumine
2397 4055 2595 4129 gloriae
2621 4057 2826 4112 collato
2852 4060 2968 4111 tam
2999 4072 3101 4128 per

1738 4137 1976 4194 modum
2025 4136 2414 4209 permanentis
2440 4179 2452 4202 ,
2502 4152 2673 4208 quam
2717 4151 2817 4207 per
2865 4135 3099 4191 modum

1741 4220 2111 4276 transeuntis,
2138 4222 2251 4274 Nec
2271 4217 2593 4290 oppositum
2615 4217 2773 4273 docet
2797 4218 2859 4272 D.
2892 4217 3074 4273 Thom

1740 4304 1852 4358 loco
1878 4303 2078 4366 citato;
2106 4314 2242 4354 nam
2281 4300 2469 4354 solum
2513 4295 2781 4359 intendit,
2817 4312 2975 4367 posse
3003 4297 3094 4353 in-

1740 4383 2027 4438 tellectum
2053 4382 2313 4434 nostrum
2341 4375 2571 4449 perduci
2589 4377 2660 4431 ad
2677 4373 2959 4431 visionem
2978 4376 3098 4443 Dei,

1741 4466 1872 4520 licet
1902 4479 2018 4518 non
2060 4456 2437 4533 perfundatur
2467 4457 2693 4512 lumine
2723 4455 2922 4529 glorias
2967 4473 3103 4529 per-

1741 4547 2063 4605 manenter,
2101 4543 2157 4594 et
2183 4536 2253 4594 ad
2298 4537 2482 4592 instar
2511 4535 2742 4591 habitus
2771 4539 3103 4594 communi—

1741 4629 1895 4689 cato;
1928 4619 2174 4676 minime
2201 4633 2358 4682 ver0,
2391 4616 2539 4689 quod
2569 4616 2742 4688 possit
2771 4615 3103 4686 praedictam

1741 4706 2028 4764 visionem
2076 4701 2283 4758 elicere
2310 4698 2518 4772 absque
2545 4698 2705 4754 omni
2735 4698 2958 4754 lumine
2984 4701 3104 4755 col-

1743 4790 1860 4845 lato
1880 4785 2083 4839 saltem
2105 4785 2490 4846 transeunter,
2521 4783 2577 4834 et
2600 4793 2698 4850 per
2727 4777 2963 4834 modum
2983 4778 3105 4833 dis-

1746 4864 2068 4941 positionis,
2118 4861 2179 4917 Id
2223 4876 2362 4917 vero
2406 4859 2543 4915 satis
2592 4859 2769 4931 liquet
2810 4880 2823 4914 :
2865 4864 2985 4914 turn
3034 4876 3106 4916 ex

1743 4946 2028 5018 exempIO,
2072 4959 2181 5017 quo
2208 4939 2390 4996 utitur
2409 4963 2424 5006 ;
2454 4938 2590 5011 quia
2617 4939 2750 4995 licet
2777 4941 2846 4994 D.
2877 4940 3099 5006 Petrus,

1745 5043 1876 5085 cum
1905 5022 2225 5082 ambulavit
2258 5034 2430 5093 super
2470 5034 2660 5092 aquaS,
2696 5034 2812 5075 non
2840 5017 3107 5076 habuerit
