3647 5753
1343 444 1522 500 DISP.
1567 445 1686 510 vn,
1733 446 1896 502 DUB.
1943 448 2036 504 IV.
2969 449 3061 505 161

83 616 294 676 &uacui
320 617 560 673 titulus:
585 617 788 675 Caviili
812 618 1158 684 Janseniani,
1189 635 1309 691 cap.
1340 618 1432 682 29,
1467 615 1566 672 ubi

205 697 284 753 ait
326 725 339 758 z
387 697 460 754 Id
500 701 561 753 in
603 716 707 776 quo
749 701 1094 753 convenimus
1139 699 1367 771 (nempe
1411 698 1568 753 ‘rho-

204 777 411 843 mistae,
444 782 508 833 et
541 779 788 849 Jesuitae)
823 780 1060 833 sancivit
1087 777 1392 851 Pontifex:
1422 777 1481 832 id
1505 779 1566 832 in

194 875 308 934 ’quo
328 857 676 924 dissidemus,
713 858 1077 931 disputationi
1109 863 1301 914 nostrat
1318 858 1560 933 reliquit.

83 944 153 989 iiav
202 940 269 994 Et
306 940 677 997 Martinonus
708 940 770 995 in
800 940 1248 1007 Anti-lansenio,
1274 956 1398 1013 paq.
1429 940 1560 1004 708,

199 1018 296 1075 ubi
325 1019 411 1076 ait
441 1041 458 1075 z
504 1042 533 1095 ,α
563 1022 717 1077 Hanc
742 1035 864 1077 esse
886 1020 1355 1089 Thomistarum,
1387 1027 1443 1079 et
1466 1024 1565 1079 Je-

202 1123 228 1152 «
267 1102 559 1158 suitarum
599 1118 848 1168 causam,
873 1103 971 1175 qui
1000 1101 1216 1170 dicunt,
1248 1108 1448 1160 errant
1470 1106 1562 1163 vel

202 1202 227 1231 α
267 1181 412 1253 ipsis
461 1182 770 1239 Thomistis
810 1182 1118 1257 judicibus,
1151 1184 1326 1240 Nulla
1371 1189 1454 1242 est
1494 1200 1564 1242 ex

201 1284 227 1312 ιι
256 1260 377 1317 illis
391 1262 645 1337 quinque
663 1264 1151 1338 propositionibus
1167 1265 1234 1321 ad
1252 1267 1561 1324 Summum

202 1363 224 1390 α
270 1342 609 1400 Pontificem
631 1344 840 1412 missis,
870 1351 929 1400 ut
950 1361 1046 1401 eas
1065 1345 1299 1418 speciali
1320 1362 1562 1404 censura

200 1445 225 1474 α
266 1428 473 1480 notare
515 1422 800 1499 dignetur,
843 1440 1016 1498 quam
1045 1424 1158 1483 duo
1198 1426 1288 1483 illi
1319 1426 1561 1484 Ordines

202 1523 225 1554 α
265 1518 385 1559 non
429 1501 728 1570 damnent,
772 1510 828 1561 et
872 1520 1113 1562 censura
1141 1505 1377 1581 dignam
1398 1507 1560 1582 iudi-

83 1608 152 1640 ιη
199 1603 224 1634 ιι
264 1589 411 1640 cent.
449 1605 476 1634 ι»
512 1584 727 1649 Quibus
766 1584 1136 1660 adjungimus
1158 1589 1558 1646 caramuelem

83 1649 135 1690 ²¹
195 1663 340 1719 nulli
395 1665 551 1735 parti
599 1663 907 1730 addictum,
965 1669 1026 1721 in
1066 1666 1355 1739 Theoloqia
1403 1668 1559 1726 Fun-

191 1745 529 1813 damentali,
571 1750 747 1820 capite
783 1749 826 1815 1,
859 1747 1113 1819 fundam.
1175 1751 1221 1816 l,
1270 1751 1367 1806 ubi
1410 1755 1494 1808 ait
1544 1771 1561 1808 .·

201 1849 224 1880 (ει
265 1828 605 1901 Respondeo
626 1828 971 1903 assignando
985 1829 1380 1904 disparitatem
1405 1835 1559 1893 inter

200 1934 220 1960 α
262 1909 717 1976 Thomistarum,
750 1917 805 1967 et
834 1912 1295 1970 Jansenistarum
1324 1916 1556 1988 opinio-

199 2013 223 2042 α
262 2006 427 2058 nem;
457 1993 563 2049 illa
600 1994 759 2050 enim
789 1997 873 2050 est
908 1993 1391 2066 probabilissima,
1418 2004 1475 2056 et
1497 2005 1559 2056 ut

200 2095 223 2124 α
262 2075 390 2130 talis
434 2074 509 2131 ab
555 2076 804 2133 Ecclesia
843 2075 1160 2150 saepissime
1180 2081 1490 2154 approbata
1540 2104 1553 2139 ε

202 2176 222 2208 u
263 2154 375 2211 haec
416 2161 614 2214 autem
644 2176 678 2215 a
704 2160 901 2216 multis
931 2160 1302 2218 Pontificibus
1326 2164 1549 2238 rejecta,

204 2265 221 2288 ι..
250 2244 303 2294 et
335 2239 571 2296 tandem
598 2241 668 2297 ab
691 2243 1020 2300 Innocentio
1041 2246 1089 2298 X
1118 2244 1398 2301 haereseos
1416 2261 1554 2302 con-

198 2343 221 2373 α
261 2320 531 2378 demnata
566 2344 580 2378 ε
610 2327 666 2379 et
688 2324 791 2380 hoc
816 2324 1037 2390 sufficit,
1070 2329 1130 2379 ut
1152 2326 1332 2382 altera
1352 2326 1553 2384 deien-

202 2430 223 2456 α
261 2404 443 2471 datur,
475 2409 532 2460 et
562 2405 744 2460 altera
768 2419 884 2460 non
911 2403 1269 2461 defendatur.
1297 2427 1323 2457 2>

260 2489 659 2561 Respondetur
694 2487 957 2555 secundo,
989 2488 1454 2559 consequentiam
1486 2490 1553 2545 il·

196 2569 303 2625 lam
329 2570 646 2627 Juniorum
688 2570 942 2641 ineptam
969 2583 1110 2633 esse,
1141 2584 1267 2641 quae
1295 2584 1365 2625 ex
1393 2568 1552 2626 dam-

196 2645 415 2700 natione
476 2645 653 2718 hujus
707 2642 1113 2716 propositionis
1157 2644 1546 2711 Jansenianae,

163 2773 166 2777 Α
198 2726 445 2783 [nteriori
466 2729 667 2798 gratiae
700 2744 983 2802 nunquam
1006 2726 1301 2791 resistitur,
1334 2725 1551 2800 colligi-

193 2808 356 2880 gitur,
388 2805 731 2864 Pontificem
779 2805 992 2861 scilicet
1030 2804 1305 2861 diffinisse
1355 2805 1544 2872 istam,

192 2888 344 2943 Omni
369 2892 628 2945 interiori
650 2891 843 2959 qratiae
867 2888 1174 2955 resistitur,·
1206 2903 1333 2943 cum
1364 2888 1550 2960 polius

194 2968 460 3026 inferatur
500 2970 851 3042 oppositum.
885 2972 1032 3023 Nam
1081 2966 1348 3024 Pontifex
1377 2966 1547 3024 dam-

194 3067 326 3107 nans
368 3052 628 3124 aliquam
690 3050 1142 3123 propositionem
1191 3049 1540 3117 haereticam,

195 3147 298 3187 non
316 3131 513 3188 definit
546 3133 672 3206 ejus
699 3131 1051 3187 contrariam
1082 3151 1095 3185 ε
1128 3135 1363 3202 possunt
1384 3131 1544 3186 enim

194 3212 305 3270 dari
326 3213 448 3271 duae
473 3213 895 3287 propositiones
915 3212 1222 3284 contrariae
1250 3212 1541 3284 oppositae,

193 3298 244 3349 et
280 3295 448 3360 ialsae,
499 3300 566 3350 ut
613 3294 674 3348 in
702 3292 1021 3348 Summulis
1066 3290 1388 3348 ostenditur
1403 3315 1418 3360 ;
1448 3291 1545 3348 sed

194 3372 377 3432 definit
416 3374 870 3449 propositionem
898 3370 1404 3429 contradictoriam
1435 3390 1448 3424 :
1495 3373 1543 3428 si

199 3470 300 3511 una
323 3472 389 3511 ex
427 3453 890 3512 contradictoriis
929 3457 1013 3508 est
1040 3451 1201 3516 falsa,
1249 3467 1543 3509 necessum

195 3539 287 3601 cst,
332 3535 476 3609 quod
504 3535 624 3591 alia
667 3536 744 3589 sit
785 3549 943 3589 vera.
989 3532 1311 3604 Propositio
1352 3539 1542 3589 autem

196 3616 446 3674 damnata
474 3615 544 3672 ab
578 3613 911 3673 Innocentio
937 3618 1060 3669 crat
1086 3613 1453 3680 universaliS,
1489 3618 1545 3670 et

196 3697 520 3770 aequivalens
550 3698 685 3753 huic
712 3718 726 3752 ε
757 3694 920 3751 Nulli
964 3695 1216 3749 interiori
1241 3695 1430 3763 qratia&
1455 3712 1544 3748 re-

196 3781 411 3846 sidilum
429 3777 765 3835 autumabat
784 3776 943 3833 enim
964 3774 1289 3838 Jansenius,
1309 3790 1542 3830 omnem

196 3860 422 3930 gratiam
446 3860 786 3916 interiorem
815 3873 938 3913 esse
964 3871 1164 3912 veram
1191 3856 1463 3929 gratiam,
1487 3860 1544 3911 et

200 3941 421 4008 nullam,
438 3960 562 4016 quae
582 3946 771 3997 careat
791 3938 1009 4006 effectu,
1039 3952 1161 3994 esse
1187 3952 1399 3993 veram
1390 3953 1547 4011 gra-

200 4022 342 4087 tiam,
374 4030 466 4079 aut
506 4027 777 4095 praestare
803 4035 1002 4075 veram
1025 4017 1446 4085 sufficientiam,
1482 4022 1544 4073 ut

200 4101 427 4159 vidimus
440 4106 582 4177 ‹li-sp.
594 4121 722 4176 prae
709 4102 819 4157 md.
835 4100 958 4155 dub.
988 4101 1036 4155 l.
1053 4097 1215 4155 Unde
1233 4097 1542 4171 propositio

202 4185 501 4243 virtualiter
527 4183 768 4242 definita
790 4200 822 4239 a
846 4180 1120 4239 pontifice
1141 4197 1258 4237 non
1286 4185 1370 4237 est
1387 4179 1535 4236 haec·

201 4262 346 4319 Omni
368 4267 618 4322 interiori
645 4266 838 4335 ,qratia
862 4263 1156 4328 resistitur,
1187 4276 1312 4334 quae
1335 4262 1542 4316 Janse-

203 4344 368 4402 nianae
423 4345 709 4404 contrarie
769 4347 995 4399 tantum
1040 4340 1352 4414 opponitur
1379 4365 1393 4408 ;
1442 4339 1540 4397 sed

204 4423 293 4480 ista
318 4447 330 4481 ε
355 4426 540 4483 Alieni
568 4427 823 4481 interiori
846 4425 1039 4493 9ratiae
1077 4422 1370 4485 resistitur,
1415 4436 1541 4494 quae

203 4504 279 4561 illi
320 4506 753 4563 contradictorie
800 4507 1099 4577 repugnat.
1142 4503 1301 4558 Hanc
1348 4506 1539 4558 autem

200 4586 450 4655 gratiam,
500 4586 589 4642 cui
639 4584 924 4642 resistitur
984 4582 1183 4638 dicunt
1225 4580 1540 4639 Thomistae

206 4679 305 4721 non
324 4681 438 4722 esse
457 4665 759 4729 efficacem,
784 4663 881 4719 sed
896 4662 1290 4719 sufficientem.
1313 4662 1381 4716 Et
1405 4679 1540 4734 pro-

205 4744 328 4803 iecto
353 4747 457 4819 ipsi
483 4746 754 4804 Juniores
780 4745 1108 4819 obligantur
1152 4745 1299 4802 hanc
1326 4742 1542 4803 doctri-

207 4839 325 4882 nam
367 4827 717 4895 admittere;
773 4842 908 4884 nam
970 4825 1280 4900 propositio
1337 4830 1579 4883 ,lause-⁷

207 4908 364 4967 niana
382 4915 501 4968 erat
527 4933 540 4967 ε
565 4910 773 4969 Gratiae
798 4913 1049 4967 interiori
1074 4928 1359 4990 nunquam
1384 4913 1542 4966 resis-

208 4991 328 5045 titur
358 5007 522 5066 :ergo
554 4992 604 5049 si
646 4991 768 5064 ejus
799 4991 1106 5064 contraria,
1142 5006 1347 5066 nempe
1375 4990 1542 5048 Omni

209 5075 374 5137 qratia:
422 5075 671 5129 interiori
728 5089 934 5144 semper
994 5075 1293 5140 resistitur,
1345 5076 1541 5129 manet

1701 617 1967 685 diffinita,
2024 620 2303 693 sequitur,
2364 619 2513 693 quod
2566 623 2759 692 qratia
2816 621 3068 674 interiori

1699 715 1907 773 semper
1941 703 2248 758 resistimus
2275 722 2293 757 .·
2332 701 2389 758 id
2436 706 2629 758 autem
2656 706 2741 758 est
2766 700 3065 757 evidenter

1700 781 1930 847 falsum,
1959 782 2242 857 siquidem
2288 783 2398 857 ipsi
2426 782 2737 857 aliquando
2775 783 3066 840 consenti-

1700 875 1848 918 mua.

2292 1050 2468 1118 sxa.

1697 1194 1955 1252 Diluitur
1974 1203 2231 1274 quartum
2256 1195 2720 1253 Adversariorum
2735 1196 3064 1268 fundamen-

1771 1286 1888 1334 tum
1926 1296 1998 1334 eae
2026 1277 2135 1336 SS.
2170 1277 2406 1336 Patrum
2452 1280 2779 1334 testimoniis
2804 1296 3061 1353 assump-

1770 1366 1908 1416 tum.

1767 1507 1896 1563 236.
1944 1508 2076 1563 Post
2146 1506 2519 1564 authoritates
2589 1507 2927 1580 Scripturae,
3004 1512 3268 1580 etQuartum

1694 1587 2081 1645 conciliorum
2135 1586 2504 1645 immediatus
2549 1586 2862 1644 debebatur
2903 1573 3273 1665 locusffi⁰ssgss¹r¹3

1693 1669 2039 1725 testimoniis
2066 1671 2158 1726 SS.
2207 1671 2464 1726 Patrum.
2498 1668 2605 1725 Sed
2646 1669 3057 1760 importunitas
3123 1670 3219 1713 bus.

1694 1750 2098 1806 Recentiorum
2128 1765 2230 1806 nos
2269 1748 2564 1823 obligavit,
2593 1755 2654 1805 ut
2683 1750 2842 1822 prius
2877 1765 3058 1824 expo-

1692 1845 1963 1887 neremus
2002 1845 2246 1897 errores,
2301 1835 2357 1885 et
2407 1829 2584 1886 verba
2629 1830 3050 1894 haereticorum,

1690 1926 1820 1967 cum
1843 1910 2050 1982 quibus
2076 1910 2400 1967 Thomistas
2418 1910 2744 1975 involvunt,
2765 1911 2926 1983 quasi
2948 1910 3055 1966 sub

1690 1992 1889 2050 eodem
1918 1991 2248 2048 Tridentini
2279 1992 2642 2049 anathemate
2668 1993 3054 2065 comprehen-

1689 2091 1801 2132 sos.
1833 2074 2144 2131 Videamus
2167 2089 2320 2130 nunc
2344 2088 2469 2146 quae
2493 2088 2564 2129 ex
2589 2073 2767 2130 sacris
2795 2075 3053 2131 Doctori-

1690 2156 1795 2212 bus
1834 2172 1998 2212 arma
2044 2153 2369 2211 desumant.
2389 2157 2486 2209 -Et
2533 2154 2800 2211 observat
2845 2156 3055 2212 Suarez

1689 2243 1817 2292 tom.
1850 2237 1904 2304 2,
1935 2235 1998 2289 de
2014 2236 2222 2304 yratia,
2258 2234 2398 2289 lib...
2426 2251 2547 2325 cap.
2578 2235 2671 2300 44,
2704 2233 2817 2290 duo
2846 2234 2910 2289 in
2939 2236 3051 2289 Pa-
3084 2258 3244 2315 pauci.

1686 2315 1874 2373 tribus
1923 2313 2219 2389 generalia
2273 2312 2559 2386 principia
2600 2313 2864 2385 reperiri,
2928 2330 3053 2387 quae
3092 2317 3245 2403 Sfflrsso

1689 2401 1944 2454 nostram
1972 2394 2316 2450 sententiam
2346 2399 2693 2467 oppugnent.
2732 2392 2916 2450 Unum
2941 2394 3054 2465 (in-
3134 2417 3198 2450 as-

1686 2476 1831 2550 quit)
1856 2482 1952 2540 est,
1984 2474 2128 2549 quod
2145 2475 2446 2548 efficaciam
2463 2475 2844 2546 pravenientis
2859 2477 3054 2544 qratia
3066 2461 3241 2509 summ

1685 2558 1887 2614 morali
1912 2556 2069 2612 modo
2095 2555 2368 2628 eoeplicent
2389 2558 2506 2611 sine
2533 2556 2778 2630 physica,
2810 2573 2903 2610 seu
2929 2557 3053 2629 effi-

1684 2642 1803 2695 caci
1839 2638 2437 2712 pradeterminatione:
2475 2636 2636 2692 aliud
2673 2644 2767 2702 est,
2801 2637 2944 2713 quod
2977 2638 3052 2691 ad

1686 2721 1985 2777 libertatem
2018 2720 2305 2791 requirunt
2351 2720 2708 2773 intrinsecam
2734 2725 3050 2791 potestatem

1677 2804 1999 2874 proximam
2019 2816 2127 2854 sese
2144 2798 2394 2870 flectendi
2414 2799 2489 2853 ad
2503 2805 2812 2876 utrumque,
2844 2801 2936 2855 cui
2955 2816 3049 2854 re-

1675 2892 1888 2958 puynat
1925 2883 2214 2938 necessitas
2233 2882 2816 2954 pratdeterminationis
2847 2882 2916 2937 ab
2946 2899 3051 2937 eac-

1681 2967 1913 3020 trinseco
1928 2964 2319 3036 provenientis.

1755 3046 2295 3108 verumenimvero,
2314 3044 2361 3099 si
2392 3045 2587 3099 Patres
2610 3043 2768 3100 aliud
2795 3060 2911 3100 non
2938 3043 3046 3102 do-
3079 3032 3245 3125 0331}

1678 3131 1820 3194 cent,
1862 3127 2010 3183 nihil
2044 3131 2129 3184 est
2168 3126 2232 3182 in
2260 3123 2546 3190 PatribuS,
2592 3123 2742 3197 quod
2784 3130 3044 3182 nostram
3091 3130 3210 3175 dunt.

1679 3209 2026 3265 sententiam
2070 3209 2389 3282 impugnet.
2419 3208 2566 3262 Nam
2608 3207 2866 3278 primum
2900 3207 3044 3264 illud

1682 3288 2034 3362 principium
2096 3291 2433 3362 praesentem
2481 3286 2857 3343 assertionem
2927 3304 3044 3345 non

1679 3371 1879 3445 tangit,
1926 3370 1990 3426 in
2028 3387 2137 3443 qua
2171 3373 2397 3426 tantum
2430 3367 2757 3434 statuimuS,
2790 3370 3038 3443 gratiam

1677 3450 1956 3508 efficacem
1977 3466 2099 3506 esse
2119 3450 2293 3506 talem
2321 3465 2394 3505 ex
2418 3463 2497 3513 se,
2529 3451 2585 3504 et
2606 3447 2676 3502 ab
2707 3449 3038 3518 intrinsecO,

1678 3531 1735 3588 id
1774 3536 1878 3597 est,
1912 3546 2028 3587 non
2075 3530 2145 3586 ab
2171 3530 2391 3594 effectu,
2443 3543 2560 3584 non
2605 3544 2636 3584 a
2688 3530 3046 3602 congruitate

1677 3611 1971 3684 temporis»,
2016 3611 2106 3666 vel
2154 3608 2596 3682 dispositionum
2663 3609 3040 3670 naturalium.

1677 3708 1794 3749 non
1837 3690 2081 3762 denique
2106 3706 2176 3746 ex
2200 3688 2557 3761 praescientia
2594 3686 2782 3744 media
2811 3711 2822 3754 ;
2849 3688 2946 3745 sed
2971 3704 3044 3745 ex

1676 3772 1734 3829 vi
1763 3771 2096 3835 intrinseca,
2123 3786 2296 3842 quam
2318 3767 2504 3843 gratia
2533 3768 2602 3823 ab
2624 3768 3038 3840 omnipotente,

1676 3868 1738 3908 ac
1758 3850 1968 3908 efficaci
1988 3852 2085 3907 Dei
2107 3851 2403 3921 voluntate
2425 3849 2744 3921 participat.
2771 3848 2828 3903 Si
2852 3853 3041 3906 autem

1675 3932 1735 3989 id
1758 3932 1981 3997 habeat,
2006 3931 2201 3989 efficax
2223 3937 2397 3988 estex
2417 3946 2496 3997 se,
2529 3934 2586 3986 et
2612 3929 2682 3986 ab
2706 3929 3038 3996 intrinseco,

1674 4014 1951 4090 quidquid
1982 4013 2057 4070 sit
2095 4013 2165 4071 de
2192 4011 2381 4079 modo,
2425 4028 2536 4085 quo
2564 4017 2774 4077 movet,
2812 4012 3042 4085 physice

1675 4097 1960 4165 videlicet,
1991 4097 2085 4152 vel
2138 4095 2441 4158 moraliter
2484 4112 2502 4146 .·
2551 4091 2705 4165 quod
2735 4093 2911 4149 dubio
2950 4109 3043 4151 se—

1673 4180 1872 4253 quenti
1899 4176 2434 4238 determinabimus.
2482 4173 2650 4232 Modo
2681 4190 2816 4230 vero
2856 4174 3042 4232 obiter

1673 4261 2066 4329 observamuS,
2102 4277 2218 4318 non
2248 4257 2483 4315 aliunde
2504 4257 2716 4331 colligi,
2748 4256 2898 4330 quod
2926 4260 3042 4315 Pa-

1675 4348 1790 4400 tres
1829 4344 2114 4416 explicent
2160 4341 2359 4415 gratiae
2409 4337 2688 4395 efficacem
2735 4340 2892 4394 modo
2931 4358 3043 4396 mo-
3099 4384 3102 4387 Α

1672 4426 1803 4492 rati,
1837 4423 1950 4479 nisi
2000 4422 2134 4497 quia
2175 4420 2391 4487 dicunt,
2436 4421 2614 4475 Deum
2659 4435 2761 4476 nos
2807 4437 3042 4478 movere

1672 4505 1948 4569 exteriuS,
1992 4505 2083 4561 vel
2112 4502 2362 4558 interius
2399 4500 2644 4555 vocando
2677 4520 2689 4555 ε
2741 4500 2877 4558 hinc
2903 4518 3041 4559 vero

1674 4583 2044 4641 imbecilliter
2091 4581 2359 4647 insertur,
2403 4578 2551 4651 quod
2599 4580 2866 4654 negarint
2903 4598 3039 4656 gra-

1674 4665 1817 4721 tiam
1857 4663 2088 4737 physice
2134 4664 2587 4734 praemoventem
2617 4684 2632 4727 ;
2663 4677 2800 4716 nam
2830 4666 2891 4717 ut
2934 4678 3041 4736 op-

1674 4749 1815 4805 time
1843 4744 2067 4803 notavit
2095 4744 2400 4818 Angelicus
2425 4745 2630 4800 Doctor
2656 4745 2716 4798 in
2745 4747 2791 4810 l,
2824 4744 2952 4801 dist.
2980 4747 3035 4813 4,

1673 4836 1853 4904 quast.
1895 4829 1940 4894 1,
1971 4834 2079 4882 art.
2131 4828 2167 4883 2
2188 4825 2263 4880 ad
2289 4827 2341 4893 3,
2375 4825 2594 4882 vocatio
2634 4825 2909 4899 importat
2935 4825 3040 4884 ad-

1675 4908 2000 4966 ductionem
2029 4905 2101 4962 ad
2128 4904 2347 4979 aliquid
2380 4926 2393 4961 2
2427 4904 2575 4961 unde
2602 4907 2795 4963 vocari
2830 4906 3039 4964 dicun-

1672 4996 1767 5046 tur
1794 4993 2086 5051 creaturae,
2117 4985 2346 5060 quando
2368 4985 2431 5042 in
2458 5001 2581 5043 esse
2608 4985 3035 5059 producuntur:

1672 5087 1783 5145 quo
1836 5084 2006 5126 sensu
2043 5067 2255 5123 dicitur
2281 5070 2426 5125 Deus
2462 5082 2667 5123 vocare
2706 5087 2767 5124 ea
2788 5087 2902 5143 qme
2928 5089 3035 5125 non
