<?xml version="1.0" encoding="UTF-8"?>
<!DOCTYPE html PUBLIC "-//W3C//DTD XHTML 1.0 Transitional//EN"
    "http://www.w3.org/TR/xhtml1/DTD/xhtml1-transitional.dtd">
<html xmlns="http://www.w3.org/1999/xhtml" xml:lang="en" lang="en">
 <head>
  <title>
</title>
<meta http-equiv="Content-Type" content="text/html;charset=utf-8" />
  <meta name='ocr-system' content='tesseract 3.04.00' />
  <meta name='ocr-capabilities' content='ocr_page ocr_carea ocr_par ocr_line ocrx_word'/>
</head>
<body>
  <div class='ocr_page' id='page_1' title='image "./collegiisalmant00carmgoog_0379.png"; bbox 0 0 3647 5753; ppageno 0'>
   <div class='ocr_carea' id='block_1_1' title="bbox 51 2851 290 2903">
    <p class='ocr_par' dir='ltr' id='par_1_1' title="bbox 51 2851 290 2903">
     <span class='ocr_line' id='line_1_1' title="bbox 51 2851 290 2903; baseline 0.004 -10"><span class='ocrx_word' id='word_1_1' title='bbox 51 2865 52 2868; x_wconf 42' lang='lat'>¹</span> <span class='ocrx_word' id='word_1_2' title='bbox 126 2851 290 2903; x_wconf 72' lang='lat' dir='ltr'>Obiec-</span> 
     </span>
    </p>
   </div>
   <div class='ocr_carea' id='block_1_2' title="bbox 1481 407 3189 473">
    <p class='ocr_par' dir='ltr' id='par_1_2' title="bbox 1481 407 3189 473">
     <span class='ocr_line' id='line_1_2' title="bbox 1481 407 3189 473; baseline 0.004 -13"><span class='ocrx_word' id='word_1_3' title='bbox 1481 407 1658 462; x_wconf 86' lang='lat' dir='ltr'>DlSP.</span> <span class='ocrx_word' id='word_1_4' title='bbox 1707 407 1799 473; x_wconf 88' lang='lat'>111,</span> <span class='ocrx_word' id='word_1_5' title='bbox 1845 409 2008 464; x_wconf 84' lang='lat' dir='ltr'><strong>DUB.</strong></span> <span class='ocrx_word' id='word_1_6' title='bbox 2059 410 2153 463; x_wconf 86' lang='lat'>111.</span> <span class='ocrx_word' id='word_1_7' title='bbox 3082 415 3189 472; x_wconf 76' lang='lat'>357</span> 
     </span>
    </p>
   </div>
   <div class='ocr_carea' id='block_1_3' title="bbox 123 574 1698 5098">
    <p class='ocr_par' dir='ltr' id='par_1_3' title="bbox 123 574 1698 5098">
     <span class='ocr_line' id='line_1_3' title="bbox 336 574 1695 650; baseline 0.002 -19"><span class='ocrx_word' id='word_1_8' title='bbox 336 578 546 650; x_wconf 89' lang='lat' dir='ltr'>quitur,</span> <span class='ocrx_word' id='word_1_9' title='bbox 581 577 879 633; x_wconf 86' lang='lat' dir='ltr'>hominem</span> <span class='ocrx_word' id='word_1_10' title='bbox 926 577 989 632; x_wconf 90' lang='lat' dir='ltr'>in</span> <span class='ocrx_word' id='word_1_11' title='bbox 1015 574 1214 632; x_wconf 88' lang='lat' dir='ltr'>eodem</span> <span class='ocrx_word' id='word_1_12' title='bbox 1247 577 1486 633; x_wconf 88' lang='lat' dir='ltr'>instanti</span> <span class='ocrx_word' id='word_1_13' title='bbox 1515 579 1695 634; x_wconf 81' lang='lat' dir='ltr'>nostri</span> 
     </span>
     <span class='ocr_line' id='line_1_4' title="bbox 333 658 1697 734; baseline 0.001 -20"><span class='ocrx_word' id='word_1_14' title='bbox 333 660 608 732; x_wconf 84' lang='lat' dir='ltr'>temporis</span> <span class='ocrx_word' id='word_1_15' title='bbox 635 675 758 716; x_wconf 67' lang='lat' dir='ltr'>esse</span> <span class='ocrx_word' id='word_1_16' title='bbox 785 660 847 714; x_wconf 93' lang='lat' dir='ltr'>in</span> <span class='ocrx_word' id='word_1_17' title='bbox 874 658 1077 734; x_wconf 87' lang='lat' dir='ltr'>gratia,</span> <span class='ocrx_word' id='word_1_18' title='bbox 1102 665 1160 714; x_wconf 89' lang='lat' dir='ltr'>et</span> <span class='ocrx_word' id='word_1_19' title='bbox 1185 675 1301 715; x_wconf 92' lang='lat' dir='ltr'>non</span> <span class='ocrx_word' id='word_1_20' title='bbox 1322 674 1443 716; x_wconf 88' lang='lat' dir='ltr'>esse</span> <span class='ocrx_word' id='word_1_21' title='bbox 1465 662 1527 717; x_wconf 88' lang='lat' dir='ltr'>iu</span> <span class='ocrx_word' id='word_1_22' title='bbox 1562 677 1697 734; x_wconf 89' lang='lat' dir='ltr'>gra-</span> 
     </span>
     <span class='ocr_line' id='line_1_5' title="bbox 333 739 1696 812; baseline 0.001 -18"><span class='ocrx_word' id='word_1_23' title='bbox 333 740 414 796; x_wconf 89' lang='lat' dir='ltr'>tia</span> <span class='ocrx_word' id='word_1_24' title='bbox 439 763 453 807; x_wconf 91' lang='lat'>;</span> <span class='ocrx_word' id='word_1_25' title='bbox 483 739 767 812; x_wconf 88' lang='lat' dir='ltr'>siquidem</span> <span class='ocrx_word' id='word_1_26' title='bbox 797 740 902 796; x_wconf 89' lang='lat' dir='ltr'>hoc</span> <span class='ocrx_word' id='word_1_27' title='bbox 921 739 1144 794; x_wconf 88' lang='lat' dir='ltr'>instans</span> <span class='ocrx_word' id='word_1_28' title='bbox 1169 741 1564 812; x_wconf 80' lang='lat' dir='ltr'>complectitur</span> <span class='ocrx_word' id='word_1_29' title='bbox 1584 739 1696 797; x_wconf 91' lang='lat' dir='ltr'>duo</span> 
     </span>
     <span class='ocr_line' id='line_1_6' title="bbox 337 820 1698 895; baseline 0.001 -20"><span class='ocrx_word' id='word_1_30' title='bbox 337 822 615 877; x_wconf 86' lang='lat' dir='ltr'>instantia</span> <span class='ocrx_word' id='word_1_31' title='bbox 633 821 897 885; x_wconf 84' lang='lat' dir='ltr'>discreta,</span> <span class='ocrx_word' id='word_1_32' title='bbox 944 820 1005 875; x_wconf 91' lang='lat' dir='ltr'>in</span> <span class='ocrx_word' id='word_1_33' title='bbox 1032 835 1277 892; x_wconf 86' lang='lat' dir='ltr'>quorum</span> <span class='ocrx_word' id='word_1_34' title='bbox 1308 836 1422 878; x_wconf 92' lang='lat' dir='ltr'>uno</span> <span class='ocrx_word' id='word_1_35' title='bbox 1462 826 1545 877; x_wconf 88' lang='lat' dir='ltr'>est</span> <span class='ocrx_word' id='word_1_36' title='bbox 1570 837 1698 895; x_wconf 86' lang='lat' dir='ltr'>gra-</span> 
     </span>
     <span class='ocr_line' id='line_1_7' title="bbox 337 901 1695 974; baseline 0.001 -19"><span class='ocrx_word' id='word_1_37' title='bbox 337 902 433 969; x_wconf 88' lang='lat' dir='ltr'>tia,</span> <span class='ocrx_word' id='word_1_38' title='bbox 458 911 514 958; x_wconf 91' lang='lat' dir='ltr'>et</span> <span class='ocrx_word' id='word_1_39' title='bbox 540 902 602 957; x_wconf 89' lang='lat' dir='ltr'>in</span> <span class='ocrx_word' id='word_1_40' title='bbox 631 902 747 959; x_wconf 90' lang='lat' dir='ltr'>alio</span> <span class='ocrx_word' id='word_1_41' title='bbox 767 901 950 974; x_wconf 87' lang='lat' dir='ltr'>gratia</span> <span class='ocrx_word' id='word_1_42' title='bbox 994 915 1111 955; x_wconf 91' lang='lat' dir='ltr'>non</span> <span class='ocrx_word' id='word_1_43' title='bbox 1163 905 1268 956; x_wconf 91' lang='lat' dir='ltr'>est.</span> <span class='ocrx_word' id='word_1_44' title='bbox 1312 902 1381 956; x_wconf 83' lang='lat' dir='ltr'>Et</span> <span class='ocrx_word' id='word_1_45' title='bbox 1430 902 1695 974; x_wconf 87' lang='lat' dir='ltr'>quamvis</span> 
     </span>
     <span class='ocr_line' id='line_1_8' title="bbox 135 980 1694 1055; baseline 0.002 -19"><span class='ocrx_word' id='word_1_46' title='bbox 135 980 295 1018; x_wconf 58' lang='grc' dir='ltr'>[ΜΝ-</span> <span class='ocrx_word' id='word_1_47' title='bbox 338 986 512 1040; x_wconf 88' lang='lat' dir='ltr'>Lorca</span> <span class='ocrx_word' id='word_1_48' title='bbox 547 984 854 1041; x_wconf 84' lang='lat' dir='ltr'>existimet.</span> <span class='ocrx_word' id='word_1_49' title='bbox 901 982 1024 1038; x_wconf 86' lang='lat' dir='ltr'>tolli</span> <span class='ocrx_word' id='word_1_50' title='bbox 1054 981 1561 1040; x_wconf 75' lang='lat' dir='ltr'>contradictionem</span> <span class='ocrx_word' id='word_1_51' title='bbox 1595 998 1694 1055; x_wconf 91' lang='lat' dir='ltr'>per</span> 
     </span>
     <span class='ocr_line' id='line_1_9' title="bbox 339 1061 1696 1120; baseline 0.001 -2"><span class='ocrx_word' id='word_1_52' title='bbox 339 1081 631 1119; x_wconf 78' lang='lat' dir='ltr'>recursum</span> <span class='ocrx_word' id='word_1_53' title='bbox 694 1062 765 1119; x_wconf 90' lang='lat' dir='ltr'>ad</span> <span class='ocrx_word' id='word_1_54' title='bbox 811 1061 923 1118; x_wconf 93' lang='lat' dir='ltr'>duo</span> <span class='ocrx_word' id='word_1_55' title='bbox 990 1063 1093 1118; x_wconf 91' lang='lat' dir='ltr'>illa</span> <span class='ocrx_word' id='word_1_56' title='bbox 1144 1061 1374 1119; x_wconf 77' lang='lat' dir='ltr'>diversa</span> <span class='ocrx_word' id='word_1_57' title='bbox 1420 1063 1696 1120; x_wconf 87' lang='lat' dir='ltr'>instantia</span> 
     </span>
     <span class='ocr_line' id='line_1_10' title="bbox 334 1144 1693 1217; baseline -0.001 -17"><span class='ocrx_word' id='word_1_58' title='bbox 334 1145 580 1200; x_wconf 88' lang='lat' dir='ltr'>discreta</span> <span class='ocrx_word' id='word_1_59' title='bbox 602 1187 615 1208; x_wconf 88' lang='lat'>,</span> <span class='ocrx_word' id='word_1_60' title='bbox 707 1144 930 1200; x_wconf 81' lang='lat' dir='ltr'>fallitur</span> <span class='ocrx_word' id='word_1_61' title='bbox 999 1149 1192 1199; x_wconf 90' lang='lat' dir='ltr'>tamen</span> <span class='ocrx_word' id='word_1_62' title='bbox 1268 1151 1501 1217; x_wconf 79' lang='lat' dir='ltr'>aperte3</span> <span class='ocrx_word' id='word_1_63' title='bbox 1557 1160 1693 1201; x_wconf 90' lang='lat' dir='ltr'>nam</span> 
     </span>
     <span class='ocr_line' id='line_1_11' title="bbox 336 1225 1694 1284; baseline 0 -2"><span class='ocrx_word' id='word_1_64' title='bbox 336 1227 407 1283; x_wconf 90' lang='lat' dir='ltr'>ad</span> <span class='ocrx_word' id='word_1_65' title='bbox 429 1225 935 1282; x_wconf 83' lang='lat' dir='ltr'>contradictionem</span> <span class='ocrx_word' id='word_1_66' title='bbox 971 1225 1174 1282; x_wconf 81' lang='lat' dir='ltr'>sufficit</span> <span class='ocrx_word' id='word_1_67' title='bbox 1226 1226 1514 1284; x_wconf 85' lang='lat' dir='ltr'>verificari</span> <span class='ocrx_word' id='word_1_68' title='bbox 1553 1227 1694 1283; x_wconf 89' lang='lat' dir='ltr'>duas</span> 
     </span>
     <span class='ocr_line' id='line_1_12' title="bbox 337 1307 1691 1381; baseline 0.001 -18"><span class='ocrx_word' id='word_1_69' title='bbox 337 1308 753 1381; x_wconf 84' lang='lat' dir='ltr'>propositiones</span> <span class='ocrx_word' id='word_1_70' title='bbox 802 1307 1279 1366; x_wconf 87' lang='lat' dir='ltr'>contradictorias</span> <span class='ocrx_word' id='word_1_71' title='bbox 1352 1308 1435 1366; x_wconf 89' lang='lat' dir='ltr'>de</span> <span class='ocrx_word' id='word_1_72' title='bbox 1491 1309 1691 1366; x_wconf 89' lang='lat' dir='ltr'>eodem</span> 
     </span>
     <span class='ocr_line' id='line_1_13' title="bbox 334 1389 1693 1464; baseline 0.004 -20"><span class='ocrx_word' id='word_1_73' title='bbox 334 1389 601 1464; x_wconf 88' lang='lat' dir='ltr'>subjecto,</span> <span class='ocrx_word' id='word_1_74' title='bbox 634 1396 688 1446; x_wconf 90' lang='lat' dir='ltr'>et</span> <span class='ocrx_word' id='word_1_75' title='bbox 711 1391 770 1445; x_wconf 91' lang='lat' dir='ltr'>in</span> <span class='ocrx_word' id='word_1_76' title='bbox 804 1390 1002 1447; x_wconf 89' lang='lat' dir='ltr'>eodem</span> <span class='ocrx_word' id='word_1_77' title='bbox 1043 1391 1299 1458; x_wconf 89' lang='lat' dir='ltr'>instanti,</span> <span class='ocrx_word' id='word_1_78' title='bbox 1329 1393 1452 1449; x_wconf 77' lang='lat' dir='ltr'>sive</span> <span class='ocrx_word' id='word_1_79' title='bbox 1476 1391 1693 1449; x_wconf 82' lang='lat' dir='ltr'>iutrin-</span> 
     </span>
     <span class='ocr_line' id='line_1_14' title="bbox 334 1471 1692 1536; baseline 0.003 -11"><span class='ocrx_word' id='word_1_80' title='bbox 334 1486 528 1527; x_wconf 85' lang='lat' dir='ltr'>secum</span> <span class='ocrx_word' id='word_1_81' title='bbox 599 1471 692 1536; x_wconf 87' lang='lat' dir='ltr'>sit,</span> <span class='ocrx_word' id='word_1_82' title='bbox 743 1472 866 1526; x_wconf 81' lang='lat' dir='ltr'>sive</span> <span class='ocrx_word' id='word_1_83' title='bbox 949 1473 1334 1529; x_wconf 90' lang='lat' dir='ltr'>extrinsecum</span> <span class='ocrx_word' id='word_1_84' title='bbox 1376 1477 1436 1528; x_wconf 91' lang='lat' dir='ltr'>ut</span> <span class='ocrx_word' id='word_1_85' title='bbox 1488 1472 1692 1529; x_wconf 91' lang='lat' dir='ltr'>induc-</span> 
     </span>
     <span class='ocr_line' id='line_1_15' title="bbox 332 1551 1695 1627; baseline 0.003 -22"><span class='ocrx_word' id='word_1_86' title='bbox 332 1552 451 1607; x_wconf 74' lang='lat' dir='ltr'>tive</span> <span class='ocrx_word' id='word_1_87' title='bbox 504 1556 683 1623; x_wconf 84' lang='lat' dir='ltr'>potest</span> <span class='ocrx_word' id='word_1_88' title='bbox 729 1551 970 1608; x_wconf 90' lang='lat' dir='ltr'>ostendi.</span> <span class='ocrx_word' id='word_1_89' title='bbox 1023 1554 1091 1607; x_wconf 85' lang='lat' dir='ltr'>Et</span> <span class='ocrx_word' id='word_1_90' title='bbox 1151 1559 1321 1619; x_wconf 88' lang='lat' dir='ltr'>certe,</span> <span class='ocrx_word' id='word_1_91' title='bbox 1375 1555 1423 1609; x_wconf 91' lang='lat' dir='ltr'>si</span> <span class='ocrx_word' id='word_1_92' title='bbox 1465 1554 1695 1627; x_wconf 90' lang='lat' dir='ltr'>opposi-</span> 
     </span>
     <span class='ocr_line' id='line_1_16' title="bbox 333 1632 1693 1708; baseline 0.004 -23"><span class='ocrx_word' id='word_1_93' title='bbox 333 1636 388 1687; x_wconf 91' lang='lat' dir='ltr'>ta</span> <span class='ocrx_word' id='word_1_94' title='bbox 431 1632 800 1704; x_wconf 84' lang='lat' dir='ltr'>Philosophia</span> <span class='ocrx_word' id='word_1_95' title='bbox 843 1648 979 1690; x_wconf 81' lang='lat' dir='ltr'>vera</span> <span class='ocrx_word' id='word_1_96' title='bbox 1035 1638 1196 1699; x_wconf 89' lang='lat' dir='ltr'>esset,</span> <span class='ocrx_word' id='word_1_97' title='bbox 1252 1632 1466 1690; x_wconf 88' lang='lat' dir='ltr'>nullibi</span> <span class='ocrx_word' id='word_1_98' title='bbox 1511 1641 1693 1708; x_wconf 87' lang='lat' dir='ltr'>posset</span> 
     </span>
     <span class='ocr_line' id='line_1_17' title="bbox 328 1712 1690 1786; baseline 0.002 -18"><span class='ocrx_word' id='word_1_99' title='bbox 328 1712 638 1786; x_wconf 86' lang='lat' dir='ltr'>excogitari</span> <span class='ocrx_word' id='word_1_100' title='bbox 684 1713 1077 1780; x_wconf 85' lang='lat' dir='ltr'>contradictio,</span> <span class='ocrx_word' id='word_1_101' title='bbox 1120 1714 1218 1771; x_wconf 91' lang='lat' dir='ltr'>sed</span> <span class='ocrx_word' id='word_1_102' title='bbox 1268 1715 1690 1772; x_wconf 90' lang='lat' dir='ltr'>admittendum</span> 
     </span>
     <span class='ocr_line' id='line_1_18' title="bbox 327 1794 1690 1866; baseline 0.002 -17"><span class='ocrx_word' id='word_1_103' title='bbox 327 1798 491 1860; x_wconf 87' lang='lat' dir='ltr'>esset,</span> <span class='ocrx_word' id='word_1_104' title='bbox 513 1799 518 1804; x_wconf 79' lang='grc'><em>“</em></span> <span class='ocrx_word' id='word_1_105' title='bbox 537 1810 698 1866; x_wconf 88' lang='lat' dir='ltr'>posse</span> <span class='ocrx_word' id='word_1_106' title='bbox 750 1794 1046 1852; x_wconf 88' lang='lat' dir='ltr'>hominem</span> <span class='ocrx_word' id='word_1_107' title='bbox 1096 1796 1157 1851; x_wconf 90' lang='lat' dir='ltr'>in</span> <span class='ocrx_word' id='word_1_108' title='bbox 1203 1795 1405 1853; x_wconf 90' lang='lat' dir='ltr'>eodem</span> <span class='ocrx_word' id='word_1_109' title='bbox 1453 1798 1690 1854; x_wconf 88' lang='lat' dir='ltr'>instanti</span> 
     </span>
     <span class='ocr_line' id='line_1_19' title="bbox 331 1873 1688 1945; baseline 0.004 -18"><span class='ocrx_word' id='word_1_110' title='bbox 331 1873 510 1929; x_wconf 89' lang='lat' dir='ltr'>nostri</span> <span class='ocrx_word' id='word_1_111' title='bbox 536 1875 811 1945; x_wconf 88' lang='lat' dir='ltr'>temporis</span> <span class='ocrx_word' id='word_1_112' title='bbox 837 1891 959 1931; x_wconf 88' lang='lat' dir='ltr'>esse</span> <span class='ocrx_word' id='word_1_113' title='bbox 988 1876 1207 1940; x_wconf 84' lang='lat' dir='ltr'>vivum,</span> <span class='ocrx_word' id='word_1_114' title='bbox 1239 1882 1294 1933; x_wconf 90' lang='lat' dir='ltr'>et</span> <span class='ocrx_word' id='word_1_115' title='bbox 1322 1892 1438 1934; x_wconf 91' lang='lat' dir='ltr'>non</span> <span class='ocrx_word' id='word_1_116' title='bbox 1466 1877 1688 1943; x_wconf 80' lang='lat' dir='ltr'>vivum3</span> 
     </span>
     <span class='ocr_line' id='line_1_20' title="bbox 328 1951 1691 2023; baseline 0.005 -16"><span class='ocrx_word' id='word_1_117' title='bbox 328 1951 578 2019; x_wconf 89' lang='lat' dir='ltr'>fidelem,</span> <span class='ocrx_word' id='word_1_118' title='bbox 610 1959 667 2009; x_wconf 89' lang='lat' dir='ltr'>et</span> <span class='ocrx_word' id='word_1_119' title='bbox 695 1970 812 2010; x_wconf 89' lang='lat' dir='ltr'>non</span> <span class='ocrx_word' id='word_1_120' title='bbox 840 1954 1105 2023; x_wconf 82' lang='lat' dir='ltr'>fidelem3</span> <span class='ocrx_word' id='word_1_121' title='bbox 1156 1955 1352 2013; x_wconf 91' lang='lat' dir='ltr'>album</span> <span class='ocrx_word' id='word_1_122' title='bbox 1379 1963 1435 2014; x_wconf 90' lang='lat' dir='ltr'>et</span> <span class='ocrx_word' id='word_1_123' title='bbox 1463 1973 1581 2014; x_wconf 93' lang='lat' dir='ltr'>non</span> <span class='ocrx_word' id='word_1_124' title='bbox 1603 1958 1691 2013; x_wconf 91' lang='lat' dir='ltr'>al-</span> 
     </span>
     <span class='ocr_line' id='line_1_21' title="bbox 328 2034 1692 2112; baseline 0.005 -24"><span class='ocrx_word' id='word_1_125' title='bbox 328 2037 486 2099; x_wconf 84' lang='lat' dir='ltr'>bum,</span> <span class='ocrx_word' id='word_1_126' title='bbox 540 2034 766 2108; x_wconf 89' lang='lat' dir='ltr'>aliaque</span> <span class='ocrx_word' id='word_1_127' title='bbox 805 2043 1070 2094; x_wconf 84' lang='lat' dir='ltr'>sexcenta</span> <span class='ocrx_word' id='word_1_128' title='bbox 1116 2037 1380 2107; x_wconf 86' lang='lat' dir='ltr'>absurda,</span> <span class='ocrx_word' id='word_1_129' title='bbox 1418 2054 1544 2112; x_wconf 80' lang='lat' dir='ltr'>quae</span> <span class='ocrx_word' id='word_1_130' title='bbox 1585 2054 1692 2095; x_wconf 90' lang='lat' dir='ltr'>ne-</span> 
     </span>
     <span class='ocr_line' id='line_1_22' title="bbox 328 2116 1691 2190; baseline 0.007 -21"><span class='ocrx_word' id='word_1_131' title='bbox 328 2121 545 2186; x_wconf 77' lang='lat' dir='ltr'>queunt</span> <span class='ocrx_word' id='word_1_132' title='bbox 573 2116 693 2174; x_wconf 87' lang='lat' dir='ltr'>ullo</span> <span class='ocrx_word' id='word_1_133' title='bbox 740 2123 900 2190; x_wconf 89' lang='lat' dir='ltr'>pacto</span> <span class='ocrx_word' id='word_1_134' title='bbox 928 2120 1222 2185; x_wconf 85' lang='lat' dir='ltr'>sustineri,</span> <span class='ocrx_word' id='word_1_135' title='bbox 1270 2121 1399 2178; x_wconf 90' lang='lat' dir='ltr'>licet</span> <span class='ocrx_word' id='word_1_136' title='bbox 1426 2137 1691 2178; x_wconf 88' lang='lat' dir='ltr'>recurra-</span> 
     </span>
     <span class='ocr_line' id='line_1_23' title="bbox 331 2196 1692 2277; baseline 0.007 -26"><span class='ocrx_word' id='word_1_137' title='bbox 331 2203 424 2252; x_wconf 90' lang='lat' dir='ltr'>tur</span> <span class='ocrx_word' id='word_1_138' title='bbox 452 2196 524 2253; x_wconf 87' lang='lat' dir='ltr'>ad</span> <span class='ocrx_word' id='word_1_139' title='bbox 545 2198 773 2255; x_wconf 83' lang='lat' dir='ltr'>diversa</span> <span class='ocrx_word' id='word_1_140' title='bbox 801 2200 1076 2257; x_wconf 90' lang='lat' dir='ltr'>instantia</span> <span class='ocrx_word' id='word_1_141' title='bbox 1104 2201 1368 2269; x_wconf 91' lang='lat' dir='ltr'>discreta,</span> <span class='ocrx_word' id='word_1_142' title='bbox 1401 2218 1505 2276; x_wconf 91' lang='lat' dir='ltr'>per</span> <span class='ocrx_word' id='word_1_143' title='bbox 1548 2220 1692 2277; x_wconf 90' lang='lat' dir='ltr'>quo-</span> 
     </span>
     <span class='ocr_line' id='line_1_24' title="bbox 333 2282 1690 2355; baseline 0.004 -24"><span class='ocrx_word' id='word_1_144' title='bbox 333 2293 462 2332; x_wconf 90' lang='lat' dir='ltr'>rum</span> <span class='ocrx_word' id='word_1_145' title='bbox 493 2294 672 2334; x_wconf 90' lang='lat' dir='ltr'>unum</span> <span class='ocrx_word' id='word_1_146' title='bbox 703 2285 1071 2337; x_wconf 88' lang='lat' dir='ltr'>mensuretur</span> <span class='ocrx_word' id='word_1_147' title='bbox 1112 2299 1239 2348; x_wconf 81' lang='lat' dir='ltr'>esse,</span> <span class='ocrx_word' id='word_1_148' title='bbox 1283 2287 1340 2339; x_wconf 90' lang='lat' dir='ltr'>et</span> <span class='ocrx_word' id='word_1_149' title='bbox 1387 2299 1486 2355; x_wconf 91' lang='lat' dir='ltr'>per</span> <span class='ocrx_word' id='word_1_150' title='bbox 1532 2282 1690 2340; x_wconf 86' lang='lat' dir='ltr'>aliud</span> 
     </span>
     <span class='ocr_line' id='line_1_25' title="bbox 333 2360 1692 2420; baseline 0.007 -9"><span class='ocrx_word' id='word_1_151' title='bbox 333 2375 440 2413; x_wconf 82' lang='lat' dir='ltr'>non</span> <span class='ocrx_word' id='word_1_152' title='bbox 465 2376 592 2414; x_wconf 74' lang='lat' dir='ltr'>esse.</span> <span class='ocrx_word' id='word_1_153' title='bbox 616 2362 728 2414; x_wconf 86' lang='lat' dir='ltr'>Nec</span> <span class='ocrx_word' id='word_1_154' title='bbox 750 2360 1021 2417; x_wconf 90' lang='lat' dir='ltr'>hactenus</span> <span class='ocrx_word' id='word_1_155' title='bbox 1044 2364 1306 2420; x_wconf 89' lang='lat' dir='ltr'>Doctores</span> <span class='ocrx_word' id='word_1_156' title='bbox 1333 2363 1540 2420; x_wconf 90' lang='lat' dir='ltr'>horum</span> <span class='ocrx_word' id='word_1_157' title='bbox 1566 2365 1692 2420; x_wconf 90' lang='lat' dir='ltr'>ins-</span> 
     </span>
     <span class='ocr_line' id='line_1_26' title="bbox 334 2438 1691 2508; baseline 0.007 -17"><span class='ocrx_word' id='word_1_158' title='bbox 334 2438 582 2494; x_wconf 87' lang='lat' dir='ltr'>tantium</span> <span class='ocrx_word' id='word_1_159' title='bbox 623 2440 1054 2508; x_wconf 89' lang='lat' dir='ltr'>meminerunt,</span> <span class='ocrx_word' id='word_1_160' title='bbox 1113 2448 1173 2498; x_wconf 90' lang='lat' dir='ltr'>ut</span> <span class='ocrx_word' id='word_1_161' title='bbox 1225 2443 1691 2501; x_wconf 88' lang='lat' dir='ltr'>contradictionis</span> 
     </span>
     <span class='ocr_line' id='line_1_27' title="bbox 335 2516 1685 2594; baseline 0.007 -22"><span class='ocrx_word' id='word_1_162' title='bbox 335 2516 648 2575; x_wconf 91' lang='lat' dir='ltr'>conderent</span> <span class='ocrx_word' id='word_1_163' title='bbox 676 2520 853 2594; x_wconf 84' lang='lat' dir='ltr'>leges;</span> <span class='ocrx_word' id='word_1_164' title='bbox 881 2522 978 2579; x_wconf 90' lang='lat' dir='ltr'>sed</span> <span class='ocrx_word' id='word_1_165' title='bbox 1007 2521 1077 2579; x_wconf 88' lang='lat' dir='ltr'>ad</span> <span class='ocrx_word' id='word_1_166' title='bbox 1117 2539 1184 2580; x_wconf 89' lang='lat' dir='ltr'>ea</span> <span class='ocrx_word' id='word_1_167' title='bbox 1214 2524 1458 2580; x_wconf 85' lang='lat' dir='ltr'>recurrit</span> <span class='ocrx_word' id='word_1_168' title='bbox 1490 2526 1685 2591; x_wconf 87' lang='lat' dir='ltr'>Lorca,</span> 
     </span>
     <span class='ocr_line' id='line_1_28' title="bbox 341 2597 1690 2680; baseline 0.007 -28"><span class='ocrx_word' id='word_1_169' title='bbox 341 2605 403 2653; x_wconf 88' lang='lat' dir='ltr'>ut</span> <span class='ocrx_word' id='word_1_170' title='bbox 453 2597 835 2658; x_wconf 86' lang='lat' dir='ltr'>difficultatem</span> <span class='ocrx_word' id='word_1_171' title='bbox 887 2603 1229 2662; x_wconf 83' lang='lat' dir='ltr'>verbotenus</span> <span class='ocrx_word' id='word_1_172' title='bbox 1256 2604 1547 2680; x_wconf 80' lang='lat' dir='ltr'>effugeret.</span> <span class='ocrx_word' id='word_1_173' title='bbox 1587 2607 1690 2662; x_wconf 92' lang='lat' dir='ltr'>Vi-</span> 
     </span>
     <span class='ocr_line' id='line_1_29' title="bbox 123 2677 1685 2762; baseline 0.006 -29"><span class='ocrx_word' id='word_1_174' title='bbox 123 2694 165 2733; x_wconf 78' lang='lat'>1)</span> <span class='ocrx_word' id='word_1_175' title='bbox 190 2691 300 2732; x_wconf 66' lang='lat' dir='ltr'>Trio.</span> <span class='ocrx_word' id='word_1_176' title='bbox 337 2677 540 2734; x_wconf 87' lang='lat' dir='ltr'>deatur</span> <span class='ocrx_word' id='word_1_177' title='bbox 559 2681 623 2735; x_wconf 92' lang='lat' dir='ltr'>D.</span> <span class='ocrx_word' id='word_1_178' title='bbox 655 2681 852 2739; x_wconf 88' lang='lat' dir='ltr'>Thom.</span> <span class='ocrx_word' id='word_1_179' title='bbox 884 2691 1069 2762; x_wconf 57' lang='grc' dir='ltr'><strong><em>φηςι.</em></strong></span> <span class='ocrx_word' id='word_1_180' title='bbox 1096 2686 1169 2740; x_wconf 74' lang='grc'>28</span> <span class='ocrx_word' id='word_1_181' title='bbox 1206 2686 1270 2740; x_wconf 86' lang='lat' dir='ltr'>de</span> <span class='ocrx_word' id='word_1_182' title='bbox 1296 2688 1542 2753; x_wconf 79' lang='lat' dir='ltr'>veritate,</span> <span class='ocrx_word' id='word_1_183' title='bbox 1574 2695 1685 2743; x_wconf 81' lang='lat' dir='ltr'>art.</span> 
     </span>
     <span class='ocr_line' id='line_1_30' title="bbox 336 2759 578 2815; baseline 0.012 -3"><span class='ocrx_word' id='word_1_184' title='bbox 336 2760 369 2813; x_wconf 77' lang='lat'>2</span> <span class='ocrx_word' id='word_1_185' title='bbox 391 2759 465 2813; x_wconf 76' lang='lat' dir='ltr'>ad</span> <span class='ocrx_word' id='word_1_186' title='bbox 496 2761 578 2815; x_wconf 86' lang='lat'>10.</span> 
     </span>
     <span class='ocr_line' id='line_1_31' title="bbox 152 2839 1683 2913; baseline 0.006 -21"><span class='ocrx_word' id='word_1_187' title='bbox 152 2906 159 2911; x_wconf 18' lang='grc' dir='ltr'>η</span> <span class='ocrx_word' id='word_1_188' title='bbox 404 2839 497 2896; x_wconf 82' lang='grc'>84.</span> <span class='ocrx_word' id='word_1_189' title='bbox 521 2841 634 2896; x_wconf 81' lang='lat' dir='ltr'>Nec</span> <span class='ocrx_word' id='word_1_190' title='bbox 650 2840 905 2907; x_wconf 81' lang='lat' dir='ltr'>refert,si</span> <span class='ocrx_word' id='word_1_191' title='bbox 923 2842 1196 2900; x_wconf 80' lang='lat' dir='ltr'>adversus</span> <span class='ocrx_word' id='word_1_192' title='bbox 1218 2844 1363 2901; x_wconf 90' lang='lat' dir='ltr'>hanc</span> <span class='ocrx_word' id='word_1_193' title='bbox 1379 2845 1683 2913; x_wconf 88' lang='lat' dir='ltr'>rationem,</span> 
     </span>
     <span class='ocr_line' id='line_1_32' title="bbox 125 2910 1688 2999; baseline 0.005 -24"><span class='ocrx_word' id='word_1_194' title='bbox 125 2910 292 2995; x_wconf 60' lang='lat'>‘1232&#39;31</span> <span class='ocrx_word' id='word_1_195' title='bbox 325 2925 383 2976; x_wconf 92' lang='lat' dir='ltr'>et</span> <span class='ocrx_word' id='word_1_196' title='bbox 408 2918 874 2980; x_wconf 80' lang='lat' dir='ltr'>confirmationes</span> <span class='ocrx_word' id='word_1_197' title='bbox 901 2924 1132 2998; x_wconf 84' lang='lat' dir='ltr'>objicias</span> <span class='ocrx_word' id='word_1_198' title='bbox 1146 2927 1349 2997; x_wconf 83' lang='lat' dir='ltr'>primo,</span> <span class='ocrx_word' id='word_1_199' title='bbox 1381 2941 1511 2982; x_wconf 90' lang='lat' dir='ltr'>cum</span> <span class='ocrx_word' id='word_1_200' title='bbox 1541 2942 1688 2999; x_wconf 61' lang='lat' dir='ltr'>praa-</span> 
     </span>
     <span class='ocr_line' id='line_1_33' title="bbox 326 2998 1687 3079; baseline 0.009 -27"><span class='ocrx_word' id='word_1_201' title='bbox 326 2998 475 3057; x_wconf 89' lang='lat' dir='ltr'>dicto</span> <span class='ocrx_word' id='word_1_202' title='bbox 500 3001 755 3059; x_wconf 79' lang='lat' dir='ltr'>Authore</span> <span class='ocrx_word' id='word_1_203' title='bbox 778 3003 874 3059; x_wconf 78' lang='lat' dir='ltr'>irbi</span> <span class='ocrx_word' id='word_1_204' title='bbox 900 3021 1092 3079; x_wconf 89' lang='lat' dir='ltr'>supra.</span> <span class='ocrx_word' id='word_1_205' title='bbox 1119 3007 1389 3072; x_wconf 70' lang='lat' dir='ltr'>num.29‚</span> <span class='ocrx_word' id='word_1_206' title='bbox 1414 3007 1548 3078; x_wconf 88' lang='lat' dir='ltr'>quia</span> <span class='ocrx_word' id='word_1_207' title='bbox 1571 3023 1687 3064; x_wconf 91' lang='lat' dir='ltr'>non</span> 
     </span>
     <span class='ocr_line' id='line_1_34' title="bbox 325 3078 1688 3153; baseline 0.007 -19"><span class='ocrx_word' id='word_1_208' title='bbox 325 3078 521 3136; x_wconf 89' lang='lat' dir='ltr'>minor</span> <span class='ocrx_word' id='word_1_209' title='bbox 543 3082 823 3153; x_wconf 90' lang='lat' dir='ltr'>oppositio</span> <span class='ocrx_word' id='word_1_210' title='bbox 850 3084 1149 3142; x_wconf 83' lang='lat' dir='ltr'>invenitur</span> <span class='ocrx_word' id='word_1_211' title='bbox 1170 3087 1322 3142; x_wconf 90' lang='lat' dir='ltr'>inter</span> <span class='ocrx_word' id='word_1_212' title='bbox 1343 3092 1529 3142; x_wconf 87' lang='lat' dir='ltr'>actum</span> <span class='ocrx_word' id='word_1_213' title='bbox 1551 3087 1688 3143; x_wconf 89' lang='lat' dir='ltr'>cha-</span> 
     </span>
     <span class='ocr_line' id='line_1_35' title="bbox 326 3160 1686 3233; baseline 0.006 -19"><span class='ocrx_word' id='word_1_214' title='bbox 326 3160 531 3225; x_wconf 83' lang='lat' dir='ltr'>ritatis,</span> <span class='ocrx_word' id='word_1_215' title='bbox 551 3166 607 3216; x_wconf 89' lang='lat' dir='ltr'>et</span> <span class='ocrx_word' id='word_1_216' title='bbox 625 3168 911 3233; x_wconf 87' lang='lat' dir='ltr'>peccatum</span> <span class='ocrx_word' id='word_1_217' title='bbox 935 3164 1313 3230; x_wconf 88' lang='lat' dir='ltr'>habituale,ac</span> <span class='ocrx_word' id='word_1_218' title='bbox 1331 3165 1483 3222; x_wconf 88' lang='lat' dir='ltr'>inter</span> <span class='ocrx_word' id='word_1_219' title='bbox 1499 3171 1686 3223; x_wconf 89' lang='lat' dir='ltr'>actum</span> 
     </span>
     <span class='ocr_line' id='line_1_36' title="bbox 324 3240 1689 3315; baseline 0.007 -20"><span class='ocrx_word' id='word_1_220' title='bbox 324 3240 550 3313; x_wconf 88' lang='lat' dir='ltr'>peccati,</span> <span class='ocrx_word' id='word_1_221' title='bbox 575 3249 631 3297; x_wconf 88' lang='lat' dir='ltr'>et</span> <span class='ocrx_word' id='word_1_222' title='bbox 650 3245 898 3315; x_wconf 78' lang='lat' dir='ltr'>gratiam</span> <span class='ocrx_word' id='word_1_223' title='bbox 920 3246 1293 3313; x_wconf 85' lang='lat' dir='ltr'>habitualem,</span> <span class='ocrx_word' id='word_1_224' title='bbox 1320 3246 1449 3303; x_wconf 86' lang='lat' dir='ltr'>cum</span> <span class='ocrx_word' id='word_1_225' title='bbox 1476 3247 1689 3305; x_wconf 89' lang='lat' dir='ltr'>utrobi·</span> 
     </span>
     <span class='ocr_line' id='line_1_37' title="bbox 317 3323 1688 3400; baseline 0.007 -24"><span class='ocrx_word' id='word_1_226' title='bbox 317 3336 428 3392; x_wconf 90' lang='lat' dir='ltr'>que</span> <span class='ocrx_word' id='word_1_227' title='bbox 458 3323 783 3394; x_wconf 85' lang='lat' dir='ltr'>reperiatur</span> <span class='ocrx_word' id='word_1_228' title='bbox 809 3325 1008 3383; x_wconf 87' lang='lat' dir='ltr'>eadem</span> <span class='ocrx_word' id='word_1_229' title='bbox 1039 3329 1331 3400; x_wconf 87' lang='lat' dir='ltr'>proportio</span> <span class='ocrx_word' id='word_1_230' title='bbox 1358 3349 1371 3384; x_wconf 96' lang='lat'>:</span> <span class='ocrx_word' id='word_1_231' title='bbox 1399 3327 1499 3385; x_wconf 91' lang='lat' dir='ltr'>sed</span> <span class='ocrx_word' id='word_1_232' title='bbox 1522 3328 1688 3385; x_wconf 88' lang='lat' dir='ltr'>indu-</span> 
     </span>
     <span class='ocr_line' id='line_1_38' title="bbox 273 3401 1686 3478; baseline 0.006 -20"><span class='ocrx_word' id='word_1_233' title='bbox 273 3460 274 3463; x_wconf 57' lang='lat'>,</span> <span class='ocrx_word' id='word_1_234' title='bbox 319 3401 563 3458; x_wconf 87' lang='lat' dir='ltr'>bitatum</span> <span class='ocrx_word' id='word_1_235' title='bbox 585 3410 689 3470; x_wconf 88' lang='lat' dir='ltr'>est,</span> <span class='ocrx_word' id='word_1_236' title='bbox 723 3405 912 3478; x_wconf 91' lang='lat' dir='ltr'>inquit</span> <span class='ocrx_word' id='word_1_237' title='bbox 940 3408 1057 3477; x_wconf 87' lang='lat' dir='ltr'>ille,</span> <span class='ocrx_word' id='word_1_238' title='bbox 1085 3415 1273 3466; x_wconf 89' lang='lat' dir='ltr'>actum</span> <span class='ocrx_word' id='word_1_239' title='bbox 1295 3410 1590 3467; x_wconf 87' lang='lat' dir='ltr'>charitatis</span> <span class='ocrx_word' id='word_1_240' title='bbox 1624 3410 1686 3466; x_wconf 94' lang='lat' dir='ltr'>in</span> 
     </span>
     <span class='ocr_line' id='line_1_39' title="bbox 320 3481 1687 3556; baseline 0.008 -21"><span class='ocrx_word' id='word_1_241' title='bbox 320 3481 582 3548; x_wconf 87' lang='lat' dir='ltr'>instanti,</span> <span class='ocrx_word' id='word_1_242' title='bbox 633 3483 696 3539; x_wconf 89' lang='lat' dir='ltr'>in</span> <span class='ocrx_word' id='word_1_243' title='bbox 736 3500 847 3556; x_wconf 91' lang='lat' dir='ltr'>quo</span> <span class='ocrx_word' id='word_1_244' title='bbox 872 3495 1323 3555; x_wconf 88' lang='lat' dir='ltr'>consummatur,</span> <span class='ocrx_word' id='word_1_245' title='bbox 1377 3489 1687 3546; x_wconf 84' lang='lat' dir='ltr'>coexistere</span> 
     </span>
     <span class='ocr_line' id='line_1_40' title="bbox 318 3562 1687 3641; baseline 0.007 -25"><span class='ocrx_word' id='word_1_246' title='bbox 318 3562 390 3617; x_wconf 89' lang='lat' dir='ltr'>de</span> <span class='ocrx_word' id='word_1_247' title='bbox 419 3562 561 3620; x_wconf 84' lang='lat' dir='ltr'>facto</span> <span class='ocrx_word' id='word_1_248' title='bbox 587 3565 763 3621; x_wconf 90' lang='lat' dir='ltr'>simul</span> <span class='ocrx_word' id='word_1_249' title='bbox 810 3582 940 3623; x_wconf 92' lang='lat' dir='ltr'>cum</span> <span class='ocrx_word' id='word_1_250' title='bbox 982 3576 1201 3641; x_wconf 90' lang='lat' dir='ltr'>peccato</span> <span class='ocrx_word' id='word_1_251' title='bbox 1241 3569 1560 3637; x_wconf 87' lang='lat' dir='ltr'>habituali;</span> <span class='ocrx_word' id='word_1_252' title='bbox 1603 3571 1687 3626; x_wconf 90' lang='lat' dir='ltr'>si-</span> 
     </span>
     <span class='ocr_line' id='line_1_41' title="bbox 319 3644 1681 3726; baseline 0.007 -28"><span class='ocrx_word' id='word_1_253' title='bbox 319 3644 552 3714; x_wconf 85' lang='lat' dir='ltr'>quidem</span> <span class='ocrx_word' id='word_1_254' title='bbox 595 3646 760 3718; x_wconf 84' lang='lat' dir='ltr'>juxta</span> <span class='ocrx_word' id='word_1_255' title='bbox 798 3648 1118 3707; x_wconf 88' lang='lat' dir='ltr'>doctrinam</span> <span class='ocrx_word' id='word_1_256' title='bbox 1155 3650 1504 3718; x_wconf 88' lang='lat' dir='ltr'>Tridentini,</span> <span class='ocrx_word' id='word_1_257' title='bbox 1538 3668 1681 3726; x_wconf 83' lang='lat' dir='ltr'>prae-</span> 
     </span>
     <span class='ocr_line' id='line_1_42' title="bbox 321 3723 1685 3806; baseline 0.008 -28"><span class='ocrx_word' id='word_1_258' title='bbox 321 3723 506 3780; x_wconf 88' lang='lat' dir='ltr'>dictus</span> <span class='ocrx_word' id='word_1_259' title='bbox 536 3732 690 3782; x_wconf 91' lang='lat' dir='ltr'>actus</span> <span class='ocrx_word' id='word_1_260' title='bbox 738 3745 854 3785; x_wconf 92' lang='lat' dir='ltr'>non</span> <span class='ocrx_word' id='word_1_261' title='bbox 893 3736 978 3786; x_wconf 90' lang='lat' dir='ltr'>est</span> <span class='ocrx_word' id='word_1_262' title='bbox 1017 3731 1204 3788; x_wconf 80' lang='lat' dir='ltr'>forma</span> <span class='ocrx_word' id='word_1_263' title='bbox 1225 3730 1561 3806; x_wconf 62' lang='lat' dir='ltr'>justificans»,</span> <span class='ocrx_word' id='word_1_264' title='bbox 1587 3732 1685 3789; x_wconf 88' lang='lat' dir='ltr'>sed</span> 
     </span>
     <span class='ocr_line' id='line_1_43' title="bbox 324 3802 1686 3882; baseline 0.008 -24"><span class='ocrx_word' id='word_1_265' title='bbox 324 3802 624 3877; x_wconf 89' lang='lat' dir='ltr'>dispositio</span> <span class='ocrx_word' id='word_1_266' title='bbox 671 3807 740 3864; x_wconf 91' lang='lat' dir='ltr'>ad</span> <span class='ocrx_word' id='word_1_267' title='bbox 781 3809 1267 3882; x_wconf 86' lang='lat' dir='ltr'>justificationem,</span> <span class='ocrx_word' id='word_1_268' title='bbox 1311 3827 1435 3882; x_wconf 81' lang='lat' dir='ltr'>quae</span> <span class='ocrx_word' id='word_1_269' title='bbox 1475 3813 1686 3869; x_wconf 89' lang='lat' dir='ltr'>imme-</span> 
     </span>
     <span class='ocr_line' id='line_1_44' title="bbox 323 3883 1685 3965; baseline 0.008 -27"><span class='ocrx_word' id='word_1_270' title='bbox 323 3883 476 3941; x_wconf 88' lang='lat' dir='ltr'>diate</span> <span class='ocrx_word' id='word_1_271' title='bbox 505 3892 628 3959; x_wconf 89' lang='lat' dir='ltr'>post</span> <span class='ocrx_word' id='word_1_272' title='bbox 669 3887 1038 3960; x_wconf 11' lang='lat' dir='ltr'>faciendayest</span> <span class='ocrx_word' id='word_1_273' title='bbox 1065 3907 1165 3964; x_wconf 90' lang='lat' dir='ltr'>per</span> <span class='ocrx_word' id='word_1_274' title='bbox 1190 3893 1436 3965; x_wconf 83' lang='lat' dir='ltr'>gratiam</span> <span class='ocrx_word' id='word_1_275' title='bbox 1470 3893 1685 3949; x_wconf 89' lang='lat' dir='ltr'>sancti-</span> 
     </span>
     <span class='ocr_line' id='line_1_45' title="bbox 323 3964 1685 4046; baseline 0.007 -27"><span class='ocrx_word' id='word_1_276' title='bbox 323 3964 587 4024; x_wconf 86' lang='lat' dir='ltr'>ficantem</span> <span class='ocrx_word' id='word_1_277' title='bbox 611 3987 629 4021; x_wconf 90' lang='lat'>.·</span> <span class='ocrx_word' id='word_1_278' title='bbox 654 3985 788 4043; x_wconf 89' lang='lat' dir='ltr'>ergo</span> <span class='ocrx_word' id='word_1_279' title='bbox 813 3986 883 4027; x_wconf 84' lang='lat' dir='ltr'>ex</span> <span class='ocrx_word' id='word_1_280' title='bbox 903 3972 1260 4044; x_wconf 91' lang='lat' dir='ltr'>oppositione</span> <span class='ocrx_word' id='word_1_281' title='bbox 1288 3979 1509 4046; x_wconf 87' lang='lat' dir='ltr'>reperta</span> <span class='ocrx_word' id='word_1_282' title='bbox 1533 3974 1685 4031; x_wconf 90' lang='lat' dir='ltr'>inter</span> 
     </span>
     <span class='ocr_line' id='line_1_46' title="bbox 324 4051 1685 4127; baseline 0.007 -26"><span class='ocrx_word' id='word_1_283' title='bbox 324 4054 609 4118; x_wconf 89' lang='lat' dir='ltr'>peccatum</span> <span class='ocrx_word' id='word_1_284' title='bbox 633 4051 867 4118; x_wconf 83' lang='lat' dir='ltr'>actuale,</span> <span class='ocrx_word' id='word_1_285' title='bbox 893 4057 949 4107; x_wconf 89' lang='lat' dir='ltr'>et</span> <span class='ocrx_word' id='word_1_286' title='bbox 967 4053 1229 4125; x_wconf 81' lang='lat' dir='ltr'>gratiam,</span> <span class='ocrx_word' id='word_1_287' title='bbox 1257 4069 1373 4109; x_wconf 93' lang='lat' dir='ltr'>non</span> <span class='ocrx_word' id='word_1_288' title='bbox 1394 4052 1685 4127; x_wconf 80' lang='lat' dir='ltr'>colligitur</span> 
     </span>
     <span class='ocr_line' id='line_1_47' title="bbox 320 4127 1686 4204; baseline 0.007 -22"><span class='ocrx_word' id='word_1_289' title='bbox 320 4127 639 4195; x_wconf 86' lang='lat' dir='ltr'>efficaciter,</span> <span class='ocrx_word' id='word_1_290' title='bbox 669 4130 817 4204; x_wconf 90' lang='lat' dir='ltr'>quod</span> <span class='ocrx_word' id='word_1_291' title='bbox 851 4131 921 4188; x_wconf 89' lang='lat' dir='ltr'>de</span> <span class='ocrx_word' id='word_1_292' title='bbox 948 4132 1091 4190; x_wconf 83' lang='lat' dir='ltr'>facto</span> <span class='ocrx_word' id='word_1_293' title='bbox 1120 4149 1236 4191; x_wconf 92' lang='lat' dir='ltr'>non</span> <span class='ocrx_word' id='word_1_294' title='bbox 1263 4135 1576 4191; x_wconf 76' lang='lat' dir='ltr'>coexistunt</span> <span class='ocrx_word' id='word_1_295' title='bbox 1600 4136 1686 4191; x_wconf 93' lang='lat' dir='ltr'>si-</span> 
     </span>
     <span class='ocr_line' id='line_1_48' title="bbox 323 4211 1686 4290; baseline 0.007 -25"><span class='ocrx_word' id='word_1_296' title='bbox 323 4211 448 4266; x_wconf 89' lang='lat' dir='ltr'>mul</span> <span class='ocrx_word' id='word_1_297' title='bbox 480 4211 540 4267; x_wconf 90' lang='lat' dir='ltr'>in</span> <span class='ocrx_word' id='word_1_298' title='bbox 566 4213 757 4287; x_wconf 87' lang='lat' dir='ltr'>aliquo</span> <span class='ocrx_word' id='word_1_299' title='bbox 775 4215 1037 4271; x_wconf 89' lang='lat' dir='ltr'>instanti.</span> <span class='ocrx_word' id='word_1_300' title='bbox 1062 4217 1131 4270; x_wconf 92' lang='lat' dir='ltr'>Et</span> <span class='ocrx_word' id='word_1_301' title='bbox 1152 4216 1410 4289; x_wconf 90' lang='lat' dir='ltr'>aperitur</span> <span class='ocrx_word' id='word_1_302' title='bbox 1436 4218 1686 4290; x_wconf 90' lang='lat' dir='ltr'>amplius</span> 
     </span>
     <span class='ocr_line' id='line_1_49' title="bbox 321 4291 1683 4369; baseline 0.005 -23"><span class='ocrx_word' id='word_1_303' title='bbox 321 4291 411 4347; x_wconf 76' lang='lat' dir='ltr'>vis</span> <span class='ocrx_word' id='word_1_304' title='bbox 448 4292 615 4365; x_wconf 85' lang='lat' dir='ltr'>hujus</span> <span class='ocrx_word' id='word_1_305' title='bbox 660 4293 1032 4367; x_wconf 86' lang='lat' dir='ltr'>objectionis:</span> <span class='ocrx_word' id='word_1_306' title='bbox 1077 4296 1352 4369; x_wconf 90' lang='lat' dir='ltr'>quoniam</span> <span class='ocrx_word' id='word_1_307' title='bbox 1393 4296 1457 4354; x_wconf 89' lang='lat' dir='ltr'>in</span> <span class='ocrx_word' id='word_1_308' title='bbox 1483 4297 1683 4355; x_wconf 88' lang='lat' dir='ltr'>eodem</span> 
     </span>
     <span class='ocr_line' id='line_1_50' title="bbox 324 4373 1683 4449; baseline 0.007 -23"><span class='ocrx_word' id='word_1_309' title='bbox 324 4373 583 4439; x_wconf 87' lang='lat' dir='ltr'>instanti,</span> <span class='ocrx_word' id='word_1_310' title='bbox 610 4375 674 4430; x_wconf 92' lang='lat' dir='ltr'>in</span> <span class='ocrx_word' id='word_1_311' title='bbox 695 4391 808 4448; x_wconf 90' lang='lat' dir='ltr'>quo</span> <span class='ocrx_word' id='word_1_312' title='bbox 834 4375 1007 4433; x_wconf 91' lang='lat' dir='ltr'>homo</span> <span class='ocrx_word' id='word_1_313' title='bbox 1033 4381 1223 4449; x_wconf 86' lang='lat' dir='ltr'>peccat</span> <span class='ocrx_word' id='word_1_314' title='bbox 1246 4377 1562 4434; x_wconf 89' lang='lat' dir='ltr'>omittendo</span> <span class='ocrx_word' id='word_1_315' title='bbox 1587 4394 1683 4435; x_wconf 91' lang='lat' dir='ltr'>ac-</span> 
     </span>
     <span class='ocr_line' id='line_1_51' title="bbox 322 4454 1684 4532; baseline 0.006 -24"><span class='ocrx_word' id='word_1_316' title='bbox 322 4458 444 4510; x_wconf 90' lang='lat' dir='ltr'>tum</span> <span class='ocrx_word' id='word_1_317' title='bbox 472 4454 583 4510; x_wconf 91' lang='lat' dir='ltr'>sibi</span> <span class='ocrx_word' id='word_1_318' title='bbox 626 4462 989 4529; x_wconf 72' lang='lat' dir='ltr'>praeceptum,</span> <span class='ocrx_word' id='word_1_319' title='bbox 1034 4457 1200 4514; x_wconf 90' lang='lat' dir='ltr'>debet</span> <span class='ocrx_word' id='word_1_320' title='bbox 1225 4458 1434 4516; x_wconf 87' lang='lat' dir='ltr'>habere</span> <span class='ocrx_word' id='word_1_321' title='bbox 1462 4459 1684 4532; x_wconf 84' lang='lat' dir='ltr'>princi-</span> 
     </span>
     <span class='ocr_line' id='line_1_52' title="bbox 320 4533 1682 4612; baseline 0.006 -25"><span class='ocrx_word' id='word_1_322' title='bbox 320 4533 484 4605; x_wconf 92' lang='lat' dir='ltr'>pium</span> <span class='ocrx_word' id='word_1_323' title='bbox 528 4534 811 4593; x_wconf 86' lang='lat' dir='ltr'>sufficiens</span> <span class='ocrx_word' id='word_1_324' title='bbox 851 4536 923 4594; x_wconf 91' lang='lat' dir='ltr'>ad</span> <span class='ocrx_word' id='word_1_325' title='bbox 961 4537 1307 4595; x_wconf 90' lang='lat' dir='ltr'>eliciendum</span> <span class='ocrx_word' id='word_1_326' title='bbox 1349 4538 1682 4612; x_wconf 73' lang='lat' dir='ltr'>praedictum</span> 
     </span>
     <span class='ocr_line' id='line_1_53' title="bbox 318 4617 1685 4689; baseline 0.006 -18"><span class='ocrx_word' id='word_1_327' title='bbox 318 4620 508 4671; x_wconf 88' lang='lat' dir='ltr'>actum</span> <span class='ocrx_word' id='word_1_328' title='bbox 534 4640 548 4681; x_wconf 92' lang='lat'>;</span> <span class='ocrx_word' id='word_1_329' title='bbox 579 4617 837 4689; x_wconf 87' lang='lat' dir='ltr'>alioquin</span> <span class='ocrx_word' id='word_1_330' title='bbox 868 4635 985 4676; x_wconf 91' lang='lat' dir='ltr'>non</span> <span class='ocrx_word' id='word_1_331' title='bbox 1014 4620 1214 4687; x_wconf 91' lang='lat' dir='ltr'>libere,</span> <span class='ocrx_word' id='word_1_332' title='bbox 1243 4620 1342 4677; x_wconf 90' lang='lat' dir='ltr'>sed</span> <span class='ocrx_word' id='word_1_333' title='bbox 1365 4622 1685 4679; x_wconf 89' lang='lat' dir='ltr'>necessario</span> 
     </span>
     <span class='ocr_line' id='line_1_54' title="bbox 317 4697 1684 4772; baseline 0.005 -19"><span class='ocrx_word' id='word_1_334' title='bbox 317 4697 644 4753; x_wconf 87' lang='lat' dir='ltr'>omitteret:</span> <span class='ocrx_word' id='word_1_335' title='bbox 672 4698 769 4754; x_wconf 89' lang='lat' dir='ltr'>sed</span> <span class='ocrx_word' id='word_1_336' title='bbox 793 4700 1143 4772; x_wconf 90' lang='lat' dir='ltr'>principium</span> <span class='ocrx_word' id='word_1_337' title='bbox 1166 4701 1448 4759; x_wconf 87' lang='lat' dir='ltr'>sufficiens</span> <span class='ocrx_word' id='word_1_338' title='bbox 1474 4702 1545 4759; x_wconf 90' lang='lat' dir='ltr'>ad</span> <span class='ocrx_word' id='word_1_339' title='bbox 1571 4704 1684 4760; x_wconf 89' lang='lat' dir='ltr'>eli-</span> 
     </span>
     <span class='ocr_line' id='line_1_55' title="bbox 316 4775 1680 4855; baseline 0.006 -23"><span class='ocrx_word' id='word_1_340' title='bbox 316 4775 587 4833; x_wconf 85' lang='lat' dir='ltr'>ciendum</span> <span class='ocrx_word' id='word_1_341' title='bbox 611 4781 798 4833; x_wconf 88' lang='lat' dir='ltr'>actum</span> <span class='ocrx_word' id='word_1_342' title='bbox 821 4780 1118 4839; x_wconf 86' lang='lat' dir='ltr'>charitatis</span> <span class='ocrx_word' id='word_1_343' title='bbox 1142 4788 1227 4840; x_wconf 89' lang='lat' dir='ltr'>est</span> <span class='ocrx_word' id='word_1_344' title='bbox 1253 4783 1376 4855; x_wconf 89' lang='lat' dir='ltr'>ipsa</span> <span class='ocrx_word' id='word_1_345' title='bbox 1401 4782 1680 4840; x_wconf 86' lang='lat' dir='ltr'>charitas:</span> 
     </span>
     <span class='ocr_line' id='line_1_56' title="bbox 316 4856 1683 4936; baseline 0.004 -22"><span class='ocrx_word' id='word_1_346' title='bbox 316 4873 450 4931; x_wconf 86' lang='lat' dir='ltr'>ergo</span> <span class='ocrx_word' id='word_1_347' title='bbox 474 4857 535 4913; x_wconf 90' lang='lat' dir='ltr'>in</span> <span class='ocrx_word' id='word_1_348' title='bbox 558 4856 761 4914; x_wconf 90' lang='lat' dir='ltr'>eodem</span> <span class='ocrx_word' id='word_1_349' title='bbox 791 4859 1051 4927; x_wconf 89' lang='lat' dir='ltr'>instanti,</span> <span class='ocrx_word' id='word_1_350' title='bbox 1083 4862 1147 4917; x_wconf 91' lang='lat' dir='ltr'>in</span> <span class='ocrx_word' id='word_1_351' title='bbox 1173 4877 1284 4935; x_wconf 90' lang='lat' dir='ltr'>quo</span> <span class='ocrx_word' id='word_1_352' title='bbox 1305 4861 1475 4919; x_wconf 91' lang='lat' dir='ltr'>homo</span> <span class='ocrx_word' id='word_1_353' title='bbox 1497 4869 1683 4936; x_wconf 88' lang='lat' dir='ltr'>peccat</span> 
     </span>
     <span class='ocr_line' id='line_1_57' title="bbox 317 4938 1676 5016; baseline 0.002 -21"><span class='ocrx_word' id='word_1_354' title='bbox 317 4938 637 4995; x_wconf 91' lang='lat' dir='ltr'>omittendo</span> <span class='ocrx_word' id='word_1_355' title='bbox 654 4943 840 4995; x_wconf 87' lang='lat' dir='ltr'>actum</span> <span class='ocrx_word' id='word_1_356' title='bbox 856 4941 1151 4999; x_wconf 87' lang='lat' dir='ltr'>charitatis</span> <span class='ocrx_word' id='word_1_357' title='bbox 1177 4941 1286 4997; x_wconf 89' lang='lat' dir='ltr'>sibi</span> <span class='ocrx_word' id='word_1_358' title='bbox 1316 4947 1676 5016; x_wconf 80' lang='lat' dir='ltr'>praeceptum,</span> 
     </span>
     <span class='ocr_line' id='line_1_58' title="bbox 314 5018 1684 5098; baseline 0.005 -24"><span class='ocrx_word' id='word_1_359' title='bbox 314 5018 487 5076; x_wconf 86' lang='lat' dir='ltr'>habet</span> <span class='ocrx_word' id='word_1_360' title='bbox 531 5019 917 5090; x_wconf 81' lang='lat' dir='ltr'>charitatem3</span> <span class='ocrx_word' id='word_1_361' title='bbox 966 5022 1082 5079; x_wconf 79' lang='lat' dir='ltr'>haec</span> <span class='ocrx_word' id='word_1_362' title='bbox 1127 5022 1303 5098; x_wconf 88' lang='lat' dir='ltr'>igitur</span> <span class='ocrx_word' id='word_1_363' title='bbox 1331 5040 1435 5096; x_wconf 91' lang='lat' dir='ltr'>pro</span> <span class='ocrx_word' id='word_1_364' title='bbox 1492 5023 1684 5096; x_wconf 86' lang='lat' dir='ltr'>aliquo</span> 
     </span>
    </p>
   </div>
   <div class='ocr_carea' id='block_1_4' title="bbox 1816 579 3388 4366">
    <p class='ocr_par' dir='ltr' id='par_1_4' title="bbox 1826 579 3388 1625">
     <span class='ocr_line' id='line_1_59' title="bbox 1829 579 3185 655; baseline 0.003 -21"><span class='ocrx_word' id='word_1_365' title='bbox 1829 579 2069 636; x_wconf 89' lang='lat' dir='ltr'>instanti</span> <span class='ocrx_word' id='word_1_366' title='bbox 2113 582 2479 655; x_wconf 79' lang='lat' dir='ltr'>conjungitur</span> <span class='ocrx_word' id='word_1_367' title='bbox 2525 599 2653 638; x_wconf 90' lang='lat' dir='ltr'>cum</span> <span class='ocrx_word' id='word_1_368' title='bbox 2695 587 2918 654; x_wconf 88' lang='lat' dir='ltr'>peccato</span> <span class='ocrx_word' id='word_1_369' title='bbox 2956 583 3185 638; x_wconf 88' lang='lat' dir='ltr'>actuali.</span> 
     </span>
     <span class='ocr_line' id='line_1_60' title="bbox 1828 657 3190 737; baseline 0 -20"><span class='ocrx_word' id='word_1_370' title='bbox 1828 657 2096 726; x_wconf 79' lang='lat' dir='ltr'>Secunde,</span> <span class='ocrx_word' id='word_1_371' title='bbox 2130 677 2264 717; x_wconf 92' lang='lat' dir='ltr'>nam</span> <span class='ocrx_word' id='word_1_372' title='bbox 2294 663 2341 717; x_wconf 91' lang='lat' dir='ltr'>si</span> <span class='ocrx_word' id='word_1_373' title='bbox 2365 668 2769 737; x_wconf 87' lang='lat' dir='ltr'>argumentum</span> <span class='ocrx_word' id='word_1_374' title='bbox 2798 667 3059 720; x_wconf 85' lang='lat' dir='ltr'>nostrum</span> <span class='ocrx_word' id='word_1_375' title='bbox 3088 662 3190 718; x_wconf 89' lang='lat' dir='ltr'>de-</span> 
     </span>
     <span class='ocr_line' id='line_1_61' title="bbox 1828 743 3186 815; baseline 0.001 -21"><span class='ocrx_word' id='word_1_376' title='bbox 1828 744 2120 812; x_wconf 90' lang='lat' dir='ltr'>sumptum</span> <span class='ocrx_word' id='word_1_377' title='bbox 2172 756 2243 797; x_wconf 88' lang='lat' dir='ltr'>ex</span> <span class='ocrx_word' id='word_1_378' title='bbox 2294 743 2648 814; x_wconf 89' lang='lat' dir='ltr'>oppositione</span> <span class='ocrx_word' id='word_1_379' title='bbox 2696 744 2848 800; x_wconf 92' lang='lat' dir='ltr'>inter</span> <span class='ocrx_word' id='word_1_380' title='bbox 2900 747 3186 815; x_wconf 87' lang='lat' dir='ltr'>peccatum</span> 
     </span>
     <span class='ocr_line' id='line_1_62' title="bbox 1829 821 3184 896; baseline 0.003 -22"><span class='ocrx_word' id='word_1_381' title='bbox 1829 821 2063 886; x_wconf 87' lang='lat' dir='ltr'>actuale,</span> <span class='ocrx_word' id='word_1_382' title='bbox 2088 827 2144 877; x_wconf 87' lang='lat' dir='ltr'>et</span> <span class='ocrx_word' id='word_1_383' title='bbox 2155 823 2401 895; x_wconf 88' lang='lat' dir='ltr'>gratiam</span> <span class='ocrx_word' id='word_1_384' title='bbox 2425 823 2775 896; x_wconf 81' lang='lat' dir='ltr'>habitualem</span> <span class='ocrx_word' id='word_1_385' title='bbox 2798 828 2944 880; x_wconf 89' lang='lat' dir='ltr'>esset</span> <span class='ocrx_word' id='word_1_386' title='bbox 2967 822 3184 889; x_wconf 87' lang='lat' dir='ltr'>efficax,</span> 
     </span>
     <span class='ocr_line' id='line_1_63' title="bbox 1827 901 3183 978; baseline 0.002 -22"><span class='ocrx_word' id='word_1_387' title='bbox 1827 901 2091 958; x_wconf 86' lang='lat' dir='ltr'>suaderet</span> <span class='ocrx_word' id='word_1_388' title='bbox 2116 906 2309 971; x_wconf 90' lang='lat' dir='ltr'>etiam,</span> <span class='ocrx_word' id='word_1_389' title='bbox 2354 905 2502 977; x_wconf 88' lang='lat' dir='ltr'>quod</span> <span class='ocrx_word' id='word_1_390' title='bbox 2550 922 2731 977; x_wconf 84' lang='lat' dir='ltr'>neque</span> <span class='ocrx_word' id='word_1_391' title='bbox 2774 922 2872 978; x_wconf 91' lang='lat' dir='ltr'>per</span> <span class='ocrx_word' id='word_1_392' title='bbox 2898 904 3183 969; x_wconf 83' lang='lat' dir='ltr'>divinam,</span> 
     </span>
     <span class='ocr_line' id='line_1_64' title="bbox 1827 982 3189 1058; baseline 0.002 -20"><span class='ocrx_word' id='word_1_393' title='bbox 1827 986 1883 1038; x_wconf 88' lang='lat' dir='ltr'>et</span> <span class='ocrx_word' id='word_1_394' title='bbox 1908 982 2227 1042; x_wconf 86' lang='lat' dir='ltr'>absolutam</span> <span class='ocrx_word' id='word_1_395' title='bbox 2276 987 2588 1058; x_wconf 89' lang='lat' dir='ltr'>potentiam</span> <span class='ocrx_word' id='word_1_396' title='bbox 2619 990 2846 1058; x_wconf 87' lang='lat' dir='ltr'>possent</span> <span class='ocrx_word' id='word_1_397' title='bbox 2886 986 2948 1041; x_wconf 93' lang='lat' dir='ltr'>in</span> <span class='ocrx_word' id='word_1_398' title='bbox 2994 985 3189 1056; x_wconf 89' lang='lat' dir='ltr'>aliquo</span> 
     </span>
     <span class='ocr_line' id='line_1_65' title="bbox 1827 1062 3186 1139; baseline 0.001 -21"><span class='ocrx_word' id='word_1_399' title='bbox 1827 1062 2066 1120; x_wconf 90' lang='lat' dir='ltr'>instanti</span> <span class='ocrx_word' id='word_1_400' title='bbox 2096 1067 2404 1139; x_wconf 80' lang='lat' dir='ltr'>conjungi3</span> <span class='ocrx_word' id='word_1_401' title='bbox 2448 1065 2730 1139; x_wconf 89' lang='lat' dir='ltr'>siquidem</span> <span class='ocrx_word' id='word_1_402' title='bbox 2780 1081 3005 1138; x_wconf 88' lang='lat' dir='ltr'>semper</span> <span class='ocrx_word' id='word_1_403' title='bbox 3046 1065 3186 1121; x_wconf 90' lang='lat' dir='ltr'>reti-</span> 
     </span>
     <span class='ocr_line' id='line_1_66' title="bbox 1829 1145 3187 1220; baseline -0.001 -19"><span class='ocrx_word' id='word_1_404' title='bbox 1829 1151 1967 1202; x_wconf 90' lang='lat' dir='ltr'>nent</span> <span class='ocrx_word' id='word_1_405' title='bbox 2011 1164 2115 1202; x_wconf 90' lang='lat' dir='ltr'>sua</span> <span class='ocrx_word' id='word_1_406' title='bbox 2161 1147 2479 1219; x_wconf 81' lang='lat' dir='ltr'>praedicata,</span> <span class='ocrx_word' id='word_1_407' title='bbox 2523 1154 2578 1204; x_wconf 92' lang='lat' dir='ltr'>et</span> <span class='ocrx_word' id='word_1_408' title='bbox 2604 1148 3019 1220; x_wconf 87' lang='lat' dir='ltr'>oppositionem</span> <span class='ocrx_word' id='word_1_409' title='bbox 3069 1145 3187 1201; x_wconf 90' lang='lat' dir='ltr'>illis</span> 
     </span>
     <span class='ocr_line' id='line_1_67' title="bbox 1828 1225 3188 1300; baseline -0.001 -19"><span class='ocrx_word' id='word_1_410' title='bbox 1828 1225 2214 1284; x_wconf 87' lang='lat' dir='ltr'>innitentem:</span> <span class='ocrx_word' id='word_1_411' title='bbox 2280 1243 2646 1300; x_wconf 87' lang='lat' dir='ltr'>consequens,</span> <span class='ocrx_word' id='word_1_412' title='bbox 2703 1227 2889 1300; x_wconf 89' lang='lat' dir='ltr'>inquit</span> <span class='ocrx_word' id='word_1_413' title='bbox 2940 1228 3060 1292; x_wconf 90' lang='lat' dir='ltr'>ille,</span> <span class='ocrx_word' id='word_1_414' title='bbox 3104 1232 3188 1283; x_wconf 89' lang='lat' dir='ltr'>est</span> 
     </span>
     <span class='ocr_line' id='line_1_68' title="bbox 1826 1308 3184 1381; baseline 0 -19"><span class='ocrx_word' id='word_1_415' title='bbox 1826 1312 2024 1363; x_wconf 90' lang='lat' dir='ltr'>contra</span> <span class='ocrx_word' id='word_1_416' title='bbox 2038 1324 2401 1365; x_wconf 90' lang='lat' dir='ltr'>communem</span> <span class='ocrx_word' id='word_1_417' title='bbox 2418 1324 2755 1366; x_wconf 89' lang='lat' dir='ltr'>consensum</span> <span class='ocrx_word' id='word_1_418' title='bbox 2767 1308 3184 1381; x_wconf 87' lang='lat' dir='ltr'>Theologorum</span> 
     </span>
     <span class='ocr_line' id='line_1_69' title="bbox 1826 1387 3185 1463; baseline 0 -21"><span class='ocrx_word' id='word_1_419' title='bbox 1826 1388 2149 1459; x_wconf 84' lang='lat' dir='ltr'>oppositum</span> <span class='ocrx_word' id='word_1_420' title='bbox 2192 1389 2611 1446; x_wconf 87' lang='lat' dir='ltr'>asserentium:</span> <span class='ocrx_word' id='word_1_421' title='bbox 2665 1405 2801 1463; x_wconf 89' lang='lat' dir='ltr'>ergo</span> <span class='ocrx_word' id='word_1_422' title='bbox 2853 1387 3185 1461; x_wconf 74' lang='lat' dir='ltr'>praedictum</span> 
     </span>
     <span class='ocr_line' id='line_1_70' title="bbox 1827 1469 2718 1541; baseline 0.004 -19"><span class='ocrx_word' id='word_1_423' title='bbox 1827 1474 2233 1541; x_wconf 89' lang='lat' dir='ltr'>argumentum</span> <span class='ocrx_word' id='word_1_424' title='bbox 2259 1469 2454 1526; x_wconf 84' lang='lat' dir='ltr'>efficax</span> <span class='ocrx_word' id='word_1_425' title='bbox 2478 1485 2594 1526; x_wconf 89' lang='lat' dir='ltr'>non</span> <span class='ocrx_word' id='word_1_426' title='bbox 2615 1476 2718 1527; x_wconf 87' lang='lat' dir='ltr'>est.</span> 
     </span>
     <span class='ocr_line' id='line_1_71' title="bbox 1902 1549 3388 1625; baseline -0.001 -22"><span class='ocrx_word' id='word_1_427' title='bbox 1902 1551 2016 1614; x_wconf 72' lang='lat' dir='ltr'>13ae,</span> <span class='ocrx_word' id='word_1_428' title='bbox 2049 1549 2303 1622; x_wconf 89' lang='lat' dir='ltr'>inquam,</span> <span class='ocrx_word' id='word_1_429' title='bbox 2349 1552 2691 1625; x_wconf 87' lang='lat' dir='ltr'>objectiones</span> <span class='ocrx_word' id='word_1_430' title='bbox 2718 1566 2926 1623; x_wconf 89' lang='lat' dir='ltr'>parum</span> <span class='ocrx_word' id='word_1_431' title='bbox 2957 1556 3180 1623; x_wconf 87' lang='lat' dir='ltr'>urgent.</span> <span class='ocrx_word' id='word_1_432' title='bbox 3200 1561 3388 1617; x_wconf 53' lang='lat' dir='ltr'>occurri-</span> 
     </span>
    </p>

    <p class='ocr_par' dir='ltr' id='par_1_5' title="bbox 1816 1614 3376 4366">
     <span class='ocr_line' id='line_1_72' title="bbox 1826 1614 3376 1704; baseline 0.003 -22"><span class='ocrx_word' id='word_1_433' title='bbox 1826 1627 1910 1683; x_wconf 84' lang='lat' dir='ltr'>Ad</span> <span class='ocrx_word' id='word_1_434' title='bbox 1934 1628 2183 1701; x_wconf 88' lang='lat' dir='ltr'>primam</span> <span class='ocrx_word' id='word_1_435' title='bbox 2204 1633 2384 1698; x_wconf 90' lang='lat' dir='ltr'>enim,</span> <span class='ocrx_word' id='word_1_436' title='bbox 2417 1631 2733 1688; x_wconf 87' lang='lat' dir='ltr'>omittendo</span> <span class='ocrx_word' id='word_1_437' title='bbox 2758 1632 3058 1704; x_wconf 73' lang='lat' dir='ltr'>maiorem,</span> <span class='ocrx_word' id='word_1_438' title='bbox 3092 1646 3187 1687; x_wconf 90' lang='lat' dir='ltr'>ne-</span> <span class='ocrx_word' id='word_1_439' title='bbox 3214 1614 3376 1701; x_wconf 48' lang='grc' dir='ltr'>ἰ’,ᾎξᾛ</span> 
     </span>
     <span class='ocr_line' id='line_1_73' title="bbox 1823 1712 3185 1784; baseline 0.003 -18"><span class='ocrx_word' id='word_1_440' title='bbox 1823 1725 2025 1784; x_wconf 90' lang='lat' dir='ltr'>gamus</span> <span class='ocrx_word' id='word_1_441' title='bbox 2053 1712 2374 1780; x_wconf 90' lang='lat' dir='ltr'>minorem;</span> <span class='ocrx_word' id='word_1_442' title='bbox 2425 1730 2558 1770; x_wconf 89' lang='lat' dir='ltr'>nam</span> <span class='ocrx_word' id='word_1_443' title='bbox 2607 1718 2761 1770; x_wconf 89' lang='lat' dir='ltr'>actus</span> <span class='ocrx_word' id='word_1_444' title='bbox 2798 1714 3185 1779; x_wconf 89' lang='lat' dir='ltr'>contritionis,</span> 
     </span>
     <span class='ocr_line' id='line_1_74' title="bbox 1827 1793 3186 1871; baseline 0.003 -23"><span class='ocrx_word' id='word_1_445' title='bbox 1827 1794 1917 1848; x_wconf 91' lang='lat' dir='ltr'>vel</span> <span class='ocrx_word' id='word_1_446' title='bbox 1945 1793 2243 1851; x_wconf 87' lang='lat' dir='ltr'>charitatis</span> <span class='ocrx_word' id='word_1_447' title='bbox 2269 1801 2354 1852; x_wconf 90' lang='lat' dir='ltr'>est</span> <span class='ocrx_word' id='word_1_448' title='bbox 2394 1797 2599 1853; x_wconf 90' lang='lat' dir='ltr'>ultima</span> <span class='ocrx_word' id='word_1_449' title='bbox 2626 1796 2929 1869; x_wconf 89' lang='lat' dir='ltr'>dispositio</span> <span class='ocrx_word' id='word_1_450' title='bbox 2957 1794 3027 1852; x_wconf 91' lang='lat' dir='ltr'>ad</span> <span class='ocrx_word' id='word_1_451' title='bbox 3053 1812 3186 1871; x_wconf 85' lang='lat' dir='ltr'>gra-</span> 
     </span>
     <span class='ocr_line' id='line_1_75' title="bbox 1827 1875 3191 1950; baseline 0.004 -21"><span class='ocrx_word' id='word_1_452' title='bbox 1827 1875 1988 1940; x_wconf 88' lang='lat' dir='ltr'>tiam,</span> <span class='ocrx_word' id='word_1_453' title='bbox 2014 1893 2140 1932; x_wconf 91' lang='lat' dir='ltr'>cum</span> <span class='ocrx_word' id='word_1_454' title='bbox 2167 1878 2269 1933; x_wconf 90' lang='lat' dir='ltr'>illa</span> <span class='ocrx_word' id='word_1_455' title='bbox 2291 1877 2684 1934; x_wconf 81' lang='lat' dir='ltr'>infallibiliter</span> <span class='ocrx_word' id='word_1_456' title='bbox 2708 1892 3000 1945; x_wconf 75' lang='lat' dir='ltr'>connexa:</span> <span class='ocrx_word' id='word_1_457' title='bbox 3024 1885 3191 1950; x_wconf 88' lang='lat' dir='ltr'>atque</span> 
     </span>
     <span class='ocr_line' id='line_1_76' title="bbox 1827 1953 3190 2030; baseline 0.001 -19"><span class='ocrx_word' id='word_1_458' title='bbox 1827 1953 1955 2012; x_wconf 90' lang='lat' dir='ltr'>ideo</span> <span class='ocrx_word' id='word_1_459' title='bbox 1978 1957 2039 2012; x_wconf 93' lang='lat' dir='ltr'>in</span> <span class='ocrx_word' id='word_1_460' title='bbox 2061 1956 2260 2014; x_wconf 91' lang='lat' dir='ltr'>eodem</span> <span class='ocrx_word' id='word_1_461' title='bbox 2277 1957 2535 2023; x_wconf 89' lang='lat' dir='ltr'>instanti,</span> <span class='ocrx_word' id='word_1_462' title='bbox 2555 1958 2616 2014; x_wconf 90' lang='lat' dir='ltr'>in</span> <span class='ocrx_word' id='word_1_463' title='bbox 2636 1974 2748 2030; x_wconf 91' lang='lat' dir='ltr'>quo</span> <span class='ocrx_word' id='word_1_464' title='bbox 2769 1959 2926 2015; x_wconf 86' lang='lat' dir='ltr'>adest</span> <span class='ocrx_word' id='word_1_465' title='bbox 2944 1959 3049 2015; x_wconf 88' lang='lat' dir='ltr'>illa</span> <span class='ocrx_word' id='word_1_466' title='bbox 3069 1957 3190 2014; x_wconf 92' lang='lat' dir='ltr'>dis-</span> 
     </span>
     <span class='ocr_line' id='line_1_77' title="bbox 1828 2035 3195 2110; baseline 0 -19"><span class='ocrx_word' id='word_1_467' title='bbox 1828 2035 2054 2107; x_wconf 89' lang='lat' dir='ltr'>positio,</span> <span class='ocrx_word' id='word_1_468' title='bbox 2113 2035 2273 2093; x_wconf 87' lang='lat' dir='ltr'>adest</span> <span class='ocrx_word' id='word_1_469' title='bbox 2316 2038 2491 2093; x_wconf 86' lang='lat' dir='ltr'>etiam</span> <span class='ocrx_word' id='word_1_470' title='bbox 2531 2039 2716 2110; x_wconf 88' lang='lat' dir='ltr'>gratia</span> <span class='ocrx_word' id='word_1_471' title='bbox 2756 2036 3094 2110; x_wconf 76' lang='lat' dir='ltr'>justificanS,</span> <span class='ocrx_word' id='word_1_472' title='bbox 3138 2042 3195 2093; x_wconf 90' lang='lat' dir='ltr'>et</span> 
     </span>
     <span class='ocr_line' id='line_1_78' title="bbox 1823 2116 3193 2189; baseline 0 -18"><span class='ocrx_word' id='word_1_473' title='bbox 1823 2117 2140 2188; x_wconf 86' lang='lat' dir='ltr'>expellitur</span> <span class='ocrx_word' id='word_1_474' title='bbox 2182 2122 2490 2189; x_wconf 89' lang='lat' dir='ltr'>peccatum.</span> <span class='ocrx_word' id='word_1_475' title='bbox 2536 2120 2606 2173; x_wconf 89' lang='lat' dir='ltr'>Et</span> <span class='ocrx_word' id='word_1_476' title='bbox 2646 2116 2762 2173; x_wconf 80' lang='lat' dir='ltr'>haec</span> <span class='ocrx_word' id='word_1_477' title='bbox 2810 2122 2895 2173; x_wconf 86' lang='lat' dir='ltr'>est</span> <span class='ocrx_word' id='word_1_478' title='bbox 2931 2132 3193 2174; x_wconf 90' lang='lat' dir='ltr'>commu-</span> 
     </span>
     <span class='ocr_line' id='line_1_79' title="bbox 1826 2198 3195 2264; baseline 0.001 -11"><span class='ocrx_word' id='word_1_479' title='bbox 1826 2199 1949 2264; x_wconf 90' lang='lat' dir='ltr'>nis,</span> <span class='ocrx_word' id='word_1_480' title='bbox 1990 2204 2049 2256; x_wconf 90' lang='lat' dir='ltr'>et</span> <span class='ocrx_word' id='word_1_481' title='bbox 2092 2199 2416 2256; x_wconf 84' lang='lat' dir='ltr'>indubitata</span> <span class='ocrx_word' id='word_1_482' title='bbox 2450 2198 2710 2256; x_wconf 89' lang='lat' dir='ltr'>doctrina</span> <span class='ocrx_word' id='word_1_483' title='bbox 2752 2200 2903 2256; x_wconf 87' lang='lat' dir='ltr'>inter</span> <span class='ocrx_word' id='word_1_484' title='bbox 2945 2198 3195 2255; x_wconf 90' lang='lat' dir='ltr'>Theolo-</span> 
     </span>
     <span class='ocr_line' id='line_1_80' title="bbox 1822 2278 3196 2353; baseline 0 -18"><span class='ocrx_word' id='word_1_485' title='bbox 1822 2294 1942 2352; x_wconf 85' lang='lat' dir='ltr'>gos.</span> <span class='ocrx_word' id='word_1_486' title='bbox 1975 2278 2139 2336; x_wconf 88' lang='lat' dir='ltr'>Unde</span> <span class='ocrx_word' id='word_1_487' title='bbox 2179 2280 2397 2335; x_wconf 90' lang='lat' dir='ltr'>mirum</span> <span class='ocrx_word' id='word_1_488' title='bbox 2430 2285 2534 2345; x_wconf 91' lang='lat' dir='ltr'>est,</span> <span class='ocrx_word' id='word_1_489' title='bbox 2582 2296 2693 2353; x_wconf 89' lang='lat' dir='ltr'>qua</span> <span class='ocrx_word' id='word_1_490' title='bbox 2740 2280 2981 2344; x_wconf 88' lang='lat' dir='ltr'>ratione,</span> <span class='ocrx_word' id='word_1_491' title='bbox 3007 2283 3063 2335; x_wconf 95' lang='lat' dir='ltr'>et</span> <span class='ocrx_word' id='word_1_492' title='bbox 3090 2293 3196 2335; x_wconf 81' lang='lat' dir='ltr'>ve-</span> 
     </span>
     <span class='ocr_line' id='line_1_81' title="bbox 1827 2359 3196 2432; baseline 0 -19"><span class='ocrx_word' id='word_1_493' title='bbox 1827 2359 1995 2414; x_wconf 89' lang='lat' dir='ltr'>ritate</span> <span class='ocrx_word' id='word_1_494' title='bbox 2039 2359 2251 2415; x_wconf 87' lang='lat' dir='ltr'>dixerit</span> <span class='ocrx_word' id='word_1_495' title='bbox 2306 2361 2481 2414; x_wconf 90' lang='lat' dir='ltr'>Lorca</span> <span class='ocrx_word' id='word_1_496' title='bbox 2531 2359 2853 2431; x_wconf 91' lang='lat' dir='ltr'>oppositum</span> <span class='ocrx_word' id='word_1_497' title='bbox 2901 2359 3024 2432; x_wconf 80' lang='lat' dir='ltr'>ejus</span> <span class='ocrx_word' id='word_1_498' title='bbox 3073 2373 3196 2414; x_wconf 88' lang='lat' dir='ltr'>esse</span> 
     </span>
     <span class='ocr_line' id='line_1_82' title="bbox 1826 2436 3197 2512; baseline 0.001 -20"><span class='ocrx_word' id='word_1_499' title='bbox 1826 2436 2354 2495; x_wconf 87' lang='lat' dir='ltr'>indubitatum.Nec</span> <span class='ocrx_word' id='word_1_500' title='bbox 2374 2439 2483 2511; x_wconf 92' lang='lat' dir='ltr'>ipsi</span> <span class='ocrx_word' id='word_1_501' title='bbox 2508 2438 2854 2512; x_wconf 76' lang='lat' dir='ltr'>suffragatur</span> <span class='ocrx_word' id='word_1_502' title='bbox 2884 2439 3003 2494; x_wconf 91' lang='lat' dir='ltr'>ullo</span> <span class='ocrx_word' id='word_1_503' title='bbox 3037 2442 3197 2509; x_wconf 86' lang='lat' dir='ltr'>pacto</span> 
     </span>
     <span class='ocr_line' id='line_1_83' title="bbox 1825 2517 3194 2590; baseline -0.001 -18"><span class='ocrx_word' id='word_1_504' title='bbox 1825 2518 2148 2575; x_wconf 90' lang='lat' dir='ltr'>Concilium</span> <span class='ocrx_word' id='word_1_505' title='bbox 2175 2518 2588 2574; x_wconf 87' lang='lat' dir='ltr'>Tridentinnm</span> <span class='ocrx_word' id='word_1_506' title='bbox 2617 2540 2630 2574; x_wconf 92' lang='lat'>:</span> <span class='ocrx_word' id='word_1_507' title='bbox 2663 2534 2799 2574; x_wconf 86' lang='lat' dir='ltr'>nam</span> <span class='ocrx_word' id='word_1_508' title='bbox 2839 2533 2910 2574; x_wconf 89' lang='lat' dir='ltr'>ex</span> <span class='ocrx_word' id='word_1_509' title='bbox 2932 2532 3018 2584; x_wconf 86' lang='lat' dir='ltr'>ee,</span> <span class='ocrx_word' id='word_1_510' title='bbox 3046 2517 3194 2590; x_wconf 87' lang='lat' dir='ltr'>quod</span> 
     </span>
     <span class='ocr_line' id='line_1_84' title="bbox 1823 2595 3193 2672; baseline -0.003 -18"><span class='ocrx_word' id='word_1_511' title='bbox 1823 2599 2095 2656; x_wconf 89' lang='lat' dir='ltr'>contritio</span> <span class='ocrx_word' id='word_1_512' title='bbox 2137 2615 2254 2655; x_wconf 91' lang='lat' dir='ltr'>non</span> <span class='ocrx_word' id='word_1_513' title='bbox 2298 2598 2571 2672; x_wconf 80' lang='lat' dir='ltr'>justificet</span> <span class='ocrx_word' id='word_1_514' title='bbox 2601 2598 2941 2663; x_wconf 84' lang='lat' dir='ltr'>formaliter,</span> <span class='ocrx_word' id='word_1_515' title='bbox 2972 2595 3072 2653; x_wconf 91' lang='lat' dir='ltr'>sed</span> <span class='ocrx_word' id='word_1_516' title='bbox 3117 2597 3193 2651; x_wconf 88' lang='lat' dir='ltr'>sit</span> 
     </span>
     <span class='ocr_line' id='line_1_85' title="bbox 1822 2675 3192 2752; baseline -0.001 -19"><span class='ocrx_word' id='word_1_517' title='bbox 1822 2677 2120 2751; x_wconf 89' lang='lat' dir='ltr'>dispositio</span> <span class='ocrx_word' id='word_1_518' title='bbox 2178 2677 2249 2735; x_wconf 90' lang='lat' dir='ltr'>ad</span> <span class='ocrx_word' id='word_1_519' title='bbox 2287 2679 2533 2735; x_wconf 79' lang='lat' dir='ltr'>formam</span> <span class='ocrx_word' id='word_1_520' title='bbox 2583 2675 3020 2752; x_wconf 84' lang='lat' dir='ltr'>justificantem,</span> <span class='ocrx_word' id='word_1_521' title='bbox 3072 2677 3192 2732; x_wconf 92' lang='lat' dir='ltr'>mi-</span> 
     </span>
     <span class='ocr_line' id='line_1_86' title="bbox 1823 2756 3195 2831; baseline -0.001 -17"><span class='ocrx_word' id='word_1_522' title='bbox 1823 2756 1984 2815; x_wconf 90' lang='lat' dir='ltr'>nime</span> <span class='ocrx_word' id='word_1_523' title='bbox 2031 2758 2300 2828; x_wconf 81' lang='lat' dir='ltr'>infertur,</span> <span class='ocrx_word' id='word_1_524' title='bbox 2327 2757 2476 2831; x_wconf 89' lang='lat' dir='ltr'>quod</span> <span class='ocrx_word' id='word_1_525' title='bbox 2503 2758 2774 2815; x_wconf 90' lang='lat' dir='ltr'>contritio</span> <span class='ocrx_word' id='word_1_526' title='bbox 2795 2758 2869 2812; x_wconf 86' lang='lat' dir='ltr'>sit</span> <span class='ocrx_word' id='word_1_527' title='bbox 2898 2756 2961 2812; x_wconf 92' lang='lat' dir='ltr'>in</span> <span class='ocrx_word' id='word_1_528' title='bbox 3001 2756 3195 2828; x_wconf 90' lang='lat' dir='ltr'>aliquo</span> 
     </span>
     <span class='ocr_line' id='line_1_87' title="bbox 1822 2838 3195 2913; baseline -0.001 -18"><span class='ocrx_word' id='word_1_529' title='bbox 1822 2838 2065 2896; x_wconf 88' lang='lat' dir='ltr'>instanti</span> <span class='ocrx_word' id='word_1_530' title='bbox 2120 2841 2179 2894; x_wconf 76' lang='lat' dir='ltr'>in</span> <span class='ocrx_word' id='word_1_531' title='bbox 2232 2857 2334 2913; x_wconf 84' lang='lat' dir='ltr'>quo</span> <span class='ocrx_word' id='word_1_532' title='bbox 2372 2839 2668 2913; x_wconf 88' lang='lat' dir='ltr'>temporis,</span> <span class='ocrx_word' id='word_1_533' title='bbox 2720 2839 3081 2903; x_wconf 78' lang='lat' dir='ltr'>velnaturae,</span> <span class='ocrx_word' id='word_1_534' title='bbox 3130 2838 3195 2893; x_wconf 89' lang='lat' dir='ltr'>in</span> 
     </span>
     <span class='ocr_line' id='line_1_88' title="bbox 1819 2918 3194 2995; baseline -0.001 -19"><span class='ocrx_word' id='word_1_535' title='bbox 1819 2936 1932 2993; x_wconf 90' lang='lat' dir='ltr'>quo</span> <span class='ocrx_word' id='word_1_536' title='bbox 1975 2921 2050 2976; x_wconf 88' lang='lat' dir='ltr'>sit</span> <span class='ocrx_word' id='word_1_537' title='bbox 2121 2925 2427 2993; x_wconf 88' lang='lat' dir='ltr'>peccatum,</span> <span class='ocrx_word' id='word_1_538' title='bbox 2459 2926 2515 2978; x_wconf 92' lang='lat' dir='ltr'>et</span> <span class='ocrx_word' id='word_1_539' title='bbox 2565 2921 2627 2975; x_wconf 91' lang='lat' dir='ltr'>in</span> <span class='ocrx_word' id='word_1_540' title='bbox 2666 2935 2779 2993; x_wconf 90' lang='lat' dir='ltr'>quo</span> <span class='ocrx_word' id='word_1_541' title='bbox 2809 2933 2925 2995; x_wconf 91' lang='lat' dir='ltr'>non</span> <span class='ocrx_word' id='word_1_542' title='bbox 2951 2918 3027 2975; x_wconf 91' lang='lat' dir='ltr'>sit</span> <span class='ocrx_word' id='word_1_543' title='bbox 3071 2918 3194 2975; x_wconf 81' lang='lat' dir='ltr'>for-</span> 
     </span>
     <span class='ocr_line' id='line_1_89' title="bbox 1821 3001 3195 3076; baseline 0 -20"><span class='ocrx_word' id='word_1_544' title='bbox 1821 3018 1919 3057; x_wconf 90' lang='lat' dir='ltr'>ma</span> <span class='ocrx_word' id='word_1_545' title='bbox 1967 3002 2285 3076; x_wconf 76' lang='lat' dir='ltr'>iustificans</span> <span class='ocrx_word' id='word_1_546' title='bbox 2303 3028 2318 3071; x_wconf 89' lang='lat'>;</span> <span class='ocrx_word' id='word_1_547' title='bbox 2348 3001 2445 3058; x_wconf 91' lang='lat' dir='ltr'>sed</span> <span class='ocrx_word' id='word_1_548' title='bbox 2474 3006 2698 3059; x_wconf 90' lang='lat' dir='ltr'>tantum</span> <span class='ocrx_word' id='word_1_549' title='bbox 2743 3002 3021 3073; x_wconf 88' lang='lat' dir='ltr'>sequitur,</span> <span class='ocrx_word' id='word_1_550' title='bbox 3047 3001 3195 3074; x_wconf 91' lang='lat' dir='ltr'>quod</span> 
     </span>
     <span class='ocr_line' id='line_1_90' title="bbox 1820 3080 3194 3155; baseline 0.001 -18"><span class='ocrx_word' id='word_1_551' title='bbox 1820 3082 2093 3141; x_wconf 88' lang='lat' dir='ltr'>contritio</span> <span class='ocrx_word' id='word_1_552' title='bbox 2142 3081 2418 3155; x_wconf 59' lang='lat' dir='ltr'>praecedat</span> <span class='ocrx_word' id='word_1_553' title='bbox 2463 3082 2731 3155; x_wconf 87' lang='lat' dir='ltr'>gratiam,</span> <span class='ocrx_word' id='word_1_554' title='bbox 2762 3085 2819 3137; x_wconf 91' lang='lat' dir='ltr'>et</span> <span class='ocrx_word' id='word_1_555' title='bbox 2854 3080 3194 3138; x_wconf 89' lang='lat' dir='ltr'>destructio·</span> 
     </span>
     <span class='ocr_line' id='line_1_91' title="bbox 1822 3161 3195 3235; baseline 0.001 -18"><span class='ocrx_word' id='word_1_556' title='bbox 1822 3177 1955 3219; x_wconf 90' lang='lat' dir='ltr'>nem</span> <span class='ocrx_word' id='word_1_557' title='bbox 2003 3164 2211 3235; x_wconf 87' lang='lat' dir='ltr'>peccati</span> <span class='ocrx_word' id='word_1_558' title='bbox 2266 3162 2566 3235; x_wconf 87' lang='lat' dir='ltr'>prioritate</span> <span class='ocrx_word' id='word_1_559' title='bbox 2620 3180 2657 3216; x_wconf 87' lang='lat' dir='ltr'>a</span> <span class='ocrx_word' id='word_1_560' title='bbox 2696 3178 2818 3234; x_wconf 82' lang='lat' dir='ltr'>quo,</span> <span class='ocrx_word' id='word_1_561' title='bbox 2871 3161 2933 3217; x_wconf 91' lang='lat' dir='ltr'>in</span> <span class='ocrx_word' id='word_1_562' title='bbox 2984 3177 3195 3235; x_wconf 89' lang='lat' dir='ltr'>genere</span> 
     </span>
     <span class='ocr_line' id='line_1_92' title="bbox 1819 3244 3192 3316; baseline -0.002 -15"><span class='ocrx_word' id='word_1_563' title='bbox 1819 3260 1999 3301; x_wconf 85' lang='lat' dir='ltr'>causae</span> <span class='ocrx_word' id='word_1_564' title='bbox 2046 3245 2368 3302; x_wconf 89' lang='lat' dir='ltr'>materialis</span> <span class='ocrx_word' id='word_1_565' title='bbox 2416 3244 2765 3316; x_wconf 82' lang='lat' dir='ltr'>dispositivae</span> <span class='ocrx_word' id='word_1_566' title='bbox 2792 3264 2805 3298; x_wconf 93' lang='lat'>:</span> <span class='ocrx_word' id='word_1_567' title='bbox 2834 3244 2976 3310; x_wconf 81' lang='lat' dir='ltr'>sive,</span> <span class='ocrx_word' id='word_1_568' title='bbox 3031 3248 3090 3300; x_wconf 93' lang='lat' dir='ltr'>et</span> <span class='ocrx_word' id='word_1_569' title='bbox 3129 3244 3192 3299; x_wconf 91' lang='lat' dir='ltr'>in</span> 
     </span>
     <span class='ocr_line' id='line_1_93' title="bbox 1821 3324 3192 3399; baseline -0.001 -17"><span class='ocrx_word' id='word_1_570' title='bbox 1821 3327 1977 3383; x_wconf 88' lang='lat' dir='ltr'>idem</span> <span class='ocrx_word' id='word_1_571' title='bbox 2044 3326 2211 3394; x_wconf 90' lang='lat' dir='ltr'>redit,</span> <span class='ocrx_word' id='word_1_572' title='bbox 2267 3324 2418 3399; x_wconf 92' lang='lat' dir='ltr'>quod</span> <span class='ocrx_word' id='word_1_573' title='bbox 2480 3326 2543 3381; x_wconf 91' lang='lat' dir='ltr'>in</span> <span class='ocrx_word' id='word_1_574' title='bbox 2605 3324 2872 3397; x_wconf 84' lang='lat' dir='ltr'>praedicto</span> <span class='ocrx_word' id='word_1_575' title='bbox 2922 3325 3192 3382; x_wconf 84' lang='lat' dir='ltr'>causandi</span> 
     </span>
     <span class='ocr_line' id='line_1_94' title="bbox 1818 3404 3196 3482; baseline -0.002 -19"><span class='ocrx_word' id='word_1_576' title='bbox 1818 3422 2031 3482; x_wconf 87' lang='lat' dir='ltr'>genere</span> <span class='ocrx_word' id='word_1_577' title='bbox 2078 3406 2349 3463; x_wconf 89' lang='lat' dir='ltr'>contritio</span> <span class='ocrx_word' id='word_1_578' title='bbox 2401 3406 2477 3461; x_wconf 91' lang='lat' dir='ltr'>sit</span> <span class='ocrx_word' id='word_1_579' title='bbox 2520 3419 2727 3470; x_wconf 81' lang='lat' dir='ltr'>causa:</span> <span class='ocrx_word' id='word_1_580' title='bbox 2780 3410 2836 3461; x_wconf 90' lang='lat' dir='ltr'>et</span> <span class='ocrx_word' id='word_1_581' title='bbox 2887 3404 3196 3461; x_wconf 88' lang='lat' dir='ltr'>destructio</span> 
     </span>
     <span class='ocr_line' id='line_1_95' title="bbox 1821 3483 3191 3560; baseline -0.003 -18"><span class='ocrx_word' id='word_1_582' title='bbox 1821 3487 2048 3560; x_wconf 87' lang='lat' dir='ltr'>peccati,</span> <span class='ocrx_word' id='word_1_583' title='bbox 2097 3491 2154 3542; x_wconf 90' lang='lat' dir='ltr'>et</span> <span class='ocrx_word' id='word_1_584' title='bbox 2202 3485 2388 3559; x_wconf 84' lang='lat' dir='ltr'>gratia</span> <span class='ocrx_word' id='word_1_585' title='bbox 2436 3485 2552 3539; x_wconf 87' lang='lat' dir='ltr'>sint</span> <span class='ocrx_word' id='word_1_586' title='bbox 2598 3484 2720 3556; x_wconf 88' lang='lat' dir='ltr'>ejus</span> <span class='ocrx_word' id='word_1_587' title='bbox 2760 3484 3006 3540; x_wconf 80' lang='lat' dir='ltr'>effectuS.</span> <span class='ocrx_word' id='word_1_588' title='bbox 3040 3483 3191 3538; x_wconf 89' lang='lat' dir='ltr'>Hinc</span> 
     </span>
     <span class='ocr_line' id='line_1_96' title="bbox 1819 3563 3189 3638; baseline -0.003 -15"><span class='ocrx_word' id='word_1_589' title='bbox 1819 3581 1959 3623; x_wconf 85' lang='lat' dir='ltr'>vero</span> <span class='ocrx_word' id='word_1_590' title='bbox 2020 3565 2205 3638; x_wconf 88' lang='lat' dir='ltr'>potius</span> <span class='ocrx_word' id='word_1_591' title='bbox 2254 3563 2545 3636; x_wconf 88' lang='lat' dir='ltr'>colligitur</span> <span class='ocrx_word' id='word_1_592' title='bbox 2598 3563 2924 3635; x_wconf 90' lang='lat' dir='ltr'>oppositum</span> <span class='ocrx_word' id='word_1_593' title='bbox 2968 3585 2983 3628; x_wconf 89' lang='lat'>;</span> <span class='ocrx_word' id='word_1_594' title='bbox 3050 3577 3189 3619; x_wconf 88' lang='lat' dir='ltr'>nam</span> 
     </span>
     <span class='ocr_line' id='line_1_97' title="bbox 1817 3641 3188 3716; baseline -0.005 -12"><span class='ocrx_word' id='word_1_595' title='bbox 1817 3662 1986 3704; x_wconf 88' lang='lat' dir='ltr'>causa</span> <span class='ocrx_word' id='word_1_596' title='bbox 2014 3651 2136 3702; x_wconf 88' lang='lat' dir='ltr'>actu</span> <span class='ocrx_word' id='word_1_597' title='bbox 2159 3659 2400 3700; x_wconf 90' lang='lat' dir='ltr'>causans</span> <span class='ocrx_word' id='word_1_598' title='bbox 2427 3643 2626 3714; x_wconf 92' lang='lat' dir='ltr'>nequit</span> <span class='ocrx_word' id='word_1_599' title='bbox 2647 3658 2788 3708; x_wconf 90' lang='lat' dir='ltr'>esse,</span> <span class='ocrx_word' id='word_1_600' title='bbox 2821 3647 2919 3698; x_wconf 89' lang='lat' dir='ltr'>aut</span> <span class='ocrx_word' id='word_1_601' title='bbox 2938 3641 3188 3716; x_wconf 89' lang='lat' dir='ltr'>intelligi</span> 
     </span>
     <span class='ocr_line' id='line_1_98' title="bbox 1819 3724 3187 3803; baseline -0.004 -17"><span class='ocrx_word' id='word_1_602' title='bbox 1819 3729 2030 3803; x_wconf 88' lang='lat' dir='ltr'>absque</span> <span class='ocrx_word' id='word_1_603' title='bbox 2073 3728 2270 3785; x_wconf 81' lang='lat' dir='ltr'>effectu</span> <span class='ocrx_word' id='word_1_604' title='bbox 2320 3731 2445 3783; x_wconf 90' lang='lat' dir='ltr'>actu</span> <span class='ocrx_word' id='word_1_605' title='bbox 2497 3729 2742 3791; x_wconf 87' lang='lat' dir='ltr'>causat0,</span> <span class='ocrx_word' id='word_1_606' title='bbox 2792 3730 2849 3781; x_wconf 90' lang='lat' dir='ltr'>et</span> <span class='ocrx_word' id='word_1_607' title='bbox 2896 3724 3008 3780; x_wconf 90' lang='lat' dir='ltr'>sibi</span> <span class='ocrx_word' id='word_1_608' title='bbox 3061 3730 3187 3781; x_wconf 88' lang='lat' dir='ltr'>actu</span> 
     </span>
     <span class='ocr_line' id='line_1_99' title="bbox 1818 3803 3189 3880; baseline -0.004 -13"><span class='ocrx_word' id='word_1_609' title='bbox 1818 3809 2180 3867; x_wconf 82' lang='lat' dir='ltr'>coexistente.</span> <span class='ocrx_word' id='word_1_610' title='bbox 2226 3811 2419 3880; x_wconf 85' lang='lat' dir='ltr'>Neque</span> <span class='ocrx_word' id='word_1_611' title='bbox 2458 3806 2916 3863; x_wconf 86' lang='lat' dir='ltr'>additamentum</span> <span class='ocrx_word' id='word_1_612' title='bbox 2944 3803 3189 3861; x_wconf 84' lang='lat' dir='ltr'>difficul-</span> 
     </span>
     <span class='ocr_line' id='line_1_100' title="bbox 1819 3885 3190 3964; baseline -0.004 -18"><span class='ocrx_word' id='word_1_613' title='bbox 1819 3891 1951 3947; x_wconf 86' lang='lat' dir='ltr'>tatis</span> <span class='ocrx_word' id='word_1_614' title='bbox 2007 3895 2189 3964; x_wconf 91' lang='lat' dir='ltr'>urget,</span> <span class='ocrx_word' id='word_1_615' title='bbox 2238 3888 2336 3945; x_wconf 88' lang='lat' dir='ltr'>sed</span> <span class='ocrx_word' id='word_1_616' title='bbox 2391 3888 2560 3944; x_wconf 81' lang='lat' dir='ltr'>facile</span> <span class='ocrx_word' id='word_1_617' title='bbox 2612 3885 2858 3941; x_wconf 91' lang='lat' dir='ltr'>diluitur</span> <span class='ocrx_word' id='word_1_618' title='bbox 2903 3901 2972 3942; x_wconf 89' lang='lat' dir='ltr'>ex</span> <span class='ocrx_word' id='word_1_619' title='bbox 3024 3885 3190 3941; x_wconf 90' lang='lat' dir='ltr'>dictis</span> 
     </span>
     <span class='ocr_line' id='line_1_101' title="bbox 1818 3967 3189 4045; baseline -0.004 -17"><span class='ocrx_word' id='word_1_620' title='bbox 1818 3979 1978 4029; x_wconf 77' lang='lat' dir='ltr'>tract.</span> <span class='ocrx_word' id='word_1_621' title='bbox 2001 3972 2333 4045; x_wconf 74' lang='lat' dir='ltr'>praeccdenli,</span> <span class='ocrx_word' id='word_1_622' title='bbox 2358 3971 2560 4042; x_wconf 79' lang='lat' dir='ltr'>disput.</span> <span class='ocrx_word' id='word_1_623' title='bbox 2585 3970 2640 4034; x_wconf 89' lang='lat'>6,</span> <span class='ocrx_word' id='word_1_624' title='bbox 2670 3967 2799 4023; x_wconf 78' lang='lat' dir='ltr'>dub.</span> <span class='ocrx_word' id='word_1_625' title='bbox 2834 3969 2877 4031; x_wconf 90' lang='lat'>1,</span> <span class='ocrx_word' id='word_1_626' title='bbox 2899 3967 3189 4038; x_wconf 58' lang='lat' dir='ltr'>§asama</span> 
     </span>
     <span class='ocr_line' id='line_1_102' title="bbox 1816 4049 3187 4128; baseline -0.005 -18"><span class='ocrx_word' id='word_1_627' title='bbox 1816 4070 1942 4128; x_wconf 83' lang='lat' dir='ltr'>quae</span> <span class='ocrx_word' id='word_1_628' title='bbox 1989 4052 2385 4126; x_wconf 91' lang='lat' dir='ltr'>respondetur,</span> <span class='ocrx_word' id='word_1_629' title='bbox 2438 4053 2528 4107; x_wconf 78' lang='lat' dir='ltr'>vel</span> <span class='ocrx_word' id='word_1_630' title='bbox 2558 4049 2908 4123; x_wconf 89' lang='lat' dir='ltr'>principium</span> <span class='ocrx_word' id='word_1_631' title='bbox 2940 4049 3187 4121; x_wconf 90' lang='lat' dir='ltr'>requisi-</span> 
     </span>
     <span class='ocr_line' id='line_1_103' title="bbox 1817 4129 3182 4198; baseline -0.007 -6"><span class='ocrx_word' id='word_1_632' title='bbox 1817 4142 1940 4192; x_wconf 90' lang='lat' dir='ltr'>tum</span> <span class='ocrx_word' id='word_1_633' title='bbox 1987 4134 2057 4198; x_wconf 82' lang='lat' dir='ltr'>ad</span> <span class='ocrx_word' id='word_1_634' title='bbox 2100 4133 2450 4191; x_wconf 90' lang='lat' dir='ltr'>eliciendum</span> <span class='ocrx_word' id='word_1_635' title='bbox 2498 4138 2685 4188; x_wconf 91' lang='lat' dir='ltr'>actum</span> <span class='ocrx_word' id='word_1_636' title='bbox 2731 4129 3028 4187; x_wconf 87' lang='lat' dir='ltr'>charitatis</span> <span class='ocrx_word' id='word_1_637' title='bbox 3065 4143 3182 4185; x_wconf 89' lang='lat' dir='ltr'>non</span> 
     </span>
     <span class='ocr_line' id='line_1_104' title="bbox 1816 4209 3183 4284; baseline -0.007 -10"><span class='ocrx_word' id='word_1_638' title='bbox 1816 4232 1940 4274; x_wconf 86' lang='lat' dir='ltr'>esse</span> <span class='ocrx_word' id='word_1_639' title='bbox 1965 4215 2264 4272; x_wconf 87' lang='lat' dir='ltr'>charitatis</span> <span class='ocrx_word' id='word_1_640' title='bbox 2310 4213 2590 4280; x_wconf 88' lang='lat' dir='ltr'>habitum,</span> <span class='ocrx_word' id='word_1_641' title='bbox 2641 4211 2790 4284; x_wconf 90' lang='lat' dir='ltr'>quod</span> <span class='ocrx_word' id='word_1_642' title='bbox 2837 4226 2969 4267; x_wconf 90' lang='lat' dir='ltr'>cum</span> <span class='ocrx_word' id='word_1_643' title='bbox 2998 4209 3183 4283; x_wconf 87' lang='lat' dir='ltr'>gratia</span> 
     </span>
     <span class='ocr_line' id='line_1_105' title="bbox 1817 4288 3183 4366; baseline -0.007 -12"><span class='ocrx_word' id='word_1_644' title='bbox 1817 4296 2193 4362; x_wconf 88' lang='lat' dir='ltr'>connectitur,</span> <span class='ocrx_word' id='word_1_645' title='bbox 2224 4300 2281 4352; x_wconf 90' lang='lat' dir='ltr'>et</span> <span class='ocrx_word' id='word_1_646' title='bbox 2302 4298 2524 4366; x_wconf 87' lang='lat' dir='ltr'>peccato</span> <span class='ocrx_word' id='word_1_647' title='bbox 2553 4296 2830 4365; x_wconf 89' lang='lat' dir='ltr'>repugnat</span> <span class='ocrx_word' id='word_1_648' title='bbox 2855 4313 2868 4357; x_wconf 94' lang='lat'>;</span> <span class='ocrx_word' id='word_1_649' title='bbox 2892 4288 2990 4346; x_wconf 89' lang='lat' dir='ltr'>sed</span> <span class='ocrx_word' id='word_1_650' title='bbox 3012 4290 3183 4346; x_wconf 89' lang='lat' dir='ltr'>auxi-</span> 
     </span>
    </p>
   </div>
   <div class='ocr_carea' id='block_1_5' title="bbox 1792 4370 3185 4447">
    <p class='ocr_par' dir='ltr' id='par_1_6' title="bbox 1792 4370 3185 4447">
     <span class='ocr_line' id='line_1_106' title="bbox 1792 4370 3185 4447; baseline -0.006 -14"><span class='ocrx_word' id='word_1_651' title='bbox 1792 4376 1967 4433; x_wconf 83' lang='lat' dir='ltr'>&#39;lium</span> <span class='ocrx_word' id='word_1_652' title='bbox 2014 4375 2323 4440; x_wconf 77' lang='lat' dir='ltr'>transienS,</span> <span class='ocrx_word' id='word_1_653' title='bbox 2354 4373 2505 4447; x_wconf 90' lang='lat' dir='ltr'>quod</span> <span class='ocrx_word' id='word_1_654' title='bbox 2545 4390 2578 4429; x_wconf 91' lang='lat' dir='ltr'>a</span> <span class='ocrx_word' id='word_1_655' title='bbox 2604 4372 2790 4447; x_wconf 88' lang='lat' dir='ltr'>gratia</span> <span class='ocrx_word' id='word_1_656' title='bbox 2816 4370 3095 4442; x_wconf 87' lang='lat' dir='ltr'>separari,</span> <span class='ocrx_word' id='word_1_657' title='bbox 3128 4376 3185 4426; x_wconf 90' lang='lat' dir='ltr'>et</span> 
     </span>
    </p>
   </div>
   <div class='ocr_carea' id='block_1_6' title="bbox 1815 4451 3185 5094">
    <p class='ocr_par' dir='ltr' id='par_1_7' title="bbox 1815 4451 3185 5094">
     <span class='ocr_line' id='line_1_107' title="bbox 1816 4451 3181 4530; baseline -0.006 -15"><span class='ocrx_word' id='word_1_658' title='bbox 1816 4474 1947 4515; x_wconf 89' lang='lat' dir='ltr'>cum</span> <span class='ocrx_word' id='word_1_659' title='bbox 1976 4461 2198 4530; x_wconf 89' lang='lat' dir='ltr'>peccato</span> <span class='ocrx_word' id='word_1_660' title='bbox 2211 4454 2479 4530; x_wconf 84' lang='lat' dir='ltr'>conjungi</span> <span class='ocrx_word' id='word_1_661' title='bbox 2497 4457 2710 4527; x_wconf 82' lang='lat' dir='ltr'>potest:</span> <span class='ocrx_word' id='word_1_662' title='bbox 2733 4453 2826 4509; x_wconf 83' lang='lat' dir='ltr'>vel</span> <span class='ocrx_word' id='word_1_663' title='bbox 2847 4451 3181 4525; x_wconf 83' lang='lat' dir='ltr'>praedictum</span> 
     </span>
     <span class='ocr_line' id='line_1_108' title="bbox 1818 4534 3183 4611; baseline -0.004 -17"><span class='ocrx_word' id='word_1_664' title='bbox 1818 4538 2174 4611; x_wconf 89' lang='lat' dir='ltr'>principium</span> <span class='ocrx_word' id='word_1_665' title='bbox 2221 4534 2391 4608; x_wconf 87' lang='lat' dir='ltr'>(quod</span> <span class='ocrx_word' id='word_1_666' title='bbox 2430 4534 2626 4591; x_wconf 90' lang='lat' dir='ltr'>verius</span> <span class='ocrx_word' id='word_1_667' title='bbox 2663 4547 2982 4598; x_wconf 89' lang='lat' dir='ltr'>censemus,</span> <span class='ocrx_word' id='word_1_668' title='bbox 3027 4538 3089 4588; x_wconf 87' lang='lat' dir='ltr'>ut</span> <span class='ocrx_word' id='word_1_669' title='bbox 3112 4548 3183 4589; x_wconf 89' lang='lat' dir='ltr'>ex</span> 
     </span>
     <span class='ocr_line' id='line_1_109' title="bbox 1820 4612 3182 4685; baseline -0.005 -10"><span class='ocrx_word' id='word_1_670' title='bbox 1820 4616 2078 4675; x_wconf 83' lang='lat' dir='ltr'>vicendis</span> <span class='ocrx_word' id='word_1_671' title='bbox 2103 4618 2232 4672; x_wconf 78' lang='lat' dir='ltr'>dub.</span> <span class='ocrx_word' id='word_1_672' title='bbox 2254 4617 2311 4681; x_wconf 87' lang='grc'>6,</span> <span class='ocrx_word' id='word_1_673' title='bbox 2342 4613 2643 4685; x_wconf 89' lang='lat' dir='ltr'>constabit)</span> <span class='ocrx_word' id='word_1_674' title='bbox 2669 4627 2792 4669; x_wconf 90' lang='lat' dir='ltr'>esse</span> <span class='ocrx_word' id='word_1_675' title='bbox 2818 4612 3182 4684; x_wconf 89' lang='lat' dir='ltr'>indispensa-</span> 
     </span>
     <span class='ocr_line' id='line_1_110' title="bbox 1815 4692 3182 4772; baseline -0.006 -16"><span class='ocrx_word' id='word_1_676' title='bbox 1815 4700 2012 4757; x_wconf 89' lang='lat' dir='ltr'>biliter</span> <span class='ocrx_word' id='word_1_677' title='bbox 2051 4699 2242 4772; x_wconf 89' lang='lat' dir='ltr'>ipsum</span> <span class='ocrx_word' id='word_1_678' title='bbox 2284 4696 2545 4753; x_wconf 89' lang='lat' dir='ltr'>habitum</span> <span class='ocrx_word' id='word_1_679' title='bbox 2571 4694 2901 4761; x_wconf 87' lang='lat' dir='ltr'>charitatis;</span> <span class='ocrx_word' id='word_1_680' title='bbox 2943 4692 3042 4749; x_wconf 90' lang='lat' dir='ltr'>sed</span> <span class='ocrx_word' id='word_1_681' title='bbox 3066 4708 3182 4749; x_wconf 93' lang='lat' dir='ltr'>non</span> 
     </span>
     <span class='ocr_line' id='line_1_111' title="bbox 1816 4772 3182 4855; baseline -0.004 -18"><span class='ocrx_word' id='word_1_682' title='bbox 1816 4786 2096 4855; x_wconf 87' lang='lat' dir='ltr'>oportere,</span> <span class='ocrx_word' id='word_1_683' title='bbox 2147 4778 2296 4852; x_wconf 89' lang='lat' dir='ltr'>quod</span> <span class='ocrx_word' id='word_1_684' title='bbox 2349 4776 2653 4850; x_wconf 61' lang='lat' dir='ltr'>praedictus</span> <span class='ocrx_word' id='word_1_685' title='bbox 2705 4773 2934 4830; x_wconf 87' lang='lat' dir='ltr'>habitus</span> <span class='ocrx_word' id='word_1_686' title='bbox 2990 4772 3066 4829; x_wconf 89' lang='lat' dir='ltr'>sit</span> <span class='ocrx_word' id='word_1_687' title='bbox 3120 4774 3182 4831; x_wconf 90' lang='lat' dir='ltr'>in</span> 
     </span>
     <span class='ocr_line' id='line_1_112' title="bbox 1817 4853 3185 4931; baseline -0.007 -12"><span class='ocrx_word' id='word_1_688' title='bbox 1817 4860 2017 4919; x_wconf 88' lang='lat' dir='ltr'>eodem</span> <span class='ocrx_word' id='word_1_689' title='bbox 2049 4859 2308 4925; x_wconf 88' lang='lat' dir='ltr'>instanti,</span> <span class='ocrx_word' id='word_1_690' title='bbox 2341 4859 2405 4915; x_wconf 91' lang='lat' dir='ltr'>in</span> <span class='ocrx_word' id='word_1_691' title='bbox 2426 4874 2537 4931; x_wconf 92' lang='lat' dir='ltr'>quo</span> <span class='ocrx_word' id='word_1_692' title='bbox 2558 4857 2731 4914; x_wconf 90' lang='lat' dir='ltr'>homo</span> <span class='ocrx_word' id='word_1_693' title='bbox 2758 4854 2972 4912; x_wconf 84' lang='lat' dir='ltr'>omittit</span> <span class='ocrx_word' id='word_1_694' title='bbox 2997 4853 3185 4910; x_wconf 81' lang='lat' dir='ltr'>chari·</span> 
     </span>
     <span class='ocr_line' id='line_1_113' title="bbox 1815 4933 3183 5009; baseline -0.007 -12"><span class='ocrx_word' id='word_1_695' title='bbox 1815 4940 1950 4997; x_wconf 87' lang='lat' dir='ltr'>tatis</span> <span class='ocrx_word' id='word_1_696' title='bbox 1995 4945 2225 5006; x_wconf 91' lang='lat' dir='ltr'>actum;</span> <span class='ocrx_word' id='word_1_697' title='bbox 2266 4937 2364 4995; x_wconf 89' lang='lat' dir='ltr'>sed</span> <span class='ocrx_word' id='word_1_698' title='bbox 2410 4936 2685 5004; x_wconf 84' lang='lat' dir='ltr'>sufficere,</span> <span class='ocrx_word' id='word_1_699' title='bbox 2735 4933 2884 5009; x_wconf 90' lang='lat' dir='ltr'>quod</span> <span class='ocrx_word' id='word_1_700' title='bbox 2937 4935 3183 5006; x_wconf 87' lang='lat' dir='ltr'>potuerit</span> 
     </span>
     <span class='ocr_line' id='line_1_114' title="bbox 1818 5013 3184 5094; baseline -0.007 -14"><span class='ocrx_word' id='word_1_701' title='bbox 1818 5037 1961 5091; x_wconf 87' lang='lat' dir='ltr'>esse,</span> <span class='ocrx_word' id='word_1_702' title='bbox 1992 5026 2051 5079; x_wconf 91' lang='lat' dir='ltr'>et</span> <span class='ocrx_word' id='word_1_703' title='bbox 2075 5020 2227 5094; x_wconf 90' lang='lat' dir='ltr'>quod</span> <span class='ocrx_word' id='word_1_704' title='bbox 2246 5021 2421 5079; x_wconf 84' lang='lat' dir='ltr'>homo</span> <span class='ocrx_word' id='word_1_705' title='bbox 2445 5017 2772 5078; x_wconf 87' lang='lat' dir='ltr'>voluntarie</span> <span class='ocrx_word' id='word_1_706' title='bbox 2800 5016 2970 5079; x_wconf 83' lang='lat' dir='ltr'>illum</span> <span class='ocrx_word' id='word_1_707' title='bbox 2997 5013 3184 5072; x_wconf 86' lang='lat' dir='ltr'>exclu-</span> 
     </span>
    </p>
   </div>
  </div>
 </body>
</html>
