3647 5753
76 543 255 586 Sutrii

81 592 259 644 objec-

1456 356 1633 411 DISP.
1675 354 1797 421 v11,
1842 354 2007 412 DUB.
2049 356 2142 413 vl.

314 529 605 599 activam,
631 531 733 590 sed
754 534 931 590 simul
952 548 1073 590 esse
1095 532 1414 606 passivam;
1436 527 1572 602 quia
1599 526 1702 585 de-

62 642 287 686 unauna
318 608 419 668 bet
440 627 576 668 esse
603 631 785 688 capax
808 613 1119 687 recipiendi
1142 613 1437 688 physicam
1461 623 1704 683 praemo-

93 692 286 745 dispel—
322 693 575 750 tionem.
609 694 672 750 Id
703 710 839 752 vero
867 694 994 750 licet
1023 692 1325 766 praedictus
1353 691 1574 749 Author
1603 689 1702 744 in-

113 742 257 787 titur.

120 3392 266 3431 Sexta

325 773 524 830 sinuet
550 789 676 831 esse
708 773 959 840 difficile,
989 780 1047 831 et
1090 779 1293 832 contra
1331 783 1699 830 communem

326 868 567 910 sensum
598 854 1106 928 Philosophorum,
1138 853 1388 911 libenter
1414 859 1470 910 et
1495 865 1701 908 conse-

326 941 577 1007 quenter
605 937 966 994 admittimus
999 959 1013 993 ι
1041 935 1177 1013 quia
1215 936 1520 992 verissime
1557 947 1700 989 con-

328 1015 606 1082 cluditur,
638 1017 789 1090 quod
810 1018 957 1074 sicut
976 1018 1141 1074 nulla
1158 1016 1248 1072 vis
1268 1021 1458 1073 creata
1478 1019 1562 1071 est
1585 1013 1701 1086 pri-

330 1113 497 1153 mum
528 1099 884 1171 principium
913 1096 1139 1171 agendi,
1167 1098 1246 1154 ita
1275 1113 1379 1154 nec
1406 1096 1558 1153 valet
1577 1108 1701 1150 esse

331 1177 424 1233 vis
447 1194 589 1250 pure
602 1180 807 1242 activa,
825 1177 925 1234 sed
949 1178 1273 1236 necessario
1289 1177 1460 1234 habet
1479 1174 1699 1232 admix-

330 1265 454 1314 tam
482 1259 983 1330 potentialitatem,
1013 1263 1072 1316 et
1098 1257 1554 1315 indifferentiam
1579 1277 1593 1312 ε
1625 1255 1697 1313 ob

319 1354 461 1411 quae
488 1340 875 1396 necessarium
893 1346 996 1405 est,
1016 1338 1167 1412 quod
1186 1337 1377 1397 omnis
1399 1337 1486 1393 vis
1508 1341 1697 1393 creata

326 1417 503 1476 debet
523 1420 636 1490 pati
666 1436 699 1476 a
727 1423 842 1477 Deo
867 1418 1195 1491 recipiendo
1237 1418 1690 1491 praemotionem,

326 1515 444 1572 qua
472 1506 744 1566 actuetur,
773 1507 829 1558 et
854 1517 985 1557 cum
1006 1500 1280 1558 exercitio
1303 1496 1695 1554 infallibiliter

319 1579 730 1654 conjungatur,
769 1585 1008 1655 agatque
1027 1581 1131 1638 sub
1150 1580 1247 1636 Dei
1269 1578 1621 1643 causalitate,
1639 1582 1695 1634 et

326 1654 617 1716 dominio'.
640 1659 800 1726 Quod
825 1660 988 1718 nobis
1013 1666 1131 1718 tam
1151 1665 1370 1717 certum
1385 1662 1489 1723 est,
1519 1673 1693 1731 quam

317 1743 653 1796 creaturam
675 1755 798 1796 esse
816 1745 1162 1805 creaturam,
1193 1744 1248 1797 et
1288 1754 1460 1812 agens
1486 1753 1694 1793 secun-

325 1820 469 1877 dum
498 1836 616 1877 non
644 1837 765 1878 esse
791 1822 1067 1894 primum.
1095 1821 1415 1877 Videantur
1436 1835 1560 1893 quae
1599 1818 1693 1874 di-

325 1901 524 1958 ximus
549 1903 693 1975 disp.
723 1905 780 1970 5,
810 1903 937 1960 dub.
963 1906 998 1959 6
1017 1906 1150 1959 etin
1170 1903 1276 1958 hac
1299 1903 1445 1976 disp.
1472 1902 1603 1957 dub.
1631 1904 1687 1968 4,

326 1984 429 2041 ubi
457 2000 529 2040 ex
552 1985 641 2041 his
670 1985 973 2058 principiis
999 1985 1355 2043 ostendimus
1382 1984 1690 2040 necessita-

321 2070 445 2122 tem
474 2065 678 2120 auxilii
722 2065 945 2137 praevii,
987 2071 1043 2123 et
1079 2066 1397 2122 intrinsece
1428 2064 1687 2122 efficacis.

325 2142 487 2207 Quod
528 2149 720 2199 autem
751 2143 1087 2218 Philosophi
1116 2144 1503 2202 communiter
1530 2142 1691 2200 divi-

319 2223 471 2279 dant
501 2224 779 2295 potentias
809 2224 871 2279 in
899 2225 1130 2291 activas,
1155 2232 1212 2282 et
1252 2224 1525 2298 passivas,
1557 2224 1691 2282 huic

323 2302 561 2359 veritati
598 2318 714 2359 non
755 2302 1121 2377 praejudicat;
1151 2305 1286 2377 quia
1324 2302 1692 2360 considerant

333 2383 613 2454 potentias
632 2398 757 2439 secu
768 2380 845 2438 nd
855 2399 948 2438 um
969 2399 1102 2440 suas
1125 2383 1499 2456 particulares
1521 2384 1691 2440 ratio-

333 2477 458 2528 nes,
489 2466 608 2518 tum
635 2464 788 2520 inter
814 2480 894 2533 se,
927 2468 1049 2519 tum
1079 2464 1143 2520 in
1181 2463 1386 2521 ordine
1413 2461 1483 2520 ad
1511 2479 1689 2537 agen-

326 2544 436 2610 tia,
476 2549 532 2600 et
568 2543 777 2618 objecta
809 2550 1041 2613 ‘creata;
1085 2561 1197 2617 quo
1233 2550 1391 2619 pacto
1430 2544 1688 2618 quaedam

326 2630 468 2680 sunt
494 2626 706 2688 activae.
730 2626 986 2699 quaedam
1018 2627 1275 2700 passivas.
1299 2625 1406 2683 Sed
1435 2639 1554 2683 non
1583 2642 1690 2683 ne-

322 2713 486 2782 gant,
519 2707 664 2781 quod
692 2709 1121 2781 comparatione
1142 2709 1212 2766 ad
1242 2709 1498 2781 primum
1530 2709 1689 2781 prin·
1717 2745 1725 2752 ·

321 2788 540 2860 cipium
560 2789 968 2862 cujuscumque
995 2793 1182 2846 motus
1205 2790 1304 2845 Dei
1332 2791 1396 2846 Ο.
1426 2790 1508 2845 Μ.
1530 2805 1687 2862 quae-

323 2869 464 2926 libet
490 2870 677 2927 virtus
705 2870 889 2927 activa
918 2874 1104 2928 creata
1130 2871 1206 2927 sit
1231 2871 1406 2928 etiam
1436 2871 1681 2944 passiva,

315 2955 376 3006 et
403 2952 616 3008 mutari
643 2949 848 3007 debeat
874 2967 974 3023 per
1003 2950 1444 3025 impressionem
1474 2952 1685 3009 motio-

321 3031 415 3086 nis
438 3032 663 3103 praeviae
683 3053 697 3087 :
719 3029 820 3087 sed
844 3032 1031 3103 potius
1048 3037 1235 3089 ratum
1257 3030 1505 3106 estapud
1528 3032 1678 3100 illos,

316 3126 495 3167 omne
530 3111 680 3184 quod
721 3116 1005 3178 movetur,
1052 3111 1123 3168 ab
1164 3112 1279 3169 alio
1321 3112 1567 3170 moveri.
1600 3114 1684 3168 Ex

314 3207 430 3262 quo
452 3191 738 3265 principio
755 3192 1145 3249 necessitatem
1171 3192 1420 3266 physicae
1436 3208 1684 3266 praemo-

315 3273 494 3330 tionis
521 3273 871 3331 deduximus
896 3274 1024 3330 dub.
1051 3276 1276 3347 praeoed.
1305 3278 1336 3344 ἕ
1363 3276 1417 3331 3.

391 3367 521 3421 329.
554 3368 724 3421 Sexto
746 3364 991 3437 inquirit
1017 3386 1030 3421 ε
1059 3365 1172 3434 An,
1196 3374 1246 3421 et
1273 3367 1534 3439 quomodo
1549 3384 1684 3439 prm-

57 3440 286 3489 quaesuo.
317 3446 446 3501 vius
464 3462 762 3501 concursus
781 3445 1159 3515 distinyuatur
1177 3464 1214 3502 a
1233 3449 1492 3520 potentia,
1518 3464 1682 3520 quam

119 3951 288 3994 nunus.

105 4049 280 4094 desma.

313 3526 646 3599 praemovet?
685 3525 1082 3598 Respondetur
1118 3526 1395 3602 distingui
1425 3532 1557 3583 ante
1584 3526 1683 3582 in-

318 3607 630 3663 tellectum.
652 3606 935 3669 Quoniam
954 3607 1117 3662 illam
1137 3607 1369 3664 realiter
1386 3606 1675 3679 supponit,

314 3693 373 3744 et
393 3686 464 3743 ab
480 3702 548 3743 ea
572 3686 807 3743 realiter
821 3692 1123 3758 separatur
1139 3711 1154 3753 ;
1171 3692 1349 3744 cessat
1363 3688 1522 3744 enim
1549 3703 1681 3760 per-

313 3772 622 3823 severante
669 3766 927 3839 potentia
972 3787 985 3822 ε
1035 3782 1137 3824 nec
1175 3766 1246 3824 de
1284 3767 1387 3824 hoc
1426 3784 1680 3842 unquam

319 3846 734 3906 dubitaverunt
797 3848 1107 3906 Thomistae
1134 3892 1147 3905 .
1216 3850 1424 3907 Merito
1487 3856 1680 3907 autem

323 3933 544 3997 NunuS,
574 3935 632 3986 et
670 3929 947 3986 Ledesma
991 3932 1151 4003 (quos
1198 3930 1681 4004 inconsequentiae

324 4012 511 4086 arguit
537 4013 769 4078 Suarez)
799 4014 1107 4083 potuerunt
1134 4011 1423 4069 affirmare
1446 4028 1682 4085 praemo-

323 4091 534 4148 tionem
579 4107 699 4157 non
735 4090 1012 4163 distingui
1052 4108 1085 4148 a
1126 4092 1378 4166 potentia
1407 4100 1682 4166 praemota

325 4171 689 4228 distinctione
716 4170 1039 4236 entitativa,
1070 4171 1169 4228 sed
1208 4173 1396 4229 solum
1427 4174 1678 4242 modali;

318 4253 450 4325 quia
472 4259 530 4308 ut
548 4269 622 4309 ex
643 4249 904 4307 dicendis
923 4250 1222 4317 constabit,
1246 4254 1542 4326 praemotio
1565 4271 1684 4313 non

314 4340 396 4392 est
419 4335 629 4393 entitas
668 4332 972 4405 completa,
1020 4333 1117 4390 sed
1163 4339 1249 4392 est
1291 4336 1428 4408 quid
1473 4335 1677 4404 fluenS,

310 4424 364 4475 et
389 4417 455 4476 ad
479 4418 669 4475 instar
692 4418 903 4479 motus,
953 4413 1231 4489 habetque
1269 4433 1341 4474 ex
1383 4417 1487 4474 hac
1524 4422 1684 4490 parte

307 4498 697 4557 conditionem
742 4493 900 4552 modi
933 4497 1238 4567 :quocirca
1278 4514 1396 4556 non
1440 4505 1678 4571 oportet,

303 4579 445 4655 quod
474 4598 509 4637 a
552 4577 816 4653 potentia
855 4583 1127 4648 praemota
1152 4576 1537 4654 distinguatur
1562 4579 1684 4636 dis-

299 4661 578 4721 tinctione
622 4659 714 4717 rei
764 4674 797 4714 a
839 4672 918 4722 re,
969 4658 1066 4716 sed
1105 4661 1289 4734 magis
1315 4661 1685 4718 distinctione

293 4745 444 4803 inter
487 4759 644 4807 rem,
700 4743 762 4796 et
810 4741 1081 4808 modum;
1128 4742 1272 4807 sive,
1317 4748 1374 4799 et
1419 4742 1482 4798 in
1529 4740 1682 4798 idem

291 4828 449 4893 redit.
496 4821 898 4884 distinctione
950 4823 1102 4879 inter
1157 4838 1261 4879 ens
1310 4824 1678 4896 completum,

274 4921 329 4975 et
373 4907 862 4981 incompletum.
896 4906 964 4959 Et
992 4904 1055 4961 in
1101 4903 1206 4961 hoc
1241 4920 1411 4961 sensu
1444 4906 1689 4978 loquun-

271 5007 356 5057 tur
380 4995 507 5053 duo
562 4988 668 5046 illi
724 4985 1042 5051 Authores,
1080 4991 1140 5041 ut
1177 4984 1478 5043 evidenter
1524 5001 1684 5043 cons-

3092 355 3205 412 237

1835 531 1916 582 tat
1945 541 2018 584 ex
2054 526 2271 585 eisdem
2299 527 2454 592 locis,
2503 543 2629 599 quae
2668 524 2908 582 Suarius
2955 526 3187 599 allegat.

1908 609 2041 665 330.
2080 611 2333 683 Septimo
2373 608 2657 683 inquirit:
2686 608 2782 665 An
2815 610 3093 681 praemotio
3116 609 3386 681 sitsemiqn

1834 707 1918 745 res
1953 689 2215 747 distincta
2255 691 2324 746 ab
2362 692 2690 764 operatione,
2721 697 2769 744 et
2804 690 2992 761 effectu
3017 704 3191 744 causat
3204 678 3393 724 ‘mmm

1832 771 2114 826 secunda?
2153 770 2561 845 Respondetur,
2594 769 3028 843 praemotionem
3067 765 3191 823 dis-

1834 849 2018 924 tingui
2065 855 2198 907 ante
2242 850 2595 906 intellectum
2643 847 2714 904 ab
2750 847 3102 921 operatione,
3132 850 3191 902 et

1832 929 2032 986 effectu
2059 935 2350 987 creaturae.
2382 932 2527 985 Tum
2557 927 2692 1001 quia
2719 943 2836 985 non
2875 925 2939 982 fit
2965 942 2999 982 a
3025 941 3189 983 crea-

1833 1015 1981 1074 tura,
2012 1008 2185 1066 sed‘a
2208 1011 2329 1067 solo
2356 1013 2489 1076 Deo,
2535 1014 2594 1066 ut
2632 1026 2692 1064 n.
2733 1009 2843 1064 294
2883 1006 3140 1062 diximus
3172 1027 3185 1061 ε

1830 1091 1980 1165 quod
2001 1093 2169 1149 aliter
2196 1092 2492 1157 accideret,
2523 1092 2573 1147 si
2593 1094 2741 1147 esset
2764 1089 2918 1146 idem
2951 1088 3187 1146 realiter

1831 1191 1959 1231 cum
1982 1174 2314 1246 operatione
2331 1178 2630 1231 creaturae.
2655 1174 2802 1227 Tum
2832 1170 2903 1228 ob
2925 1170 3068 1227 alias
3093 1185 3190 1226 ra-

1832 1256 2032 1324 tiones,
2064 1272 2205 1328 quas
2233 1254 2636 1329 proposuimus
2660 1255 2786 1310 dub.
2813 1253 3036 1326 praeoed.
3069 1255 3101 1322 ἓ
3127 1253 3183 1309 2.

1830 1337 1936 1393 Sed
1962 1336 2098 1409 quia
2127 1338 2423 1409 praemotio
2445 1352 2561 1393 non
2582 1341 2667 1393 est
2685 1353 2787 1394 ens
2812 1333 3182 1407 completum,

1828 1415 1926 1472 sed
1949 1417 2359 1490 incompletum
2388 1414 2456 1471 ad
2486 1415 2671 1472 instar
2691 1421 2898 1482 motuS,
2928 1419 2985 1471 et
3004 1412 3184 1479 modi,

1830 1502 2198 1553 asseruerunt
2218 1496 2395 1569 aliqui
2419 1495 2729 1552 Thomistae
2752 1494 3185 1569 praemotionem

1827 1591 1950 1632 esse
1976 1576 2129 1632 idem
2166 1575 2466 1633 entitative
2505 1591 2636 1631 cum
2663 1575 2995 1646 operatione
3021 1590 3188 1631 crea-

1828 1660 1987 1723 turae,
2013 1662 2291 1728 quatenus
2318 1656 2433 1712 haec
2460 1654 2728 1712 identitas
2758 1660 2924 1729 negat
2950 1653 3184 1711 distinc-

1827 1737 2043 1794 tionem
2085 1738 2240 1794 inter
2283 1737 2439 1794 entia
2482 1736 2782 1808 completa,
2812 1742 2869 1791 et
2907 1735 3180 1793 habentia

1825 1834 1947 1876 esse
1968 1818 2147 1875 fixum
2169 1840 2182 1874 ε
2204 1818 2302 1875 sed
2322 1819 2708 1875 communiter
2731 1834 2846 1874 non
2872 1826 3179 1892 negarunt,

1825 1898 1975 1972 quod
1989 1898 2258 1956 differant
2280 1905 2411 1956 ante
2434 1898 2807 1964 intellectum,
2831 1915 2960 1955 cum
2986 1901 3178 1972 palam

1826 1982 2210 2038 communiter
2235 1980 2507 2048 dixerint,
2538 1980 2927 2053 operationem
2956 1986 3186 2039 creatu-

1829 2077 1905 2117 rae
1942 2061 2264 2135 dependere
2311 2062 2545 2118 realiter
2589 2077 2623 2117 a
2662 2061 2894 2134 physica
2931 2077 3181 2133 praemo-

1823 2143 1981 2200 tione
2008 2163 2020 2198 ε
2043 2141 2192 2215 quod
2214 2139 2499 2198 verificari
2524 2157 2640 2198 non
2664 2141 2814 2197 valet
2834 2140 3043 2214 absque
3063 2142 3179 2200 dis-

1822 2223 2096 2280 tinctione
2113 2223 2274 2287 reali,
2293 2222 2496 2278 saltem
2513 2221 2726 2278 modali
2745 2222 2895 2278 inter
2911 2221 3178 2294 praedicta

1819 2309 2096 2360 extrema.
2129 2306 2258 2359 Non
2278 2300 2461 2358 defuit
2478 2308 2670 2358 tamen
2694 2317 2860 2366 unus,
2887 2307 2984 2357 aut
3010 2304 3174 2371 alter,

1818 2386 1916 2458 qui
1963 2384 2444 2449 existimaverint,
2485 2383 2771 2441 auxilium
2816 2383 3011 2441 efficax
3056 2402 3179 2445 esse

1823 2468 2006 2540 ipsam
2049 2470 2322 2523 creaturae
2349 2466 2762 2538 operationem,
2796 2471 2961 2538 prout
2989 2468 3169 2540 prius,

1821 2550 1966 2606 idest
1994 2549 2195 2623 magis,
2226 2554 2281 2606 et
2309 2548 2576 2604 intimius
2602 2548 2883 2622 dependet
2902 2564 2935 2604 a
2958 2551 3088 2616 Deo,
3120 2557 3176 2609 et

1820 2631 2097 2688 terminat
2143 2630 2425 2688 influxum
2472 2630 2758 2688 divinum.
2810 2629 2917 2687 Sed
2964 2631 3173 2689 horum

1817 2716 2162 2773 sententiam
2179 2714 2449 2771 deserunt
2473 2714 2858 2772 communiter
2880 2714 3003 2779 alii,
3023 2729 3178 2772 eam·

1817 2813 1927 2870 que
1949 2795 2416 2870 impugnavimus
2444 2796 2563 2850 loco
2592 2795 2854 2867 proxime
2877 2795 3071 2852 citato.

1895 2879 2039 2935 Hinc
2063 2882 2213 2951 patet
2227 2878 2295 2934 ad
2312 2876 2469 2935 aliud
2485 2875 2746 2943 dubium,
2765 2875 2914 2950 quod
2936 2878 3176 2935 Suarius
3190 2878 3375 2936 nisano-

1821 2960 2155 3033 praecedenti
2186 2961 2454 3027 annectit,
2488 2975 2563 3017 an
2609 2958 2892 3025 videlicet,
2935 2965 2993 3016 et
3031 2932 3373 3032 quo-¹¹⁰eiffi‘

1817 3042 1989 3100 modo
2034 3043 2283 3116 praevius
2315 3058 2623 3099 concursus
2648 3041 2874 3099 differat
2902 3059 2935 3099 a
2960 3042 3175 3099 simul-
3206 3036 3370 3074 cursum

1816 3125 2021 3180 taneo?
2042 3126 2188 3179 Nam
2211 3139 2340 3179 cum
2361 3123 2741 3180 simultaneus
2767 3139 3078 3180 concursus
3095 3124 3175 3180 sit
3189 3086 3318 3184 vji’assf
3332 3134 3377 3170 02

1816 3205 1968 3262 idem
1993 3206 2225 3262 realiter
2245 3222 2375 3262 cum
2390 3206 2720 3278 operatione
2734 3210 3173 3280 creaturae,opus
3188 3176 3373 3270 δἠᾞῗιιιξῖ

1814 3294 1915 3357 est,
1948 3288 2097 3362 quod
2125 3290 2278 3345 inter
2307 3289 2587 3362 praevium
2614 3303 2974 3353 concursum,
3006 3293 3063 3345 et
3084 3289 3170 3346 si-

1816 3371 2175 3426 multaneum
2229 3370 2549 3442 reperiatur
2597 3367 2796 3426 eadem
2848 3369 3160 3440 distincti0,

1813 3467 1939 3524 qum
1982 3449 2148 3507 datur
2200 3450 2353 3506 inter
2391 3466 2728 3507 concursum
2778 3451 3075 3522 praevium,
3114 3457 3171 3508 et

1811 3538 2088 3589 creaturae
2116 3531 2528 3604 operationem.

1887 3607 1986 3661 331
2002 3647 2015 3660 .
2040 3608 2248 3661 Octavo
2269 3604 2584 3677 interrogat
2603 3606 2833 3671 Suarez,
2865 3622 2941 3660 an
2966 3604 3166 3676 hujus·
3208 3617 3359 3662 octava

1813 3685 1962 3740 modi
1998 3686 2233 3756 previus
2275 3701 2587 3750 concursus,
2636 3702 2730 3740 seu
2762 3686 3042 3757 praemotio
3093 3686 3167 3740 sit
3193 3672 3385 3721 “mum

1814 3766 2077 3839 qualitas,
2119 3781 2197 3818 an
2221 3780 2347 3818 vero
2380 3764 2601 3819 motus?
2639 3766 2708 3820 Et
2735 3764 2826 3821 hic
2854 3765 3168 3821 immensas

1814 3844 2125 3902 discordias
2152 3849 2520 3916 repraesentat
2546 3845 2699 3903 inter
2725 3846 3068 3912 Thomistas,
3100 3860 3167 3902 eo

1812 3926 1962 3999 quod
2003 3925 2180 3998 aliqui
2221 3924 2475 3982 dixerint
2512 3940 2633 3983 esse
2672 3926 3031 3999 qualitatem,
3064 3926 3169 3982 alii

1813 4015 2006 4066 autem
2022 4013 2263 4065 motum.
2285 4006 2675 4080 Respondetur
2698 4007 3023 4081 praedictam
3048 4024 3169 4065 mo-

1815 4090 2032 4147 tionem
2059 4105 2179 4148 esse
2203 4089 2557 4162 qualitatem.
2592 4091 2661 4144 Et
2699 4090 2844 4146 ratio
2872 4089 3042 4163 huJus
3072 4104 3168 4147 re·

1814 4172 2115 4229 solutionis
2133 4170 2413 4229 constabit
2431 4187 2502 4229 ex
2525 4170 2857 4229 immediate
2881 4171 3159 4230 dicendis·

1816 4255 2134 4310 Potuerunt
2160 4257 2350 4309 autem
2377 4252 2685 4309 Thomistae
2710 4253 2876 4309 illam
2903 4252 3168 4324 quando-

1813 4349 1924 4406 que
1942 4335 2284 4406 qualitatem,
2307 4333 2647 4405 quandoque
2672 4349 2809 4390 vero
2846 4335 3156 4401 motionem,

1814 4432 1914 4472 seu
1940 4423 2165 4481 motum,
2198 4415 2408 4488 absque
2447 4417 2568 4472 ulla
2593 4415 3041 4474 contradictione
3066 4434 3173 4491 ap-

1819 4497 2063 4569 pellare;
2081 4497 2215 4568 quia
2232 4512 2432 4553 revera
2451 4502 2508 4554 et
2525 4497 2771 4570 qualitas
2796 4502 2899 4563 est,
2924 4503 2981 4554 et
3002 4497 3172 4555 habet

1815 4577 2202 4635 conditionem
2248 4575 2319 4633 ad
2372 4578 2554 4633 instar
2599 4582 2806 4634 motus.
2853 4580 2965 4635 Pro
3010 4581 3168 4653 cujus

1818 4659 1942 4716 luce
1988 4657 2286 4716 recolenda
2324 4663 2459 4715 sunt
2494 4675 2619 4731 quae
2657 4657 2912 4716 diximus
2938 4660 3082 4734 disp.
3110 4663 3165 4727 5,

1816 4740 1943 4796 dub.
1975 4740 2029 4805 3,
2057 4756 2261 4813 nempe
2286 4739 2413 4796 dari
2441 4742 2662 4814 aliquas
2700 4742 3001 4816 qualitates
3027 4742 3166 4800 flui-

1817 4820 1936 4888 das,
1968 4825 2024 4877 et
2050 4826 2428 4886 transeuntes,
2459 4838 2583 4894 quaa
2624 4823 2685 4877 in
2732 4822 3174 4896 praedicamento

1817 4902 2029 4960 directe
2052 4919 2168 4961 non
2194 4904 2564 4971 collocantur,
2593 4903 2691 4963 sed
2719 4904 2789 4961 ad
2815 4921 2995 4980 genus
3020 4922 3166 4978 qua-

1818 4983 1860 5038 li
1871 4984 2015 5049 tatis,
2040 4989 2096 5041 et
2116 4983 2186 5041 ad
2207 4984 2451 5058 speciem
2472 4985 2863 5058 dispositionis
2880 4985 2974 5041 red
2985 5002 3169 5043 ucun-
