3647 5753
1405 434 1583 491 DISP.
1629 435 1672 499 Ι,
1716 433 1885 490 DUB.
1928 434 1998 488 11.

283 609 428 663 mini
475 626 586 665 non
617 611 947 683 prodessent,
1005 613 1116 667 nisi
1159 610 1380 667 haberet
1422 609 1655 665 liberum

282 689 585 746 voluntatis
609 693 926 758 arbitrium,
954 711 1059 771 quo
1085 711 1149 749 ea
1174 695 1388 767 faciens
1414 692 1489 747 ad
1523 708 1655 765 pro-

282 773 452 826 missa
492 774 722 844 praemia
762 778 1086 846 perveniret.
1123 773 1334 831 Eodem
1366 770 1536 829 modo
1566 771 1652 828 lo-

68 853 535 924 unctu-quuntur
561 855 626 909 D.
654 854 935 911 Bernard.
967 855 1061 912 lib.
1095 856 1264 910 etiam
1284 856 1348 909 de
1370 855 1577 925 qratia,
1602 859 1653 906 et

282 934 447 990 libero
473 935 725 1001 arbitrio,
756 942 805 991 et
824 954 984 994 serm.
1015 939 1106 1007 81,
1141 940 1203 993 in
1231 936 1489 1003 Cantica,
1519 935 1601 992 ibi
1634 955 1648 992 :

290 1014 395 1073 Ubi
419 1033 529 1072 non
553 1025 630 1074 est
658 1018 896 1084 libertas,
939 1036 1036 1076 nec
1074 1022 1348 1077 meritum.
1383 1021 1545 1093 Hugo
1581 1016 1651 1075 de

282 1098 338 1154 S.
385 1099 613 1158 Victore
657 1104 718 1157 in
762 1099 997 1159 Summa
1040 1101 1284 1160 Sentent.
1334 1108 1496 1158 tract.
1560 1101 1643 1168 13,

61 1176 402 1271 ἓῦῆθκῖθοαρ.
434 1186 486 1252 8,
518 1186 601 1242 ait
632 1206 645 1241 :
688 1184 946 1242 Liberum
983 1185 1282 1242 arbitrium
1321 1201 1421 1241 nos
1448 1182 1533 1240 ‘ab
1570 1185 1648 1239 eis

59 1437 237 1482 Belum.

60 1487 243 1580 3¹32&

62 1585 114 1628 D.
136 1586 242 1631 Tho.

85 1835 228 1881 Ratio.

63 2423 227 2468 contir-

74 2478 215 2531 matur

0 2497 7 2570 i
71 2532 226 2575 primo.

0 2589 5 2596 ·
41 2573 227 2617 Aristot.

45 3424 211 3472 cundo.

30 3545 89 3586 D.
112 3542 223 3591 Aug.

53 4106 197 4153 Aliud

58 4157 190 4204 moti·

70 4218 187 4253 vum·

278 1267 514 1338 (scilicet
559 1282 592 1322 a
638 1265 955 1340 pecoribus)
994 1267 1272 1334 discernit,
1301 1282 1461 1339 penes
1505 1264 1649 1339 quod

275 1363 432 1403 mnne
476 1349 734 1403 meritum
777 1349 1064 1403 consistit:
1089 1354 1145 1403 et
1186 1348 1382 1420 plures
1427 1346 1530 1402 alii
1574 1360 1646 1402 ex

274 1430 370 1487 SS.
424 1432 534 1487 PP.
589 1446 731 1503 quos
777 1431 1037 1488 referunt
1090 1430 1365 1486 Bellarm.
1410 1429 1639 1495 Suarez‚

274 1511 583 1578 Montesin,
633 1517 688 1568 et
739 1512 864 1568 alii.
916 1509 1286 1584 Eandemque
1338 1510 1642 1566 veritatem

274 1590 434 1649 docet
474 1593 536 1648 in
568 1593 834 1665 praesenti
865 1594 928 1649 D.
962 1593 1166 1649 Thom.
1198 1595 1257 1648 in
1283 1592 1390 1664 fine
1415 1608 1565 1663 corp.
1587 1595 1645 1646 et

273 1674 335 1727 in
384 1675 434 1739 3,
489 1674 616 1731 dist.
680 1675 761 1740 18,
823 1680 1004 1752 quast.
1058 1674 1107 1739 l,
1156 1680 1269 1730 art.
1314 1674 1371 1736 2,
1417 1687 1642 1729 necnon

272 1761 450 1827 quast.
490 1757 573 1820 19,
605 1755 669 1810 de
723 1753 890 1812 Verit.
920 1763 1029 1812 art.
1064 1758 1119 1821 6,
1152 1761 1207 1810 et
1230 1752 1371 1810 alibi
1395 1768 1560 1826 saepe.

343 1837 419 1891 8..
445 1835 726 1893 Probatur
754 1835 964 1893 deinde
996 1837 1238 1902 ratione,
1270 1851 1383 1908 qua
1426 1834 1511 1890 usi
1539 1850 1640 1889 su-

267 1931 398 1972 mus
449 1917 579 1972 dub.
628 1917 852 1988 praced.
909 1918 1185 1989 quoniam
1237 1915 1309 1972 ad
1359 1914 1638 1971 meritum

269 2000 587 2056 necessaria
614 2005 698 2056 est
726 1998 953 2057 bonitas
994 1999 1235 2057 moralis
1258 1999 1321 2053 in
1344 2001 1468 2053 actu
1497 2021 1509 2054 ς
1539 1995 1639 2052 sed

266 2080 383 2137 haec
428 2081 749 2138 necessario
798 2081 1041 2152 requirit
1094 2079 1440 2142 libertatem,
1472 2083 1530 2134 et
1574 2077 1638 2133 in

266 2161 368 2218 illa
400 2160 692 2228 tundatur,
724 2168 781 2217 ut
803 2178 874 2218 ex
901 2163 1167 2218 Tractatu
1190 2160 1261 2217 de
1290 2158 1543 2216 bonitate
1582 2163 1638 2215 et

265 2246 490 2302 malitia
543 2244 713 2303 modo
761 2245 1143 2318 supponimus
1201 2268 1215 2301 :
1270 2258 1407 2316 ergo
1458 2242 1635 2298 etiam

266 2328 566 2383 meritum.

342 2401 750 2469 confirmatur,
788 2402 923 2474 quia
965 2407 1119 2458 actus
1166 2416 1284 2457 non
1327 2398 1476 2455 liber
1517 2413 1635 2455 non

264 2488 348 2537 est
378 2482 545 2538 laude
564 2481 806 2557 dignus:
838 2485 1034 2539 nullus
1060 2481 1220 2539 enim
1258 2480 1526 2538 laudatur
1552 2481 1635 2550 (ut

266 2562 456 2620 docuit
494 2565 670 2620 Arist.
698 2567 749 2620 3.
778 2563 965 2621 Ethic.
996 2582 1117 2637 cap.
1153 2566 1199 2630 1,
1228 2571 1278 2619 et
1301 2565 1376 2633 5,)
1402 2566 1635 2634 propter

266 2643 387 2707 illa,
414 2659 541 2716 quae
568 2660 684 2701 non
725 2649 862 2700 sunt
903 2645 967 2700 in
1007 2644 1130 2717 ejus
1157 2648 1468 2717 potestate:
1497 2656 1634 2714 ergo

263 2740 367 2781 nec
394 2731 574 2796 potest
617 2741 737 2782 esse
779 2726 1130 2791 meritorius,
1163 2731 1219 2782 et
1258 2722 1496 2797 praemio
1539 2721 1632 2779 di—

257 2822 436 2881 gnus:
461 2808 586 2863 laus
609 2822 857 2881 namque
881 2809 1183 2882 praemium
1205 2804 1490 2881 quoddam
1516 2805 1632 2860 vir·

258 2888 396 2944 tutis
435 2894 538 2956 est,
572 2890 664 2945 vel
707 2890 764 2946 id
808 2890 959 2963 quod
1007 2890 1294 2954 homines,
1324 2888 1423 2960 qui
1459 2887 1631 2944 aliter

257 2971 468 3027 merita
509 2978 707 3028 nostra
760 2973 1064 3045 praemiare
1110 2988 1228 3029 non
1270 2971 1484 3033 valent,
1516 2969 1630 3024 tri-

258 3051 443 3108 buunt
469 3054 589 3110 loco
631 3055 854 3126 praemii
885 3077 897 3111 :
922 3071 1101 3128 quare
1125 3054 1223 3110 ubi
1247 3068 1363 3108 non
1384 3057 1470 3107 est
1489 3067 1630 3109 con-

257 3131 510 3208 dignitas
558 3133 763 3197 laudis.
825 3150 1009 3207 neque
1052 3136 1229 3191 etiam
1277 3137 1458 3205 potest
1507 3147 1629 3189 esse

255 3213 614 3287 condignitas
656 3214 903 3287 praemii,
940 3216 1003 3271 in
1028 3230 1140 3287 qua
1169 3213 1447 3270 meritum
1488 3227 1629 3268 con—

256 3293 425 3351 sistit.

331 3369 401 3422 Et
419 3368 798 3425 confirmatur
818 3367 1067 3425 secundo
1090 3389 1102 3423 :
1124 3366 1405 3440 quoniam
1438 3363 1631 3421 deme-

260 3449 457 3515 ritum,
488 3457 543 3507 et
584 3455 873 3523 peccatum
913 3466 1030 3506 non
1068 3455 1154 3506 est
1194 3447 1404 3520 absque
1449 3446 1629 3504 liber-

258 3534 411 3586 tate:
443 3530 619 3608 Usque
657 3531 790 3585 adeo
833 3531 981 3585 enim
1019 3531 1122 3599 (ait
1159 3532 1395 3602 August.
1425 3526 1529 3584 lib.
1559 3527 1630 3585 de

259 3626 396 3667 vera
425 3611 722 3685 religione,
748 3628 867 3684 cap.
903 3613 986 3674 14,
1019 3616 1076 3667 et
1097 3609 1199 3666 lib.
1235 3612 1298 3665 10
1330 3612 1629 3666 Reti-acta-

260 3691 504 3758 tionum,
537 3708 657 3764 cap.
692 3694 758 3763 1),
786 3699 1070 3765 peccatum
1096 3689 1478 3745 voluntarium
1499 3708 1629 3745 ma-

260 3773 374 3828 lum
400 3780 496 3840 est,
528 3780 585 3829 ut
620 3773 773 3828 nullo
806 3773 963 3828 modo
996 3773 1070 3827 sit
1094 3778 1396 3844 peccatum,
1427 3772 1479 3825 si
1518 3788 1627 3828 non

256 3856 330 3910 sit
350 3853 728 3910 voluntarium
746 3872 763 3906 .·
784 3870 921 3929 ergo
945 3869 1126 3926 neque
1148 3852 1324 3909 etiam
1348 3850 1625 3909 meritum

256 3934 371 3994 erit
396 3935 605 4008 absque
629 3934 909 4003 libertate,
925 3951 1051 3993 cum
1080 3950 1196 3990 non
1220 3933 1416 3991 minus
1440 3934 1626 4006 requi-

259 4026 420 4076 ratur
448 4020 518 4076 ad
548 4019 783 4083 bonum,
816 4035 987 4091 quam
1018 4016 1087 4074 ad
1133 4018 1375 4074 malum.

331 4105 385 4161 9.
418 4102 703 4160 Probatur
732 4103 902 4159 tertio
924 4102 1038 4158 alia
1068 4101 1292 4159 ratione
1318 4100 1625 4174 desumpta

254 4201 325 4243 ex
390 4185 695 4259 principiis
749 4184 930 4257 ipsius
990 4184 1207 4248 meriti,
1264 4198 1377 4257 qua
1437 4185 1624 4240 utitur

257 4271 320 4326 D.
347 4270 555 4326 Thom.
601 4268 737 4325 locis
768 4266 985 4325 citatis.
1035 4270 1147 4325 Pro
1195 4268 1354 4340 cujus
1392 4267 1623 4323 intelli-

253 4349 448 4424 gentia
477 4349 638 4422 prius
660 4353 811 4413 nota,
837 4348 986 4422 quod
1014 4350 1167 4405 inter
1195 4354 1535 4413 merentem,
1566 4353 1622 4405 et

257 4433 428 4490 illum
455 4433 602 4506 apud
631 4449 801 4505 quem
849 4435 1124 4497 meretur,
1158 4431 1458 4488 invenitur
1484 4432 1622 4504 qui-

257 4514 391 4571 dam
437 4520 779 4579 contractus,
829 4518 886 4570 et
935 4511 1141 4570 modus
1192 4514 1620 4571 commutativae

251 4596 532 4669 justitiae:
581 4594 677 4652 ubi
716 4597 777 4651 ¹is
827 4595 925 4668 qui
965 4600 1242 4662 meretur,
1289 4593 1522 4653 exhibet
1558 4594 1617 4651 id

254 4679 405 4753 quod
432 4696 602 4735 suum
624 4685 725 4745 est,
760 4693 967 4751 nempe
1003 4678 1302 4751 proprium
1326 4682 1534 4744 actum,
1562 4682 1620 4734 et

257 4762 537 4827 laborem,
579 4760 757 4819 veluti
811 4761 1081 4834 pretium,
1130 4776 1240 4831 quo
1284 4759 1428 4816 emit
1474 4774 1618 4832 prae·

255 4845 465 4911 mium,
496 4843 646 4917 quod
671 4848 756 4900 est
782 4844 845 4899 in
874 4845 1161 4915 potestate,
1193 4846 1250 4897 et
1288 4840 1394 4897 sub
1421 4839 1618 4898 domi-

256 4928 357 4985 nio
383 4928 524 5002 ejus,
544 4925 694 5001 apud
715 4941 885 4999 quem
912 4928 1187 4981 meretur.
1241 4924 1324 4978 Ex
1370 4939 1483 4996 quo
1526 4922 1609 4994 fit,

254 5012 402 5067 utin
429 5011 772 5068 meritorum
814 5006 1215 5079 acceptatione,
1246 5010 1301 5063 et
1338 5022 1615 5064 remune-

255 5093 481 5149 ratione
507 5088 865 5149 intervenire
908 5086 1110 5148 debeat
1153 5086 1414 5161 quaedam
1452 5098 1614 5148 com-

3037 424 3152 484 673

1786 607 2030 665 mutatio
2082 606 2361 664 mercedis
2408 621 2513 678 pro
2553 604 2781 670 merito,
2836 607 2895 659 et
2948 604 3150 657 mutua

1783 690 2048 764 quaedam
2090 690 2394 747 translatio
2439 688 2708 752 dominii,
2753 701 2927 758 quam
2980 684 3151 741 efficit

1783 774 2197 831 commutativa
2231 773 2473 848 justitia,
2527 770 2666 826 dum
2710 768 3023 826 retributor
3051 785 3150 826 ac·

1782 854 1962 927 quirit
1987 854 2316 912 dominium
2365 854 2429 911 in
2476 852 2734 909 alienum
2776 849 3051 916 laborem,
3089 855 3150 908 et

1782 940 1993 1003 actum,
2019 936 2118 1010 qui
2168 936 2230 992 in
2270 935 2392 1009 ejus
2431 932 2767 1007 obsequium
2796 930 3145 989 exhibetur:

1780 1017 1833 1074 is
1871 1035 2012 1077 vero
2037 1019 2136 1092 qui
2165 1023 2424 1075 meretur
2453 1031 2554 1090 per
2580 1033 2750 1073 suum
2781 1013 3056 1077 laborem,
3088 1020 3146 1072 et

1780 1105 1970 1157 actum
2019 1102 2082 1158 in
2129 1100 2468 1174 obsequium
2510 1099 2877 1157 retributoris
2908 1096 3146 1153 exhibi-

1777 1189 1923 1248 tum,
1950 1183 2195 1258 acquirit
2229 1183 2322 1257 Jus
2367 1199 2543 1256 supra
2580 1181 2733 1240 bona
2761 1181 2938 1256 ipsius
2967 1179 3145 1237 retri-

1777 1264 2017 1334 butoris,
2049 1273 2105 1325 et
2124 1267 2292 1325 efficit
2314 1267 2418 1323 illa
2440 1265 2762 1323 mercedem
2783 1265 2873 1320 sui
2903 1261 3138 1332 laboris,

1774 1353 1833 1404 et
1861 1349 2167 1421 praemium
2189 1349 2280 1405 sui
2308 1348 2528 1405 meriti.
2566 1346 2726 1412 Quod
2757 1362 2874 1402 non
2903 1344 3142 1402 obscure

1774 1428 1965 1487 docuit
1985 1434 2047 1486 in
2069 1431 2340 1504 praesenti
2358 1430 2600 1487 articulo
2614 1431 2676 1485 D.
2700 1430 2902 1485 Thom.
2921 1426 3204 1485 dicenszn-
3226 1433 3332 1476 ruo.

1780 1532 1808 1563 α
1837 1511 2132 1577 Meritum,
2163 1518 2220 1570 et
2242 1527 2460 1568 merces
2488 1508 2559 1566 ad
2580 1509 2733 1566 idem
2765 1510 3103 1566 referuntur
3120 1532 3136 1577 ;

1779 1612 1807 1643 α
1846 1591 1906 1647 id
1932 1593 2092 1650 enim
2133 1608 2352 1650 merces
2391 1591 2620 1658 dicitur,
2647 1591 2796 1663 quod
2829 1589 3002 1647 alicui
3046 1604 3143 1646 re-

1779 1693 1806 1725 «
1833 1682 2236 1748 compensatur
2260 1691 2363 1747 pro
2386 1673 2767 1731 retributione
2805 1672 3014 1745 operis,
3045 1672 3141 1727 vel

1776 1775 1803 1808 α
1845 1755 2080 1819 laboris.
2112 1756 2273 1830 quasi
2314 1752 2600 1829 quoddam
2644 1755 2892 1827 pretium
2934 1751 3133 1825 ipsius.

1779 1855 1805 1888 α
1836 1835 2002 1893 Unde
2035 1837 2183 1893 sicut
2230 1835 2466 1893 reddere
2491 1835 2708 1909 justum
2752 1833 3003 1907 pretium
3034 1848 3139 1905 pro

1775 1936 1801 1968 α
1837 1932 1899 1973 re
1921 1922 2144 1990 accepta
2167 1915 2236 1973 ab
2265 1917 2458 1989 aliquo
2479 1920 2563 1972 est
2590 1920 2744 1971 actus
2772 1914 3028 1986 justitiae,
3055 1913 3136 1969 ita

1774 2019 1800 2051 «
1834 1998 2010 2055 etiam
2061 2013 2496 2071 recompensare
2548 1994 2871 2053 mercedem
2925 1994 3132 2067 operis,

1774 2101 1802 2132 α
1830 2081 1923 2136 vel
1948 2078 2161 2136 laboris
2188 2086 2272 2136 est
2293 2084 2448 2136 actus
2458 2077 2714 2151 justitiae.
2745 2098 2771 2128 2>
3051 2139 3052 2142 Ἴ

1843 2155 1927 2209 Ex
1950 2153 2042 2210 his
2061 2169 2197 2228 ergo
2224 2153 2305 2211 sic
2331 2153 2618 2210 formatur
2643 2153 2791 2207 ratio
2830 2152 2894 2206 D.
2925 2149 3133 2207 Thom.

1767 2235 2054 2301 Quoniam
2104 2236 2301 2292 nullus
2353 2239 2534 2307 potest
2592 2233 2808 2290 mereri
2863 2232 2979 2289 nisi
3032 2249 3135 2304 per

1767 2319 1978 2382 actum,
2010 2316 2108 2389 qui
2149 2316 2224 2372 sit
2256 2316 2525 2388 proprius
2548 2315 2731 2388 ipsius
2758 2313 3055 2378 merentiS,
3080 2317 3136 2370 et

1764 2414 1941 2471 supra
1966 2414 2137 2472 quem
2168 2398 2374 2455 habeat
2401 2399 2522 2471 ipse
2550 2401 2906 2470 potestatem,
2938 2401 2994 2452 et
3028 2394 3136 2452 do-

1767 2480 2068 2535 minium:
2115 2479 2214 2538 sed
2259 2482 2414 2537 solus
2443 2484 2599 2536 actus
2647 2476 2794 2534 liber
2821 2482 2905 2533 est
2932 2475 3136 2549 hujus-

1764 2562 1946 2618 modi:
1965 2577 2102 2636 ergo
2122 2565 2278 2620 solus
2299 2563 2421 2634 ipse
2444 2564 2622 2634 potest
2637 2575 2760 2616 esse
2774 2557 3129 2615 meritorius.

1764 2643 2187 2715 Consequentia
2220 2649 2308 2700 est
2333 2649 2487 2710 nota,
2519 2647 2575 2699 et
2601 2643 2789 2715 major
2815 2644 3032 2697 constat
3059 2654 3133 2695 ex

1762 2723 2132 2796 dictis:·quia
2173 2725 2290 2781 nisi
2331 2729 2488 2781 actus
2526 2723 2602 2778 sit
2635 2722 2905 2795 proprius
2953 2719 3134 2792 ipsius

1762 2805 2064 2872 merentis,
2097 2803 2177 2860 ita
2206 2810 2265 2860 ut
2291 2821 2465 2879 supra
2508 2804 2679 2859 illum
2710 2801 2915 2858 habeat
2937 2801 3134 2857 domi-

1760 2887 1949 2953 nium,
1995 2894 2051 2945 et
2099 2893 2456 2960 potestatem,
2503 2888 2732 2943 nullum
2783 2885 2990 2959 poterit
3031 2900 3134 2957 per

1760 2971 1937 3027 talem
1961 2977 2150 3027 actum
2179 2971 2335 3028 inire
2361 2976 2716 3027 contractum
2740 2969 2978 3043 justitias
3000 2982 3132 3023 cum

1762 3051 2131 3117 retributore,
2158 3052 2296 3126 quia
2350 3051 2501 3108 nihil
2549 3050 2797 3108 dominii
2848 3052 3029 3121 potest
3067 3048 3133 3104 in

1721 3128 1726 3132 ’
1759 3145 1894 3187 eum
1918 3134 2238 3190 transferre
2267 3148 2368 3206 per
2391 3130 2470 3197 id,
2486 3131 2635 3204 quod
2660 3135 2877 3187 nonest
2899 3127 3131 3185 sub-suo

1760 3211 2111 3280 dominio,et
2140 3220 2413 3288 potestate
2436 3235 2449 3269 ε
2468 3212 2621 3270 unde
2638 3228 2821 3284 neque
2837 3210 3133 3282 acquirere

1763 3300 1945 3367 potest
1962 3298 2056 3370 jus
2076 3313 2252 3368 supra
2276 3296 2606 3369 praemium,
2624 3300 2721 3350 aut
2743 3294 2946 3361 facere,
2978 3291 3130 3364 quod

1760 3376 1872 3433 sibi
1917 3394 1987 3434 ex
2029 3380 2254 3452 justitia
2299 3377 2589 3446 debeatur,
2639 3382 2701 3433 ut
2759 3377 3014 3450 exigitur
3060 3375 3132 3431 ad

1762 3459 2051 3516 rationem
2094 3461 2311 3517 meriti.
2345 3461 2541 3517 Minor
2588 3465 2780 3515 autem
2824 3457 3123 3531 probatur,

1759 3540 1897 3612 quia
1924 3545 2079 3596 actus
2106 3556 2224 3598 non
2250 3546 2335 3598 est
2364 3540 2631 3614 proprius
2661 3540 2973 3612 operantis,
3009 3538 3125 3595 nisi

1758 3622 1834 3678 sit
1859 3622 2025 3688 liber,
2057 3627 2119 3678 ut
2141 3625 2391 3681 ostendit
2419 3628 2480 3681 D.
2511 3624 2714 3680 Thom.
2748 3638 2921 3695 supra
2938 3629 3124 3700 quaest.

1766 3708 1814 3774 l,
1840 3714 1950 3763 art.
1984 3708 2033 3775 l;
2066 3723 2166 3781 per
2188 3707 2514 3764 libertatem
2556 3721 2807 3780 namque
2843 3706 3015 3763 homo
3041 3712 3128 3763 est

1758 3787 2031 3846 dominus
2051 3805 2290 3846 suorum
2318 3795 2566 3854 actuum,
2598 3794 2654 3845 et
2682 3787 2853 3844 habet
2874 3792 3126 3859 potesta-

1758 3874 1894 3937 tem,
1919 3876 1978 3927 et
2013 3871 2343 3928 dominium
2389 3886 2564 3943 supra
2606 3871 2796 3944 ipsos;
2838 3870 2936 3941 qui
2965 3869 3126 3927 enim

1757 3951 1838 4007 ita
1867 3952 2002 4025 agit,
2056 3956 2117 4007 ut
2159 3968 2290 4011 non‘
2327 3951 2502 4025 possit
2557 3967 2674 4009 non
2715 3966 2900 4024 agere,
2935 3950 3125 4022 potius

1755 4032 1974 4107 agitur,
1996 4049 2172 4105 quam
2202 4039 2355 4107 agat:
2376 4031 2529 4089 unde
2551 4033 2642 4089 hic
2672 4048 2789 4089 non
2812 4037 2897 4088 est
2922 4031 3120 4088 domi-

1756 4130 1867 4169 nus
1914 4128 2031 4189 sua:
2074 4114 2457 4187 operationis.
2504 4115 2639 4177 Qua:
2682 4113 2882 4171 omnia
2929 4112 3125 4185 paucis

1754 4197 2088 4268 complexus
2127 4200 2212 4253 est
2234 4198 2296 4253 D.
2329 4197 2533 4254 Thom.
2579 4202 2765 4273 quaest.
2795 4197 2887 4260 26,
2920 4196 2984 4250 de
3022 4194 3124 4253 Ve-
3162 4207 3307 4256 mem.

1751 4279 1849 4334 rit.
1876 4285 1985 4334 art.
2011 4277 2171 4345 6,ubi
2194 4278 2276 4336 sic
2297 4277 2436 4336 ait:«
2465 4280 2607 4333 Cum
2629 4278 2842 4337 mereri
2869 4283 3124 4350 respectu

1759 4381 1784 4413 α
1814 4359 2094 4416 mercedis
2114 4360 2354 4427 dicatur,
2381 4360 2615 4433 proprie
2656 4359 2871 4416 mereri
2893 4365 2978 4416 est
3005 4360 3120 4417 ali-

1757 4464 1783 4496 α
1812 4442 1949 4515 quid
1988 4442 2100 4499 sibi
2128 4443 2312 4517 magis
2353 4444 2649 4517 acquirere
2680 4461 2784 4518 pro
2807 4445 3106 4506 mercede:

1755 4546 1782 4578 α
1809 4525 1961 4599 quod
1999 4524 2234 4599 quidem
2283 4541 2398 4582 non
2445 4524 2529 4592 fit,
2565 4527 2678 4583 nisi
2721 4544 2850 4585 cum
2895 4528 3119 4602 aliquid

1756 4630 1783 4662 α
1811 4609 2035 4675 damus,
2060 4607 2211 4681 quod
2249 4612 2333 4664 est
2377 4608 2728 4684 condignum
2759 4612 2833 4678 ei,
2860 4611 2958 4685 qui
2990 4628 3119 4670 me-

1755 4710 1782 4742 «
1810 4689 1930 4746 reri
1975 4688 2189 4747 dicitur
2214 4709 2228 4745 :
2258 4686 2397 4746 dare
2417 4695 2608 4747 autem
2641 4707 2770 4748 non.
2787 4708 3107 4765 possumus,

1752 4791 1779 4824 κ
1810 4770 1925 4827 nisi
1972 4770 2032 4827 id
2057 4770 2206 4845 quod
2261 4775 2524 4828 nostrum
2552 4777 2655 4838 est,
2688 4774 2850 4848 cujus
2877 4774 3104 4832 domini

1754 4870 1781 4904 α
1807 4868 2043 4909 sumus:
2071 4867 2272 4909 sumus
2294 4858 2485 4909 autem
2515 4851 2741 4911 domini
2778 4860 3111 4913 nostrorum

1753 4952 1781 4985 α
1809 4939 2037 4990 actuum
2062 4949 2164 5005 per
2185 4933 2562 4999 voluntatem,
2588 4941 2692 4991 etc.
2729 4956 2754 4987 t>

1829 5014 1911 5070 10.
1945 5014 2261 5072 Dicendum
2299 5021 2386 5072 est
2423 5015 2692 5078 secundo,
2727 5033 2844 5075 non
2890 5019 3108 5091 requiri
3124 5029 3319 5125 miii&

1744 5094 1815 5151 ad
1844 5096 2141 5165 meritum,
2186 5113 2290 5171 per
2332 5114 2395 5156 se
2445 5098 2747 5172 loquend0‚
2780 5097 3107 5158 libertatem
3173 5131 3253 5175 ὼ,
