3647 5753
1475 396 1478 399 ’
1568 401 1744 457 DISP.
1789 401 1884 467 IX,
1929 400 2094 457 DUB.
2138 401 2180 457 Ι.
3201 406 3315 463 295

453 577 614 643 tiam,
659 583 715 634 et
755 576 946 634 fidem.
999 579 1068 633 Et
1104 580 1516 651 consequenter
1555 587 1810 632 asserere
1943 572 2268 629 naturalem
2295 571 2428 631 fidei
2486 575 2807 647 requiritur
2850 578 3311 649 supernaturalis

448 664 691 733 oportet,
725 676 841 717 non
881 659 953 717 ob
982 659 1038 716 id
1082 659 1315 733 praecise
1353 658 1653 716 hominem
1689 671 1807 713 non
1941 655 2120 711 motio
2146 655 2478 724 voluntatis,
2506 663 2569 713 ut
2595 652 2852 715 diximus
2874 660 3078 733 disp.3,
3102 660 3307 727 dub.4;

447 741 661 799 habere
681 758 797 798 suae
816 743 1016 817 gratiae
1034 741 1458 808 certitudinem,
1473 738 1600 813 'qua
1619 738 1806 813 gratia
1941 734 2112 793 homo
2134 740 2324 792 autem
2348 737 2547 810 nequit
2564 738 2778 795 habere
2796 740 3171 797 infallibilem
3195 742 3309 798 hu-

206 807 433 903 (ἓξὲξ
446 822 693 895 qualitas
713 823 1173 895 supernaturalis
1189 823 1283 888 sit,
1300 819 1398 878 sed
1414 820 1486 877 ob
1501 819 1803 893 specialem
1933 816 2026 889 jus
2045 819 2507 906 supernaturalis
2530 818 2849 877 affectionis
2872 822 3298 889 certitudinem,

206 910 411 952 arauxo.
446 904 568 977 eJus
593 901 1003 959 conditionem.
1037 905 1119 959 Ita
1171 904 1491 976 cajetanus,
1547 902 1799 966 Bannez,
1937 910 2068 951 cum
2096 901 2171 951 sit
2198 902 2352 953 actus
2395 899 2693 970 pertinens
2729 899 2801 956 ad
2828 901 3045 957 lineam
3088 901 3307 959 affecti—

203 959 403 1050 ffi‘ssffg
446 987 698 1049 Arauxo,
724 985 959 1056 Gregor.
985 984 1286 1049 Martinez,
1312 984 1511 1047 Gonet,
1537 985 1594 1037 et
1615 978 1716 1036 alii
1740 979 1803 1034 in
1937 992 2092 1044 vam,
2123 978 2268 1035 sicut
2294 980 2533 1045 attritio,
2567 997 2624 1037 v.
2646 998 2703 1056 g.
2735 987 2833 1038 aut
2860 983 2961 1039 alii
2992 989 3167 1049 actus,
3200 986 3300 1057 qui

224 1058 402 1105 Gonet-
447 1065 735 1139 praesenti.
1937 1056 2006 1113 ad
2048 1057 2398 1116 infusionem
2439 1061 2639 1134 gratiae
2692 1063 3071 1134 requiruntur
3112 1085 3126 1119 ε
3168 1080 3305 1139 ergo

217 1142 403 1187 Melior
527 1149 614 1202 17.
637 1144 743 1202 Sed
774 1162 890 1203 non
920 1146 1115 1202 minus
1144 1143 1438 1218 probabile
1462 1143 1627 1201 nobis
1648 1141 1803 1199 vide-
1935 1138 2110 1195 homo
2137 1153 2254 1194 non
2279 1139 2427 1195 valet
2447 1140 2658 1198 habere
2675 1142 3052 1200 infallibilem
3074 1146 3305 1201 certitu-

204 1201 377 1287 ¹⁶2ffi⁰
445 1233 557 1295 tur,
603 1227 752 1301 quod
799 1227 985 1285 fidelis
1013 1245 1127 1286 non
1174 1226 1378 1284 habeat
1426 1226 1800 1284 infallibilem
1935 1216 2152 1284 dinem,
2177 1217 2325 1290 quod
2337 1223 2836 1294 supernaturalem
2856 1222 3301 1285 fldeiassensum

442 1308 848 1367 certitudinem
893 1308 1185 1382 qualitatis
1226 1313 1397 1373 actus,
1428 1309 1523 1364 vel
1550 1305 1795 1371 habitus,
1932 1299 2147 1357 eliciat.

444 1407 557 1464 quo
576 1390 774 1447 credit.
807 1392 920 1447 Pro
945 1406 1057 1463 quo
1083 1387 1664 1447 animadvertendum
1691 1392 1793 1454 est,

443 1469 593 1543 quod
633 1486 761 1527 cum
802 1468 1030 1536 dicitur,
1064 1468 1296 1526 fidelem
1326 1468 1536 1526 habere
1561 1468 1800 1525 certitu-

444 1549 639 1607 dinem
680 1567 796 1607 suae
823 1549 977 1617 fidei,
1009 1551 1070 1624 ly
1107 1568 1216 1606 sum
1253 1552 1394 1623 fidei,
1440 1554 1619 1623 potest
1643 1547 1799 1606 desi·

441 1646 621 1704 gnare
633 1630 914 1704 objectum
930 1630 1210 1688 creditum
1228 1655 1241 1698 ;
1266 1647 1403 1688 nam
1422 1646 1568 1703 saepe
1585 1643 1798 1685 nomen

442 1715 596 1766 actus
621 1709 920 1767 derivatur
960 1708 1030 1767 ad
1057 1709 1361 1785 objectum,
1394 1713 1457 1766 ut
1482 1713 1701 1766 constat
1726 1724 1797 1765 ex

441 1790 505 1846 D.
548 1791 866 1848 Athanasio
906 1790 968 1846 in
1007 1791 1279 1865 Symbolo
1312 1816 1325 1851 ι
1374 1790 1500 1847 Hac
1531 1797 1609 1845 est
1635 1789 1795 1845 Fide-³

387 1881 397 1889 ‘
437 1869 749 1936 Catholica,
777 1887 944 1947 quam
966 1873 1077 1926 nisi
1097 1874 1322 1948 quisque
1340 1871 1588 1943 fideliter,
1612 1871 1797 1941 firmi-

434 1959 615 2030 terque
640 1952 947 2017 crediderit,
977 1959 1078 2007 etc.
1109 1954 1178 2007 Et
1205 1952 1265 2007 in
1295 1952 1400 2009 hoc
1417 1967 1587 2009 sensu
1614 1951 1795 2023 quili-

434 2029 525 2088 bet
565 2032 889 2089 Catholicus
918 2032 1087 2089 habet
1113 2031 1487 2089 infallibilem
1515 2048 1632 2087 suae
1660 2030 1793 2087 fidei

430 2114 869 2182 certitudinem3
921 2113 1101 2171 credit
1138 2114 1299 2171 enim
1340 2112 1590 2168 firmiter
1630 2111 1791 2168 Fidei

430 2196 729 2269 mysteria,
788 2195 1093 2253 innitendo
1140 2194 1443 2253 infallibili
1486 2194 1584 2251 Dei
1627 2194 1794 2251 testi-

430 2279 646 2335 monio,
666 2279 772 2335 Vel
796 2279 855 2352 ly
877 2296 985 2335 suar
1001 2279 1147 2350 fidei,
1173 2277 1433 2352 designat
1454 2282 1642 2334 actum
1664 2292 1792 2333 cre-

429 2359 623 2428 dendi,
652 2361 745 2417 vel
774 2350 1126 2434 principium
1154 2360 1324 2434 huJus
1351 2365 1535 2428 actus;
1566 2358 1782 2416 abstra-

429 2443 620 2501 hendo
670 2449 865 2500 tamen
890 2486 903 2509 ,
961 2441 1110 2516 quod
1135 2500 1138 2505 ,
1166 2442 1258 2498 hic
1308 2447 1463 2498 actus
1485 2486 1499 2509 ,
1557 2441 1791 2514 ejusque

427 2524 781 2598 principium
807 2525 925 2580 sint
943 2524 1431 2597 supernaturalia,
1458 2524 1549 2580 vel
1576 2524 1790 2579 non.Et

428 2607 538 2664 hoc
581 2608 753 2663 etiam
793 2612 950 2679 pacto
991 2605 1162 2663 habet
1186 2603 1372 2661 fidelis
1411 2603 1787 2662 infallibilem

424 2703 550 2743 suae
580 2686 712 2743 fidei
732 2685 1151 2753 certitudinem,
1177 2685 1310 2759 quia
1332 2684 1588 2742 evidenti
1611 2701 1787 2758 expe-

428 2768 643 2825 rientia
665 2766 1038 2840 deprehendit
1063 2783 1123 2824 se
1149 2765 1398 2832 credere,
1430 2772 1484 2823 et
1510 2781 1570 2822 se
1594 2766 1783 2840 subji-

424 2864 555 2907 cere
574 2848 845 2906 doctrinae
867 2847 1127 2906 Ecclesiae
1153 2845 1485 2914 Catholicae3
1516 2846 1661 2904 sicut
1686 2846 1783 2921 qui

424 2931 549 2998 scit,
574 2930 871 2989 evidenter
890 2931 1175 3006 cognoscit
1191 2947 1254 2988 se
1273 2931 1448 2997 scire;
1477 2935 1533 2988 et
1553 2931 1651 3004 qui
1673 2929 1784 2986 du-

426 3013 589 3078 bitat,
615 3012 913 3070 evidenter
933 3012 1090 3068 videt
1108 3029 1168 3069 se
1189 3011 1453 3069 dubitare
1478 3034 1491 3069 ε
1521 3012 1672 3084 quod
1699 3017 1785 3070 est

423 3110 731 3152 commune
758 3094 1029 3151 omnibus
1057 3095 1275 3151 actibus
1301 3094 1643 3151 intellectus.
1678 3095 1781 3151 Vel

420 3174 656 3232 tandem
686 3175 745 3249 ly
770 3192 878 3229 suae
899 3176 1047 3244 fidei,
1077 3173 1338 3249 designat
1364 3173 1775 3241 conditionem,

417 3257 667 3330 speciem
713 3260 768 3312 et
806 3255 1142 3328 qualitatem
1190 3261 1344 3311 actus
1389 3253 1680 3321 credendi,
1724 3259 1781 3311 et

417 3337 696 3411 principii
739 3337 908 3409 hujus
936 3351 1220 3402 assensus,
1253 3341 1308 3393 et
1331 3334 1616 3410 significat
1655 3350 1779 3393 esse

408 3416 902 3491 supernaturalia.
936 3417 1004 3470 Et
1044 3416 1108 3472 in
1136 3416 1240 3473 hoc
1265 3433 1433 3473 sensu
1475 3432 1772 3491 negamus,

411 3498 564 3572 quod
604 3497 792 3555 fidelis
830 3496 1036 3554 habeat
1076 3496 1453 3555 infallibilem
1499 3513 1614 3553 suae
1641 3495 1774 3553 fidei

410 3577 837 3635 certitudinem.
862 3575 1027 3633 Unde
1049 3592 1167 3633 non
1189 3574 1514 3650 obligamur
1538 3575 1777 3632 reddere

410 3664 693 3733 quantum
716 3656 785 3714 ad
807 3658 912 3713 hoc
933 3656 1215 3714 rationem
1238 3655 1593 3728 disparitatis
1620 3656 1776 3719 inter

407 3740 679 3814 gratiam,
709 3743 765 3796 et
786 3736 988 3804 fidem;
1018 3736 1117 3794 sed
1139 3736 1345 3809 majori
1369 3736 1774 3809 consequentia

410 3820 791 3892 procedimus,
823 3821 892 3873 Et
919 3817 1361 3875 fundamentum
1404 3817 1573 3891 hujus
1613 3832 1773 3875 reso-

409 3899 652 3956 lutionis
677 3904 761 3956 est
789 3896 1073 3963 illudmet,
1105 3897 1254 3970 quod
1289 3912 1462 3968 supra
1487 3896 1772 3969 expendi-

410 3996 542 4037 mus
581 3979 651 4036 ad
696 3977 1109 4036 excludendam
1158 3975 1533 4033 infallibilem
1572 3978 1772 4052 gratiae

408 4059 833 4118 certitudinem.
861 4062 1006 4114 Nam
1028 4057 1177 4130 quod
1203 4057 1314 4123 hic,
1344 4062 1401 4114 et
1421 4073 1576 4114 nunc
1595 4059 1770 4116 homo

411 4139 617 4197 habeat
662 4138 922 4196 habitum
969 4137 1104 4194 fidei
1142 4139 1667 4209 supernaturalem,
1713 4142 1771 4196 et

408 4220 560 4295 quod
580 4221 1079 4294 supernaturalem
1100 4220 1221 4293 ejus
1242 4234 1535 4276 assensum
1557 4220 1762 4288 eliciat,

381 4317 530 4372 ,non
555 4307 639 4358 est
660 4301 977 4358 revelatum
1000 4316 1033 4356 a
1057 4302 1168 4355 Deo
1193 4321 1206 4355 :
1231 4315 1366 4373 ergo
1386 4298 1620 4356 credens
1648 4316 1766 4357 non

406 4383 578 4441 habet
621 4383 1028 4442 certitudinem
1076 4381 1210 4438 fidei
1259 4382 1625 4451 immediatae,
1673 4385 1766 4440 vel

406 4464 670 4522 mediatae
709 4463 780 4520 de
806 4480 892 4531 eo,
923 4463 1072 4537 quod
1101 4470 1295 4520 utatur
1335 4462 1529 4519 habitu
1558 4479 1765 4536 super-

404 4546 680 4615 naturali,
712 4549 770 4601 et
795 4545 984 4602 eliciat
1022 4545 1522 4617 supernaturalem
1565 4560 1764 4601 assen—

399 4644 549 4684 sum.
572 4629 793 4682 Rursus
814 4624 999 4683 fidelis
1022 4641 1139 4682 non
1163 4623 1332 4680 habet
1358 4625 1601 4696 speciem
1627 4641 1765 4697 pro-

399 4709 590 4782 priam
612 4706 1178 4781 supernaturalitatis
1195 4711 1432 4778 repertae
1453 4706 1514 4761 in
1537 4705 1755 4773 habitu,

394 4793 452 4847 et
497 4794 623 4845 actu
673 4786 809 4844 fidei
844 4807 857 4842 ε
899 4802 1034 4860 ergo
1075 4787 1272 4859 nequit
1309 4784 1623 4851 evidenter,
1669 4785 1760 4843 vel

391 4868 727 4936 scientifice,
762 4868 856 4924 vel
881 4866 1414 4940 experimentaliter
1440 4864 1761 4938 deprehen-

391 4951 526 5010 dere
553 4952 735 5008 talem
763 4949 1384 5021 supernaturalitatem.

457 5031 695 5092 Accedit
719 5031 916 5100 etiam,
941 5029 1091 5103 quod
1119 5029 1190 5085 ad
1219 5044 1511 5086 assensum
1552 5044 1758 5102 super-

2007 1383 2121 1438 Nec
2147 1383 2365 1439 motiva
2392 1384 2454 1440 in
2500 1385 2862 1442 contrarium
2892 1391 3116 1461 urgent.
3168 1390 3298 1446 Non
3336 1388 3493 1488 ffiffiigg

1934 1461 2209 1535 primum,
2234 1465 2372 1537 quia
2395 1467 2457 1521 D.
2485 1466 2689 1523 Thom.
2722 1468 2979 1540 loquitur
3018 1468 3088 1526 de
3120 1472 3297 1527 certi·
3325 1495 3493 1539 respou-

1933 1543 2131 1602 tudine
2157 1547 2307 1603 circa
2332 1545 2612 1621 objectum
2635 1548 2936 1606 creditum.
2968 1551 3049 1606 De
3064 1554 3291 1621 ratione,
3308 1535 3510 1631 cssigrffffn-

1932 1624 2137 1697 inquit,
2170 1628 2296 1699 fidei
2316 1635 2411 1694 cst,
2445 1629 2588 1705 quod
2612 1630 2771 1685 homo
2795 1633 2868 1685 sit
2893 1638 3071 1688 certus
3095 1633 3158 1687 dc
3183 1634 3290 1698 his,
3360 1640 3439 1679 1¹1¹·-

1932 1724 2164 1785 quorum
2184 1709 2341 1765 habet
2360 1711 2542 1782 fidem.
2556 1713 2698 1767 Cum
2727 1717 2919 1767 autem
2948 1718 3138 1785 postea
3156 1714 3296 1772 sub-

1930 1783 2015 1841 dit
2041 1807 2054 1842 :
2084 1786 2161 1843 Et
2183 1789 2300 1844 ideo
2345 1791 2671 1867 quicumque
2695 1791 2857 1846 habet
2881 1794 3187 1862 scientiam,
3212 1795 3298 1849 vel

1927 1866 2117 1937 fidem,
2166 1876 2343 1925 certus
2380 1876 2456 1924 est
2495 1887 2550 1925 sc
2586 1870 2780 1926 habere
2806 1915 2819 1938 ,
2876 1888 2993 1928 non
3039 1872 3301 1948 designat

1927 1945 2201 2015 scientiae,
2229 1952 2326 2005 aut
2351 1946 2484 2005 fidei
2510 1950 2864 2022 qualitatem,
2897 1968 2971 2009 an
2991 1954 3206 2011 scilicet
3225 1955 3304 2010 sit

1926 2031 2404 2101 supernaturaliS,
2440 2032 2532 2089 vel
2556 2049 2706 2100 non3
2735 2034 2833 2090 sed
2859 2037 3047 2093 solum
3070 2038 3295 2105 asserit,

1926 2110 2074 2185 quod
2102 2111 2339 2169 credens
2366 2129 2438 2170 ex
2464 2114 2587 2187 ipso
2612 2119 2735 2172 actu
2757 2116 3027 2174 credendi
3056 2120 3295 2192 experi-

1927 2197 2021 2249 tur
2046 2194 2343 2252 evidenter
2368 2211 2428 2252 se
2450 2196 2680 2253 credere
2705 2219 2718 2252 ε
2741 2199 2890 2270 quod
2917 2199 3132 2272 optime
3162 2200 3296 2258 fieri

1925 2274 2097 2340 valet,
2129 2275 2272 2348 quin
2292 2274 2604 2345 evidenter,
2645 2283 2743 2333 aut
2767 2279 3163 2337 infallibiliter
3190 2297 3291 2339 co-

1923 2360 2156 2430 gnoscat
2175 2357 2512 2429 qualitatem
2542 2374 2803 2416 assensus
2829 2360 2981 2419 fidei.
3036 2364 3146 2419 Per
3186 2363 3294 2419 hoc

1924 2440 2117 2493 tamen
2146 2437 2399 2511 assignat
2424 2454 2765 2513 congruam,
2781 2446 2837 2497 et
2864 2442 3149 2514 optimam
3173 2441 3296 2499 dif-

1922 2517 2181 2574 ferentiae
2205 2519 2489 2576 rationem
2510 2520 2664 2579 inter
2703 2523 3109 2581 certitudinem
3133 2523 3289 2593 fidei,

1922 2605 1975 2656 et
2001 2600 2232 2675 gratiae3
2264 2618 2401 2658 nam
2429 2602 2546 2659 haec
2593 2619 2711 2660 non
2741 2604 3038 2673 abstrahit,
3062 2606 3161 2664 sed
3187 2606 3294 2665 de-

1922 2682 2228 2738 terminate
2256 2682 2530 2755 importat
2552 2685 2838 2743 rationem
2863 2686 3066 2744 formas
3090 2704 3295 2761 super-

1921 2762 2204 2818 naturalis
2229 2785 2242 2829 ;
2298 2767 2354 2819 et
2422 2763 2657 2821 aliunde
2710 2767 2941 2823 nullum
2986 2768 3292 2826 evidenter

1918 2843 2251 2915 experimur
2272 2843 2394 2917 ejus
2419 2843 2702 2913 effectum,
2746 2864 2857 2921 quo
2892 2853 3046 2908 certo
3102 2851 3289 2924 possi-

1917 2938 2048 2978 mus
2073 2922 2144 2980 de
2162 2924 2595 2997 ejusexistentia
2605 2926 2880 2999 judicare.
2898 2929 3066 2987 Fides
3088 2935 3281 2988 autern

1917 3001 2199 3060 abstrahit
2225 3020 2258 3060 a
2280 3008 2551 3072 naturali,
2583 3012 2639 3063 et
2658 3011 3105 3081 supernaturali,
3138 3016 3192 3068 et
3220 3011 3282 3068 in

1917 3082 2298 3142 abstractione
2328 3087 2477 3159 parit
2509 3087 2772 3146 effectum
2798 3090 3066 3148 credendi
3097 3110 3110 3144 :
3145 3093 3281 3166 quia

1916 3162 1979 3218 in
1999 3163 2199 3221 eadem
2224 3164 2603 3226 abstractione
2623 3176 2884 3243 sumptus
2912 3171 3132 3229 inducit
3151 3174 3281 3230 evi-

1914 3242 2145 3302 dentem
2170 3246 2443 3305 notitiam
2465 3248 2619 3317 fidei,
2653 3251 2784 3307 licet
2803 3268 2921 3309 non
2948 3254 3280 3312 manifestet

1912 3324 2033 3398 ejus
2079 3327 2439 3400 qualitatem.
2472 3330 2635 3388 Unde
2681 3331 2853 3390 homo
2904 3338 3087 3406 potest
3126 3339 3279 3392 certo

1910 3421 2245 3479 cognoscere
2290 3424 2351 3465 se
2384 3410 2594 3468 habere
2627 3410 2819 3481 fidem,
2865 3416 3133 3487 quamvis
3160 3432 3276 3474 non

1912 3489 2087 3560 possit
2121 3493 2275 3546 certo
2302 3505 2636 3564 cognoscere
2655 3509 2716 3551 se
2743 3494 2955 3552 habere
3005 3497 3273 3571 gratiam.

1911 3572 1981 3626 Et
2006 3571 2070 3626 in
2098 3570 2298 3630 eodem
2323 3590 2493 3631 sensu
2517 3576 2772 3647 loquitur
2794 3578 2862 3640 D.
2888 3578 3275 3652 Augustinus3

1910 3667 2045 3707 nam
2070 3657 2130 3707 ut
2150 3654 2359 3727 aliquis
2394 3656 2780 3730 interrogatus
2821 3657 2997 3728 possit
3036 3660 3277 3731 respon-

1907 3732 2044 3790 dere
2062 3750 2124 3791 se
2148 3751 2271 3794 esse
2298 3737 2547 3805 fidelem,
2579 3737 2718 3794 satis
2738 3742 2841 3805 est,
2873 3739 3023 3810 quod
3044 3740 3272 3809 habeat,

1905 3818 1963 3887 et
1981 3819 2135 3873 certo
2182 3822 2478 3893 cognoscat
2514 3813 2575 3874 'se
2600 3816 2810 3874 habere
2836 3817 3008 3876 fidem
3030 3820 3234 3895 objecti
3261 3846 3275 3890 ;

1906 3893 2038 3950 licet
2064 3895 2289 3970 ignoret
2318 3899 2487 3973 hujus
2513 3896 2646 3954 fidei
2667 3897 3040 3972 subjectivam
3080 3903 3279 3974 quali·-

1904 3979 2098 4032 tatem.
2122 3978 2191 4033 Et
2212 3978 2348 4035 hinc
2371 3983 2522 4052 patet
2541 3977 2612 4035 ad
2631 3978 2943 4036 secundum
2960 3983 3272 4042 motivum.

1902 4053 1989 4111 Ad
2018 4059 2239 4113 tertium
2277 4060 2705 4134 respondemus,
2757 4060 2907 4133 quod
2960 4067 3022 4117 ut
3061 4064 3272 4137 aliquis

1902 4135 2029 4193 sine
2050 4141 2371 4200 temeritate
2395 4144 2550 4217 juret
2576 4157 2636 4198 se
2651 4157 2772 4199 esse
2787 4140 3036 4211 fidelem,
3062 4144 3270 4203 sufficit

1902 4216 2115 4277 habere
2140 4223 2546 4280 certitudinem
2574 4222 2708 4280 fidei
2740 4221 2810 4280 de
2832 4223 3065 4297 object0,
3096 4230 3153 4282 et
3196 4226 3267 4284 de

1901 4313 2154 4368 assensu,
2179 4303 2456 4378 quidquid
2483 4305 2559 4360 sit
2584 4303 2655 4360 de
2672 4304 2949 4377 qualitate
2975 4305 3144 4379 hujus
3171 4323 3266 4364 as·-

1899 4395 2100 4437 sensus
2125 4407 2138 4450 ;
2164 4385 2325 4457 jurat
2368 4386 2528 4443 enim
2554 4400 2616 4442 se
2642 4386 2872 4443 credere
2894 4409 2902 4418 ·
2921 4387 3122 4443 omnia
3142 4405 3267 4463 quae

1898 4460 2059 4519 docet
2079 4465 2326 4523 Ecclesia
2348 4468 2625 4532 Romana,
2657 4465 2754 4523 sed
2778 4482 2894 4523 non
2911 4467 3091 4540 jurat,
3116 4471 3266 4542 quod

1898 4549 2070 4610 actus,
2122 4562 2234 4618 quo
2280 4546 2479 4614 credit,
2529 4547 2988 4619 supernaturalis
3027 4550 3121 4617 sit,
3171 4555 3265 4609 vel

1898 4623 2102 4681 habeat
2128 4641 2249 4683 esse
2273 4629 2414 4682 sicut
2436 4634 2660 4701 oportet.
2687 4626 2849 4691 Quod
2870 4628 2918 4683 si
2948 4626 3018 4685 de
3045 4629 3149 4687 hoc
3177 4631 3269 4688 in-

1896 4707 2235 4780 terrogetur,
2271 4722 2386 4763 non
2411 4712 2595 4779 posset
2622 4706 2679 4762 id
2703 4707 2914 4781 absque
2938 4712 3264 4771 temeritate

1889 4786 2110 4858 jurare.
2136 4789 2270 4851 Quae
2289 4789 2486 4845 omnia
2532 4787 2867 4846 confirmari
2909 4785 3093 4866 magis
3128 4811 3264 4867 pos-

1892 4872 2027 4924 sunt
2040 4883 2110 4924 ex
2131 4883 2216 4937 ec,
2243 4868 2392 4941 quod
2419 4870 2573 4927 inter
2598 4871 2912 4946 Theologos
2939 4873 3262 4934 catholicos
3286 4939 3292 4944 ,

1892 4949 2020 5016 fuit,
2045 4955 2102 5005 et
2120 4955 2206 5006 est
2224 4949 2532 5023 disputatio
2546 4951 2697 5008 circa
2717 4953 3051 5027 qualitatem
3068 4971 3261 5014 assen-

1890 5047 1986 5087 sus
2005 5029 2139 5088 fidei
2163 5031 2530 5107 Theologicae,
2577 5049 2651 5090 an
2695 5033 2910 5094 scilicet
2954 5037 3255 5098 entitativc
