3647 5753
1311 402 1490 459 DISP.
1536 403 1655 468 vn,
1698 403 1863 460 DUB.
1908 406 2004 460 111.
2980 411 3057 466 59

88 596 118 641 ιε,
193 576 427 634 bonum.
457 577 618 635 Judae
646 578 1017 641 canonic-ain
1044 577 1193 636 fine:
1243 577 1320 637 Ei
1350 587 1556 644 autem,

88 645 170 677 '¹⁰'
190 661 296 735 qui
320 667 514 732 potens
537 669 613 715 est
651 677 747 715 vos
773 677 1091 719 conservare
1115 664 1232 718 sine
1249 671 1491 736 peccato,
1511 670 1562 718 et

184 742 524 796 constituere
542 748 670 796 ante
682 748 1021 814 conspectum
1036 741 1222 811 yloriae
1234 761 1341 798 suar
1355 745 1560 799 imma-

182 821 434 876 culatos.
476 824 610 886 Quae
636 820 967 877 testimonia
1009 827 1144 877 sunt
1189 821 1328 880 adeo
1363 824 1558 880 mani-

181 901 360 966 resta,
395 908 457 959 ut
483 904 611 960 sine
637 902 862 978 ingenti
907 902 1106 961 errore
1132 904 1195 959 in
1242 905 1379 962 Fide
1416 922 1559 963 con—

177 981 315 1038 cedi
368 998 486 1039 non
531 983 726 1055 possit,
775 982 925 1055 quod
965 986 1112 1040 Deus
1150 985 1225 1040 sit
1271 985 1559 1058 impotens

88 1071 143 1113 Ἦ·
182 1066 449 1138 aliquem
491 1065 797 1121 hominem
842 1070 1193 1122 convertere.
1241 1065 1407 1122 Unde
1435 1070 1556 1122 Au·-

177 1151 339 1219 gust.
387 1162 509 1217 cap.
560 1146 630 1200 97
673 1142 998 1200 Euchiridii
1027 1187 1040 1209 ,
1081 1146 1202 1201 ait:
1251 1145 1391 1218 Quis
1440 1153 1556 1202 tam

181 1227 365 1297 impie
408 1226 663 1297 desipiat,
698 1231 754 1279 ut
778 1225 927 1281 dicat
954 1224 1131 1281 Deum
1159 1226 1346 1281 malas
1372 1227 1557 1282 homi-

180 1323 326 1360 num
378 1305 702 1369 voluntates,
734 1323 873 1383 quas
908 1304 1164 1372 voluerit,
1220 1307 1443 1382 quando
1465 1325 1578 1363 vom

178 1388 386 1453 luerit,
429 1387 691 1464 quomodo
735 1388 1001 1452 voluerit,
1046 1387 1142 1442 ubi
1182 1388 1435 1455 voluerit,
1493 1392 1554 1444 in

175 1468 392 1523 bonum
420 1485 529 1521 non
571 1484 723 1539 posse
767 1475 1070 1522 convert-ere
1094 1469 1125 1523 ?
1170 1470 1237 1523 Et
1265 1471 1326 1524 in
1349 1469 1444 1524 lib.
1489 1471 1553 1525 de

167 1550 397 1617 gyratio,
425 1554 476 1601 et
515 1546 678 1601 libero
704 1547 954 1615 arbitrio,
988 1565 1109 1620 cap.
1150 1549 1232 1612 14,
1265 1549 1386 1604 ait:
1417 1549 1553 1606 Rec-

172 1630 401 1684 tissime
445 1629 716 1684 credimus
758 1632 927 1685 etiam
950 1646 1255 1702 perversas,
1306 1638 1355 1684 et
1393 1630 1552 1687 Fidei

167 1711 503 1765 contrarias
546 1709 854 1765 voluntates
903 1713 1320 1783 omnipotentem
1378 1711 1549 1768 Deum

159 1807 330 1861 posse
350 1796 677 1845 convertere.
704 1791 771 1844 Et
800 1790 892 1846 lib.
917 1791 982 1844 de
1007 1797 1236 1863 corrept.
1263 1798 1313 1846 et
1335 1794 1544 1861 qratia,

165 1888 301 1943 cap.
344 1872 431 1935 14,
463 1869 651 1943 inquit
686 1891 698 1925 :
742 1869 949 1927 Valenti
966 1872 1185 1927 salvum
1211 1873 1392 1945 facere
1417 1874 1549 1929 nul-

167 1951 297 2004 lum
310 1951 559 2005 hominis
569 1951 771 2006 resistit
786 1950 1083 2007 arbitrium
1097 1970 1117 2019 ‚·
1135 1955 1214 2007 sic
1227 1955 1371 2008 enim
1393 1955 1544 2021 velle,

169 2030 265 2085 vel
287 2031 435 2085 nolle
459 2032 519 2085 in
540 2030 785 2095 volentis,
810 2039 908 2086 aut
925 2031 1156 2086 nolentis
1174 2039 1542 2105 estpotestate,

171 2118 239 2165 ut
267 2110 528 2165 divinam
551 2112 883 2166 voluntatem
904 2128 1015 2166 non
1028 2113 1306 2184 impediat.
1330 2131 1424 2168 nec
1449 2132 1548 2169 su·

167 2199 325 2264 peret
348 2198 692 2264 potestatem.
721 2193 789 2246 Et
817 2191 972 2247 addit
1006 2213 1018 2247 :
1044 2190 1263 2248 Habeas
1281 2194 1548 2250 humano·

172 2289 306 2327 rum
328 2272 583 2327 cordium
602 2289 704 2349 quo
719 2273 920 2344 placet.
952 2272 1398 2328 inclinandorum
1426 2293 1548 2330 om-

171 2355 679 2426 nipotentissimam
714 2361 1045 2425 potestatem.
1097 2355 1164 2408 Et
1202 2362 1381 2431 quoest.
1415 2358 1449 2410 2
1474 2359 1549 2412 ad

137 2430 639 2506 'Simplicianmm
681 2436 829 2489 circa
856 2435 1114 2498 medium,
1148 2434 1336 2507 inquit
1364 2456 1376 2489 :
1409 2439 1549 2507 Quis

165 2513 328 2568 dicat
351 2512 590 2584 defuisse
611 2512 724 2569 Deo
744 2514 965 2568 modum
983 2514 1234 2580 vocandi,
1253 2532 1358 2591 quo
1378 2519 1547 2571 etiam

169 2592 340 2649 Esau
388 2592 466 2647 ad
503 2610 624 2647 eam
649 2594 811 2664 fidem
838 2600 1065 2648 mentem
1089 2595 1413 2666 applicaret,
1447 2613 1547 2651 vo-

168 2675 554 2750 luntatemque
574 2675 937 2744 conjunyeret,
965 2676 1026 2728 in
1046 2691 1154 2751 qua
1179 2674 1350 2730 Jacob
1367 2677 1543 2746 justi-

164 2756 378 2825 ficatus
404 2762 480 2809 est
501 2756 531 2809 P
570 2755 801 2810 Similia
831 2754 1035 2827 repetit
1079 2758 1140 2810 in
1182 2756 1278 2811 lib.
1321 2758 1384 2812 de
1410 2758 1546 2813 bono

173 2840 616 2909 perseverantiae,
665 2856 784 2910 cap.
829 2840 882 2904 8,
930 2846 980 2894 et
1019 2840 1080 2894 in
1117 2840 1209 2897 tib.
1259 2839 1323 2895 de
1357 2843 1545 2911 qratia

175 2919 424 2985 Christi,
448 2938 570 2992 cap.
588 2923 660 2976 24
681 2927 737 2976 et
758 2920 896 2976 alibi
923 2938 1088 2993 saspe.
1106 2922 1206 2978 Cui
1230 2931 1546 2980 consonant

89 3015 150 3096 {r-
173 3001 527 3073 Hieronym.
556 2999 760 3056 Mami.
784 3002 839 3064 9,
872 3000 1135 3092 Ambrosn.
1168 3001 1325 3058 Lucas
1351 3004 1401 3070 9,
1447 3003 1541 3060 lib.

175 3079 472 3229 aaa?
499 3079 965 3225 filsea-„2331
988 3080 1408 3232 §aaziae
1434 3084 1541 3218 :131

89 3215 132 3292 ἓ
170 3244 221 3292 et
243 3236 348 3292 tib.
402 3238 455 3301 2,
488 3255 609 3310 cap.
654 3240 689 3292 8
711 3243 766 3294 et
813 3238 875 3293 in
897 3239 1155 3295 carmine
1181 3238 1251 3295 de
1273 3242 1538 3314 ingratis,

89 3313 139 3342 '¹¹‘
171 3335 305 3390 cap.
369 3318 431 3371 14
459 3325 510 3372 et
562 3320 646 3383 15,
680 3319 1013 3392 Fulgentius
1039 3321 1104 3374 de
1153 3320 1447 3378 Incarnat.
1494 3332 1543 3378 et

169 3399 369 3468 qratia
397 3396 626 3475 Christi,
651 3415 777 3469 cap.
824 3399 898 3453 29
930 3405 981 3454 et
1003 3400 1098 3457 tib.
1152 3402 1168 3455 l
1203 3402 1277 3455 ad
1302 3402 1538 3460 Monim.

172 3497 307 3552 cap.
348 3480 433 3543 12,
485 3479 688 3535 Petrus
736 3480 1015 3538 Diaconus
1058 3482 1122 3536 de
1153 3482 1444 3541 Incarwzt.
1494 3493 1544 3540 et

170 3562 392 3630 qratia,
438 3576 557 3631 cap.
583 3561 636 3624 8,
668 3566 724 3616 et
747 3559 995 3632 denique
1027 3565 1413 3621 communiter
1435 3566 1542 3621 alii

178 3642 403 3697 Patres.
439 3638 601 3696 Unde
648 3639 796 3712 apud
826 3642 1134 3699 Ecclesiam
1189 3645 1541 3702 orientalem

88 3741 144 3784 sii.
181 3719 307 3775 haec
325 3735 398 3774 ex
440 3721 507 3774 D.
535 3719 750 3776 Basilio
778 3720 887 3777 fuit
906 3724 1230 3779 communis
1256 3726 1454 3792 oratio,
1482 3731 1563 3781 ut.

182 3798 364 3856 refert
392 3801 592 3855 Petrus
631 3800 914 3857 Diaconos
936 3801 1036 3858 lib.
1085 3803 1156 3859 de
1178 3806 1462 3862 incarnat.
1487 3811 1544 3862 et

178 3879 390 3952 gratia,
418 3895 540 3952 cap.
570 3882 603 3934 8
630 3901 644 3935 :
670 3880 872 3945 Malos.
910 3899 1231 3958 qux-summ,
1265 3885 1429 3940 bonos
1447 3888 1545 3958 sa—

180 3963 339 4026 cito;
382 3960 546 4015 bonos
603 3963 663 4015 in
717 3962 957 4017 bonitate
1008 3982 1312 4033 conserva;
1355 3970 1544 4023 omnia

180 4044 331 4096 enim
361 4048 549 4113 potes:
577 4060 733 4119 quem
752 4047 898 4099 enim
920 4046 1175 4113 volucria,
1231 4049 1451 4104 salvas:
1495 4057 1545 4104 et

185 4139 298 4176 non
321 4127 399 4176 est
423 4123 520 4198 qui
538 4124 758 4177 resistat
779 4124 898 4180 tibi.
1471 4141 1476 4146 ’

88 4221 126 4252 ιι
257 4202 353 4255 86.
401 4201 582 4274 Hujus
629 4202 872 4259 rationis
912 4204 1133 4276 pondus
1172 4206 1546 4264 vehementer

87 4270 146 4348 ἵζ’·
184 4281 402 4353 premit
439 4281 837 4348 Adversarios,
883 4291 939 4339 et
977 4285 1040 4339 in
1087 4286 1278 4343 varios
1317 4287 1543 4344 dicendi

185 4358 387 4416 modos
415 4360 660 4428 adducit,
685 4378 930 4433 quorum
962 4365 1399 4438 principaliores
1428 4374 1548 4423 tan-

182 4446 310 4496 tum
341 4441 679 4505 referemus,
717 4447 773 4497 et
818 4443 1261 4502 contutabimus.
1296 4446 1546 4511 Quidam

179 4517 460 4574 dixerunt
523 4519 641 4575 haec
694 4521 1022 4579 testimonia
1066 4526 1256 4580 solum
1307 4524 1542 4590 docere,

176 4596 336 4668 quod
367 4599 515 4652 Deus
561 4598 737 4669 possit
763 4602 958 4656 omnia
980 4619 1105 4674 quae
1145 4605 1287 4666 vult.
1318 4612 1374 4659 et
1400 4604 1548 4676 quod

183 4678 296 4734 Deo
322 4678 537 4732 volenti
588 4679 816 4734 nullum
848 4682 1072 4737 resistat
1114 4682 1452 4752 arbitrium,
1490 4691 1550 4741 ut

177 4756 244 4811 ia
301 4756 564 4827 pluribus
592 4772 796 4814 eorum
826 4761 1111 4819 insinuari
1145 4763 1399 4819 videtur.
1436 4767 1550 4822 Hoc

178 4843 397 4899 autem,
448 4834 734 4906 inquiunt,
766 4838 892 4896 ideo
935 4843 1198 4914 est,quia
1227 4846 1376 4899 Deus
1429 4860 1549 4900 non

181 4915 313 4969 vult
354 4929 696 4970 consensum
727 4925 1005 4983 nostrum,
1058 4923 1170 4978 nisi
1214 4939 1316 4996 per
1358 4925 1552 4981 scien-

181 4995 330 5049 tiam
376 4992 633 5051 mediam
679 4997 848 5055 illum
886 5001 1215 5073 praeviderit
1259 5003 1554 5061 conditio·

1695 579 1828 631 nate
1886 575 2168 633 futurum.
2229 578 2566 652 Hujusmodi
2633 594 2769 635 vero
2807 579 3051 636 scientia

1694 659 2117 732 praesupposita,
2150 667 2345 716 manet
2384 663 2531 716 Deus
2558 660 2819 734 expedite
2843 667 3042 735 potens

1692 734 1764 793 ad
1822 738 2171 795 causandum
2211 739 2508 796 efficaciter
2547 756 2887 800 consensum
2920 760 2933 794 ε
2991 746 3049 798 et

1693 816 1943 872 liberum
1962 817 2268 875 arbitrium
2293 836 2409 877 non
2431 822 2642 877 resistit
2659 824 2771 878 Deo
2791 822 3041 887 vocanti,

1692 899 1811 954 imo
1854 914 1956 955 nec
1985 900 2248 958 resistere
2295 903 2500 973 poterit
2528 903 2591 958 in
2619 919 2789 959 sensu
2811 919 3046 976 compo-

1689 979 1818 1045 sito,
1844 981 2240 1056 conjungendo
2262 983 2524 1040 videlicet
2562 984 2885 1040 dissensum
2913 1002 3046 1042 cum

1691 1063 2077 1135 praescientia.
2135 1063 2293 1128 Quod
2339 1065 2541 1122 sufficit
2580 1066 2650 1123 ad
2695 1067 3039 1123 salvandam

1689 1143 2169 1214 omnipotentiam
2196 1144 2480 1202 divinam.

1764 1225 1892 1280 Haec
1932 1230 2124 1282 tamen
2191 1227 2484 1298 responsio
2532 1227 2698 1283 facile
2758 1228 3043 1301 rejicitur.
3084 1265 3225 1308 mm-

1688 1303 1895 1371 Prim0‚
1937 1306 2072 1378 quia
2111 1306 2271 1378 juxta
2314 1307 2477 1362 illam
2526 1323 2640 1364 non
2671 1313 2851 1380 potest
2896 1312 3271 1408 ῡριιεέιῖῗὸἳιθικ

1685 1393 2018 1443 convertere
2039 1389 2413 1454 voluntatem,
2439 1390 2676 1463 quanda,
2701 1396 2749 1443 et
2777 1392 3042 1464 quomodo

1684 1466 1919 1521 voluerit
1944 1486 1964 1533 ,·
1988 1467 2084 1524 sed
2107 1468 2352 1541 quando,
2376 1475 2432 1525 et
2456 1469 2740 1541 quomodo
2768 1471 3040 1529 voluntas

1685 1554 1873 1604 creata
1917 1548 2301 1607 conditionate
2328 1552 2616 1609 voluerit:
2654 1551 2800 1623 quod
2844 1560 3042 1626 aperte

1685 1628 2019 1686 contradicit
2031 1632 2343 1704 Augustino
2360 1648 2534 1704 supra
2547 1632 2734 1689 citato.
2756 1631 3024 1703 Secunda,

1683 1709 1816 1782 quia
1845 1708 1973 1766 ideo
2017 1712 2214 1767 Patres
2263 1711 2505 1784 probant
2533 1715 2711 1768 Deum
2741 1728 2903 1785 posse
2925 1715 3034 1772 ho-

1684 1790 1902 1846 minem
1949 1795 2300 1858 convertere,
2356 1794 2487 1868 quia
2526 1796 2713 1848 omnia
2746 1801 2941 1866 potest,
2977 1802 3039 1851 ut.

1681 1877 1900 1928 constat
1923 1887 1993 1928 ex
2027 1873 2286 1929 oratione
2333 1876 2395 1928 D.
2442 1874 2641 1929 Basilii
2674 1898 2688 1941 ;
2743 1881 2798 1931 et
2841 1881 3038 1933 tamen

1676 1951 1839 2024 juxta
1881 1951 2163 2023 principia
2187 1952 2437 2008 scientiae
2467 1952 2691 2017 mediae,
2731 1959 2787 2010 et
2815 1952 3032 2011 doctri-

1683 2046 1817 2087 nam
1867 2031 2034 2104 hujus
2070 2033 2476 2103 responsionis,
2519 2035 2663 2088 Deus
2693 2048 2808 2091 non
2857 2040 3037 2106 potest

1681 2125 1914 2165 causare
1929 2126 2158 2167 omnem
2172 2110 2632 2177 consensum,sed
2649 2112 2835 2168 solum
2863 2114 3034 2169 illum

1680 2205 2037 2256 consensum,
2052 2206 2220 2263 quem
2238 2189 2500 2263 praevidit
2522 2192 2802 2248 futurum.
2832 2193 3030 2260 Tertio,

1680 2271 1813 2345 quia
1839 2272 1983 2327 Deus
2011 2286 2127 2327 non
2156 2271 2289 2344 agit,
2318 2271 2428 2327 nisi
2461 2274 2867 2344 praesupposito
2889 2275 3042 2346 quod

1680 2353 1838 2418 velit,
1874 2357 1934 2406 ut
1960 2352 2079 2407 haec
2102 2352 2393 2424 responsio
2420 2353 2595 2409 tradit
2622 2375 2634 2410 ε
2677 2353 2773 2410 sed
2795 2355 3037 2412 scientia

1680 2432 1870 2489 media
1911 2434 2151 2506 impedit
2198 2437 2396 2499 Deum,
2433 2439 2493 2489 ut
2519 2436 2694 2507 possit
2719 2437 2869 2492 velle
2895 2453 3037 2493 con-

1678 2530 1934 2578 sensum,
1959 2514 2006 2569 si
2026 2514 2288 2586 praevidit
2307 2514 2627 2571 dissensum
2653 2515 3040 2573 conditionate

1681 2593 1959 2658 futurum,
2024 2599 2085 2648 ut
2130 2594 2327 2650 eadem
2377 2596 2671 2666 responsio
2716 2596 3030 2669 supponitz

1678 2689 1812 2746 ergo
1860 2672 2117 2745 impedit,
2150 2689 2222 2729 ne
2262 2676 2406 2729 Deus
2434 2675 2607 2745 possit
2638 2674 2856 2731 efficere
2889 2690 3034 2731 con-

1677 2769 1931 2819 sensum,
1963 2759 2131 2825 atque
2154 2753 2277 2809 ideo
2297 2759 2629 2810 convertere
2644 2755 3022 2812 voluntatem.

1680 2835 1910 2908 Quarto,
1948 2835 2081 2907 quia
2119 2835 2429 2907 Scriptura,
2480 2842 2535 2893 et
2564 2838 2759 2893 Patres
2804 2837 3022 2900 docent.

1677 2916 1826 2991 quod
1849 2920 1993 2972 Deus
2018 2918 2196 2989 possit
2223 2916 2476 2974 absolute
2496 2935 2909 2996 quemcumque
2935 2921 3037 2979 ho·

1679 2999 1897 3053 minem
1918 2996 1985 3052 ad
2007 3014 2066 3053 se
2091 3005 2454 3065 convertere5
2480 3000 2557 3055 ita
2583 3005 2642 3054 ut
2667 3001 2933 3085 impietas
2954 3001 3032 3057 sit

1680 3076 1737 3132 id
1762 3093 1878 3133 non
1909 3076 2211 3134 concedere
2244 3098 2257 3132 :
2294 3081 2348 3132 at
2378 3085 2781 3151 argumentum
2806 3097 2837 3136 a
2864 3080 3033 3136 nobis

1679 3157 1887 3213 factum
1918 3156 2119 3231 probat
2133 3156 2293 3229 juxta
2327 3157 2608 3230 principia
2627 3160 2878 3215 scientiae
2901 3176 3027 3217 me-

1678 3236 1785 3308 diae
1823 3237 1949 3293 dari
1975 3251 2133 3309 posse
2160 3236 2424 3294 homines
2451 3254 2484 3293 a
2510 3241 2624 3295 Deo
2666 3239 3026 3296 inconverti-

1679 3316 1839 3383 biles,
1863 3334 1959 3375 eos
1980 3318 2261 3374 nimirum
2278 3334 2416 3390 quos
2435 3320 2579 3374 Deus
2594 3318 2738 3375 forte
2755 3319 3022 3391 praevidit

1679 3404 2093 3472 repugnaturos
2119 3398 2279 3454 omni
2303 3398 2538 3464 auxilio,
2573 3398 2719 3471 quod
2741 3405 2824 3456 est
2845 3401 3030 3472 possi-

1679 3474 1808 3546 bile,
1834 3485 1890 3534 et
1915 3479 2250 3552 contingens
2277 3499 2290 3533 :
2319 3484 2375 3534 et
2401 3477 2726 3551 hujusmodi
2756 3480 3030 3538 inconve-

1676 3557 1844 3614 niens
1866 3575 1984 3615 non
2031 3559 2244 3614 vitatur
2273 3557 2538 3629 perhanc
2568 3557 3019 3631 responsionem,

1675 3637 1772 3695 sed
1812 3639 1999 3710 potius
2024 3637 2385 3710 supponitur,
2429 3643 2484 3693 et
2510 3637 2820 3694 devoratur
2853 3656 3028 3714 :ergo

1678 3718 1943 3792 praedicta
1960 3718 2251 3791 responsio
2273 3719 2470 3789 nequit
2483 3721 2774 3776 sustineri.
2798 3720 3024 3792 Quinto,

1676 3800 1809 3873 quia
1850 3799 2013 3872 juxta
2065 3798 2248 3862 illam,
2296 3799 2522 3854 etiamsi
2556 3801 2698 3856 Deus
2744 3816 2863 3857 non
2884 3809 3029 3859 esset

1675 3878 2060 3950 omnipotenS,
2085 3875 2181 3932 sed
2211 3881 2433 3933 tantum
2483 3879 2815 3944 omniscius,
2846 3887 3035 3952 posset

1677 3960 1974 4018 hominem
2022 3958 2319 4014 efficaciter
2355 3965 2705 4027 convertere,
2737 3962 3023 4033 siquidem

1677 4040 1796 4096 haec
1821 4038 2065 4095 efficacia
2112 4054 2229 4094 non
2272 4037 2563 4095 reducitur
2609 4040 2679 4096 ad
2713 4042 2808 4097 Dei
2838 4047 3036 4114 poten-

1676 4122 1839 4186 tiam,
1888 4119 1989 4177 sed
2040 4120 2109 4177 ad
2158 4120 2569 4193 praescientiam
2606 4144 2620 4177 z
2675 4139 3028 4196 consequens

1676 4201 1889 4258 directe
1910 4200 2243 4257 adversatur
2273 4201 2467 4256 relatis
2512 4203 2878 4271 testimoniiS,
2905 4219 3031 4276 quae

1675 4281 1803 4339 ideo
1847 4281 2107 4355 probant,
2142 4285 2320 4340 Deum
2363 4299 2520 4356 posse
2548 4284 2846 4342 hominem
2890 4301 3030 4342 con-

1677 4368 1903 4419 vertere
1927 4405 1939 4427 ,
1990 4363 2124 4435 quia
2164 4363 2359 4419 omnia
2406 4370 2627 4435 potest:
2676 4381 2813 4438 ergo
2838 4408 2851 4430 ‚
2894 4371 3018 4422 etc.

1685 4441 1909 4506 Ultima,
1978 4448 2034 4498 et
2084 4443 2384 4513 principue,
2427 4443 2561 4515 quia
2615 4444 3032 4516 propositiones

1680 4520 2021 4577 doctrinales
2051 4519 2366 4577 indefinita}
2391 4523 2736 4594 aequivalent
2783 4525 3025 4582 univer-

1679 4601 1896 4657 salibus
1929 4622 1942 4655 :
1994 4599 2092 4656 sed
2147 4602 2324 4658 relata
2378 4603 2706 4657 testimonia
2764 4612 3030 4662 asserunt

1682 4679 1984 4737 indefinite
2014 4682 2188 4736 Deum
2216 4696 2373 4752 posse
2392 4688 2726 4738 convertere
2748 4683 3036 4743 homines:

1680 4758 2149 4834 ergosignificant
2170 4764 2350 4816 Deum
2376 4778 2533 4833 posse
2552 4769 2887 4822 convertere
2912 4784 3034 4824 om·

1701 4854 1825 4906 ueS,
1886 4847 1941 4897 et
1966 4839 2226 4912 singulos
2271 4841 2555 4897 homines.
2586 4844 2705 4900 Hoc
2728 4850 2915 4902 autem
2942 4865 3065 4909 non

1695 4923 1950 4979 salvatur
1996 4921 2158 4993 juxta
2210 4920 2357 4976 hanc
2410 4923 2867 4993 responsionem,
2921 4946 3058 4987 cum
3114 4979 3117 4983 .

1685 5001 1896 5058 limitet
1921 4999 2186 5073 praedicta
2212 4999 2540 5056 testimonia
2572 5000 2643 5058 ad
2669 5018 2764 5059 eos
2804 5011 3037 5069 tantum
