3647 5753
402 373 561 475 '560

236 767 427 814 Sccunda

236 819 426 864 diluitur.

286 2872 434 2926 Objcc·

317 2929 394 2967 tio.

258 3282 459 3337 Dispclli-

311 3339 392 3378 tur.

453 604 658 662 cusque
702 587 885 644 dictis.
939 585 1104 642 Unde
1126 586 1223 659 qui
1256 584 1517 659 negative
1545 598 1664 640 non
1690 581 1817 637 vult

448 669 773 744 justificari,
798 663 1054 725 absolute
1075 667 1377 741 justificari
1408 670 1606 738 potest.

529 748 613 803 Ad
636 749 945 806 secundam
968 747 1380 821 respondemus
1408 743 1669 819 negando
1692 742 1819 815 pri-

454 848 610 888 mam
640 831 1124 903 consequentiam.
1158 832 1226 887 Ei
1270 828 1417 885 ratio
1452 824 1813 898 disparitatis

451 918 536 969 est
568 912 880 986 :quoniam
908 911 1006 983 qni
1035 911 1213 967 semel
1241 911 1306 965 in
1349 911 1528 964 Deum
1573 922 1633 963 se
1681 921 1820 963 con-

450 993 645 1059 vertit,
674 992 874 1064 nequit
901 991 1049 1048 hanc
1067 991 1504 1048 conversionem
1535 986 1821 1061 privative

458 1074 746 1139 amittere,
780 1072 894 1128 nisi
941 1088 1042 1145 per
1092 1077 1414 1145 peccatum;
1453 1085 1583 1125 cum
1630 1068 1820 1124 solum

457 1160 747 1229 peccatum
779 1153 956 1226 possit
981 1169 1101 1211 esse
1132 1152 1381 1226 privatio
1395 1149 1674 1223 praedictae
1690 1164 1822 1205 con-

457 1237 760 1295 versionis,
797 1237 1094 1291 Peccatum
1136 1239 1327 1291 autem
1352 1249 1469 1290 non
1492 1236 1672 1306 potest
1698 1246 1821 1288 esse

453 1338 486 1378 a
516 1322 647 1384 Deo,
678 1318 770 1375 vel
797 1317 867 1374 ab
896 1319 1089 1391 aliquo
1138 1315 1423 1389 principio
1472 1314 1816 1380 extrinsecO,

452 1401 549 1458 sed
577 1402 767 1457 solum
810 1414 843 1455 a
882 1396 1188 1470 supposit0,
1221 1396 1284 1450 in
1335 1410 1447 1467 quo
1486 1401 1588 1451 est.
1632 1395 1701 1448 Et
1729 1391 1822 1448 id-

453 1484 606 1540 circo
633 1479 931 1538 conversio
971 1480 1035 1534 in
1083 1482 1264 1534 Deum
1305 1476 1504 1549 nequit
1533 1474 1823 1548 privative

456 1562 695 1627 auferri,
733 1561 845 1617 nisi
873 1559 971 1633 qui
1011 1575 1070 1615 se
1098 1561 1477 1622 converterat,
1531 1560 1734 1629 peccet,
1766 1559 1825 1611 et

457 1647 711 1718 aliquam
739 1642 1131 1717 operationem
1173 1640 1382 1699 eliciat.
1416 1642 1489 1694 At
1518 1643 1820 1712 peccatum

456 1727 750 1785 habituale
778 1729 958 1797 potest
1003 1723 1221 1780 auferri
1272 1723 1366 1779 vel
1414 1737 1514 1793 per
1543 1725 1823 1777 retracta-

458 1811 673 1868 tionem
719 1807 1085 1882 praecedentis
1113 1806 1321 1879 peccati
1347 1805 1602 1861 elicitam
1633 1804 1704 1861 ab
1731 1820 1817 1870 ec,

455 1892 553 1964 qui
579 1889 861 1963 peccavit;
908 1888 997 1944 vel
1031 1903 1130 1961 per
1153 1888 1273 1953 hoc,
1300 1883 1450 1958 quod
1471 1886 1661 1958 ipsum
1694 1900 1825 1958 pec-

457 1978 646 2029 catum
693 1968 984 2025 habituale
1034 1966 1366 2025 destruatur
1419 1982 1520 2038 per
1568 1966 1822 2022 formam

458 2055 797 2127 oppositam,
829 2067 1034 2124 nempe
1053 2051 1302 2125 gratiam
1331 2048 1820 2116 sanctificantem3

459 2141 515 2192 et
555 2132 682 2191 ideo
714 2149 830 2190 non
874 2133 1191 2205 requiritur
1218 2131 1600 2192 determinate
1629 2146 1827 2203 pecca-

459 2215 602 2272 toris
626 2214 902 2287 operatio.
925 2215 1080 2269 Sicut
1107 2213 1205 2285 qui
1229 2211 1557 2269 voluntarie
1584 2227 1643 2267 se
1667 2227 1829 2267 cons-

460 2299 618 2354 tituit
666 2314 765 2370 per
806 2303 1026 2353 motum
1055 2297 1117 2352 in
1149 2296 1341 2368 aliquo
1374 2295 1648 2360 termino,
1674 2294 1829 2350 valet

461 2379 770 2452 dupliciter
798 2378 868 2434 ab
897 2393 962 2433 co
1002 2377 1310 2443 dimoveri,
1343 2391 1552 2447 nempe
1593 2376 1684 2432 vel
1728 2390 1829 2447 per

463 2468 686 2517 motum
740 2461 1061 2535 proprium,
1113 2475 1224 2532 quo
1278 2458 1603 2516 voluntarie
1656 2458 1828 2528 illum

464 2542 783 2598 terminum
810 2542 1129 2613 relinquat;
1159 2540 1247 2596 vel
1279 2558 1380 2614 per
1407 2541 1531 2606 hoc,
1557 2537 1706 2611 quod
1732 2538 1832 2593 in-

464 2620 854 2694 dependenter
884 2621 954 2678 ab
982 2622 1163 2694 ipsius
1204 2623 1500 2679 voluntate
1525 2635 1623 2692 per
1652 2619 1831 2674 aliam

472 2719 700 2760 causam
728 2703 1110 2760 extrinsecam
1154 2720 1185 2759 a
1212 2705 1313 2760 tali
1356 2703 1608 2759 termino
1634 2707 1833 2757 extra-

474 2784 663 2840 hatur.

548 2859 641 2914 41.
673 2856 778 2915 Sed
806 2856 1064 2931 objicies3
1093 2874 1229 2914 nam
1251 2857 1299 2913 si
1331 2857 1434 2914 hoc
1455 2857 1533 2913 ita
1559 2872 1619 2914 se
1640 2855 1829 2924 habet,

477 2940 692 2996 frustra
732 2938 802 2996 de
848 2938 993 2997 facto
1020 2940 1270 3014 exigitur
1317 2939 1386 2995 ab
1423 2937 1616 2995 adulto
1643 2938 1836 3011 aliqua

476 3022 773 3096 dispositio
794 3023 1031 3079 actualis
1055 3046 1068 3089 3
1099 3024 1219 3079 sola
1239 3022 1448 3095 quippe
1472 3022 1658 3097 gratia
1678 3037 1837 3077 sanc·

476 3104 702 3161 tific‘ans
722 3110 777 3159 et
793 3102 1067 3178 justificat
1090 3103 1357 3175 impium,
1376 3109 1430 3160 et
1451 3102 1703 3160 excludit
1731 3118 1836 3159 vo-

478 3188 799 3244 luntarium
828 3192 1116 3259 repertum
1147 3187 1209 3241 in
1234 3191 1454 3259 peccato
1483 3185 1788 3242 habituali.

553 3266 951 3340 Respondetur
997 3266 1258 3340 negando
1303 3268 1593 3340 sequelam
1609 3295 1622 3339 3
1672 3265 1839 3339 plura

442 3386 459 3405 ‚„
478 3351 688 3424 quippe
716 3353 949 3424 possunt
976 3347 1231 3407 absolute
1252 3347 1378 3406 fieri
1409 3349 1618 3425 absque
1645 3349 1841 3423 aliqua

480 3431 852 3504 dispositione
872 3429 1107 3505 subjecti
1133 3454 1146 3501 ;
1172 3446 1298 3507 quae
1324 3434 1520 3491 tamen
1541 3433 1705 3489 illam
1728 3430 1842 3486 dis·

480 3514 823 3590 positionem
877 3518 1332 3575 connaturaliter
1383 3521 1714 3589 exposcunt,
1779 3519 1841 3570 ut

482 3597 774 3655 inductive
819 3599 881 3655 in
929 3598 1218 3655 affectibus
1269 3597 1632 3654 naturalibus
1660 3599 1842 3669 potest

480 3678 721 3736 ostendi.
749 3680 817 3732 Et
840 3678 917 3734 ita
945 3678 1145 3735 accidit
1172 3679 1233 3734 in
1259 3678 1556 3751 praesenti3
1600 3676 1735 3750 quia
1765 3676 1842 3731 li-

479 3767 563 3819 cet
606 3760 788 3833 posita
828 3760 946 3816 sola
1005 3760 1191 3834 gratia
1245 3758 1527 3815 habituali
1553 3801 1565 3826 ,
1626 3760 1843 3833 impius

482 3839 862 3897 mundaretur
891 3856 922 3895 a
948 3841 1133 3912 culpa,
1166 3844 1221 3895 et
1242 3838 1669 3910 justificaretur,
1704 3857 1843 3898 con-

480 3921 959 3998 gruentissimum
996 3925 1190 3975 tamen
1217 3925 1317 3987 cst,
1354 3925 1415 3973 ut
1442 3917 1512 3975 ad
1551 3935 1680 3976 eam
1705 3938 1844 3996 gra-

485 4004 625 4059 tiam
645 3999 1031 4074 recipiendam
1049 4015 1170 4057 sese
1185 4000 1449 4072 disponat
1466 4016 1565 4073 per
1582 4005 1843 4075 proprios

486 4090 660 4141 actuS.
686 4083 832 4136 Tum
873 4081 1008 4154 quia
1037 4081 1224 4137 forma
1252 4080 1514 4152 perfecta,
1546 4083 1732 4153 qualis
1759 4088 1845 4140 est

486 4167 691 4243 gratia,
725 4164 862 4237 petit
890 4163 1342 4220 connaturaliter
1385 4164 1560 4238 recipi
1605 4166 1665 4219 in
1705 4166 1846 4222 sub-

481 4251 629 4324 jecto
669 4246 961 4320 disposito.
1005 4247 1153 4301 Tum
1182 4245 1316 4318 quia
1362 4247 1578 4320 impius
1617 4247 1846 4305 adultus

487 4331 653 4389 debet
679 4329 902 4387 moveri
932 4326 1000 4384 ad
1035 4327 1503 4402 justificationem
1527 4330 1689 4402 juxta
1717 4347 1847 4389 mo-

488 4416 628 4471 dum
656 4430 771 4469 suae
811 4415 1048 4477 naturae,
1081 4416 1247 4484 atque
1287 4410 1415 4468 ideo
1451 4411 1651 4469 libere.
1697 4415 1845 4470 Tum

488 4497 624 4571 quia
645 4494 821 4559 decet,
850 4498 911 4547 ut
939 4493 1039 4548 ille
1066 4493 1161 4564 qui
1209 4492 1440 4564 propria
1469 4495 1762 4551 voluntate
1787 4511 1847 4552 se

490 4576 701 4635 avertit
747 4592 778 4631 a
819 4578 952 4641 De0,
983 4578 1037 4630 et
1062 4574 1308 4648 gratiam
1357 4574 1566 4640 amisit,
1612 4577 1848 4649 propria

488 4659 663 4717 etiam
692 4655 988 4713 voluntate
1025 4670 1085 4710 se
1130 4659 1423 4711 convertat
1469 4656 1532 4710 in
1561 4656 1761 4725 Deum,
1792 4663 1849 4714 et

488 4743 867 4813 consequatur
910 4738 1176 4812 gratiam.
1222 4739 1368 4792 Tum
1433 4739 1566 4811 quia
1619 4755 1848 4813 aequum

489 4828 592 4890 est,
617 4830 680 4878 ut
704 4820 802 4894 qui
827 4835 925 4892 per
948 4828 1233 4893 peccatum
1257 4819 1497 4878 offendit
1519 4823 1719 4878 Deum.
1747 4838 1849 4895 per

490 4903 928 4963 conversionem
970 4904 1248 4959 actualem
1291 4903 1399 4976 ipsi
1446 4904 1639 4977 aliquo
1678 4904 1851 4962 modo

490 4983 820 5047 satisfaciat,
848 4989 903 5039 et
924 4983 993 5039 ab
1014 5000 1080 5042 eo
1100 4985 1335 5041 veniam
1357 4985 1641 5060 efflagitet,
1674 4991 1737 5041 ut
1759 4985 1850 5042 la-

492 5068 606 5121 tius
632 5062 1013 5135 expendimus
1033 5064 1208 5121 dubio
1236 5067 1599 5139 praecedenti.

608 5326 697 5379 R

1125 411 1215 465 DE
1254 407 1862 464 DISPOSITIONIBUS
1902 408 1997 461 AD
2035 406 2698 461 JUSTIFICATIONEM.

2419 564 2707 635 nummu
2748 582 2842 637 111.

1958 727 2155 785 Uerum
2174 728 2469 784 secundum
2494 728 2804 784 doctrinam
2830 727 2901 786 D.
2940 727 3129 786 Thom.
3159 736 3321 785 actus

2025 810 2388 875 οοηενίιίοηίε,
2440 809 2524 864 vel
2572 810 2866 865 charitatis
2891 852 2904 875 ,
2957 827 3062 886 quo
3108 810 3316 881 impius

2026 891 2340 964 disponitur
2371 891 2447 946 ad
2468 893 2713 962 qratiam
2730 892 3150 964 justificantem,
3180 909 3318 964 pro-

2027 974 2218 1028 cedant
2246 974 2314 1029 ab
2342 974 2529 1029 eadem
2564 976 2753 1044 qratia
2792 980 3062 1051 tanquam
3088 991 3123 1028 a
3148 975 3316 1046 prin-

2027 1056 2171 1127 cipio
2196 1056 2438 1128 effectivo
2455 1054 2486 1109 Ρ

2030 1202 2143 1259 Pro
2182 1201 2570 1277 intelligentia
2615 1217 2816 1260 eorum
2861 1216 2988 1273 quae
3018 1200 3080 1257 in
3109 1201 3228 1267 hoc,
3257 1205 3314 1258 et

1955 1284 2213 1355 sequenti
2241 1282 2417 1340 dubio
2437 1282 2710 1350 dicemus,
2735 1287 2957 1355 oportet
2979 1281 3172 1355 aliqua
3191 1281 3314 1340 bre-

1957 1366 2108 1422 viter
2137 1365 2460 1438 praelibare,
2488 1370 2550 1421 ut
2576 1364 2657 1422 ita
2680 1364 3057 1422 resolutiones
3080 1368 3313 1437 utroque

1956 1446 2131 1506 dubio
2157 1447 2517 1506 stabiliendas
2553 1448 2738 1524 magis
2783 1446 3114 1514 firmentur,
3143 1453 3200 1505 et
3227 1447 3315 1504 fa-

1957 1529 2123 1587 cilius
2143 1530 2561 1604 intelligantur.

2591 1680 2692 1749 gl.

2093 1825 2511 1882 Praemittuntur
2535 1826 2732 1904 aliqua!
2758 1825 3178 1881 observationes·

2032 1975 2124 2030 42.
2182 1973 2479 2048 Supposito
2539 1972 2690 2047 quod
2735 1972 2806 2030 ad
2849 1971 3317 2046 justificationem
3348 1969 3466 2015 ΕΦ
3485 1971 3526 2013 1·

1960 2053 2140 2112 adulti
2163 2062 2323 2113 extra
2362 2061 2784 2113 sacramentum
2809 2055 3180 2127 requirantur
3206 2053 3320 2110 ali-

1959 2152 2084 2210 quae
2141 2139 2499 2208 operationes
2557 2137 3045 2209 supernaturales,
3113 2133 3322 2207 quibus

1961 2219 2134 2274 homo
2159 2233 2220 2273 se
2244 2224 2462 2291 coaptet
2489 2217 2559 2274 ad
2596 2216 3019 2290 suscipiendam
3040 2214 3323 2290 justifica-

1960 2300 2137 2356 tionis
2174 2300 2442 2374 gratiam,
2493 2299 2961 2375 investigandum
2999 2303 3098 2365 est,
3129 2297 3322 2370 qualis

1960 2381 2148 2454 gratia
2187 2379 2254 2436 ad
2286 2396 2381 2436 eas
2425 2381 2736 2438 eliciendas
2781 2379 3151 2437 desideretur.
3202 2380 3323 2435 Re-

1962 2460 2116 2535 quiri
2145 2461 2305 2517 enim
2335 2460 2405 2517 ad
2432 2461 2535 2519 hoc
2557 2463 2810 2535 aliquam
2831 2461 3104 2516 virtutem
3124 2475 3326 2532 super-

1965 2542 2308 2607 naturalem,
2341 2542 2479 2597 satis
2504 2556 2786 2615 superque
2810 2545 3029 2598 constat
3050 2555 3121 2596 ex
3155 2538 3323 2596 dictis

1965 2630 2126 2680 tract.
2175 2624 2394 2697 praeced.
2424 2625 2569 2698 disp.
2612 2625 2666 2691 3,
2697 2623 2827 2679 dub.
2866 2624 2912 2690 l,
2945 2641 3069 2679 cum
3113 2640 3223 2698 seq.
3266 2628 3323 2680 et

1964 2705 2107 2776 disp.
2132 2705 2185 2769 5,
2218 2703 2344 2759 dub.
2376 2705 2413 2759 2
2438 2721 2450 2766 ;
2475 2718 2655 2776 neque
2682 2704 2840 2760 enim
2868 2702 3129 2776 operatio
3172 2702 3324 2760 viri-

1967 2786 2071 2843 bus
2099 2786 2459 2842 naturalibus
2486 2788 2677 2844 elicita
2697 2786 2821 2859 quit
2847 2784 2918 2841 ad
2945 2785 3197 2859 gratiam
3223 2801 3326 2842 su-

1969 2868 2396 2943 pernaturalem
2426 2867 2748 2942 disponere,
2782 2872 2845 2923 ut
2874 2865 3060 2940 priori
3089 2868 3211 2925 loco
3235 2883 3331 2927 os-

1969 2947 2289 3016 tendimus;
2315 2965 2417 3006 nec
2439 2949 2695 3022 operatio
2715 2948 3178 3020 supernaturalis
3199 2948 3331 3006 elici

1969 3031 2123 3087 valet
2144 3031 2351 3103 absque
2372 3030 2585 3088 virtute
2624 3031 2966 3097 inhaereute,
3010 3035 3067 3087 et
3111 3031 3336 3088 intrin-

1969 3129 2095 3169 seca
2120 3113 2374 3186 ejusdem
2416 3112 2658 3181 ordiniS‚
2686 3119 2749 3169 ut
2777 3114 2839 3170 in
2866 3111 3115 3170 secundo
3142 3112 3334 3185 expli-

1971 3195 2213 3253 cuimus.
2247 3198 2417 3253 Actus
2444 3202 2637 3253 autem
2667 3200 3058 3269 praeparantes
3102 3194 3170 3251 ad
3196 3210 3336 3269 gra-

1972 3276 2137 3343 tiam,
2182 3277 2286 3334 alii
2327 3276 2540 3339 habent
2594 3278 2882 3334 rationem
2940 3274 3333 3348 dispositionis

1974 3363 2226 3425 remotae‚
2249 3360 2347 3433 qui
2369 3357 2637 3415 videlicet
2660 3375 2763 3416 nec
2782 3374 2855 3415 ex
2877 3365 3088 3415 natura
3111 3357 3211 3421 rei,
3231 3371 3333 3413 nec

1973 3458 2046 3499 ex
2080 3441 2177 3497 Dei
2219 3439 2585 3497 ordinatione
2606 3444 3022 3497 connectuntur
3050 3436 3332 3493 infallibi-

1976 3523 2110 3579 liter
2129 3537 2258 3577 cum
2297 3521 2503 3596 gratia,
2532 3519 2629 3576 sed
2654 3525 2888 3593 possunt
2916 3517 2987 3575 ab
3024 3534 3090 3575 ea
3129 3532 3334 3574 secun-

1975 3603 2113 3659 dum
2162 3602 2584 3676 providentiam
2633 3616 3001 3658 communem
3053 3599 3329 3670 separari,

1975 3677 2293 3758 cujusmodi
2341 3687 2475 3739 sunt
2515 3688 2671 3739 actus
2696 3680 2852 3751 fidei,
2898 3681 3033 3754 spei,
3078 3678 3327 3745 timoris,

1975 3773 2078 3824 etc.
2112 3768 2227 3823 Alii
2257 3781 2395 3823 vero
2422 3766 2748 3824 sortiuntur
2783 3766 3062 3821 rationem
3083 3761 3334 3833 disposi-

1978 3848 2153 3905 tionis
2173 3848 2415 3912 ultimae,
2435 3862 2644 3919 nempe
2671 3846 2767 3919 qui
2791 3847 2882 3902 vel
2902 3862 2975 3902 ex
2996 3849 3197 3900 natura
3220 3841 3332 3903 rei,

1978 3930 2070 3986 vel
2097 3929 2299 3985 saltem
2327 3943 2396 3983 ex
2426 3927 2525 3983 Dei
2555 3926 2923 3984 ordinatione
2951 3923 3197 3981 afferunt
3242 3937 3342 3980 se-

1976 4025 2109 4066 cum
2154 4006 2547 4064 infallibiliter
2587 4008 2834 4081 gratiam
2863 4002 3336 4068 sanctificantem,

1978 4097 2035 4150 et
2061 4090 2132 4148 ab
2158 4091 2281 4164 ipsa
2301 4089 2614 4146 secundum
2647 4092 2981 4162 praesentem
3024 4083 3343 4159 providen-

1979 4174 2122 4229 tiam
2149 4171 2406 4243 separari
2431 4186 2548 4227 non
2571 4175 2823 4244 possunt,
2854 4168 3050 4240 quales
3075 4172 3212 4222 sunt
3245 4182 3346 4224 ac-

1979 4260 2071 4310 tus
2114 4252 2496 4316 contritionis
2545 4257 2602 4307 et
2644 4249 2965 4307 dilectionis
3019 4246 3119 4303 Dei
3167 4262 3346 4320 super

1980 4334 2197 4395 omnia.
2225 4336 2308 4390 Ex
2329 4332 2535 4407 quibus
2561 4332 2650 4389 illi
2674 4332 2894 4405 priores
2919 4330 3126 4395 solent,
3151 4335 3209 4387 et
3234 4330 3349 4386 sal·

1981 4423 2097 4473 tem
2118 4415 2314 4471 valent
2336 4412 2802 4488 justificationem
2845 4418 3103 4484 tempore
3132 4426 3352 4484 praeoe·

1980 4497 2151 4564 dere;
2200 4495 2542 4569 posteriores
2602 4500 2793 4551 autem
2840 4508 2959 4550 non
3004 4491 3347 4560 eliciuntur,

1980 4579 2123 4654 quin
2146 4579 2209 4635 in
2236 4578 2435 4635 eodem
2464 4577 2705 4633 instanti
2734 4575 2883 4632 adsit
2913 4574 3353 4649 justificationis

1981 4662 2188 4738 gratia,
2239 4666 2301 4717 ut
2348 4660 2520 4716 latius
2572 4658 2955 4731 explicuimus
3000 4658 3130 4715 dab.
3189 4660 3241 4715 1.
3285 4660 3355 4716 In

1985 4744 2254 4819 praesenti
2313 4759 2448 4818 ergo
2517 4742 2898 4816 supponimus
2956 4741 3349 4814 operationes,

1982 4841 2108 4901 quaa
2136 4828 2353 4881 remote
2393 4824 2461 4881 ad
2501 4824 2748 4898 gratiam
2791 4821 3201 4897 justificantem
3229 4823 3358 4881 dis-

1986 4911 2224 4980 ponunt,
2245 4921 2408 4977 posse
2425 4906 2578 4972 elici,
2602 4910 2658 4961 et
2680 4905 3017 4977 plerumque
3037 4904 3171 4962 elici
3197 4904 3364 4965 inde-

1985 4985 2301 5060 pendenter
2322 4985 2393 5043 ab
2420 4986 2542 5053 illa,
2570 4991 2633 5041 ut
2657 4989 2744 5042 est
2770 4999 2872 5057 per
2893 4999 2953 5040 se
2980 4990 3209 5043 notum.
3246 4988 3362 5044 Du·

1984 5067 2235 5123 bitamus
2281 5070 2487 5133 autem,
2520 5081 2596 5122 an
2643 5064 2797 5122 idem
2838 5061 3150 5120 dicendum
3175 5065 3255 5121 sit
3283 5065 3358 5124 de

3222 5154 3357 5207 actu
