3647 5753
311 2587 442 2628 Suari.

288 2639 468 2687 retulit-w.

506 359 604 415 13⁹3

505 510 542 580 α’
575 525 739 582 Unde
773 526 1068 599 signanter
1098 523 1232 580 dicit
1265 543 1278 579 ε
1310 525 1374 578 In
1415 535 1590 577 manu
1627 516 1854 575 consilii

505 630 528 658 «
559 608 667 663 sui.
682 606 789 663 Sed
805 607 939 678 quia
956 606 1075 678 ipse
1092 609 1244 661 actus
1261 601 1428 659 liberi
1449 600 1678 658 arbitrii
1693 596 1857 655 redu-

504 708 528 738 c<
572 687 717 743 citur
736 688 796 742 in
821 688 998 743 Deum
1015 685 1161 740 sicut
1177 685 1237 739 in
1259 694 1752 748 causam,necesse
1774 682 1858 735 est

505 791 528 819 ς(
575 773 712 824 utea
735 785 859 840 quae
885 784 958 824 ex
981 764 1165 822 libero
1193 763 1434 821 arbitrio
1456 760 1622 827 fiunt,
1643 760 1858 817 divinae

505 872 530 901 α
574 850 948 921 providentias
961 843 1678 905 subdantur.Providentia
1698 843 1857 899 enim

504 954 528 982 α
572 931 826 994 hominis
852 932 1180 989 continetur
1206 928 1314 986 sub
1343 924 1704 1000 providentia
1735 924 1853 991 Dei,

504 1037 528 1064 ι(
571 1013 716 1069 sicut
735 1030 902 1070 causa
925 1011 1286 1085 particularis
1308 1007 1413 1065 sub
1434 1023 1602 1064 causa
1629 1006 1860 1063 univer-

506 1115 532 1146 «
573 1096 762 1151 sali.»
811 1098 879 1150 Et
904 1095 1039 1167 quia
1087 1090 1449 1166 providentia
1496 1088 1693 1161 nequit
1738 1102 1861 1144 esse

500 1175 931 1247 perfectissima,
976 1180 1033 1231 et
1074 1173 1261 1245 qualis
1309 1173 1489 1227 Deum
1537 1169 1711 1234 decet,
1749 1167 1860 1223 nisi

499 1255 705 1313 habeat
733 1255 922 1313 media
948 1273 1019 1313 ex
1045 1272 1124 1323 se,
1156 1261 1211 1311 et
1240 1253 1310 1310 ab
1334 1252 1643 1308 intrinseco
1672 1239 1863 1306 effica-
1897 1289 1904 1296 .

500 1338 604 1403 cia,
635 1355 733 1410 per
755 1353 877 1410 quae
905 1344 1076 1404 certo,
1108 1334 1384 1392 certitude
1413 1341 1526 1390 tam
1556 1331 1862 1405 praescien-

502 1420 612 1488 tiae,
650 1437 820 1492 quam
856 1418 1221 1484 causalitatiS,
1262 1423 1594 1490 assequatur
1634 1415 1864 1474 effectus

503 1517 535 1555 a
565 1514 624 1556 se
654 1500 1085 1574 praeordinatos,
1128 1502 1239 1569 ηιξ
1279 1501 1314 1553 5
1357 1496 1741 1574 ostendimus3
1769 1494 1863 1550 id-

500 1581 650 1639 circo
697 1582 1016 1639 necessario
1061 1579 1366 1637 dicendum
1412 1575 1513 1643 est,
1565 1576 1863 1634 hominem

502 1680 621 1721 non
650 1664 731 1719 ita
757 1663 1093 1720 derelictum
1137 1661 1310 1719 fuisse
1337 1660 1401 1716 in
1429 1675 1607 1715 manu
1636 1657 1862 1714 consilii

502 1746 610 1810 sui,
657 1745 797 1817 quin
822 1750 981 1818 egeat
1022 1743 1239 1799 auxilio
1287 1741 1385 1796 Dei
1431 1755 1501 1797 ex
1526 1755 1587 1795 se
1632 1737 1857 1804 efficaci,

502 1841 612 1896 quo
633 1831 931 1880 moveatur
953 1823 1023 1880 ad
1054 1820 1447 1879 infallibiliter
1482 1817 1857 1891 operandum.

502 1906 571 1958 Et
615 1905 879 1976 quamvis
907 1900 1234 1977 hujusmodi
1264 1900 1550 1957 auxilium
1602 1898 1756 1972 liget,
1801 1901 1865 1951 ut

502 1986 580 2041 sic
622 1985 896 2050 dicamuS,
924 1986 1219 2041 hominem
1249 1999 1321 2040 ne
1361 1988 1485 2039 actu
1515 1982 1654 2038 velit
1684 1994 1863 2052 oppo-
1888 2003 1894 2009 ¹

500 2068 697 2136 situm,
731 2068 820 2123 vel
851 2082 923 2122 ne
950 2065 1273 2122 dissensum
1301 2080 1429 2122 cum
1463 2063 1679 2119 auxilio
1707 2075 1863 2118 com-

501 2154 708 2221 ponat3
759 2149 1006 2204 minime
1051 2154 1243 2204 tamen
1273 2146 1353 2201 ita
1394 2145 1533 2219 ligat
1561 2144 1768 2215 ipsum,
1802 2144 1866 2195 ut

502 2244 618 2285 non
649 2229 822 2301 possit
848 2228 1156 2284 dissentire
1203 2224 1453 2299 potentia
1482 2219 1858 2285 antecedenti,

499 2315 554 2366 et
583 2309 645 2365 in
671 2325 840 2364 sensu
863 2307 1048 2364 diviso
1075 2332 1086 2364 ε
1115 2306 1262 2380 quod
1282 2305 1420 2361 satis
1440 2309 1525 2360 est
1548 2303 1616 2360 ad
1637 2304 1865 2359 salvan-

501 2389 633 2445 dam
665 2387 1006 2455 libertatem,
1037 2395 1098 2442 ut
1118 2391 1336 2444 constat
1356 2401 1427 2442 ex
1449 2384 1721 2440 hactenus
1741 2381 1864 2437 dic-

503 2471 595 2534 tis,
621 2474 678 2524 et
700 2468 880 2541 magis
901 2484 971 2524 ex
999 2466 1256 2523 dicendis
1275 2463 1574 2522 constabit.

579 2549 707 2603 ⁶205.
753 2547 857 2603 Sed
881 2553 1079 2603 contra
1120 2547 1266 2602 hauc
1297 2543 1725 2615 responsionem
1766 2541 1863 2597 in-

505 2628 687 2701 surgit
715 2629 940 2692 Suarez,
989 2631 1044 2682 et
1093 2625 1330 2698 opponit
1373 2626 1558 2696 primo
1583 2623 1755 2695 :quia
1800 2621 1864 2676 in

508 2707 772 2781 praedicto
789 2705 1117 2762 testimonio
1131 2704 1270 2760 satis
1285 2708 1478 2775 aperte
1492 2702 1858 2773 exprimitur,
1914 2701 1924 2711 '

507 2787 830 2843 libertatem
857 2786 1112 2841 hominis
1135 2785 1196 2840 in
1219 2784 1324 2839 hoc
1351 2782 1679 2848 consistere,
1711 2779 1864 2853 quod

499 2865 906 2924 determinatio
935 2863 1248 2931 voluntatis
1298 2862 1368 2920 ad
1415 2879 1589 2919 unam
1635 2867 1860 2934 partem

417 2956 425 2964 ‘
501 2948 687 3022 potius
714 2939 886 3019 quam
910 2944 978 3001 ad
1003 2947 1179 3002 aliam
1224 2944 1334 3017 ipsi
1381 2936 1664 3000 voluntati
1704 2951 1864 2998 com-

297 4620 490 4665 Tertulli.

499 3029 676 3085 missa
696 3028 787 3093 sit,
815 3033 1090 3098 tanquam
1116 3026 1363 3098 propriae
1389 3040 1570 3080 causae
1598 3024 1731 3079 talis
1757 3021 1862 3080 de-

501 3108 929 3167 terminationis
961 3129 974 3163 :
1003 3107 1100 3164 sed
1128 3108 1233 3164 hoc
1273 3122 1391 3164 non
1444 3107 1688 3163 cohaeret
1731 3122 1863 3162 cum

504 3191 831 3247 necessitate
871 3188 1074 3243 auxilii
1114 3203 1185 3243 ex
1222 3202 1302 3252 se,
1333 3193 1389 3243 et
1434 3187 1504 3243 ab
1552 3187 1864 3243 intrinseco

501 3271 756 3336 efficacis,
800 3268 1354 3341 determinantisque
1393 3269 1747 3325 voluntatem
1793 3267 1864 3323 ad

505 3368 679 3407 unam
705 3354 923 3422 partem
939 3372 952 3414 ;
978 3364 1117 3404 nam
1144 3363 1210 3405 eo
1230 3348 1350 3420 ipso
1369 3348 1636 3404 voluntas
1659 3364 1775 3405 non
1802 3362 1864 3403 se

502 3431 867 3495 determinat,
888 3428 984 3485 sed
1014 3426 1436 3485 determinatur
1458 3428 1528 3485 ab
1557 3429 1698 3485 alio:
1727 3443 1863 3501 ergo

504 3513 836 3588 praedictum
849 3509 1245 3568 testimonium
1260 3510 1604 3576 virtualiter,
1629 3511 1865 3582 etaequi·

505 3595 787 3667 pollenter
807 3588 1058 3647 excludit
1080 3589 1363 3645 auxilium
1386 3606 1456 3647 ex
1480 3606 1559 3656 se,
1589 3595 1647 3647 et
1672 3589 1742 3646 ab
1766 3591 1864 3646 in-

505 3676 752 3732 trinseco
768 3673 980 3730 efficax.
1006 3669 1272 3737 SecundO,
1304 3672 1440 3745 quia
1482 3672 1545 3727 in
1574 3672 1675 3729 illo
1703 3672 1864 3729 testi-

504 3751 794 3813 monio‘fit
816 3752 1090 3809 transitus
1124 3751 1491 3809 immediatus
1517 3769 1549 3808 a
1571 3753 1865 3809 voluntate

505 3840 568 3893 in
595 3840 727 3893 actu
745 3834 932 3907 primo
959 3831 1312 3889 indifferenti
1334 3832 1403 3889 ad
1432 3834 1767 3890 electionem
1800 3835 1864 3888 in

502 3923 628 3973 actu
651 3914 936 3971 secundo:
970 3928 1105 3968 nam
1154 3912 1300 3968 hanc
1328 3912 1449 3968 vim
1502 3912 1716 3970 habent
1761 3914 1866 3969 illa

506 3998 684 4057 verba
718 3995 1026 4068 :Apposuit
1069 3994 1169 4049 tibi
1208 3996 1406 4064 iynem,
1440 4000 1500 4048 et
1528 4012 1733 4071 aquam
1755 3995 1866 4049 :ad

503 4083 647 4163 quod
665 4080 919 4143 volucria,
948 4078 1162 4150 porriye
1216 4092 1444 4131 manum
1470 4080 1642 4151 tuam.
1671 4074 1731 4129 Id
1760 4091 1866 4131 au-

504 4175 620 4222 tem
646 4158 933 4218 verificari
971 4157 1185 4231 nequit,
1211 4157 1260 4211 si
1302 4154 1655 4212 desideretur
1696 4157 1867 4211 auxi-

508 4246 652 4300 lium
675 4234 743 4298 ex
770 4255 830 4296 se
855 4236 1071 4301 efficax,
1104 4241 1161 4291 et
1176 4233 1697 4307 praedeterminans
1724 4259 1737 4300 ;
1764 4235 1869 4292 hoc

507 4328 717 4401 quippe
746 4317 1135 4391 interponitur
1177 4318 1333 4373 inter
1371 4318 1727 4375 voluntatem
1770 4320 1866 4375 in-'

510 4406 874 4463 differentem
901 4442 914 4466 ,
970 4397 1205 4472 ejusque
1253 4396 1797 4456 determinationem
1851 4422 1865 4456 ε

511 4502 647 4560 ergo
693 4476 1020 4556 hujusmodi
1051 4476 1347 4533 'auxilium
1394 4477 1719 4535 excluditur
1766 4496 1869 4552 per

511 4569 674 4625 illam
704 4558 1134 4619 authoritatem.
1186 4560 1307 4621 Quo
1355 4560 1621 4630 respexit,
1656 4560 1863 4632 inquit,

508 4645 903 4707 Tertullianus
925 4640 1060 4695 lim
1079 4645 1267 4694 contra
1281 4639 1640 4707 Marcionem,
1665 4658 1787 4714 cap.
1805 4645 1864 4710 7,

509 4731 608 4788 ubi
637 4729 716 4784 ait
744 4746 756 4781 :
793 4745 818 4776 α
861 4722 1039 4797 Igitur
1066 4735 1416 4794 consequens
1460 4726 1604 4788 erat,
1633 4728 1694 4778 ut
1722 4724 1871 4781 Deus

513 4839 539 4868 α
580 4806 866 4869 secederet
917 4820 950 4860 a
976 4801 1244 4860 libertate
1268 4804 1445 4861 semel
1474 4819 1737 4860 concessa
1760 4805 1870 4862 ho-

513 4916 539 4945 «
580 4888 751 4953 mini,
779 4884 837 4940 id
878 4887 963 4940 est
1007 4882 1331 4939 contineret
1357 4883 1422 4939 in
1467 4884 1775 4957 semetipso
1814 4889 1871 4941 et

510 4997 534 5027 α
580 4962 1018 5045 praescientiam,
1063 4968 1120 5020 et
1169 4963 1486 5037 potentiam
1534 4979 1716 5033 suam,
1765 4980 1871 5038 per

1521 348 1612 401 DE
1650 345 1922 401 GRATIA
1961 345 2301 402 EFFICACI.

1993 538 2019 570 α
2058 532 2198 589 quas
2223 517 2606 575 intercessisse
2647 518 2950 590 potuisset;
2981 517 3030 572 si
3058 517 3219 573 enim
3251 517 3344 571 in·

1994 618 2020 649 α
2062 598 2422 664 tercessisset,
2473 597 2762 656 recidisset
2808 597 3040 654 arbitrii
3107 597 3343 654 liberta-

1995 699 2021 730 «
2062 682 2197 734 tem.
2216 699 2241 729 »
2259 681 2393 743 Quae
2411 679 2755 743 intercessio,
2775 679 2898 734 sive
2920 677 3347 735 intermediatio

1989 772 2108 814 non
2131 765 2309 831 potest
2336 758 2606 833 intelligi,
2635 759 2746 814 nisi
2777 774 2878 830 per
2900 758 3186 815 auxilium
3209 775 3348 831 prae-

1989 836 2382 896 determinans
2403 855 2474 896 ex
2513 856 2573 895 se
2610 838 2826 895 efficax.
2863 837 3061 905 Tertio,
3096 839 3158 895 in
3198 856 3348 911 prae—

1991 918 2139 976 dicto
2162 918 2489 976 testimonio
2509 919 2736 985 dicitur,
2771 919 2997 975 homini
3024 936 3344 977 concessam

1993 998 2168 1056 fuisse
2193 1005 2524 1072 potestatem
2550 1015 2612 1056 se
2637 999 3067 1057 determinandi
3113 1000 3347 1072 p'roprio

1991 1080 2249 1150 consilio,
2279 1080 2428 1152 quod
2470 1079 2675 1137 habeat
2704 1081 2765 1136 in
2794 1096 2972 1137 manu
2995 1097 3099 1137 sua
3132 1079 3216 1137 :si
3240 1097 3349 1152 au-

1994 1166 2108 1217 tem
2166 1163 2560 1233 requireretur
2599 1162 2885 1217 auxilium
2933 1177 3003 1217 ex
3049 1177 3124 1228 se,
3174 1166 3232 1218 et
3275 1161 3348 1217 ab

1992 1241 2306 1299 intrinseco
2325 1242 2538 1307 efficax,
2580 1244 2699 1316 jam
2741 1242 2913 1298 homo
2941 1258 3055 1299 non
3080 1247 3266 1315 posset
3289 1258 3352 1298 se

1994 1324 2382 1381 determinare
2397 1325 2629 1397 proprio
2653 1323 3062 1397 consilio‚quod
3086 1326 3148 1380 in
3169 1340 3349 1380 manu

1992 1421 2091 1461 sua
2122 1403 2389 1470 haberet;
2436 1403 2533 1461 sed
2583 1403 3069 1462 determinaretur
3108 1405 3352 1461 consilio

1994 1477 2310 1544 extr-'inseco
2338 1487 2456 1553 Dei,
2496 1485 2656 1559 ,quod
2678 1485 2981 1559 solus'ipse
3009 1490 3155 1543 Deus
3182 1485 3353 1544 habet

1996 1570 2058 1624 in
2081 1584 2257 1625 manu
2278 1584 2381 1624 sua
2409 1583 2575 1642 :ergo
2591 1568 2924 1641 praedictum
2953 1568 3349 1629 testimonium

1994 1651 2131 1707 satis
2152 1654 2344 1723 aperte
2362 1650 2613 1708 excludit
2636 1652 3024 1707 necessitatem
3050 1651 3257 1706 auxilii
3279 1667 3352 1708 ex

1994 1747 2074 1796 se,
2099 1737 2155 1788 et
2181 1731 2251 1787 ab
2272 1732 2583 1790 intrinseco
2609 1732 2865 1789 efficacis.
2896 1735 3075 1797 Quam
3106 1732 3353 1805 denique

1997 1813 2535 1886 interpretationem
2601 1813 2905 1871 confirmat
2964 1813 3350 1888 quorumdam

1995 1894 2088 1949 SS.
2107 1894 2342 1949 Patrum
2364 1894 2830 1966 expositionibus,
2850 1911 2972 1967 quae
2993 1900 3187 1951 tamen
3200 1911 3351 1952 com-

1997 1972 2222 2030 modius
2235 1974 2630 2047 expendentur
2656 1977 2687 2044 §
2717 1978 2801 2052 lig.

2069 2053 2174 2110 Sed
2206 2055 2321 2111 haec
2367 2071 2484 2112 non
2527 2054 2870 2112 labefactant
2913 2055 3184 2112 traditam
3228 2071 3352 2113 res·
3390 2084 3523 2129 Prima

1998 2137 2353 2209 ponsionem.
2398 2136 2482 2192 Ad
2513 2138 2763 2209 primam
2790 2138 2948 2194 enim
2976 2139 3113 2211 'ejus
3154 2134 3547 2210 impu-diluitur.
3624 2129 3625 2176 ἓ

1995 2217 2326 2292 gnationem
2349 2217 2653 2274 dicendum
2675 2224 2778 2284 est,
2828 2217 3161 2290 praedictum
3189 2219 3318 2275 testi
3335 2253 3355 2262 ·

1996 2298 2259 2355 monium
2287 2293 2489 2356 docere
2526 2297 2756 2371 quidem
2805 2299 3119 2355 voluntatis
3163 2298 3358 2357 deter-

1996 2379 2376 2435 minationem
2406 2379 2514 2451 ipsi
2566 2384 2840 2450 tanquam
2869 2395 3022 2436 verae
3066 2395 3266 2448 causae,
3300 2387 3357 2438 et
3426 2393 3437 2394 ’

1997 2460 2281 2532 principio
2339 2461 2603 2533 proximo
2660 2460 2913 2517 elicitivo
2986 2461 3357 2518 commissam

1998 2539 2192 2606 fuisse,
2222 2545 2386 2612 atque
2414 2539 2540 2597 ideo
2567 2556 2685 2596 non
2711 2541 2836 2597 dari
2869 2539 3110 2597 liberam
3138 2542 3356 2597 volun-

1996 2620 2128 2675 tatis
2143 2618 2681 2676 determinationem
2696 2620 2905 2693 absque
2917 2621 2964 2694 ej
2975 2637 3037 2675 us
3048 2620 3360 2688 influxu,et

1997 2699 2251 2755 hominis
2271 2700 2513 2756 consilio
2534 2699 2713 2771 ;quod
2737 2716 2906 2757 nemo
2928 2701 3353 2759 catholicorum

1997 2786 2180 2853 negat.
2214 2779 2320 2836 Sed
2347 2781 2481 2851 quia
2524 2782 2789 2836 voluntas
2837 2788 3028 2839 creata
3059 2787 3143 2837 est
3182 2797 3359 2855 agens

1995 2857 2309 2916 secundum
2358 2862 2472 2917 Deo
2522 2860 2584 2915 in
2628 2856 2845 2934 agendo
2889 2859 3354 2927 subordinatum,

1996 2949 2050 3000 et
2081 2941 2486 2999 determinatio
2538 2948 2727 2999 creata
2767 2941 2931 2999 debet
2958 2942 3124 2998 subdi
3166 2943 3361 3001 deter-

1998 3024 2306 3082 minationi
2328 3023 2543 3080 divinae
2566 3048 2580 3091 ;
2606 3023 2816 3081 idcirco
2845 3029 2978 3081 ante
3011 3025 3359 3082 determina-

1995 3104 2214 3161 tionem
2237 3105 2549 3160 voluntatis
2590 3110 2791 3161 creatae
2827 3106 2990 3176 praeit
3024 3104 3239 3161 divinae
3264 3120 3364 3160 vo-

1997 3184 2234 3240 luntatis
2280 3183 2720 3252 determinatio,
2767 3185 2846 3241 ita
2892 3185 3041 3257 quod
3088 3186 3361 3241 voluntas

1995 3271 2182 3323 creata
2214 3281 2313 3338 per
2341 3271 2525 3321 actum
2551 3281 2583 3321 a
2625 3282 2686 3321 se
2718 3266 2976 3322 elicitum
3004 3266 3363 3323 determina-

1996 3352 2089 3402 tur
2117 3346 2475 3414 formaliter,
2511 3361 2613 3418 per
2661 3347 2947 3402 auxilium
2977 3363 3117 3404 vero
3162 3345 3361 3403 efficax

1995 3427 2107 3484 sibi
2154 3428 2500 3499 impressum
2552 3427 2976 3485 determinatur
3027 3430 3354 3486 causaliter.

1996 3511 2257 3566 Movetur
2270 3508 2447 3571 enim,
2482 3523 2598 3564 non
2622 3513 2683 3563 ut
2704 3509 2853 3563 nihil
2876 3508 3239 3574 determinet,
3259 3509 3358 3566 sed

1998 3590 2205 3663 potius,
2231 3594 2291 3644 ut
2309 3605 2372 3645 se
2396 3587 2574 3645 libere
2593 3588 2935 3647 determinet
2957 3590 3027 3648 ad
3047 3590 3349 3666 agendum,

1999 3676 2059 3725 ut
2076 3668 2249 3726 tradit
2266 3669 2547 3725 D.Thom.
2573 3672 2754 3741 Ipart.
2776 3678 2955 3747 quaest.
2982 3673 3197 3738 83‚art.
3232 3673 3250 3726 1
3278 3671 3354 3725 ad
3392 3686 3554 3729 D.Tuo.

1997 3753 2047 3817 3,
2081 3749 2177 3806 ubi
2200 3750 2280 3806 ait
2313 3769 2326 3804 ε
2363 3770 2388 3800 «
2415 3749 2900 3823 Dicendum,quod
2925 3750 3176 3809 liberum
3202 3750 3354 3808 arbi-

2004 3855 2029 3886 «
2072 3834 2250 3889 tirum
2270 3838 2354 3888 est
2372 3848 2538 3888 causa
2552 3834 2641 3887 sui
2666 3838 2872 3898 motuS,
2897 3835 3032 3906 quia
3057 3835 3229 3892 homo
3253 3851 3355 3908 per

2005 3936 2029 3965 «
2074 3912 2320 3968 liberum
2376 3911 2685 3968 arbitrium
2737 3913 2989 3985 seipsum
3044 3921 3237 3971 movet
3283 3915 3353 3971 ad

2005 4015 2029 4044 α
2073 3991 2376 4066 agendum.
2402 3995 2531 4048 Non
2555 3997 2748 4047 tamen
2775 3993 2879 4049 hoc
2901 3998 2986 4049 est
3015 3993 3086 4050 de
3114 3996 3356 4051 necessi·

2005 4095 2030 4124 a
2073 4078 2205 4136 tate,
2236 4071 2384 4145 quod
2411 4072 2485 4127 sit
2513 4072 2699 4143 prima
2727 4088 2894 4128 causa
2919 4074 3010 4129 sui
3039 4080 3226 4131 motus
3270 4074 3350 4138 id,

2006 4174 2030 4205 α
2071 4151 2218 4224 quod
2239 4150 2484 4223 liberum
2502 4157 2586 4208 est
2602 4176 2615 4217 ;
2629 4152 2772 4208 sicut
2790 4168 2970 4224 neque
2984 4152 3051 4209 ad
3066 4154 3188 4221 hoc,
3208 4155 3358 4227 quod

2005 4253 2030 4285 «
2073 4229 2379 4304 aliquidsit
2406 4233 2837 4299 causaalteriuS,
2879 4234 3194 4304 requiritur
3211 4235 3360 4308 quod

2006 4336 2031 4367 α
2071 4313 2147 4369 sit
2193 4313 2383 4385 prima
2435 4329 2604 4369 causa
2656 4314 2796 4387 ejus.
2857 4316 3004 4370 Deus
3050 4315 3227 4390 igitur
3273 4323 3361 4374 est

2006 4415 2031 4445 α
2077 4390 2267 4465 prima
2288 4408 2455 4448 causa
2484 4407 2722 4448 movens
2740 4399 2797 4449 et
2824 4395 3116 4451 naturales
3140 4412 3356 4461 causas,

2007 4496 2032 4527 «
2074 4481 2130 4530 et
2157 4474 2537 4531 voluntarias,
2572 4475 2641 4528 Et
2664 4476 2808 4531 sicut
2838 4476 3202 4532 naturalibus
3222 4494 3361 4534 cau-

2008 4576 2033 4607 «
2075 4555 2154 4608 sis
2177 4553 2464 4611 movendo
2485 4569 2600 4619 eas,
2636 4570 2754 4612 non
2782 4554 2967 4611 aufert
3016 4556 3156 4627 quin
3203 4563 3361 4614 actus

2008 4658 2033 4689 α
2075 4651 2277 4692 earum
2304 4636 2423 4691 sint
2446 4637 2739 4693 naturales
2767 4658 2778 4692 ε
2803 4637 2881 4692 ita
2927 4638 3212 4695 movendo
3235 4655 3365 4698 cau-

2008 4742 2033 4771 «
2074 4735 2165 4775 sas
2194 4716 2577 4783 voluntariaS,
2604 4733 2721 4773 non
2742 4718 2930 4774 aufert
2953 4719 3094 4790 quin
3116 4721 3364 4778 actiones

2008 4822 2033 4853 α
2074 4814 2276 4855 earum
2304 4798 2423 4854 sint
2441 4799 2780 4855 voluntariae
2804 4822 2818 4866 3
2850 4797 2948 4855 sed
2971 4800 3155 4872 potius
3175 4802 3364 4859 hocin

2008 4902 2035 4934 «
2074 4881 2159 4937 eis
2207 4878 2361 4944 facit,
2393 4884 2665 4952 operatur
2711 4881 2869 4937 enim
2912 4881 2975 4937 in
3020 4897 3363 4957 unoquoque

2009 4983 2036 5017 «
2075 4960 2387 5021 secundum
2440 4961 2559 5036 ejus
2605 4963 3034 5035 proprietatem.
3090 4982 3116 5014 ι)
3169 4966 3353 5028 Quam

3023 5044 3347 5106 doctrinam
