3647 5753
77 980 250 1027 Aristot.

44 3973 215 4021 Occurri-

43 4028 108 4067 tur
119 4028 200 4077 pri·

42 4085 114 4116 noa:
125 4086 212 4120 cou-

19 4144 28 4159 ·
70 4123 193 4182 nrm·

63 4177 172 4218 nom.

1459 410 1638 466 DISP.
1682 413 1750 477 11,
1796 415 1957 472 DUB.
2005 420 2072 474 11.

365 566 448 620 Ex
480 566 689 639 quibus
731 576 882 642 patet
927 572 999 629 ad
1042 578 1356 636 secundam
1403 581 1657 640 minoris

288 649 717 721 probationem;
773 669 911 711 nam
963 656 1223 717 amicitia
1275 662 1534 721 hominis
1585 664 1655 722 ad

289 730 471 787 Deum
515 732 795 789 fundatur
832 735 897 791 in
923 740 1212 798 consortio
1251 747 1474 804 naturae
1498 744 1657 801 divi-

288 826 377 868 nae
402 835 417 879 3
440 819 525 869 est
544 813 757 887 quippe
777 815 1033 874 amicitia
1058 833 1127 887 ex
1153 835 1365 894 genere
1389 840 1493 882 suo
1520 841 1657 881 mu-

287 896 418 948 tuus
458 892 875 953 benevolentiae
927 914 1093 956 amor
1136 900 1198 956 in
1238 901 1477 978 alicujus
1516 905 1653 964 boni

284 975 696 1033 communione
731 975 1020 1044 fundatuS,
1054 984 1116 1035 ut
1134 979 1334 1038 definit
1360 984 1592 1044 Aristot.
1617 988 1654 1042 8

285 1053 536 1111 Ethicor.
565 1058 633 1111 Et
662 1062 967 1129 propterea
984 1058 1056 1117 de
1077 1060 1225 1117 facto
1269 1078 1434 1120 amor
1458 1065 1653 1123 chari-

285 1135 418 1192 tatis
443 1141 528 1193 est
548 1152 711 1194 amor
740 1136 1028 1207 amicitiae,
1060 1140 1198 1213 quia
1223 1145 1654 1217 supponitcom-

285 1217 737 1274 municationem
749 1218 1017 1277 hominis
1041 1237 1172 1278 cum
1201 1223 1315 1280 Deo
1341 1224 1405 1280 in
1431 1231 1652 1284 >natura

288 1297 389 1354 Dei
418 1312 518 1370 per
542 1298 787 1372 gratiam
833 1299 1303 1359 sanctificantem.
1354 1306 1413 1361 Si
1459 1312 1650 1364 autem

286 1380 652 1438 inveniretur
674 1383 943 1455 praecisus
964 1400 997 1440 a
1038 1384 1140 1441 tali
1167 1387 1373 1460 gratia,
1400 1403 1517 1446 non
1556 1406 1651 1448 es—

282 1466 370 1517 set
391 1466 514 1517 actu
536 1460 860 1520 formaliter
881 1479 1047 1521 amor
1068 1467 1359 1533 amicitiae,
1390 1469 1489 1527 sed
1518 1476 1649 1528 tan-

282 1547 407 1596 tum
455 1542 806 1616 dispositive,
852 1550 908 1602 et
942 1545 1433 1620 aptitudinaliter3
1463 1549 1649 1625 dispo·

280 1628 446 1680 neret
470 1624 632 1680 enim
660 1625 733 1680 ad
780 1626 1030 1683 formam
1059 1626 1402 1686 fundantem
1442 1633 1649 1689 amici-

277 1704 444 1773 tiam,
470 1723 645 1779 quam
675 1707 725 1762 si
762 1713 1129 1780 supponeret,
1163 1716 1310 1767 esset
1347 1714 1647 1772 actualiter

273 1803 445 1844 amor
491 1788 761 1845 amicitiae
793 1788 1078 1846 formaliS.
1125 1789 1288 1847 Unde
1332 1791 1504 1851 homo
1544 1795 1644 1852 tali

271 1876 400 1926 actu
431 1869 720 1943 praedituS,
745 1874 802 1927 et
819 1871 1008 1943 gratia
1046 1872 1439 1930 sanctificante
1475 1875 1644 1934 desti-

275 1955 447 2017 tutus,
479 1966 599 2009 non
641 1950 1041 2008 redamaretur
1083 1969 1118 2010 a
1139 1955 1253 2011 Deo
1281 1970 1478 2013 amore
1499 1957 1644 2014 ami-

271 2034 444 2099 citiae,
473 2049 575 2090 nec
602 2048 801 2091 amore
826 2034 1169 2107 simpliciter
1191 2036 1292 2092 tali
1322 2059 1335 2103 ;
1366 2037 1462 2094 sed
1510 2044 1644 2095 tan-

273 2123 398 2173 tum
420 2132 616 2186 amore
634 2114 949 2172 secundum
976 2115 1127 2187 quid,
1149 2133 1354 2191 nempe
1367 2119 1642 2179 efficiente

274 2195 708 2269 dispositionem
761 2192 832 2250 ad
867 2194 1116 2252 formam
1162 2197 1635 2266 sanctificantem,

272 2295 398 2351 qum
443 2279 565 2335 sola
609 2276 813 2333 fundat
863 2292 1060 2334 veram
1115 2278 1433 2336 amicitiam
1487 2280 1640 2339 inter

276 2361 473 2426 Deum,
504 2363 560 2416 et
584 2358 902 2415 hominem.
937 2358 1005 2413 Et
1027 2358 1176 2415 ratio
1204 2375 1236 2416 a
1255 2360 1439 2432 priori
1467 2362 1639 2418 totius

274 2438 545 2495 doctrinae
588 2437 956 2511 praecedentis
993 2442 1097 2505 est,
1151 2440 1426 2511 quoniam
1475 2458 1638 2499 amor

278 2520 562 2575 increatus
587 2535 702 2575 non
729 2524 808 2575 est
836 2517 1147 2583 affectivus,
1174 2520 1271 2576 sed
1294 2520 1591 2578 effectivus
1618 2545 1630 2580 :

273 2597 646 2669 quamobrem
674 2604 801 2654 tunc
823 2600 971 2654 Deus
1002 2597 1215 2656 dicitur
1260 2600 1505 2673 diligere
1527 2602 1634 2658 ho-

275 2677 495 2734 minem
520 2678 872 2749 simpliciter,
898 2677 1126 2751 quando
1154 2680 1217 2735 in
1244 2696 1311 2737 eo
1339 2681 1508 2738 efficit
1528 2681 1633 2740 bo-

274 2773 414 2813 num
465 2756 798 2830 simpliciter
845 2758 984 2824 tale;
1040 2758 1190 2831 quod
1234 2759 1467 2831 quidem
1514 2778 1631 2818 non

268 2843 512 2911 praestat,
545 2839 657 2896 nisi
697 2838 1082 2897 communicet
1121 2839 1369 2897 formam
1416 2842 1631 2899 rectifi-

261 2926 486 2977 cantem
513 2924 695 2977 totum
741 2920 1040 2977 hominem
1070 2919 1134 2975 in
1159 2921 1346 2994 seipso
1398 2938 1628 2995 perma-

263 3006 483 3069 nenter,
503 3006 557 3058 et
577 3000 951 3057 habitualiter
979 3021 991 3055 :
1021 3000 1144 3057 haec
1171 3007 1362 3058 autem
1388 3008 1474 3059 est
1497 3019 1629 3076 gra-

258 3081 336 3137 tia
367 3080 680 3138 habitualis
699 3081 763 3136 in
783 3079 1103 3137 substantia
1136 3080 1347 3138 animae
1379 3089 1619 3155 recepta,

256 3177 379 3233 quae
396 3162 720 3235 proinde‚et
742 3175 860 3218 non
875 3160 1067 3233 aliqua
1078 3161 1331 3217 hominis
1344 3164 1617 3234 operati0,

252 3240 421 3298 habet
449 3242 733 3298 rationem
758 3240 959 3297 formae
986 3238 1416 3296 sanctificantis.
1450 3244 1622 3299 Actus

250 3326 439 3377 autem
463 3319 848 3385 contritioniS,
891 3319 985 3376 vel
1028 3319 1345 3385 charitatiS,
1380 3321 1511 3378 licet
1556 3323 1620 3378 in

243 3417 304 3458 se
328 3401 405 3457 sit
453 3400 744 3473 quoddam
794 3401 1079 3457 excellens
1121 3398 1358 3468 donum,
1410 3401 1620 3459 dicitur

243 3487 438 3539 tamen
468 3481 689 3539 bonum
710 3479 1023 3536 secundum
1044 3480 1182 3552 quid
1205 3482 1518 3554 respective
1547 3483 1615 3540 ad

237 3565 494 3638 gratiam
521 3561 991 3628 sanctificantem,
1017 3561 1088 3618 ad
1128 3578 1301 3635 quam
1354 3564 1616 3621 ultimate

239 3645 519 3720 disponit,
569 3650 625 3701 et
649 3659 773 3716 quae
797 3643 1137 3716 simpliciter
1176 3644 1465 3700 antecellit
1491 3661 1616 3717 per-

241 3726 551 3786 fectionem
573 3726 837 3781 omnium
866 3724 1169 3790 bonorum,
1214 3729 1332 3780 tam
1373 3728 1613 3782 natura-

241 3807 406 3873 lium,
437 3821 623 3881 quam
648 3803 1198 3878 supernaturalium,
1218 3809 1280 3859 ut
1304 3805 1611 3861 statuimus

242 3896 406 3944 tract.
435 3886 662 3962 praeced.
693 3886 836 3959 disp.
859 3886 915 3952 4,
945 3886 1072 3940 dub.
1102 3888 1159 3940 7.
1424 3944 1430 3948 ,

314 3968 400 4024 Ad
448 3968 705 4042 primam
755 3964 1257 4023 confirmationem
1300 3963 1606 4023 dicendum

237 4055 338 4110 est.
366 4064 486 4106 non
519 4046 652 4103 ideo
684 4045 797 4103 dici
838 4044 1302 4120 justificationem
1329 4044 1458 4103 fieri
1507 4063 1607 4119 per

235 4128 638 4185 voluntariam
658 4126 1074 4199 susceptionem
1100 4125 1316 4198 gratim,
1346 4131 1403 4181 et
1422 4125 1603 4183 dono-

235 4225 386 4272 rum.
406 4209 548 4282 quia
573 4208 696 4281 ipsa
707 4207 1033 4264 voluntaria
1048 4206 1324 4279 susceptio
1343 4205 1603 4265 fitforma

228 4288 575 4361 justificans,
606 4286 705 4343 sed
750 4286 885 4360 quia
927 4302 1028 4359 per
1079 4286 1250 4342 talem
1288 4289 1602 4359 susceptio-

236 4385 368 4425 nem
390 4367 767 4441 disponimur
794 4366 863 4423 ad
899 4365 1201 4439 justitiam.
1227 4366 1387 4430 Quod
1414 4368 1502 4423 vel
1529 4383 1599 4424 ex

231 4466 298 4507 eo
352 4451 556 4523 liquet,
587 4464 723 4504 nam
750 4448 1071 4505 Concilium
1098 4449 1161 4503 in
1211 4448 1313 4504 illo
1341 4448 1460 4506 loco
1485 4449 1600 4522 agit

227 4530 299 4587 de
312 4529 749 4605 justificatione,
790 4543 916 4601 quae
954 4527 1016 4584 fit
1042 4534 1159 4585 tam
1193 4534 1354 4584 extra
1398 4530 1597 4586 Sacra-

230 4618 495 4681 mentum
515 4625 624 4684 rper
651 4608 1041 4665 voluntariam
1066 4608 1482 4679 susceptionem
1511 4611 1597 4667 in-

227 4692 448 4748 clusam
477 4691 544 4747 in
576 4693 700 4745 actu
728 4688 1109 4753 contritioniS,
1141 4689 1232 4744 vel
1265 4688 1559 4746 charitatis
1575 4715 1592 4759 3

226 4789 399 4845 quam
432 4773 596 4828 intra
623 4773 1055 4827 Sacramentum
1078 4786 1180 4843 per
1207 4772 1594 4828 voluntariam

225 4853 654 4926 susceptionem
707 4850 1049 4922 implicitam
1090 4852 1152 4906 in
1205 4851 1515 4916 attritione,
1538 4858 1595 4909 et

228 4933 359 4990 aliis
379 4931 627 4997 actibus,
653 4930 751 5002 qui
768 4930 837 4987 ad
854 4931 1247 5004 recipiendum
1267 4933 1595 4988 Sacramen-

229 5018 351 5069 tum
378 5011 811 5069 desiderantur.
840 5012 908 5065 Et
929 5016 1120 5067 tamen
1168 5016 1386 5068 certum
1414 5018 1515 5077 est,
1541 5017 1597 5069 et

3039 454 3148 509 347

1788 590 2092 663 aVasquio
2111 609 2457 668 concessum,
2504 603 2798 666 hominem
2842 613 2993 674 intra
3043 623 3150 679 Sa-

1786 676 2148 729 cramentum
2186 691 2302 732 non
2350 679 2647 753 justificari
2696 687 3021 755 formaliter
3047 719 3149 774 per

1786 749 2162 820 attritionem,
2194 758 2285 813 vel
2309 760 2452 817 alios
2478 770 2649 833 actuS,
2681 770 2778 826 sed
2796 779 3018 835 tantum
3046 799 3148 854 per

1783 830 2031 903 gratiam
2058 832 2429 910 habitualem.
2469 843 2623 901 Idem
2653 865 2789 925 ergo
2840 856 3145 919 dicendum

1783 911 1887 975 est,
1918 926 2048 967 cum
2091 920 2253 972 extra
2291 919 2720 983 Sacramentum
2755 936 3097 1004 justificatur
3128 960 3141 993 ε

1783 993 1842 1071 et
1865 988 2065 1047 eodem
2092 994 2260 1052 modo
2279 1004 2616 1070 exponenda
2639 1015 2775 1064 sunt
2794 1012 2898 1071 illa
2920 1018 3095 1076 verba
3127 1042 3142 1076 ε

1784 1067 1892 1124 Per
1918 1072 2294 1130 voluntariam
2319 1085 2704 1154 susceptionem
2724 1097 2934 1161 qratia,
2965 1106 3062 1155 etc.

1856 1151 1949 1206 70.
2011 1151 2098 1207 Ad
2137 1156 2446 1215 secundam
2491 1164 2988 1234 confirmationem
3035 1196 3142 1238 ne-

1780 1309 1919 1364 satis
1938 1317 2158 1369 constat
2175 1330 2245 1371 ex
2266 1331 2441 1389 supra
2476 1321 2656 1382 dictis.
2686 1330 2797 1386 Nec
2816 1331 2961 1390 illud
2981 1339 3143 1396 evin-

1779 1394 1917 1445 cunt
1944 1390 2305 1464 probationes
2331 1397 2591 1460 inducta-3.
2614 1408 2741 1464 Non
2768 1408 2976 1482 p'rima,
3007 1420 3143 1490 quia

1779 1471 2006 1528 macula
2027 1475 2254 1545 peccati,
2284 1492 2383 1533 seu
2408 1489 2692 1552 peccatum
2709 1489 3003 1554 habituale
3024 1515 3143 1556 non

1778 1550 2036 1607 consistit
2086 1552 2411 1615 formaliter
2456 1560 2520 1617 in
2566 1569 2867 1628 aversione
2909 1580 3139 1646 actuali,

1777 1629 1900 1687 sive
1926 1632 1990 1688 in
2012 1638 2135 1690 actu
2159 1639 2363 1708 peccati
2388 1645 2688 1704 moraliter
2732 1667 3139 1728 permanente;

1776 1709 1877 1768 sed
1896 1714 2154 1771 consistit
2178 1717 2506 1778 formaliter
2533 1724 2595 1782 in
2630 1734 2931 1794 aversione
2971 1740 3142 1797 habi-

1778 1791 1941 1857 tuali,
1972 1792 2095 1850 sive
2120 1794 2185 1851 in
2214 1798 2538 1869 privatione
2585 1810 2913 1872 voluntaria
2937 1821 3140 1891 gratiae

1775 1869 1841 1925 in
1861 1870 2179 1931 substantia
2206 1877 2419 1936 animae
2440 1881 2774 1949 immediate
2804 1903 3044 1969 recepta,
3079 1905 3140 1956 ut

1773 1951 2079 2009 statuimus
2099 1955 2239 2027 disp.
2276 1960 2322 2023 l,
2353 1958 2483 2017 dub.
2523 1964 2567 2020 l.
2603 1967 2764 2027 Unde
2793 1987 2910 2030 non
2937 1981 3139 2050 expel—

1775 2030 1918 2087 litur
1967 2032 2314 2105 formaliter,
2361 2040 2473 2096 nisi
2522 2059 2622 2115 per
2672 2048 2836 2118 illud,
2881 2058 3029 2127 quod
3076 2061 3138 2118 in

1773 2112 1971 2169 anima
1991 2113 2327 2174 immediate
2354 2121 2648 2195 recipitur,
2680 2135 2737 2184 et
2785 2132 2893 2205 ipsi
2923 2135 3136 2196 imme-

1770 2191 1924 2250 diate
1949 2196 2278 2268 opponitur.
2311 2201 2481 2257 Actus
2509 2209 2699 2262 autem
2742 2215 3128 2287 contritionis,

1771 2273 1864 2329 vel
1886 2276 2101 2332 amoris
2123 2293 2225 2334 nec
2267 2281 2539 2355 recipitur
2566 2286 2629 2341 in
2655 2289 2970 2352 substantia
3001 2299 3135 2355 ani-

1770 2370 1897 2421 mae,
1915 2371 2019 2413 nec
2041 2357 2129 2413 illi
2152 2359 2464 2431 privationi
2483 2365 2815 2429 immediate
2833 2387 3132 2451 repugnat,

1769 2440 1832 2490 ut
1856 2451 1928 2492 ex
1947 2453 2008 2494 se
2034 2438 2243 2510 liquet3
2272 2441 2371 2498 sed
2419 2446 2695 2518 recipitur
2740 2450 2799 2508 in
2847 2461 3129 2529 potentiis,

1742 2523 1822 2573 ‘et
1868 2519 2178 2590 opponitur
2223 2521 2536 2594 privationi
2588 2531 2817 2603 gratiae,
2869 2539 2960 2594 vel
3007 2557 3136 2599 me-

1766 2595 1960 2654 diante
1980 2598 2104 2671 ipsa
2127 2602 2333 2673 gratia,
2368 2603 2438 2659 ad
2490 2623 2664 2678 quam
2711 2611 3001 2686 disponit;
3037 2625 3130 2679 vel

1765 2678 2055 2737 mediante
2087 2680 2614 2754 involuntarietate,
2665 2710 2838 2766 quam
2883 2699 3123 2770 inducit,

1764 2766 1825 2816 ut
1844 2763 2037 2818 statim
2066 2765 2248 2839 magis
2273 2766 2713 2831 declarabimus.
2740 2779 3125 2843 Quamobrem

1762 2840 2061 2914 praedictus
2088 2849 2242 2902 actus
2260 2849 2461 2921 nequit
2486 2866 2606 2910 esse
2647 2871 2816 2915 causa
2859 2861 3123 2923 formalis

1758 2924 2115 2995 expulsionis
2137 2931 2367 2999 peccati,
2395 2931 2519 2988 sive
2547 2938 2900 2997 transferens
2929 2944 3125 3003 homi-

1759 3019 1893 3061 nem
1933 3004 2004 3062 ab
2049 3012 2197 3064 statu
2230 3012 2436 3082 peccati
2467 3013 2536 3070 ad
2586 3022 2798 3077 statum
2825 3028 3041 3097 gratim.
3069 3038 3125 3087 et

1757 3082 2012 3141 filiorum
2035 3086 2157 3143 Dei.

1831 3167 1943 3220 Nec
1967 3165 2212 3223 secunda
2248 3169 2506 3241 probatio
2552 3184 2733 3250 urget,
2784 3184 2919 3253 quia
2966 3194 3122 3246 actus

1755 3243 1962 3313 peccati
2014 3260 2132 3302 non
2176 3248 2467 3304 constituit
2519 3253 2844 3316 formaliter
2906 3271 3116 3325 statum

1753 3325 2077 3395 peccatoris,
2102 3325 2201 3382 sed
2228 3329 2435 3385 avertit
2464 3336 2621 3401 actu;
2644 3341 2700 3391 et
2718 3353 2786 3395 eo
2806 3344 3113 3415 transacto,

1750 3410 1946 3461 manet
1962 3407 2184 3463 macula
2199 3408 2526 3478 habitualis,
2545 3430 2667 3485 quae
2681 3427 3028 3488 peccatorem
3050 3429 3113 3485 in

1748 3500 1870 3541 esse
1891 3485 2019 3541 talis
2067 3486 2392 3545 formaliter
2439 3493 2752 3554 constituit.
2788 3501 2949 3560 Unde
2995 3513 3113 3566 esto

1746 3564 1897 3637 quod
1923 3570 2077 3621 actus
2097 3568 2461 3626 contritionis
2491 3576 2718 3631 tantum
2760 3578 2829 3635 de
2858 3580 3113 3646 bonitate

1746 3645 2000 3713 haberet,
2032 3653 2311 3718 quantum
2363 3655 2518 3707 actus
2563 3659 2768 3726 peccati
2824 3661 2994 3722 habet
3036 3668 3108 3727 de

1743 3726 2254 3792 malitia‚.minime
2282 3729 2548 3798 infertur,
2578 3736 2728 3806 quod
2777 3740 3105 3806 formaliter

1736 3806 2041 3881 justificet,
2097 3808 2191 3865 vel
2239 3809 2388 3882 quod
2433 3810 2757 3874 formaliter
2801 3824 3105 3886 constituat

1738 3896 1951 3946 statum
1985 3890 2155 3964 justi3
2190 3890 2289 3947 sed
2334 3898 2558 3950 tanturn
2597 3900 2910 3975 colligitur,
2954 3912 3103 3980 quod

1735 3973 1883 4028 sicut
1932 3987 2004 4028 ex
2051 3976 2176 4029 actu
2228 3973 2835 4053 peccati-relinquitur
2876 3993 3101 4050 macula

1735 4051 2085 4109 constituens
2113 4052 2436 4110 formaliter
2456 4065 2821 4130 peccatorem,
2843 4066 2923 4123 ita
2945 4075 3099 4127 actus

1736 4133 2059 4200 charitatis,
2111 4136 2202 4191 vel
2247 4136 2610 4195 contritionis
2653 4158 2842 4202 secum
2892 4149 3094 4210 alferat

1732 4212 1980 4285 gratiam
2001 4213 2469 4285 sanctificantem,
2494 4233 2618 4290 quae
2637 4226 2939 4285 constituet
2964 4230 3088 4289 for-

1734 4293 1965 4351 maliter
1983 4295 2221 4367 justum.
2244 4298 2384 4352 Cum
2401 4298 2503 4354 hac
2526 4305 2717 4359 tamen
2738 4303 3080 4379 differentia,

1731 4373 1878 4444 quod
1918 4379 2072 4430 actus
2112 4375 2319 4446 peccati
2359 4377 2526 4434 efficit
2572 4386 2890 4456 maculam3
2930 4398 3085 4451 actus

1730 4468 1868 4510 vero
1912 4454 2293 4533 contritioniS,
2319 4460 2372 4512 et
2411 4457 2706 4517 charitatis
2756 4481 2872 4525 non
2918 4472 3085 4531 efficit

1727 4531 1990 4604 gratiam,
2012 4531 2108 4588 sed
2126 4537 2349 4589 tantum
2377 4533 2447 4589 ad
2468 4552 2594 4593 eam
2622 4537 2875 4613 disponit
2902 4569 2916 4604 :
2944 4568 3088 4623 quo..

1729 4610 1890 4667 niam
1911 4613 2137 4668 macula
2163 4613 2394 4684 produci
2419 4616 2569 4672 valet
2588 4634 2623 4674 a
2641 4622 2762 4678 solo
2778 4636 3084 4702 peccatore,

1725 4696 1783 4748 et
1805 4690 1992 4763 gratia
2009 4692 2423 4749 sanctificansa
2459 4697 2580 4753 solo
2616 4699 2749 4757 Deo.
2775 4704 3037 4767 Diximus
3073 4735 3085 4769 :

1726 4771 1863 4828 Esco
1890 4772 2032 4850 quod
2057 4780 2213 4829 actus
2232 4775 2595 4843 contritionis,
2621 4788 2743 4850 etc„
2766 4787 2899 4857 quia
2925 4791 2974 4846 si
3001 4809 3089 4849 ac-

1727 4857 1818 4907 tus
1840 4852 2447 4923 peccaticonsideretur
2465 4859 2777 4927 secundum
2802 4868 3083 4930 rationem

1727 4933 1974 5008 inJuriae,
1999 4938 2055 4989 et
2079 4933 2306 4990 offensae
2334 4936 2454 5003 Dei,
2485 4943 2540 4996 et
2591 4947 2746 5000 actus
2780 4953 3084 5012 contritio-

1727 5014 1818 5070 nis
1845 5014 2154 5070 secundum
2197 5016 2479 5074 rationem
2518 5021 2941 5097 satisfactionis
2982 5035 3082 5096 illo

2788 1250 2799 1260 ·
3156 1208 3360 1252 secunda:

1781 1228 2035 1301 gaudum
2080 1238 2166 1289 est
2202 1237 2576 1309 antecedens;
2607 1257 2928 1319 oppositum
2979 1259 3139 1316 enim
3173 1258 3338 1302 satisfit.
