3647 5753
503 442 604 498 108
1511 432 1604 487 DE
1644 432 1916 487 GRATIA
1957 432 2301 487 EFFICACI.

493 629 563 669 ex
585 628 645 669 se
671 615 754 674 est
780 606 1138 672 defectibilis,
1190 611 1247 661 et
1276 607 1338 662 in
1370 610 1670 677 utramque
1714 619 1852 676 par-

494 699 608 749 tem
643 689 926 747 vertibilis
953 709 965 744 :
1016 681 1150 761 ergo
1177 687 1289 742 nisi
1318 684 1655 742 admittatur
1683 684 1852 739 auxi-

493 774 642 828 lium
681 787 751 827 ex
772 785 851 833 se,
895 775 951 826 et
977 766 1048 824 ab
1093 766 1407 823 intrinseco
1445 763 1658 827 efficax,
1704 764 1853 835 perit

494 848 774 911 certitudo
804 846 1339 921 praedestinationis.

319 959 439 1001 com·
577 934 696 988 161.
745 929 885 985 Huic
913 931 1251 1001 argumento
1278 930 1584 982 occurrunt
1629 922 1854 979 Adver-

275 1015 431 1099 Angune
493 1012 634 1069 sarii
677 1008 937 1085 negando
974 1008 1284 1081 sequelam,
1326 1004 1397 1061 ad
1435 1005 1595 1079 cujus
1643 1003 1853 1077 proba-

309 1065 483 1149 τῑῖῗῗιιῗ
496 1095 712 1151 tionem
732 1089 1074 1163 respondent
1092 1086 1454 1162 primo,quod
1471 1087 1600 1143 licet
1611 1085 1848 1150 auxilia,

300 1157 428 1257 gfff&
497 1190 597 1246 per
622 1188 746 1245 quae
776 1169 1197 1244 praedestinatio
1221 1165 1589 1239 exequutioni
1619 1163 1856 1221 manda-

495 1261 607 1318 tur,
635 1268 752 1310 non
772 1251 889 1306 sint
908 1266 979 1306 ex
1006 1265 1066 1305 se
1089 1247 1351 1314 efficacia,
1385 1262 1447 1302 ac
1470 1244 1710 1319 proinde
1732 1259 1857 1317 pos-

492 1335 625 1399 sint,
649 1338 927 1405 quantum
954 1334 1037 1386 est
1061 1345 1132 1385 ex
1153 1344 1229 1396 se,
1264 1326 1535 1383 frustrari
1567 1350 1582 1392 ;
1634 1325 1855 1380 nihilo-

494 1414 688 1470 minus
711 1409 1119 1475 infallibiliter,
1135 1414 1192 1465 et
1209 1407 1527 1464 certissime
1548 1420 1855 1479 assequun-

494 1502 587 1550 tur
643 1493 923 1557 ess'ectum,
991 1489 1125 1562 quia
1188 1486 1593 1561 dispensantur
1659 1486 1722 1541 in
1786 1500 1854 1541 eo

492 1582 768 1646 tempore,
793 1577 848 1627 et
886 1568 1293 1634 occasionibus,
1345 1568 1409 1623 in
1453 1566 1661 1641 quibus
1709 1568 1856 1622 Deus

496 1671 595 1727 per
621 1653 919 1710 scientiam
948 1649 1201 1706 mediam
1244 1647 1526 1722 praevidit,
1550 1646 1721 1720 ·quod
1751 1661 1855 1701 vo-

495 1736 686 1790 luntas
713 1737 902 1789 creata
922 1731 1061 1804 ipsis
1081 1728 1498 1802 cooperabitur,
1529 1733 1586 1784 et
1611 1740 1856 1784 consen-

495 1816 613 1871 tiet.
686 1817 807 1878 Qua
865 1810 1256 1884 suppositione
1316 1809 1477 1874 facta,
1537 1804 1856 1864 infallibile

493 1896 734 1954 omnino
773 1899 873 1961 est,
916 1891 1067 1964 quod
1109 1891 1318 1947 inferet
1356 1889 1618 1947 effectum
1654 1909 1666 1944 ε
1718 1903 1856 1943 nam

492 1993 621 2034 cum
651 1977 755 2032 illa
796 1972 1149 2048 praescientia
1187 1969 1460 2028 fundetur
1487 1970 1552 2025 in
1589 1969 1854 2041 supposi-

493 2058 648 2113 tione
690 2055 872 2112 libera
918 2050 1422 2109 determinationis
1466 2049 1856 2106 conditionate

493 2140 700 2195 futurae
731 2162 744 2205 ;
793 2143 850 2193 et
889 2150 1061 2192 omne
1099 2132 1250 2206 quod
1275 2138 1379 2198 est,
1439 2131 1759 2188 necessario
1784 2146 1857 2186 ex

492 2218 881 2293 suppositione
907 2216 982 2271 sit
1008 2236 1020 2271 :
1065 2213 1189 2270 fleri
1222 2228 1338 2270 non
1367 2213 1537 2278 valet,
1575 2210 1722 2284 quod
1750 2216 1858 2266 vo-

495 2302 687 2356 luntas
708 2297 1008 2354 dissentiat
1030 2294 1265 2351 auxiliis
1285 2292 1396 2348 sibi
1418 2290 1858 2349 communicatis

499 2384 559 2437 in
584 2383 685 2438 illa
704 2380 1012 2443 occasione,
1033 2377 1093 2431 in
1114 2392 1226 2448 qua
1247 2376 1556 2447 praevisum
1576 2379 1681 2438 est,
1707 2370 1857 2444 quod

293 2476 466 2520 molina.
497 2462 826 2520 consentiet.
862 2461 942 2515 lta
990 2458 1209 2513 Molina
1260 2460 1278 2512 l
1335 2462 1489 2528 part.
1544 2460 1727 2531 quaest.
1768 2455 1852 2519 13,

496 2551 607 2600 art.
633 2546 684 2608 5,
737 2543 880 2612 disp.
919 2541 963 2604 l,
1017 2536 1210 2594 memb.
1272 2538 1352 2605 ll,
1402 2539 1433 2604 ἓ
1479 2533 1598 2590 Nos
1637 2550 1776 2600 veru,
1808 2541 1856 2587 el

497 2617 608 2680 ari.
638 2626 692 2687 6,
725 2625 785 2677 in
812 2619 1215 2676 commentario,

313 2714 471 2758 Everti-
573 2705 677 2762 Sed
703 2705 818 2760 haec
848 2698 1140 2773 responsio
1165 2698 1361 2771 nequit
1385 2695 1660 2752 sustineri
1690 2711 1859 2768 :quo-

305 2770 468 2857 ιιιῗῑὶιῖξξ,
503 2787 662 2843 niam
690 2779 1113 2858 praedestinatio
1141 2778 1428 2850 adaequate
1454 2781 1695 2848 accepta,
1753 2776 1860 2833 ho'c

499 2874 583 2926 est
613 2884 729 2925 non
754 2865 942 2923 solum
962 2859 1278 2918 secundum
1300 2859 1378 2925 id,
1405 2857 1553 2932 quod
1580 2857 1717 2915 dicit
1747 2857 1859 2914 for-

499 2948 836 3012 malissime,
862 2950 920 3002 et
945 2945 1008 3000 in
1037 2947 1204 3000 recto,
1228 2940 1326 2998 sed
1346 2942 1523 2998 etiam
1545 2937 1858 2996 secundum

501 3035 644 3090 alios
672 3036 826 3087 actus
853 3026 1100 3092 divinos,
1150 3040 1289 3096 quos
1327 3020 1861 3096 indispensabiliter

503 3110 911 3190 praesupponit,
968 3106 1135 3164 debet
1181 3122 1303 3162 esse
1353 3111 1506 3162 certa
1528 3120 1642 3161 non
1671 3104 1859 3160 solum

501 3192 843 3254 certitudine
872 3186 1258 3263 praescientiae,
1302 3185 1397 3242 sed
1418 3185 1595 3241 etiam
1621 3183 1861 3241 certitu-

502 3276 637 3331 dine
658 3270 1024 3334 causalitatis,
1049 3272 1104 3325 et
1131 3265 1353 3324 ordinis
1382 3264 1726 3330 mediorum,
1760 3278 1862 3336 per

502 3373 625 3431 quae
645 3351 1011 3428 exequutioni
1034 3348 1373 3405 mandatur:
1399 3347 1554 3420 atqui
1581 3344 1861 3403 certitudo

500 3455 626 3511 quae
656 3438 716 3493 in
746 3436 848 3492 hac
872 3431 1140 3490 evasione
1166 3429 1459 3495 asseritur,
1495 3444 1612 3485 non
1633 3432 1718 3484 est
1745 3441 1863 3483 cer-

502 3519 685 3577 titudo
710 3513 1073 3579 causalitatis,
1097 3509 1196 3566 sed
1223 3510 1401 3567 solius
1443 3508 1812 3583 praesoientiae
1846 3528 1859 3562 z

501 3616 654 3675 ergo,
680 3605 783 3655 etc.
811 3596 1002 3651 Minor
1022 3597 1104 3649 est
1130 3596 1301 3656 certa,
1326 3590 1460 3662 quia
1482 3595 1599 3647 tota
1621 3589 1725 3645 illa
1745 3603 1864 3643 cer·

503 3680 683 3737 titudo
711 3676 1031 3735 desumitur
1059 3689 1130 3730 ex
1160 3670 1516 3744 praescientia
1552 3684 1863 3727 consensus

502 3761 886 3821 conditionate
913 3754 1115 3821 futuri,
1162 3767 1280 3810 non
1310 3768 1444 3809 vero
1470 3768 1542 3809 ex
1571 3758 1731 3825 parte
1757 3766 1863 3806 au-

503 3846 803 3906 xiliorum,
860 3853 983 3912 qum
1011 3839 1120 3893 ista
1165 3834 1459 3907 responsio
1506 3834 1716 3891 fatetur
1742 3846 1865 3888 esse

505 3946 574 3986 ex
602 3944 662 3983 se
688 3921 977 3988 sallibilia,
1020 3926 1076 3975 et
1118 3933 1233 3974 non
1269 3918 1586 3989 importare
1625 3914 1863 3973 certitu-

504 4010 702 4065 dinem
746 4006 1003 4065 eventuS,
1056 3998 1169 4055 nisi
1218 4003 1276 4053 ut
1316 3995 1561 4052 subsunt
1609 3993 1863 4051 scientiae

506 4091 708 4149 medice
733 4110 745 4145 ε
778 4100 912 4158 ergo
944 4079 1223 4139 certitudo
1251 4080 1313 4135 in
1342 4080 1446 4135 hac
1471 4078 1742 4135 evasione
1769 4093 1864 4132 as-

506 4179 656 4233 serta
678 4183 797 4225 non
823 4169 908 4223 est
945 4161 1223 4220 certitudo
1249 4160 1509 4224 causalia,
1559 4155 1658 4214 sed
1683 4158 1865 4213 solius

509 4249 896 4329 praescientiae.
927 4244 1111 4317 Major
1137 4248 1325 4299 autem
1356 4240 1628 4314 probatur
1657 4244 1777 4295 tum
1794 4256 1865 4297 ex

315 4363 350 4400 ι)
372 4360 474 4401 auo,
508 4342 571 4394 D.
603 4336 808 4390 Thom.
840 4334 1020 4407 quaest.
1052 4327 1107 4391 6,
1137 4325 1201 4379 de
1240 4321 1495 4388 Veritate,
1527 4328 1639 4377 art.
1670 4322 1720 4388 3,
1764 4320 1865 4377 ubi

508 4420 626 4474 haec
651 4412 858 4471 habet:
890 4430 916 4461 «
965 4409 1092 4462 Non
1120 4407 1301 4477 potest
1343 4400 1475 4469 dici,
1534 4400 1685 4476 quod
1714 4418 1865 4474 prae-

516 4523 540 4551 «
582 4492 887 4554 destinatio
924 4503 1099 4560 supra
1119 4483 1524 4543 certitudinem
1552 4482 1866 4556 providen-

516 4602 540 4631 ι(
585 4579 676 4634 tiae
703 4572 852 4631 nihil
907 4565 1063 4625 aliud
1092 4563 1265 4631 addit,
1305 4563 1419 4619 nisi
1461 4561 1865 4620 certitudinem

515 4685 541 4714 «ι
585 4652 950 4734 praescientiae
980 4675 994 4718 ;
1048 4652 1112 4705 ut
1135 4647 1215 4704 sic
1242 4646 1483 4713 dicatur,
1539 4645 1689 4719 quod
1719 4648 1867 4702 Deus

514 4766 539 4797 «ι
582 4738 811 4799 ordinat
832 4731 1301 4809 praedestinatum
1330 4727 1401 4785 ad
1426 4728 1690 4794 salutem,
1722 4727 1867 4784 sicut

515 4846 539 4877 α
581 4827 638 4879 et
662 4814 976 4892 quemlibet
996 4812 1176 4870 alium
1205 4831 1218 4866 ε
1242 4808 1339 4866 sed
1359 4825 1489 4866 cum
1513 4809 1617 4866 hoc
1637 4807 1707 4864 de
1729 4823 1869 4881 prae-

514 4928 540 4956 «
580 4899 863 4959 destinato
888 4895 1011 4960 scit,
1040 4890 1189 4966 quod
1213 4906 1331 4948 non
1358 4888 1578 4946 deficiet
1607 4905 1635 4945 a
1659 4889 1861 4945 salute.

515 5008 539 5037 «
581 4982 672 5038 Sic
703 4978 864 5036 enim
911 4972 1171 5039 dicendo,
1216 4987 1335 5028 non
1380 4969 1664 5028 diceretur
1718 4983 1868 5042 prae-

515 5089 540 5119 a
581 5061 900 5122 destinatus
924 5056 1160 5114 differre
1181 5071 1212 5112 a
1235 5068 1352 5112 non
1375 5051 1777 5127 praedestinato
1795 5067 1869 5109 ex

1991 626 2015 655 «
2060 609 2220 676 parte
2246 603 2486 673 ordiniS,
2512 602 2610 660 sed
2632 610 2858 660 tantum
2883 620 2953 658 ex
2979 610 3138 676 parte
3166 620 3347 677 praes-

1991 706 2015 736 α
2057 684 2324 752 cientiae;
2366 690 2421 742 et
2465 685 2547 740 sic
2593 685 2949 758 praescientia
2988 691 3135 741 esset
3174 700 3348 742 causa·

1991 788 2016 818 α
2060 765 2596 839 praedestinationis,
2629 783 2731 824 nec
2755 766 3179 840 praedestinatio
3194 773 3346 825 esset

1991 869 2017 897 α
2062 862 2162 919 per
2210 848 2546 905 electionem
2602 848 3087 921 praedestinatoris
3114 868 3126 904 ε
3194 846 3347 921 quod

1992 951 2016 980 «
2059 935 2143 985 est
2180 935 2377 986 contra
2430 930 2834 987 authoritatem
2912 930 3234 1004 Scripturae,
3288 936 3352 985 et

1993 1032 2018 1062 α
2059 1008 2207 1066 dicta
2233 1012 2592 1079 Sanctorum.
2626 1011 2789 1069 Unde
2820 1018 3024 1083 praeter
3044 1011 3349 1069 certitudi-

1993 1112 2017 1142 «
2060 1106 2194 1147 nem
2220 1092 2602 1164 praescientiae,
2636 1093 2755 1165 ipse
2794 1091 2932 1148 ordo
2975 1092 3331 1165 praedestina-

1993 1192 2019 1223 α
2060 1170 2235 1227 tionis
2257 1171 2427 1228 habet
2465 1171 2834 1229 infallibilem
2859 1170 3280 1228 certitudinem.
3318 1191 3344 1220 »

1988 1253 2057 1307 Et
2104 1255 2121 1307 l
2158 1270 2220 1324 p.
2251 1273 2306 1331 q.
2349 1256 2441 1321 23,
2480 1262 2590 1311 art.
2643 1257 2700 1317 7,
2747 1254 2968 1326 inquit:
3016 1256 3349 1309 «Numerus

1993 1355 2018 1385 α
2061 1332 2595 1404 praedestinatorum
2624 1339 2707 1389 est
2732 1340 2917 1389 certus
2948 1336 3078 1398 Deo,
3112 1348 3230 1388 non
3250 1347 3347 1389 so-

1994 1437 2018 1467 α
2062 1416 2184 1471 lum
2215 1416 2437 1472 ratione
2456 1416 2816 1490 cognitionis,
2849 1416 2984 1488 quia
3002 1415 3218 1472 scilicet
3242 1414 3349 1469 scit

1994 1518 2018 1548 <t
2059 1500 2197 1569 quot
2232 1495 2350 1551 sint
2394 1494 2703 1564 salvandi;
2752 1495 2850 1552 sed
2897 1496 3071 1552 etiam
3126 1495 3350 1552 ratione

1994 1600 2019 1628 α
2060 1575 2371 1636 electionis,
2397 1581 2453 1633 et
2475 1575 2945 1649 praedefinitionis
2966 1574 3283 1650 cujusdam.
3316 1595 3342 1625 ι)

1987 1657 2057 1710 Et
2078 1657 2139 1711 in
2169 1656 2184 1710 l
2213 1656 2288 1710 ad
2331 1655 2633 1712 Annibald.
2662 1656 2790 1711 dist.
2823 1657 2914 1718 40,
2947 1662 3130 1731 qux-st.
3154 1654 3343 1715 unica,

1986 1736 2250 1793 art.30d
2272 1738 2324 1801 2,
2358 1737 2475 1793 ait:
2530 1759 2556 1790 α
2606 1735 3038 1793 praedestinatio
3093 1741 3346 1807 respectu

1994 1841 2019 1872 α
2060 1818 2334 1893 gratioe,et
2346 1819 2544 1892 gloriae
2566 1817 2736 1875 habet
2754 1817 3158 1874 certitudinem
3181 1833 3349 1889 praes-

1995 1921 2020 1952 «
2060 1899 2303 1964 cientiae,
2355 1904 2410 1954 et
2453 1913 2650 1955 causze.
2710 1919 2735 1948 υ
2802 1896 2912 1952 Ubi
2978 1912 3245 1970 expresse
3286 1899 3343 1953 S.

1989 1981 2190 2036 Doctor
2218 1978 2479 2035 attribuit
2502 1977 2988 2051 praedestinationi
3019 1979 3198 2034 aliam
3219 1994 3347 2035 cer-

1989 2058 2295 2115 titudinem
2314 2064 2520 2131 praeter
2533 2058 2936 2116 certitudinem
2959 2058 3345 2130 praescientiae,

1987 2154 2111 2211 quae
2138 2139 2335 2211 nequit
2352 2155 2474 2195 esse
2495 2139 2627 2204 alia,
2650 2139 2762 2194 nisi
2791 2138 3072 2196 certitudo
3100 2136 3345 2202 ordiniS,

1988 2220 2354 2285 causalitatis,
2397 2228 2454 2277 et
2494 2219 2747 2277 influxus
2792 2222 2856 2290 in
2909 2219 3118 2285 media,
3164 2225 3220 2276 et
3248 2235 3352 2292 per

1990 2300 2197 2366 media,
2222 2301 2428 2374 quibus
2459 2301 2841 2375 praedestinati
2871 2303 3195 2358 salvantur.
3528 2333 3533 2339 .
3584 2363 3587 2366 μ

2073 2383 2192 2438 162.
2237 2382 2383 2437 Tum
2410 2383 2586 2438 etiam
2617 2384 2839 2439 ratione
2859 2398 2930 2438 ex
2956 2380 3172 2439 eisdem
3196 2380 3348 2437 testi·
3375 2381 3557 2446 aetem-

1992 2461 2205 2517 moniis
2243 2460 2541 2534 desumpta
2574 2483 2586 2518 :
2627 2463 2902 2535 quoniam
2948 2463 2996 2517 si
3053 2458 3348 2534 praedesti·
3388 2437 3539 2522 ἰ’,ἷῖὧῗ

1991 2542 2148 2598 natio
2168 2547 2314 2598 esset
2339 2548 2489 2599 certa
2515 2544 2636 2600 sola
2675 2542 3020 2600 certitudine
3043 2540 3349 2614 praescien-

1991 2624 2083 2680 tiae
2120 2631 2360 2680 eventus
2422 2625 2624 2689 futuri,
2691 2624 3115 2697 praedestinatio
3173 2637 3350 2694 supra

1990 2722 2356 2763 communem
2409 2706 2853 2779 providentiam,
2895 2722 3020 2779 quae
3058 2703 3349 2777 dispensat

1992 2786 2211 2842 auxilia
2236 2786 2575 2844 sufficientia
2603 2787 2879 2859 reprobis,
2913 2793 2967 2843 et
2988 2786 3180 2843 electis
3199 2800 3349 2841 com·

1992 2867 2211 2935 munia,
2259 2867 2409 2924 nihil
2454 2866 2688 2925 adderet
2715 2868 2826 2925 nisi
2857 2864 3072 2940 aliquid
3096 2865 3163 2922 de
3193 2864 3349 2921 linea

1993 2947 2331 3013 intellectuS,
2408 2963 2614 3021 nempe
2678 2949 2860 3021 ipsam
2929 2945 3348 3020 praescientiam

1992 3033 2229 3085 eventus
2277 3029 2496 3091 futuri:
2542 3045 2659 3086 non
2682 3046 2817 3087 vero
2858 3028 3074 3103 aliquid
3097 3028 3166 3085 de
3195 3028 3350 3084 linea

1993 3112 2324 3178 voluntatiS,
2367 3110 2517 3168 etde
2559 3112 2713 3167 linea
2739 3111 3101 3175 efficacitatis,
3131 3116 3188 3167 et
3225 3109 3350 3167 effi-

1992 3193 2216 3250 cientiae
2241 3216 2255 3260 ;
2287 3192 2430 3249 alias
2463 3194 2585 3268 jam
2614 3210 2730 3251 non
2756 3199 2901 3249 esset
2924 3194 3044 3250 sola
3071 3189 3352 3249 certitudo

1996 3272 2380 3345 praescientiae,
2425 3271 2524 3329 sed
2567 3273 2745 3328 etiam
2785 3271 3151 3335 causalitatiS,
3199 3276 3349 3326 utex

1994 3353 2132 3426 ipsis
2154 3353 2422 3409 terminis
2445 3353 2653 3425 liquet:
2676 3369 3024 3425 consequens
3043 3358 3128 3407 est
3153 3358 3351 3408 contra

1994 3448 2213 3489 sacram
2270 3433 2645 3506 Scripturam,
2694 3438 2750 3490 et
2793 3432 2940 3490 dicta
2985 3435 3343 3494 Sanctorum,

1993 3528 2118 3586 quae
2145 3520 2416 3570 revocant
2460 3513 3015 3585 praedestinationem
3045 3512 3115 3569 ad
3142 3527 3353 3584 propo-

1994 3594 2190 3656 situm.
2244 3597 2300 3648 et
2345 3593 2680 3651 electionem
2729 3593 3043 3649 voluntatis
3087 3592 3349 3657 divinae;

1996 3690 2132 3731 nam
2153 3674 2229 3728 ad
2255 3673 2521 3747 Ephesios
2549 3677 2595 3742 l,
2620 3674 2831 3731 dicitur
2857 3698 2869 3731 ε
2903 3697 2925 3725 α
2955 3673 3438 3731 PraedestinatiAd
3456 3683 3568 3735 Εμιι.

2002 3780 2026 3810 «
2068 3754 2380 3813 secundum
2417 3757 2771 3830 propositum
2798 3759 2920 3832 ejus
2946 3758 3044 3830 qui
3080 3757 3351 3813 universa
3368 3735 3561 3825 offic„

2002 3858 2026 3889 α
2069 3841 2338 3908 operatur
2363 3836 2674 3894 secundum
2705 3838 3009 3895 consilium
3038 3837 3354 3893 voluntatis

2002 3939 2027 3969 α
2068 3933 2201 3972 suae.
2230 3937 2255 3967 »
2303 3916 2413 3973 Ubi
2436 3919 2499 3974 D.
2531 3918 2869 3993 Hieronym.
2900 3941 2925 3971 α
2972 3915 3355 3974 Praedestina—

2003 4021 2028 4051 α
2070 3998 2169 4063 tio,
2219 4000 2419 4076 inquit,
2450 4005 2506 4056 et
2551 4001 2903 4074 propositum
2946 4001 3121 4059 simul
3171 3999 3354 4071 posita

2003 4102 2029 4132 ι(
2070 4082 2222 4142 sunt,
2243 4079 2408 4151 juxta
2426 4096 2550 4153 quae
2577 4086 2846 4153 operatur
2866 4081 3061 4137 omnia
3090 4082 3234 4136 Deus
3258 4094 3356 4134 se-

2003 4181 2028 4212 «
2070 4158 2321 4215 cundum
2350 4161 2653 4216 consilium
2683 4162 2995 4218 voluntatis
3021 4175 3173 4227 suae;
3203 4158 3355 4231 quod

2004 4262 2029 4292 «
2074 4240 2343 4296 universa
2380 4256 2505 4312 quae
2533 4240 2683 4309 facit,
2727 4241 2967 4298 consilio
2995 4240 3141 4306 facit,
3165 4244 3222 4296 et
3249 4253 3356 4296 vo—

2004 4343 2029 4373 «
2071 4320 2293 4377 luntate
2317 4345 2332 4387 ;
2374 4320 2523 4394 quod
2574 4326 2630 4377 et
2674 4321 2896 4384 ratione
2944 4320 3111 4392 plena
3137 4320 3272 4385 sint,
3297 4325 3358 4375 et

2004 4423 2031 4455 <t
2072 4405 2344 4474 potestate
2365 4402 2643 4459 facientis.
2679 4424 2704 4454 »
2738 4404 2807 4457 Et
2825 4404 2900 4457 ad
2924 4401 3079 4460 Rom.
3107 4403 3161 4468 9,
3206 4399 3355 4456 dici-
3375 4436 3449 4478 Ad
3469 4440 3593 4483 nom.

1998 4486 2092 4537 tur
2120 4502 2133 4538 ε
2162 4505 2189 4535 α
2213 4483 2288 4537 Ut
2305 4481 2618 4539 secundum
2640 4482 2975 4540 electionem
3000 4480 3356 4554 propositum
3462 4491 3508 4531 9.

2004 4586 2029 4613 α
2073 4562 2172 4618 Dei
2219 4567 2501 4620 maneret.
2547 4583 2574 4613 ›>
2630 4564 2751 4626 Quo
2798 4561 3127 4618 testimonio
3172 4558 3359 4615 utitur

1997 4645 2232 4717 August.
2260 4643 2352 4700 lib.
2384 4644 2448 4699 de
2466 4652 2696 4718 corrept.
2724 4651 2774 4698 et
2791 4645 2997 4713 qratia,
3029 4660 3151 4715 cap.
3181 4644 3236 4706 7,
3260 4638 3361 4696 di·
3400 4667 3588 4719 naua.

1998 4728 2170 4782 cens:
2224 4748 2248 4778 α
2296 4726 2468 4782 Electi
2490 4732 2625 4781 sunt
2651 4730 2861 4791 autem,
2889 4725 3023 4798 quia
3043 4720 3359 4780 secundum

2006 4827 2032 4858 α
2076 4806 2429 4877 propositum
2450 4805 2632 4862 vocati
2654 4811 2807 4861 sunt.
2855 4803 3217 4876 Propositum
3238 4816 3360 4859 nou

2005 4906 2031 4938 α
2072 4901 2258 4953 suum,
2282 4884 2380 4942 sed
2409 4885 2529 4951 Dei,
2555 4883 2625 4942 de
2644 4900 2756 4957 quo
2781 4882 2922 4940 alibi
2949 4883 3088 4940 dicit
3121 4902 3134 4938 ε
3164 4883 3239 4938 Ut
3263 4896 3362 4938 se-

2006 4990 2032 5023 «
2073 4966 2325 5024 cundum
2354 4967 2690 5025 electionem
2725 4967 3080 5040 propositum
3106 4964 3208 5022 Dei
3229 4979 3365 5020 ma-

2006 5071 2031 5101 «
2075 5052 2256 5106 neret.
2284 5069 2311 5099 »
2339 5049 2409 5104 Et
2434 5046 2587 5105 idem
2608 5049 2664 5106 S.
2691 5050 2892 5106 Doctor
2911 5047 3093 5103 eodem
3113 5045 3209 5102 lib.
3231 5062 3362 5119 cap.

2987 5128 3043 5196 8,
3073 5126 3367 5184 disserens
