3647 5753
331 1858 435 1901 conti
442 1867 479 1901 r·

302 1911 435 1951 matur
446 1907 504 1951 ul·

336 1955 452 2001 timo.

302 3711 489 3756 Difficul-

324 3767 466 3855 οὲἶζῖῗ
515 3783 718 3857 aliquae
763 3780 1179 3857 propositiones
1230 3777 1528 3848 difficiles,
1576 3797 1702 3853 quae
1749 3782 1872 3855 ejus

302 3866 502 3954 {gssgfffis
513 3864 858 3921 sententiam
879 3861 1201 3928 obscurare,
1224 3864 1280 3916 et
1300 3858 1553 3918 adversae
1578 3861 1871 3935 opinionis

318 3960 372 4001 n.
394 3959 483 4003 'rho
516 3942 863 4001 Authoribus
891 3942 1085 3998 favere
1109 3938 1413 4007 videntur;
1443 3956 1584 4013 quas
1629 3941 1872 4014 proinde

300 4007 484 4068 testimo·

343 4068 441 4103 mis.

297 4516 488 4611 &3532

517 358 631 415 566
1192 356 1285 409 DE
1324 352 1928 409 DISPOSITIONIBUS
1965 352 2061 406 AD
2096 353 2758 409 JUSTIFICA'I'IONEM.

518 532 725 608 quibus
747 528 1080 605 procedebat
1106 527 1405 584 difficultas
1434 525 1596 582 illius
1623 523 1874 593 articuli,

521 630 731 686 nempe
756 611 1124 669 dilectionem
1150 608 1465 674 charitatis,
1493 614 1549 665 et
1575 607 1880 664 contritio-

521 710 675 751 nem.
709 691 873 750 Unde
897 690 1204 749 dicendum
1231 694 1335 757 est,
1379 690 1473 747 vel
1519 687 1660 746 duos
1699 692 1874 755 actus,

520 793 580 833 v.
606 793 661 851 g.
692 772 1079 838 contritionis,
1113 772 1175 828 in
1216 770 1325 834 illo
1363 769 1603 827 instanti
1646 784 1880 826 concur-

522 873 666 924 rere,
697 857 944 913 alterum
960 853 1218 911 elicitum
1243 868 1274 908 a
1295 853 1481 926 gratia
1497 849 1797 916 habituali,
1822 854 1882 907 et

519 940 769 996 alterum
812 936 883 992 ab
912 936 1133 993 auxilio
1172 934 1415 1000 actuali3
1447 934 1537 990 vel
1583 930 1731 1004 quod
1760 946 1879 987 non

516 1021 683 1078 detur
725 1020 837 1075 nisi
870 1020 1093 1084 unicuS,
1124 1023 1182 1074 et
1208 1033 1240 1073 a
1264 1015 1451 1089 gratia
1489 1011 1879 1070 sanctificante

520 1098 850 1174 procedens,
883 1101 1137 1170 Cumque
1181 1094 1329 1152 illud
1371 1093 1533 1166 prius
1571 1092 1645 1147 sit
1684 1096 1880 1165 aperte

520 1182 750 1246 falsum,
771 1186 826 1237 et
847 1183 1047 1236 contra
1066 1176 1363 1252 generalia
1379 1173 1664 1248 principia
1680 1175 1745 1229 D.
1765 1173 1872 1229 Th.

520 1262 782 1338 negantis
794 1261 1226 1318 coexistentiam
1239 1255 1878 1315 duorumaccidentium

517 1346 640 1402 solo
656 1359 897 1400 numero
911 1341 1272 1398 diversorum
1295 1340 1359 1395 in
1378 1336 1579 1396 eodem
1602 1335 1873 1410 subjecte,

516 1443 866 1499 consequens
889 1430 991 1492 est,
1023 1422 1173 1498 quod
1201 1440 1271 1481 ex
1298 1421 1421 1496 ejus
1447 1419 1736 1477 sententia
1760 1433 1878 1475 non

517 1510 683 1568 detur
712 1510 773 1565 in
800 1507 1038 1564 instanti
1060 1503 1506 1579 justificationiS,
1533 1501 1650 1558 nisi
1674 1499 1879 1557 unicus

516 1588 899 1655 contritionis,
925 1588 1017 1645 vel
1043 1586 1261 1643 amoris
1287 1590 1443 1642 actus
1467 1608 1482 1652 ;
1512 1589 1568 1643 et
1608 1580 1758 1656 qnod
1785 1581 1879 1638 hic

518 1690 551 1731 a
570 1674 754 1748 gratia
778 1669 1167 1727 sanctificante
1190 1667 1474 1740 procedat.
1502 1664 1780 1724 Videatur
1804 1666 1872 1720 D.

517 1756 721 1812 Thom.
748 1754 782 1808 3
799 1759 950 1825 part.
974 1757 1158 1828 quaest.
1181 1750 1272 1815 87,
1291 1755 1402 1805 art.
1429 1749 1484 1815 2,
1510 1750 1572 1804 in
1591 1747 1698 1814 fine
1723 1764 1874 1819 corp.

594 1834 979 1894 confirmatur
1001 1832 1187 1899 tertio,
1217 1835 1275 1888 et
1306 1831 1514 1887 ultimo
1558 1855 1571 1887 ε
1620 1846 1756 1887 nam
1785 1846 1871 1895 ea,

518 1935 643 1992 quae
691 1915 761 1972 ad
806 1911 1271 1991 justificationem
1299 1914 1669 1976 concurrunt,
1704 1910 1877 1966 illum

518 1998 782 2058 ordinem
834 2012 905 2053 ex
950 1997 1143 2050 mente
1189 1994 1255 2050 D.
1308 1992 1517 2049 Thom.
1568 1989 1879 2048 observant

518 2082 669 2139 inter
694 2096 774 2146 se,
805 2094 976 2152 quem
1020 2077 1143 2149 ipse
1189 2076 1244 2131 S.
1290 2076 1493 2133 Doctor
1518 2072 1784 2130 observat
1812 2074 1876 2129 in

515 2163 597 2219 eis
614 2158 1017 2234 proponendis,
1033 2162 1091 2213 et
1105 2153 1466 2213 declarandis
1485 2177 1500 2221 3
1527 2153 1741 2227 alioqui
1757 2168 1877 2212 non

513 2244 792 2302 tribueret
829 2241 914 2297 eis
959 2239 1128 2295 illum
1170 2236 1457 2306 ordinem,
1489 2253 1660 2310 quem
1697 2237 1878 2293 sensit

512 2326 597 2382 eis
621 2323 967 2387 convenire;
1010 2317 1159 2392 quod
1187 2323 1272 2374 est
1300 2318 1640 2375 absurdum.
1668 2317 1776 2375 Sed
1804 2320 1871 2375 D.

513 2405 719 2462 Thom.
771 2402 871 2459 tali
914 2399 1118 2458 ordine
1163 2397 1415 2471 procedit
1456 2398 1518 2454 in
1560 2400 1665 2456 hac
1688 2414 1878 2472 quaes-

513 2487 703 2552 tione,
753 2480 903 2555 quod
950 2480 1128 2552 priuS,
1172 2493 1381 2552 nempe
1419 2488 1530 2535 art.
1560 2481 1615 2545 2,
1649 2481 1770 2553 agit
1805 2478 1877 2536 de

514 2566 808 2623 infusione
827 2562 1026 2638 gratiae
1063 2559 1498 2624 sanctificantis;
1526 2559 1734 2618 deinde
1759 2568 1873 2616 art.

513 2649 569 2715 3,
596 2656 645 2704 et
671 2649 726 2713 4,
757 2652 807 2700 et
827 2647 882 2711 5,
915 2646 1116 2700 tractat
1142 2641 1213 2698 de
1240 2640 1458 2698 actibus
1482 2643 1581 2715 qui
1610 2641 1679 2698 ad
1702 2642 1876 2715 justi-

509 2726 840 2786 ficationem
864 2723 1269 2796 requiruntur;
1300 2725 1489 2793 postea
1515 2729 1625 2778 art.
1657 2723 1712 2788 6,
1752 2721 1877 2778 dis-

514 2814 673 2885 putat
692 2807 763 2864 de
785 2804 1126 2863 remissione
1149 2808 1503 2876 peccatorum
1524 2827 1540 2871 ς
1564 2808 1619 2860 et
1642 2803 1874 2861 tandem

513 2899 625 2949 art.
656 2893 712 2955 7,
741 2896 791 2945 et
817 2890 872 2955 8,
900 2885 1167 2959 praedicta
1187 2891 1431 2958 quatuor
1450 2883 1648 2942 eodem
1670 2884 1877 2943 ordine

512 2976 807 3044 comparat
831 2970 984 3025 inter
1010 2982 1093 3023 se.
1124 2966 1285 3030 Quod
1313 2966 1618 3023 manifeste
1643 2982 1876 3040 cognos-

514 3057 612 3119 cet,
647 3052 745 3126 qui
793 3054 971 3106 totam
1012 3046 1160 3102 hanc
1202 3047 1595 3118 quaestionem,
1644 3046 1876 3120 ejusque

512 3132 947 3207 dispositionem
1007 3128 1422 3202 contemplatus
1465 3128 1660 3185 fuerit.
1722 3130 1874 3203 Ergo

512 3215 820 3275 dicendum
847 3218 949 3281 est,
980 3210 1130 3285 quod
1168 3210 1481 3269 secundum
1510 3216 1763 3268 mentem
1804 3214 1868 3268 D.

513 3299 717 3355 Thom.
748 3295 854 3352 illa
878 3299 1123 3368 quatuor
1149 3292 1231 3349 ita
1251 3307 1311 3349 se
1331 3290 1567 3358 habent,
1598 3297 1655 3349 et
1674 3296 1874 3349 mutuo

478 3380 485 3388 '
511 3377 825 3453 procedunt
881 3375 945 3430 in
1012 3372 1243 3430 diverso
1306 3372 1578 3429 causandi
1637 3387 1868 3447 genere,

511 3459 661 3534 quod
690 3458 1074 3515 nihilominus
1097 3454 1284 3530 gratia
1324 3453 1686 3512 sanctificans
1723 3471 1875 3526 prae-

512 3542 673 3599 cedat
714 3538 1056 3614 simpliciter
1103 3539 1278 3602 actuS,
1327 3534 1535 3609 quibus
1580 3535 1754 3595 homo
1799 3536 1872 3594 ad

509 3621 975 3697 justificationem
1001 3615 1346 3690 disponitur.

587 3706 679 3760 52.
724 3705 866 3759 Sunt
900 3707 1093 3758 tamen
1142 3699 1207 3755 in
1254 3697 1500 3757 istismet
1525 3701 1873 3758 testimoniis

511 4031 732 4098 oportet
770 4024 956 4082 obiter
981 4036 1292 4093 exponere.
1324 4022 1394 4076 Et
1422 4022 1485 4078 in
1507 4022 1733 4095 primia,
1759 4041 1872 4097 qua

511 4110 734 4167 ratione
761 4110 944 4181 potest
967 4101 1277 4168 verificari,
1304 4102 1455 4175 quod
1502 4110 1619 4162 tota
1652 4105 1872 4178 justifi-

510 4191 656 4246 catio
682 4186 850 4260 impii
892 4183 1163 4241 consistat
1189 4181 1555 4257 originaliter
1602 4186 1665 4241 in
1706 4187 1873 4244 infn-

510 4269 673 4327 sione
715 4266 915 4344 gratiae
960 4260 1385 4330 sanctificantis,
1437 4269 1501 4320 ut
1547 4266 1617 4324 D.
1660 4267 1864 4325 Thom.

510 4349 716 4406 asserit
740 4355 851 4404 art.
881 4348 937 4411 6,
980 4359 1111 4400 cum
1140 4342 1326 4416 potius
1363 4344 1692 4418 Justificatio
1718 4348 1870 4405 inci-

511 4431 630 4503 piat
656 4429 727 4486 ab
773 4428 992 4487 auxilio
1038 4425 1138 4482 Dei
1179 4422 1479 4483 hominem
1506 4430 1780 4496 vocantis,
1813 4434 1870 4487 et

511 4510 811 4567 excitantis
863 4509 934 4567 ad
978 4505 1285 4584 iustitiam,
1332 4512 1393 4564 ut
1445 4507 1604 4567 docet
1649 4510 1864 4568 Concil.

511 4591 770 4649 Trident.
801 4610 931 4649 aesc.
959 4594 1029 4662 6,.
1059 4608 1180 4665 cap.
1226 4591 1281 4657 6,
1312 4596 1370 4649 et
1387 4592 1593 4666 gratia,
1624 4593 1774 4649 sicut
1812 4597 1870 4651 et

511 4678 737 4740 natura,
782 4673 1182 4747 progrediatur
1228 4672 1301 4730 ab
1347 4673 1870 4747 imperfectioribus

508 4752 580 4811 ad
602 4754 787 4829 magis
827 4753 1071 4827 perfecta
1087 4757 1114 4810 P
1138 4751 1357 4810 Deinde
1382 4753 1666 4826 quomodo
1688 4759 1863 4820 actus,

509 4834 720 4909 quibus
740 4834 912 4891 homo
932 4833 1003 4891 ad
1019 4833 1485 4907 justificationem
1513 4833 1862 4907 disponitur,

510 4920 749 4989 possunt
775 4914 1030 4972 mediare
1073 4915 1228 4973 inter
1279 4914 1630 4973 infusionem
1666 4915 1869 4990 gratiae

510 4993 939 5062 sanctificantis,
988 4997 1045 5051 et
1102 4994 1505 5054 remissionem
1563 4995 1759 5070 culpae,
1806 5000 1870 5052 ut

2014 526 2079 581 D.
2105 526 2310 583 Thom.
2334 527 2500 583 toties
2530 527 2592 583 in
2614 526 2719 583 hac
2739 523 3053 598 quaestione
3081 519 3332 577 affirmat
3356 542 3372 584 ς

2011 625 2140 665 cum
2170 610 2290 683 ipse
2319 611 2380 666 in
2406 608 2720 682 quaestioue
2746 609 2818 664 28
2845 607 2915 663 de
2959 605 3140 662 verit.
3168 609 3284 659 art.
3311 603 3370 666 8,

2012 699 2245 758 asserat,
2270 691 2420 766 quod
2460 691 2612 747 nihil
2652 695 2832 763 potest
2865 687 3068 745 cadere
3109 684 3372 742 medium

2011 773 2166 829 inter
2192 773 2546 830 infusionem
2590 772 2809 848 gratiae,
2860 775 2917 827 et
2964 767 3372 826 remissionem

2009 854 2230 927 culpae?
2256 853 2512 911 Tandem
2532 870 2644 926 quo
2660 859 2820 925 pacto
2835 851 2898 908 in
2921 852 3025 908 hoc
3045 847 3290 906 articulo
3309 847 3367 910 8,

2013 935 2075 991 in
2103 933 2220 991 fine
2244 934 2498 1007 corporis
2521 934 2787 1001 affirmat,
2814 938 2990 988 totam
3021 931 3373 987 transmuta-

2011 1015 2227 1072 tionem
2257 1016 2319 1071 in
2342 1013 2748 1088 justificatione
2776 1013 3073 1069 inventam
3104 1008 3368 1066 ordinari

2011 1096 2082 1152 ad
2126 1096 2527 1152 remissionem
2556 1095 2736 1168 culpae
2773 1094 2919 1149 sicut
2960 1092 3030 1148 ad
3059 1090 3234 1146 finem
3271 1094 3372 1144 :et

2012 1180 2072 1234 in
2103 1186 2212 1235 art.
2251 1181 2307 1244 6,
2340 1178 2527 1250 inquit
2558 1198 2571 1233 ε
2622 1199 2647 1229 α
2692 1175 3124 1233 consummatio
3152 1177 3363 1236 autem,

2017 1281 2042 1313 α
2072 1261 2194 1318 sive
2217 1259 2513 1334 perventio
2535 1258 2603 1315 ad
2627 1258 2944 1315 terminum
2969 1256 3141 1329 hujus
3181 1259 3367 1314 motus

2018 1342 2418 1412 «importatur
2455 1353 2555 1410 per
2597 1335 3251 1406 remissionem-culpan
3301 1332 3367 1388 in

2017 1444 2044 1476 α
2074 1422 2178 1479 hoc
2202 1420 2361 1477 enim
2396 1417 2726 1492 justificatio
2752 1423 3207 1474 consummatur.
3238 1434 3266 1465 n
3298 1413 3370 1467 Et

2009 1505 2072 1558 in
2115 1519 2255 1575 resp.
2295 1501 2370 1557 ad
2416 1502 2462 1563 l,
2488 1500 2569 1556 ait
2609 1498 3012 1555 remissionem
3042 1496 3222 1568 culpae
3246 1509 3369 1550 esse

2010 1583 2327 1640 terminum
2387 1578 2457 1636 ad
2503 1595 2673 1653 quem
2732 1578 2900 1652 hujus
2940 1581 3132 1633 motus
3155 1578 3182 1631 ?
3240 1575 3369 1631 Haec

2009 1665 2218 1738 quippe
2246 1662 2533 1719 verificari
2558 1677 2675 1719 non
2717 1662 2932 1726 valent,
2958 1660 3007 1715 si
3035 1675 3135 1731 per
3158 1656 3369 1714 remis-

2009 1749 2233 1805 sionem
2255 1746 2432 1818 culpae
2459 1761 2576 1801 non
2608 1742 2926 1819 significatu
2938 1759 2984 1808 r,
3010 1747 3067 1798 et
3105 1757 3368 1814 compre·-

2011 1828 2285 1885 henditur
2325 1825 2509 1901 gratia
2547 1824 2877 1889 habitualis,
2918 1839 3045 1895 quae
3087 1823 3367 1897 praecipue

2011 1911 2073 1967 in
2094 1916 2253 1967 motu
2263 1907 2686 1983 justificationis
2709 1905 3048 1970 intenditur,
3070 1903 3368 1977 ipsumque

2008 1992 2292 2068 specificat
2319 2008 2421 2066 per
2441 1989 2677 2048 modum
2709 1987 2948 2046 termini
2977 1987 3047 2043 ad
3087 2004 3276 2060 quem,
3303 1993 3368 2043 ut
3615 2019 3647 2082 ι

2009 2075 2170 2133 docet
2188 2076 2242 2130 S.
2267 2077 2423 2131 Doct.
2441 2080 2552 2130 art.
2584 2073 2633 2127 1.
2657 2073 2808 2135 Quas
2836 2070 3193 2127 difficultates
3215 2085 3369 2142 pers·

2011 2158 2173 2232 picue
2199 2156 2432 2213 diluunt
2452 2153 2786 2212 Adversarii
2822 2151 3061 2209 dicendo
3076 2155 3137 2207 D.
3154 2153 3361 2207 Thom.

2010 2240 2250 2298 nomine
2272 2240 2583 2297 infusionis
2601 2239 2819 2313 gratiae,
2846 2253 3016 2310 quam
3041 2235 3218 2309 priori
3242 2236 3368 2293 loco

2011 2322 2190 2396 ponit,
2213 2336 2328 2377 non
2350 2318 2700 2395 significasse
2719 2319 2966 2394 gratiam
2989 2316 3360 2380 habitualem,

2009 2403 2107 2461 sed
2148 2402 2427 2459 actualem
2441 2427 2455 2471 ;
2501 2402 2738 2459 nomine
2766 2405 2955 2456 autem
3004 2396 3367 2454 remissionis

2008 2485 2187 2557 culpae
2210 2525 2223 2549 ,
2280 2498 2451 2556 quam
2506 2482 2628 2539 loco
2678 2480 2981 2553 posteriori
3031 2477 3330 2534 constitnit
3351 2522 3364 2544 ,

2008 2562 2507 2636 comprehendisse
2562 2562 2811 2637 gratiam
2887 2557 3364 2627 sanctificantem,

2008 2662 2132 2719 quae
2153 2646 2476 2703 formaliter
2514 2646 2740 2716 culpam
2778 2641 3038 2698 remittit.
3069 2637 3239 2697 Unde
3277 2640 3368 2698 fa-

2008 2726 2115 2783 cile
2139 2729 2488 2798 componunt
2507 2740 2588 2791 ea,
2618 2739 2745 2796 quae
2777 2720 3026 2779 arduum
3047 2726 3131 2777 est
3169 2721 3364 2778 conci-

2010 2807 2234 2865 liarein
2260 2823 2430 2864 sensu
2453 2823 2486 2862 a
2513 2805 2676 2864 nobis
2700 2806 2942 2863 intente.

2081 2883 2174 2939 53.
2207 2885 2334 2939 Haec
2361 2887 2550 2939 autem
2596 2882 2860 2955 quamvis
2884 2878 3218 2935 difficultate
3245 2891 3535 2950 nonomine

2007 2971 2260 3033 careant,
2331 2965 2579 3021 minime
2638 2961 3017 3037 persuadent,
3081 2960 3233 3035 quod
3296 2941 3546 3035 D.³32¹¹022'

2008 3045 2212 3102 Thom.
2240 3045 2478 3103 nomine
2500 3043 2807 3102 infusionis
2845 3042 3048 3118 gratias
3075 3039 3367 3116 significa·
3410 3040 3546 3131 ⁸⁸⁸⁹ss-

2008 3126 2158 3183 verit
2184 3127 2372 3183 solum
2402 3126 2685 3182 auxilium
2716 3125 2954 3181 actuale.
2984 3125 3053 3177 Et
3081 3138 3151 3179 ex
3188 3138 3365 3196 oppo·
3390 3100 3525 3184 fflin

2006 3206 2117 3263 sito
2143 3205 2505 3263 discurrendi
2532 3204 2702 3262 modo
2730 3206 2898 3276 longe
2939 3204 3136 3276 plures
3170 3188 3527 3282 assur-iffi

2005 3292 2149 3360 gunt
2174 3286 2552 3354 difficultates,
2577 3301 2717 3359 quas
2738 3282 3073 3339 Adversarii
3096 3296 3362 3355 superare
3428 3297 3489 3331 ue.

2007 3381 2125 3425 non
2144 3372 2396 3441 possunt,
2417 3366 2531 3423 nisi
2549 3363 2765 3440 agendo
2779 3369 2976 3421 contra
2997 3364 3360 3420 manifestam

2007 3449 2391 3507 intentionem
2420 3450 2476 3505 S.
2508 3448 2782 3514 Doctoris,
2809 3451 2867 3503 et
2911 3446 3014 3502 toti
3041 3443 3354 3519 quaesfiom,

2004 3539 2063 3590 et
2085 3534 2331 3607 singulis
2368 3531 2491 3607 ejus
2537 3529 2798 3588 articulis
2844 3528 3188 3586 violentiam
3214 3526 3362 3584 infe-

2007 3613 2205 3679 rendo,
2257 3618 2319 3669 ut
2363 3613 2501 3669 satis
2526 3615 2746 3669 constat
2770 3626 2841 3666 ex
2867 3624 3042 3682 supra
3070 3608 3253 3664 dictis.
3285 3607 3365 3663 Ea

2006 3711 2162 3762 vem,
2187 3711 2312 3768 quae
2333 3694 2501 3751 modo
2537 3692 2909 3768 obJ‘iciuntur,
2943 3691 3164 3748 facilem
3186 3705 3363 3762 expo·

2004 3776 2274 3834 sitionem
2323 3776 2603 3849 accipient
2646 3790 2718 3832 ex
2765 3773 3023 3830 dicendis
3070 3770 3196 3827 dub.
3241 3786 3349 3847 seq.

2005 3860 2169 3914 Nunc
2189 3857 2441 3916 breviter
2471 3856 2541 3913 ad
2568 3855 2829 3929 singulas
2856 3854 3207 3911 difficultates
3232 3866 3361 3907 res—

2006 3939 2306 4012 pondetur.
2338 3939 2424 3995 Ad
2468 3939 2721 4011 primam
2749 3936 3058 3994 dicendum
3082 3940 3185 4001 est,
3213 3932 3364 4006 quod

2004 4021 2136 4078 licet
2180 4021 2251 4078 ad
2292 4019 2762 4097 justificationem
2805 4020 2972 4093 impii
3022 4023 3369 4074 concurrant

2004 4100 2404 4175 dispositiones
2427 4109 2544 4160 tam
2575 4102 2872 4175 proximae,
2898 4117 3071 4174 quam
3109 4103 3365 4164 remotae‚

2003 4186 2234 4259 ejusque
2253 4185 2558 4243 exordium
2585 4201 2618 4242 a
2647 4185 2839 4257 primo
2866 4183 3086 4241 auxilio
3127 4182 3370 4239 inchoe-

2003 4273 2130 4337 tur;
2157 4270 2542 4327 nihilominus
2563 4272 2626 4327 D.
2653 4268 2861 4325 Thom.
2888 4283 3019 4323 cum
3047 4267 3196 4322 hanc
3225 4263 3370 4321 diffi-
3646 4276 3647 4299 ¹

2002 4352 2269 4408 cultatem
2301 4356 2515 4409 tractat.
2540 4350 2942 4423 dispositiones
2984 4353 3237 4405 remotas
3264 4363 3370 4406 ex-

2001 4432 2197 4499 cludit,
2216 4438 2273 4489 et
2293 4432 2364 4490 ad
2387 4434 2536 4489 solas
2550 4430 2954 4504 dispositiones
2977 4430 3216 4486 ultimas
3236 4445 3372 4488 con·

2003 4512 2413 4571 siderationem
2446 4512 2748 4577 convertit,
2782 4516 2843 4567 ut
2868 4511 2990 4583 ipse
3016 4509 3293 4568 observat
3314 4514 3373 4568 in

2000 4597 2057 4661 4,
2089 4596 2216 4651 dist.
2251 4595 2337 4662 17,
2367 4602 2547 4673 quaest.
2583 4595 2630 4660 l,
2666 4601 2776 4650 art.
2801 4595 2856 4662 4,
2882 4594 3198 4670 quaestiunc.
3236 4595 3297 4660 2,
3326 4599 3375 4649 et

2002 4682 2186 4755 φησει.
2235 4676 2327 4742 28,
2378 4675 2442 4730 de
2481 4673 2649 4733 Ver-it.
2699 4681 2815 4730 art.
2862 4674 2916 4729 8.
2948 4676 3096 4730 Nam
3123 4688 3267 4729 cum
3308 4687 3378 4731 ea

2002 4761 2228 4813 tantum
2255 4758 2549 4828 comparet
2591 4754 2745 4811 inter
2769 4769 2848 4820 se,
2888 4759 2945 4810 et
2982 4759 3274 4826 quantum
3306 4753 3377 4812 ad

2002 4835 2444 4910 praecedentiam
2465 4835 2779 4893 secundum
2802 4833 3069 4892 ordinem
3111 4841 3370 4902 naturas,

1999 4934 2127 4989 quae
2150 4918 2213 4973 in
2238 4916 2438 4974 eodem
2485 4912 2726 4973 instanti
2761 4913 3196 4991 justificationis
3227 4933 3375 4976 con·-

2000 5003 2265 5065 currunt,
2297 4999 2506 5057 merito
2533 4996 2604 5055 ab
2649 4997 2754 5054 hac
2801 4997 3198 5055 controversia
3228 5000 3376 5074 reji-

3292 5078 3374 5137 cit
3645 5066 3646 5123 l
