3647 5753
503 464 618 519 476

511 633 667 690 dolet
693 630 762 685 de
792 624 1029 701 peccatis
1058 625 1288 695 propter
1319 621 1498 697 Deum
1521 629 1749 670 summe
1788 610 1872 667 di-

512 717 742 776 lectum,
768 716 824 766 et
861 710 996 782 quia
1038 710 1261 779 peccata
1304 703 1677 773 opponuntur
1721 695 1873 751 bono

513 792 795 850 divinoin
827 790 1011 863 seipso
1040 807 1052 842 ε
1083 786 1260 842 aliam
1283 798 1409 855 quae
1434 794 1610 850 supra
1639 774 1875 849 praedic-

512 883 639 935 tum
667 875 928 932 affectum
952 869 1110 927 addit
1130 868 1513 925 intentionem
1542 857 1873 918 destruendi

435 971 438 974 ’
516 965 824 1036 peccatum,
859 958 919 1010 ut
946 969 1046 1026 per
1092 948 1542 1007 satisfactionem
1577 948 1876 1016 reparetur

511 1045 606 1118 jus
626 1038 912 1100 divinum,
943 1032 1091 1106 quod
1116 1049 1216 1106 per
1235 1034 1521 1104 peccatum
1546 1027 1732 1081 fuerat
1756 1022 1878 1079 vio-

517 1127 720 1182 latum.
749 1118 916 1174 Prior
943 1121 1027 1171 est
1065 1121 1220 1171 actus
1239 1108 1614 1169 secundarius
1641 1102 1879 1161 virtutis

516 1202 847 1266 charitatis;
897 1213 1033 1253 nam
1082 1194 1151 1252 ad
1193 1192 1436 1251 eandem
1477 1191 1773 1254 virtutem,
1823 1181 1881 1240 et

519 1283 835 1344 amicitiam
860 1278 1105 1352 pertinet
1132 1273 1379 1349 gaudere
1400 1271 1470 1328 de
1498 1270 1650 1327 bono
1680 1264 1875 1330 amici,

510 1372 578 1431 ,et
607 1360 931 1423 abominari
959 1358 1180 1413 malum
1211 1352 1477 1428 praedicto
1506 1350 1658 1407 bono
1707 1362 1882 1419 repu-

519 1460 722 1524 gnans.
755 1439 1043 1500 Posterior
1070 1451 1208 1493 vero
1261 1438 1346 1491 est
1374 1439 1530 1490 actus
1559 1428 1884 1503 primarius

517 1528 754 1590 virtutis
781 1521 1148 1599 poenitentiae,
1173 1516 1311 1591 quia
1339 1516 1443 1571 illa
1480 1512 1724 1573 intentio
1752 1509 1884 1567 des-

523 1608 758 1669 truendi
782 1622 880 1679 per
920 1599 1369 1659 satisfactionem
1395 1599 1683 1668 peccatum
1732 1591 1887 1647 lassi-

522 1708 663 1751 vum
680 1688 829 1763 juris
848 1682 1055 1748 divini,
1084 1679 1240 1737 addit
1268 1677 1573 1750 specialem
1616 1674 1888 1730 honesta-

525 1778 663 1837 tem,
720 1774 775 1825 et
826 1764 1233 1825 difficultatem,
1264 1774 1366 1831 pro
1410 1773 1523 1830 qua
1570 1753 1888 1826 requiritur

529 1849 834 1927 peculiaris
859 1846 1062 1910 virtus,
1087 1857 1259 1916 quam
1291 1838 1687 1912 poenitentiam
1716 1848 1890 1890 voca-

334 1952 497 1996 nrm.
530 1950 683 1991 mus.
708 1934 890 1996 Quam
911 1923 1339 1981 distinctionem
1368 1917 1545 1974 tradit
1569 1920 1632 1972 D.
1676 1915 1882 1970 Thom.

530 2016 643 2073 loco
671 2014 763 2068 cit.
783 2010 939 2064 art?
964 2009 1020 2061 in
1036 2022 1175 2077 resp.
1206 2001 1279 2057 ad
1309 1999 1453 2069 l‚his
1480 1995 1671 2054 verbis
1696 2018 1710 2053 ι
1734 1993 1804 2051 Si
1833 1994 1892 2047 in

531 2103 659 2152 actu
675 2090 987 2166 poenitentis
1007 2084 1375 2151 consideretur
1395 2081 1510 2135 sola
1538 2075 1890 2149 displicentia

531 2176 737 2252 peccati
757 2170 1036 2245 praeteriti,
1061 2167 1160 2220 hoc
1185 2161 1501 2218 immediate
1518 2160 1602 2231 *ad
1644 2157 1896 2212 charita-

532 2268 639 2316 tem
654 2257 906 2331 pertinet,
945 2251 1085 2306 sicut
1105 2253 1154 2301 et
1176 2245 1410 2314 qaudere
1457 2242 1520 2297 de
1562 2241 1714 2296 bonis
1755 2254 1898 2310 prat-

535 2343 731 2399 teritis.
756 2335 865 2393 Sed
896 2331 1122 2387 intentio
1148 2326 1412 2400 operandi
1463 2324 1537 2378 ad
1582 2322 1899 2377 deletionem
1975 2342 1982 2347 ⁴

528 2420 741 2496 peccati
760 2412 1019 2487 prseteriti
1057 2409 1287 2485 requirit
1326 2405 1611 2478 specialem
1638 2403 1900 2457 virtutem

535 2502 635 2560 sub
661 2498 947 2555 charitate.
978 2490 1036 2545 Si
1060 2505 1195 2562 ergo
1247 2488 1551 2559 loquamur
1598 2482 1667 2538 de
1715 2480 1900 2554 priori

536 2577 899 2640 contritione,
934 2571 1123 2643 ipsum
1153 2571 1557 2641 argumentum
1604 2562 1895 2634 supponit,

540 2663 706 2719 illam
728 2651 926 2722 haberi
950 2664 1065 2704 non
1090 2661 1251 2718 posse
1280 2644 1491 2716 absque
1513 2641 1737 2697 influxu
1764 2656 1905 2712 gra-

540 2743 636 2798 tiae
660 2728 1066 2794 sanctificantis
1082 2750 1095 2793 ;
1121 2723 1275 2780 unde
1302 2725 1490 2780 solum
1517 2726 1697 2794 potest
1718 2718 1901 2793 appli-

542 2820 661 2880 cari
682 2809 1034 2873 contritioni,
1058 2810 1224 2879 prout
1245 2809 1327 2860 est
1352 2806 1506 2858 actus
1527 2798 1899 2875 poenitentiae.

544 2905 616 2959 Et
642 2901 704 2955 in
733 2897 836 2951 hoc
868 2891 1043 2947 etiam
1065 2901 1237 2942 sensu
1266 2898 1543 2958 negamus
1585 2881 1899 2944 minorem,

1436 444 1530 500 DE
1568 435 2149 496 JUSTIFICATIONE
2188 434 2394 489 IMPII.

2004 607 2086 665 tia
2101 606 2510 664 sanctificante.
2526 604 2585 661 Si
2609 606 2800 660 autem
2828 600 2944 657 alia
2972 593 3361 669 imperfecticr

2006 689 2278 747 contritio
2328 686 2692 761 excogitetur‚
2743 698 2808 739 ea
2857 677 3086 753 praecise
3135 679 3363 747 sumpta

2007 787 2125 828 non
2147 771 2258 828 erit
2288 765 2774 843 incompossibilis
2811 778 2941 829 cum
2991 763 3227 834 peccato,
3259 770 3364 812 nec

2006 851 2156 909 illud
2190 851 2555 915 sufficienter,
2609 863 2674 904 ac
2693 843 2990 903 efficaciter
3014 836 3360 899 retractabit,

2007 937 2064 989 et
2087 933 2353 1005 expellet,
2399 931 2547 987 sicut
2585 928 2654 984 de
2702 924 2997 982 attritione
3037 919 3149 975 dici
3189 918 3361 981 solet;

2009 1014 2162 1071 unde
2183 1015 2333 1070 nihil
2356 1017 2552 1071 nostra
2594 1009 2788 1074 refert,
2813 1004 2961 1080 quod
3004 1018 3122 1059 non
3149 999 3366 1073 depen-

1931 1100 1936 1106 ’
2010 1094 2139 1153 deat
2159 1094 2541 1153 essentialiter
2569 1107 2603 1149 a
2620 1089 2825 1167 gratia.

2475 1296 2761 1353 DUBIUM
2800 1294 2923 1348 VII.

2022 1464 2220 1523 Utrum
2241 1462 2695 1518 adv-emissionem
2715 1458 2923 1532 peccati
2945 1455 3196 1511 mortalis
3221 1470 3374 1509 eom-

2090 1545 2248 1600 missi
2273 1543 2342 1599 ab
2361 1544 2576 1597 homine
2615 1543 2677 1595 in
2700 1547 2848 1596 statu
2877 1554 3163 1612 purorum,
3187 1536 3375 1612 requi-

2091 1633 2302 1683 reretur
2326 1627 2561 1682 mutatio
2588 1625 2906 1689 intrinseca,
2936 1628 2987 1676 et
3016 1619 3200 1699 qualis
3220 1616 3361 1673 debe·

2092 1714 2175 1764 ret
2201 1723 2309 1762 esse
2327 1706 2359 1760 ?

2096 1866 2419 1933 TerminOS,
2440 1865 2537 1938 qui
2552 1863 2920 1921 continentur
2937 1861 2998 1917 in
3017 1859 3178 1916 dubii
3192 1860 3382 1923 titulo,

2023 1948 2303 2023 hujusque
2331 1946 2654 2021 legitimum
2680 1959 2912 2001 sensum
2942 1941 3079 1998 satis
3105 1938 3386 2013 explicui·

2025 2046 2155 2085 mus
2205 2030 2335 2085 dub.
2366 2028 2585 2102 praeced.
2617 2031 2648 2097 ἕ
2685 2030 2729 2082 l.
2761 2028 2831 2080 Et
2855 2041 2925 2081 ex
2973 2022 3186 2079 ibidem
3215 2021 3387 2077 dictis

2029 2108 2180 2167 haud
2228 2110 2460 2168 obscure
2488 2113 2722 2182 apparet
2747 2105 2969 2162 decisio·
2990 2103 3201 2175 prioris
3223 2101 3382 2157 diffi-

2028 2190 2250 2247 cultatis
2297 2191 2360 2246 in
2388 2189 2554 2244 titulo
2581 2186 2897 2261 propositae,
2923 2200 3095 2257 quam
3140 2181 3391 2255 proinde

2032 2272 2223 2345 paucis
2275 2270 2652 2327 absolvemus,
2710 2270 2780 2321 At
2832 2266 2981 2321 circa
3050 2262 3408 2335 secundam,-

2031 2367 2156 2425 quae
2182 2351 2319 2408 satis
2348 2350 2617 2422 implexa,
2641 2352 2696 2404 et
2742 2345 2980 2403 obscura
3006 2350 3106 2412 est,
3138 2341 3393 2414 amplius

2034 2433 2502 2490 immorabimur.
3154 2450 3181 2462 ··

2673 2611 2773 2681 §1-

2036 2775 2322 2833 Statuitur
2372 2771 2661 2827 necessitas
2704 2768 3028 2823 mutationis
3073 2768 3397 2822 intrinsecas.

2114 2932 2569 2992 254.Dicendum
2595 2935 2680 2987 est
2704 2929 3404 3003 primo,peccatum‘mor-
3439 2950 3562 2996 prima

2040 3016 2154 3073 tale
2179 3014 2550 3073 commissum
2580 3010 2651 3066 ab
2672 3009 2908 3066 homine
2946 3008 3176 3066 condito
3198 3008 3260 3063 in
3286 3025 3395 3081 pu·
3435 3000 3575 3059 coaetu-

2044 3098 2145 3164 ris,
2177 3112 2294 3153 non
2317 3110 2477 3168 posse
2500 3107 2601 3166 per
2629 3091 2809 3146 ullam
2834 3090 3148 3163 potentiam
3178 3089 3402 3146 destrui
3476 3059 3542 3095 ⁸¹⁰⁸

2044 3179 2253 3251 absque
2323 3175 2640 3233 intrinseca
2700 3172 3018 3228 mutatione
3069 3172 3402 3244 peccatoris.

2046 3265 2206 3318 Hanc
2275 3258 2702 3317 conclusionem
2753 3253 2958 3310 docent
3018 3254 3406 3310 communiter

2045 3339 2376 3406 Thomistae,
2427 3344 2481 3396 et
2536 3340 2729 3411 plures
2768 3335 2868 3391 alii
2913 3335 3217 3403 Authores,
3265 3349 3409 3406 quos

2046 3423 2310 3481 dedimus
2335 3420 2459 3477 dub.
2510 3421 2564 3487 5,
2597 3436 2746 3473 num.
2808 3418 2926 3481 144,
2955 3417 3176 3489 ipsique
3210 3430 3241 3470 a
3285 3415 3405 3473 for-

2048 3506 2182 3562 tiori
2204 3501 2567 3560 subscribunt
2582 3500 2642 3555 hi
2663 3514 2802 3571 quos
2820 3497 3085 3553 dabimus
3108 3502 3138 3566 5
3157 3513 3405 3571 sequen-

2047 3589 2092 3644 ti
2124 3610 2138 3654 ;
2163 3592 2219 3643 et
2238 3590 2431 3659 aperte
2473 3581 2764 3654 colligitur
2791 3596 2861 3637 ex
2888 3583 2951 3635 D.
2982 3579 3215 3635 Thomae
3244 3579 3403 3636 testi-
3415 3587 3585 3632 nsrhout

2050 3669 2281 3733 moniis,
2333 3671 2454 3722 tum
2504 3664 2697 3721 relatis
2744 3664 2864 3719 loco
2913 3663 3101 3729 citato,
3133 3667 3266 3718 tunc
3312 3677 3406 3717 se-

2050 3751 2247 3826 quenti
2282 3753 2313 3819 ξ
2336 3746 2672 3805 referendis,
2703 3748 2814 3801 Nec
2836 3744 2906 3801 ad
2930 3745 3072 3801 hanc
3100 3744 3401 3799 veritatem
3442 3732 3550 3776 ³¹⁰⁰

2052 3827 2461 3889 ostendendam
2509 3843 2649 3898 opus
2695 3828 2779 3881 est
2826 3841 2974 3881 nova
3034 3822 3404 3879 fundamenta
3434 3781 3569 3876 iffl‘ss·
3597 3881 3610 3888 -

545 2979 831 3059 quialicet
859 2974 975 3029 haec
1001 2967 1269 3026 contritio
1300 2981 1416 3022 non
1461 2965 1537 3019 sit
1578 2962 1906 3018 formaliter

548 3070 704 3123 actus
728 3052 1042 3116 charitatis,
1074 3049 1245 3105 illum
1276 3052 1469 3101 tamen
1517 3043 1907 3101 essentialiter

547 3140 838 3219 supponit,
866 3140 926 3191 ut
949 3147 1084 3189 vera
1100 3128 1368 3186 contritio
1389 3126 1484 3191 sit,
1514 3129 1574 3180 ut
1602 3128 1796 3196 aperte
1821 3122 1907 3178 si-

547 3220 841 3304 gnificavit
859 3219 923 3272 D.
956 3213 1158 3268 'rhom.
1193 3210 1302 3264 loco
1349 3210 1442 3264 cit.
1475 3213 1589 3262 art.
1613 3206 1666 3272 5,
1695 3204 1792 3261 ubi
1823 3219 1910 3260 re·

547 3319 785 3367 censens
810 3301 1014 3358 motus,
1049 3292 1146 3365 qui
1168 3315 1169 3318 ¹
1189 3287 1259 3345 ad
1288 3295 1476 3345 actum
1521 3285 1758 3356 yirtutis
1787 3301 1908 3358 poe-

550 3383 813 3446 nitentiae
866 3372 1285 3435 desiderantur,
1360 3366 1551 3440 inquit
1600 3386 1613 3420 =
1671 3364 1913 3437 Quintus

550 3475 706 3526 actus
726 3468 801 3517 est
822 3464 998 3513 motus
1045 3448 1357 3516 charitatis,
1390 3465 1494 3525 quo
1521 3447 1696 3501 alicui
1720 3462 1914 3517 ρεσεα-

552 3558 669 3607 tum
696 3543 940 3616 displicet
965 3532 1261 3591 secundum
1299 3532 1555 3602 seipsum,
1586 3535 1636 3582 et
1662 3544 1771 3581 non
1787 3528 1915 3597 jam

551 3634 771 3705 propter
810 3616 1099 3693 supplicia.
1161 3610 1368 3669 Sextus
1416 3615 1572 3663 actus
1610 3614 1686 3663 est
1737 3613 1916 3662 motus

553 3709 771 3768 timoris
821 3699 1012 3777 filialis
1050 3693 1166 3767 (qui
1212 3689 1530 3749 necessario
1575 3687 1914 3744 charitatem

554 3785 865 3865 supponit),
892 3797 995 3858 quo
1014 3779 1238 3849 propter
1274 3770 1633 3828 reverentiam
1660 3768 1762 3825 Dei
1801 3768 1917 3822 ali-

556 3875 680 3952 quis
722 3863 1003 3923 emendam
1047 3856 1153 3913 Deo
1199 3854 1550 3909 voluntarius
1593 3851 1770 3922 offert.
1820 3847 1919 3904 Sic
3487 3880 3544 3924 hs.

555 3956 729 4025 i9itur
746 3951 913 4021 patet,
946 3939 1087 4016 quod
1137 3943 1293 3991 actus
1320 3933 1642 4005 poenitentioe
1662 3947 1698 3984 a
1726 3931 1919 3984 timore

554 4031 766 4094 servili,
792 4029 931 4083 sicut
958 4039 993 4075 α
1037 4019 1216 4091 primo
1252 4021 1401 4070 motu
1426 4011 1500 4066 ad
1537 4012 1636 4065 hoc
1662 4010 1919 4065 ordinato

555 4111 794 4191 procedit
815 4123 882 4159 .·α
905 4104 1095 4158 timore
1140 4103 1322 4152 autem
1341 4093 1507 4164 filiali
1544 4094 1685 4147 sieut
1711 4089 1780 4144 ab
1808 4091 1921 4143 im-

556 4195 813 4253 mediato,
844 4193 891 4240 et
915 4182 1172 4257 proscimo
1199 4175 1491 4249 principio,
1519 4174 1588 4225 Et
1610 4177 1792 4248 quaest.
1819 4170 1913 4235 86,

559 4284 674 4334 art.
696 4276 751 4337 3,
777 4269 877 4325 ait:
907 4263 1035 4321 Non
1050 4265 1220 4333 potest
1240 4273 1348 4311 esse
1377 4270 1493 4308 vere
1508 4253 1797 4324 paenitens,
1826 4252 1922 4328 qui

559 4360 623 4416 de
663 4371 772 4410 uno
818 4350 1036 4422 peccato
1081 4340 1316 4412 poenitct,
1347 4341 1395 4389 et
1447 4350 1554 4387 non
1604 4332 1666 4386 de
1692 4332 1821 4387 alio,
1853 4330 1922 4388 Si

559 4440 707 4496 enim
724 4430 1027 4503 displiceret
1070 4421 1118 4474 ei
1153 4418 1295 4474 illud
1336 4421 1638 4487 peceatum,
1665 4413 1797 4490 quia-
1835 4419 1911 4467 est

561 4525 751 4579 contra
794 4514 969 4570 Deum
1021 4519 1182 4576 super
1228 4500 1414 4554 omnia
1454 4497 1712 4551 dilectum
1759 4494 1924 4572 (quod

560 4599 865 4680 requiritur
903 4589 976 4645 ad
1002 4585 1271 4643 rationem
1298 4583 1431 4634 veroe
1468 4577 1810 4650 poenitentias)
1835 4592 1922 4630 se-

561 4685 832 4759 queretur,
859 4670 999 4748 quod
1019 4667 1084 4722 de
1103 4660 1353 4719 omnibus
1371 4659 1605 4732 peccatis
1617 4658 1921 4729 paeniteret.

562 4768 649 4822 Ex
668 4757 893 4836 quibus,
918 4756 972 4806 et
1007 4746 1158 4808 aliis,
1184 4758 1308 4815 quae
1354 4738 1696 4801 omittimus,
1747 4736 1924 4807 liquet

562 4858 763 4903 veram
782 4830 1205 4895 contritionem,
1229 4838 1352 4896 quae
1372 4824 1457 4876 est
1478 4817 1746 4891 proprius
1769 4820 1925 4872 actus

563 4922 800 4984 virtutis
827 4908 1192 4990 poenitentiae,
1224 4901 1536 4964 includere,
1582 4899 1675 4954 vel
1713 4911 1926 4970 suppo-

564 5020 706 5064 nere
750 4994 1115 5056 dilectionem
1142 4981 1438 5042 charitatis
1470 5000 1481 5034 ε
1508 4982 1564 5034 et
1583 4989 1927 5049 consequen-

566 5095 653 5145 ter
672 5079 876 5143 eodem
896 5071 1065 5131 modo
1095 5084 1156 5126 ac
1177 5067 1343 5122 illam
1387 5056 1712 5134 dependere
1735 5073 1764 5113 a
1786 5071 1927 5132 gra-

2054 3926 2283 3985 ponere‚
2307 3908 2405 3965 sed
2431 3908 2652 3974 sufficit,
2679 3911 2741 3961 ut
2773 3906 2894 3980 jam
2931 3906 3253 3978 praejactum
3294 3901 3405 3975 ipsi

2053 3993 2404 4066 applicemus
2442 3989 2546 4045 sub
2595 3988 2698 4044 hac
2727 3987 2914 4044 forma
2945 3986 3257 4059 :quoniam
3312 4000 3405 4040 re-

2056 4080 2268 4150 pugnat
2288 4073 2503 4130 destrui
2541 4076 2828 4144 peccatum
2857 4071 3101 4127 mortale
3133 4068 3406 4126 commis-

2054 4172 2182 4212 sum
2212 4155 2281 4212 ab
2304 4155 2538 4215 homine
2576 4152 2804 4208 condito
2834 4152 2895 4207 in
2925 4150 3101 4222 puris,
3134 4151 3275 4222 quin
3304 4150 3409 4205 ho-

2056 4254 2152 4294 mo
2215 4235 2462 4307 deponat
2512 4232 3014 4289 denominationes
3085 4231 3406 4302 peccatoriS,

2055 4318 2345 4385 maculati,
2366 4315 2552 4372 aversi
2577 4332 2610 4371 a
2629 4316 2743 4370 Deo
2768 4314 2973 4369 ultimo
2995 4311 3110 4368 fine
3133 4311 3406 4375 naturali,

2056 4406 2113 4457 et
2138 4399 2297 4463 alias,
2323 4413 2448 4469 quaa
2478 4402 2764 4468 peccatum
2792 4395 3035 4450 mortale
3057 4392 3119 4448 in
3145 4391 3410 4464 praedicto

2056 4488 2204 4540 statu
2251 4480 2661 4538 comitarentur
2693 4501 2706 4544 ;
2736 4476 2989 4549 quandiu
3019 4476 3180 4532 enim
3216 4475 3412 4550 hujus·

2057 4562 2214 4621 modi
2253 4559 2751 4617 denominationes
2792 4562 3155 4629 permanent,
3189 4568 3409 4613 necesse

2057 4650 2158 4710 est,
2183 4640 2330 4716 quod
2359 4641 2545 4712 ipsum
2586 4644 2873 4710 peccatum
2922 4642 3246 4709 perseveret
3276 4657 3289 4691 ε
3317 4631 3411 4690 sed

2060 4723 2338 4798 praedictae
2381 4718 2877 4775 denominationes
2908 4734 3026 4774 non
3065 4721 3295 4790 possent
3319 4712 3412 4769 ad-

2060 4807 2169 4862 huc
2196 4819 2294 4876 per
2322 4799 2584 4856 divinam
2624 4800 2937 4873 potentiam
2965 4814 3184 4855 cessare
3209 4797 3412 4868 absque

2059 4887 2379 4946 mutatione
2408 4881 2721 4938 intrinseca
2768 4882 3074 4953 peccatoris
3106 4902 3119 4937 ε
3149 4895 3282 4955 ergo
3316 4890 3414 4934 nec

2062 4973 2351 5043 peccatum
2370 4963 2612 5020 mortale
2635 4960 2892 5033 praedicti
2914 4967 3111 5018 status,
3139 4957 3414 5015 Suadetur

2061 5050 2276 5120 minor,
2346 5043 2621 5119 quoniam
2684 5041 3159 5116 permanentibus
3202 5036 3413 5098 eisdem

3001 5118 3409 5186 fundamentis,
