3647 5753
1328 436 1505 493 DISP.
1551 439 1672 505 VII,
1719 439 1884 496 DUB.
1931 441 2022 496 lv,
2959 446 2971 457 “
3000 438 3094 495 141

245 623 276 652 e
321 602 711 673 tenebras3ad
743 608 1050 666 videndum
1078 626 1212 667 vero
1242 610 1469 668 lumine
1497 627 1602 668 sue

244 704 274 735 α
317 698 442 741 nen
468 685 819 753 sibisufficit,
847 690 957 746 nisi
984 691 1071 750 illi
1105 693 1461 749 extrinsecus
1501 692 1608 748 ad-

244 786 273 817 «
311 763 600 837 interium
625 771 765 826 clari
789 772 1029 828 luminis
1055 773 1393 846 praebeatur.
1428 794 1453 826 »
1483 776 1607 839 Qua

232 846 420 902 etiam
447 848 835 909 similitudine
863 869 996 909 usus
1024 853 1212 912 fuerat
1236 856 1301 910 dc
1318 862 1525 910 natura
1551 860 1601 909 et

42 940 198 982 κτιια
231 930 453 997 qratia,
479 947 603 1002 cap.
652 933 743 997 26,
794 937 855 988 ut
901 932 1078 990 refert
1126 939 1190 992 D.
1220 937 1425 993 Thom.
1477 953 1601 1008 sup.

230 1018 424 1082 quast.
461 1013 581 1077 109,
614 1012 710 1069 ubi
737 1013 895 1072 decet
923 1024 1128 1088 praeter
1154 1018 1353 1075 emnia
1381 1012 1604 1074 auxilia

229 1092 458 1164 requiri
500 1093 655 1149 aliud
717 1098 1002 1154 auxilium
1067 1101 1287 1157 actuale
1342 1098 1413 1156 ad
1459 1100 1602 1156 bene

215 1172 570 1230 vivendum.
591 1178 690 1230 .Et
734 1178 796 1233 in
844 1186 1181 1254 argumento
1227 1180 1335 1239 Sed
1387 1189 1597 1247 contra,

214 1254 419 1326 inquit
452 1276 464 1309 :
504 1277 530 1308 α
572 1258 928 1330 Augustinus
947 1260 1102 1326 dicit,
1134 1260 1284 1333 qued
1305 1262 1454 1318 sicut
1472 1277 1603 1318 ecu-

220 1356 250 1385 α
301 1335 394 1390 lus
420 1336 679 1407 corperis
729 1339 1063 1411 plenissime
1090 1357 1284 1407 sanuS,
1319 1341 1435 1398 nisi
1459 1358 1602 1398 can-

221 1436 252 1465 «
297 1413 443 1471 dore
467 1416 609 1472 lucis
634 1417 860 1493 adJ'utus
889 1437 1006 1478 nen
1022 1425 1200 1493 petest
1227 1438 1466 1480 cernere
1489 1423 1600 1480 :sic

220 1518 250 1547 a
295 1501 356 1552 et
384 1496 561 1553 hemo
591 1500 1002 1570 perfectissime
1029 1503 1206 1560 etiam
1231 1501 1594 1576 justificatuS,

220 1598 250 1627 a
299 1576 418 1635 nisi
442 1583 659 1633 :eterna
683 1580 805 1636 luce
828 1582 1068 1654 justitiae
1110 1583 1394 1639 divinitus
1441 1582 1600 1656 adju·

217 1680 246 1708 a
297 1662 487 1722 vetur,
522 1664 672 1715 recte
713 1676 829 1717 nen
860 1668 1040 1733 petest
1069 1664 1268 1720 vivere
1301 1685 1314 1719 ε
1345 1663 1442 1720 sed
1466 1664 1599 1738 jus-

216 1760 248 1789 α
295 1737 538 1796 tificatie
564 1739 744 1813 fitper
763 1743 1031 1815 gratiam,
1075 1744 1392 1802 secundum
1446 1745 1598 1802 illud

216 1842 244 1871 a
297 1821 468 1876 Rom.
514 1822 590 1875 3:
625 1821 925 1879 Justificati
974 1826 1153 1898 gratis
1197 1841 1296 1897 per
1341 1827 1594 1900 gratiam

216 1922 246 1951 α
295 1899 484 1971 ipsius
508 1922 522 1956 ε
547 1916 683 1973 erge
706 1901 882 1958 etiam
906 1903 1078 1961 home
1089 1904 1210 1978 jam
1233 1903 1452 1963 habens
1466 1922 1599 1980 gra-

213 2005 245 2034 «
297 1982 444 2037 tiam
472 1980 689 2055 indiget
735 1983 858 2040 alie
879 1985 1099 2047 auxilio
1136 1987 1337 2059 gratiae
1366 1987 1435 2044 ad
1465 1988 1591 2053 hoc,

216 2087 245 2115 a
292 2063 452 2135 qued
483 2070 631 2120 recte
672 2065 848 2121 vivat.
901 2088 928 2116 n
969 2068 1246 2140 Loquitur
1286 2075 1478 2127 autem
1527 2069 1598 2126 de

205 2145 449 2201 auxilie
479 2153 951 2219 praesuppenente
979 2150 1178 2206 emnia
1205 2151 1424 2206 auxilia
1445 2150 1596 2206 suffi-

208 2226 459 2290 cientia,
490 2231 548 2281 et
571 2241 640 2282 ea
667 2225 737 2282 ad
761 2227 1048 2301 agendum
1077 2229 1379 2287 efficaciter
1405 2231 1597 2302 appli-

200 2311 409 2371 cante,
445 2311 508 2360 ut
535 2305 834 2364 evidenter·
849 2314 1068 2366 constat
1107 2326 1176 2367 ex
1199 2326 1437 2383 corpere
1460 2311 1597 2367 arti-

202 2384 356 2451 culi,
392 2385 518 2439 illis
544 2385 737 2442 verbis
762 2407 776 2442 ε
807 2409 833 2441 α
888 2388 1086 2445 Primo
1110 2388 1342 2462 quidem
1373 2391 1595 2446 ratione

218 2490 246 2519 a
290 2466 565 2540 generali
607 2473 837 2540 prepter
882 2470 1004 2534 hec,
1036 2470 1185 2543 qued
1231 2471 1374 2527 sicut
1419 2487 1595 2544 supra

209 2574 245 2599 a
291 2549 521 2605 dictum
550 2554 634 2605 est
654 2556 759 2605 art.
802 2552 846 2615 l,
883 2553 1045 2608 nulla
1067 2568 1157 2608 res
1200 2558 1392 2609 creata
1414 2559 1596 2625 potest

211 2651 244 2680 ⁴.
292 2629 359 2688 in
382 2643 803 2700 quemcumque
830 2637 1017 2686 actum
1046 2630 1298 2703 prodire,
1327 2632 1438 2687 nisi
1467 2633 1593 2688 vir-

217 2730 244 2760 «
293 2713 422 2763 tute
451 2707 725 2764 metionis
744 2707 980 2775 divinat,
1007 2718 1112 2767 etc.
1142 2732 1166 2762 ι)

291 2790 520 2844 Caetera
561 2788 887 2846 testimonia
920 2791 1245 2864 Scripturas,
1278 2808 1404 2864 quae
1446 2793 1591 2850 Sua-

213 2887 333 2936 rez,
361 2874 424 2925 et
448 2868 549 2925 alii
570 2867 884 2944 adversarii
907 2870 1206 2938 inducunt,
1235 2873 1384 2930 nihil
1407 2875 1590 2949 magis

203 2948 606 3016 concludunt;
627 2945 923 3008 continent
941 2953 1101 3009 enim
1119 2955 1447 3027 generalem
1465 2955 1591 3013 dec-

211 3031 449 3086 trinam
477 3029 550 3085 ab
576 3029 844 3087 omnibus
887 3033 1191 3090 Catholicis
1220 3034 1591 3093 uniformiter

208 3112 562 3176 admissam,
585 3127 790 3184 nempe
810 3113 1107 3170 hominem
1135 3114 1317 3171 libere
1344 3114 1589 3173 arbitrie

199 3191 494 3266 gaudere,
525 3205 587 3246 se
626 3207 876 3258 movere,
920 3209 981 3250 se
1018 3192 1427 3263 determinare,
1462 3213 1588 3254 me-

211 3274 476 3345 rerique,
522 3276 616 3325 aut
643 3270 927 3329 demereri
952 3290 1053 3345 per
1082 3275 1347 3347 proprios
1389 3281 1583 3346 actus;

207 3357 267 3409 et
288 3353 414 3409 alia
439 3351 784 3424 hujusmodi.
800 3354 883 3409 Ex
896 3352 1103 3425 quibus
1124 3371 1225 3427 per
1244 3370 1587 3427 consequen-

211 3434 323 3488 tias
343 3433 543 3488 solnm
571 3431 866 3498 modiatas,
891 3440 946 3489 et
970 3441 1215 3492 remotas
1235 3435 1425 3509 colligi
1455 3454 1586 3510 pes-

207 3521 317 3580 set,
365 3513 659 3569 auxilium
685 3514 882 3587 gratiae
925 3530 1042 3571 nen
1083 3531 1205 3572 esse
1233 3531 1304 3573 ex
1329 3533 1407 3580 se,
1438 3523 1494 3573 et
1514 3519 1586 3575 ab

208 3594 538 3651 intrinsece
551 3594 764 3652 efficax.
785 3599 873 3651 An
896 3601 1086 3652 autem
1113 3596 1439 3669 hujusmodi
1456 3615 1585 3656 cen-

205 3692 344 3749 sequ
357 3677 587 3733 utienes
626 3678 893 3751 legitimae
919 3678 1054 3745 sint,
1087 3679 1247 3735 infra
1271 3679 1577 3738 constabit.

212 3758 386 3814 Unde
430 3773 548 3815 nen
589 3765 809 3831 oportet
838 3760 902 3815 in
921 3760 1005 3816 eis
1023 3760 1381 3819 ‚testimoniis
1407 3777 1585 3834 expe-

211 3840 448 3907 flendis,
492 3857 620 3912 quae
643 3842 890 3914 prefecto
920 3842 1242 3898 clarissima
1267 3848 1423 3910 sunt,
1456 3860 1585 3900 am-

214 3925 370 3995 plius
391 3922 668 3980 detineri.

841 4116 873 4182 ς
919 4113 994 4167 x:

211 4261 264 4318 E
269 4264 511 4317 vertitur
529 4260 822 4315 secundum
843 4261 1266 4332 fundamentum
1285 4278 1356 4316 ex
1374 4261 1582 4320 Conci·

292 4337 391 4391 lits
428 4334 767 4399 Tridentino,
794 4343 841 4388 et
873 4334 1555 4409 Senenensi‘deaumptum.

42 4501 178 4542 secun-
286 4485 423 4539 209.
480 4486 746 4557 Arguunt
770 4481 1013 4539 secunde
1047 4499 1116 4539 ex
1146 4484 1401 4541 Concilio
1445 4485 1582 4541 Tri-

44 4559 194 4642 ᾖξ’
215 4564 461 4621 dentine
479 4581 613 4619 sess.
635 4565 690 4626 6,
720 4580 838 4635 cap.
863 4565 917 4631 5,
954 4562 1052 4618 ubi
1083 4565 1204 4620 haec
1245 4564 1532 4622 habentur
1565 4587 1579 4622 ε

42 4656 193 4736 gumo-
222 4667 248 4696 α
288 4645 557 4702 Declarat
617 4648 886 4715 praeterea
932 4645 1112 4718 ipsius
1152 4645 1582 4720 justificationis

44 4707 180 4790 23¹5?
224 4749 248 4775 α
289 4724 602 4782 exordium
632 4725 694 4779 in
722 4724 927 4781 adultis
954 4743 986 4782 a
1014 4726 1114 4782 Dei
1144 4742 1245 4797 per
1285 4727 1579 4784 Christum

44 4797 201 4840 “¹⁶2⁰‘-
225 4830 248 4857 ι
289 4809 492 4863 Jesum
548 4805 931 4877 praeveniente
978 4806 1165 4881 gratia
1232 4808 1581 4865 sumendum

224 4913 247 4938 a
287 4902 434 4945 esse.
460 4886 570 4941 hoc
596 4890 702 4950 est,
727 4883 795 4940 ab
816 4885 934 4957 ejus
961 4886 1273 4953 vocatione,
1302 4903 1414 4959 qua
1444 4890 1582 4945 nul-

223 4993 249 5020 «
290 4969 366 5025 lis
390 4963 604 5024 eorum
632 4965 1000 5022 existentibus
1028 4968 1252 5025 meritis
1280 4976 1578 5038 vocantur,

223 5073 250 5102 a
293 5054 353 5106 ut
380 5047 482 5120 qui
507 5061 614 5117 per
642 5051 859 5116 peccata
880 5063 912 5102 a
933 5049 1042 5104 Dee
1063 5048 1249 5105 aversi
1272 5056 1457 5116 erant,
1480 5067 1582 5122 per

1747 634 1772 666 α
1815 614 1938 688 ejus
1976 617 2333 685 excitantem,
2377 623 2545 689 atque
2570 615 2936 690 adjuvantem
2963 630 3102 688 gra-

1746 716 1772 747 «
1814 696 1955 751 tiam
1985 695 2054 753 ad
2081 697 2530 755 convertendum
2557 713 2617 754 se
2643 695 2713 752 ad
2751 711 2914 751 suam
2945 694 3102 766 ipse-

1746 796 1772 828 α
1816 792 1945 831 rum
1969 776 2455 850 justificationem,
2486 776 2673 835 eidem
2700 774 3099 850 gratiaelibere

1746 878 1772 908 α
1813 858 2192 924 assentiendo,
2222 864 2278 916 et
2302 856 2657 933 cooperando
2689 857 3095 929 disponantur.

1745 957 1772 988 «
1813 938 1897 992 Ita
1918 942 1978 991 ut
1998 941 2265 1012 tangente
2287 943 2503 996 Deecor
2527 937 2782 1013 heminis
2800 934 3099 1009 perSpiri-

1744 1037 1770 1069 α
1812 1023 1903 1072 tus
1939 1021 2118 1076 sancti
2165 1021 2679 1085 illuminationem,
2712 1034 2896 1091 neque
2924 1017 3098 1087 hemo
3156 1028 3160 1039 ’

1744 1110 1771 1148 ε(
1812 1097 1933 1170 ipse
1979 1099 2124 1155 nihil
2167 1102 2408 1158 omnine
2454 1105 2600 1175 agat,
2648 1097 3095 1169 inspirationem

1743 1200 1770 1231 «
1810 1178 1975 1234 illam
2012 1180 2311 1252 recipiens,
2347 1180 2559 1253 quippe
2586 1178 2882 1253 quirillum
2911 1182 2966 1233 et
2992 1175 3099 1232 ab-

1743 1279 1768 1309 «
1804 1258 1981 1331 jicere
2026 1265 2235 1331 potest;
2268 1277 2449 1333 neque
2497 1266 2692 1316 tamen
2739 1259 2864 1314 sine
2907 1257 3096 1331 gratia

1742 1359 1767 1390 α
1812 1339 1912 1395 Dei
1942 1355 2174 1396 movere
2199 1356 2259 1396 se
2281 1340 2349 1396 ad
2367 1340 2871 1413 justitiamscoram
2898 1337 3000 1393 ille
3028 1336 3099 1392 li-

1741 1440 1766 1470 «
1807 1416 1945 1475 bera
1964 1436 2066 1476 sua
2089 1421 2380 1476 voluntate
2403 1425 2609 1492 posset.
2636 1439 2660 1468 ι)
2695 1419 2799 1473 Cui
2820 1416 3095 1474 doctrinae

1733 1500 2135 1573 correspondet
2176 1517 2360 1557 canen
2395 1504 2429 1556 4
2477 1500 2730 1575 ejusdem
2775 1499 3047 1555 sessionis
3080 1521 3093 1554 :

1740 1601 1766 1632 α
1806 1580 1866 1635 Si
1893 1581 2021 1653 quis
2059 1580 2292 1648 dixerit,
2338 1581 2588 1638 liberum
2629 1578 2885 1636 heminis
2933 1578 3095 1635 arbi-

1740 1681 1765 1713 «
1807 1661 1986 1717 trium
2015 1679 2048 1718 a
2090 1665 2200 1720 Dee
2252 1668 2493 1728 motum,
2524 1668 2580 1718 et
2602 1661 2909 1718 excitatum
2941 1661 3095 1717 nihil

1739 1762 1765 1792 α
1804 1744 2099 1813 cooperari
2129 1747 2241 1801 Dee
2266 1744 2539 1800 excitanti
2566 1787 2578 1807 ‚
2613 1746 2778 1814 atque
2820 1741 3047 1797 vocanti
3076 1784 3089 1808 ,

1739 1843 1764 1873 α
1805 1837 1915 1895 quo
1931 1821 1999 1878 ad
2017 1822 2385 1880 obtinendam
2404 1821 2829 1898 justificationis
2841 1821 3089 1894 gratiam

1739 1922 1764 1953 α
1804 1917 1865 1958 se
1916 1900 2197 1975 disponat,
2243 1921 2306 1960 ac
2353 1909 2651 1976 praeparet,
2697 1917 2879 1973 neque
2932 1917 3090 1973 pesse

1738 2002 1763 2033 a
1805 1981 2147 2049 dissentire,
2192 1984 2241 2039 si
2290 1984 2467 2049 velit,
2515 1984 2615 2040 sed
2647 1983 2800 2039 velut
2828 1981 3093 2038 inanime

1737 2082 1762 2113 «
1799 2062 2085 2134 quoddam
2128 2063 2278 2119 nihil
2316 2056 2559 2120 omnine
2601 2077 2786 2137 agere,
2819 2077 3091 2132 mereque

1737 2161 1766 2193 cr
1806 2143 2026 2213 passive
2066 2159 2126 2198 se
2172 2142 2400 2208 habere,
2451 2143 2761 2203 anathema
2787 2141 2879 2196 sit.
2916 2162 2940 2191 »
2978 2140 3088 2197 Ubi

1728 2240 2055 2281 sermonem
2077 2240 2199 2281 esse
2219 2223 2288 2281 de
2307 2225 2492 2299 gratia
2517 2224 2723 2283 efficaci
2747 2223 2956 2280 certius
2979 2227 3082 2288 est,

1729 2319 1900 2375 quam
1944 2303 2278 2376 probatione
2316 2304 2602 2378 indigeat;
2635 2304 2890 2376 loquitur
2927 2304 3089 2359 enim

1730 2385 2050 2441 Concilium
2072 2383 2142 2442 de
2167 2386 2366 2458 gratia,
2397 2386 2487 2441 cui
2517 2385 2688 2442 hemo
2710 2389 2833 2440 actu
2856 2400 3091 2456 compa-

1732 2471 1912 2533 ratur,
1942 2469 1999 2521 et
2022 2481 2145 2538 quae
2174 2465 2323 2538 parit
2354 2464 2635 2531 effectum,
2682 2481 2805 2538 quae
2846 2462 3089 2536 proinde

1726 2544 1921 2601 efficax
1948 2550 2049 2600 est.
2082 2546 2159 2600 De
2180 2545 2283 2600 hac
2311 2549 2502 2601 autem
2544 2546 2764 2612 asserit,
2803 2543 2953 2617 qued
2983 2558 3090 2615 pe-

1726 2629 1833 2682 test
1861 2625 2032 2681 hemo
2060 2625 2167 2696 ipsi
2186 2625 2488 2690 dissentire,
2523 2627 2781 2699 illamque
2807 2625 3038 2696 abjicere
3065 2642 3083 2675 .·

1725 2723 1861 2780 erge
1885 2705 2069 2779 gratia
2109 2704 2303 2762 efficax
2345 2722 2459 2762 non
2486 2712 2570 2763 est
2594 2705 2788 2762 efficax
2816 2723 2887 2764 ex
2915 2722 2994 2770 se,
3027 2702 3099 2762 et‘

1725 2786 1796 2842 ab
1820 2786 2151 2842 intrinsece.
2183 2788 2341 2842 Patet
2364 2788 2782 2859 consequentia,
2802 2787 2937 2860 quia
2957 2803 3087 2860 gra·
3154 2796 3161 2801 ·

1725 2869 1805 2926 tia
1831 2867 2025 2925 efficax
2052 2884 2122 2924 ex
2142 2884 2220 2933 se,
2246 2872 2302 2924 et
2343 2866 2412 2924 ab
2453 2868 2763 2926 intrinsece
2790 2869 3083 2927 connecti-

1725 2956 1819 3005 tur
1848 2948 2230 3006 essentialiter
2269 2965 2397 3005 cum
2442 2949 2661 3014 effectu,
2689 2949 2759 3031 ab
2786 2967 2962 3023 eoque
2989 2967 3083 3008 se-

1726 3031 1917 3103 parari
1960 3046 2077 3086 non
2119 3034 2297 3102 potest
2329 3051 2342 3086 :
2370 3047 2505 3105 erge
2544 3032 2730 3104 gratia
2769 3032 2859 3087 cui
2906 3031 3079 3089 home

1724 3111 2007 3178 resistere,
2036 3115 2092 3166 et
2110 3110 2415 3168 dissentire
2441 3112 2611 3177 valet,
2645 3128 2762 3169 nen
2783 3117 2867 3168 est
2886 3110 3082 3168 efficax

1721 3210 1791 3249 ex
1817 3209 1898 3260 se,
1929 3198 1985 3249 et
2005 3193 2075 3249 ab
2103 3193 2433 3251 intrinsece.

1794 3272 2182 3329 confirmatur
2229 3275 2574 3331 authoritate
2612 3275 3082 3332 concilii-Sene·
3120 3303 3279 3346 eoum-

1719 3353 1916 3410 nensis
1938 3354 1999 3409 in
2030 3354 2276 3410 Decretis
2304 3353 2481 3419 Fidei,
2507 3354 2713 3409 decreto
2751 3357 2832 3419 15,
2868 3354 2962 3410 ubi
2986 3355 3070 3412 di·
3095 3354 3301 3446 ggfflucnx

1720 3434 1868 3489 citur
1901 3454 1913 3487 ε
1950 3456 1975 3486 <1
2022 3435 2192 3489 Juxta
2233 3450 2455 3489 sacram
2502 3434 2857 3506 Scripturam
2879 3451 2946 3492 ee
2975 3452 3079 3492 ex—
3121 3453 3275 3495 senon.

1726 3538 1750 3568 α
1792 3514 2101 3581 tendimus,
2135 3520 2193 3570 ut
2234 3517 2499 3571 veluntas
2540 3516 2798 3571 humana
2838 3516 3103 3571 miseri--

1725 3620 1750 3650 «
1791 3597 1997 3655 cordiae
2026 3596 2426 3670 praevenientis
2472 3596 2691 3653 auxilie
2730 3596 2985 3663 suffulta,
3024 3604 3081 3655 et

1725 3702 1750 3731 «
1792 3679 2076 3744 interiori,
2121 3683 2178 3734 et
2202 3679 2418 3734 occulto
2457 3677 2781 3735 secretioris
2824 3677 3081 3750 inspira-

1724 3780 1750 3810 «
1791 3757 1966 3815 tionis
2004 3756 2193 3814 afflatu
2238 3763 2491 3813 contacta
2516 3773 2640 3813 sese
2675 3764 2972 3815 convertat
3016 3760 3080 3816 in

1725 3862 1750 3892 «
1791 3842 1992 3903 Deum,
2048 3841 2159 3895 Deo
2198 3840 2633 3912 appropinquet,
2682 3844 2738 3895 et
2790 3838 2859 3894 ad
2914 3840 3080 3897 illam

1726 3943 1751 3974 α
1791 3936 1990 3977 veram
2016 3920 2261 3994 gratiam
2288 3937 2348 3978 se
2378 3924 2679 3995 praeparet,
2711 3937 2820 3994 qua
2846 3921 3080 3980 tandem

1725 4024 1750 4054 α
1792 4006 2015 4073 accepta
2036 4002 2110 4055 sit
2136 4000 2205 4057 ad
2235 4002 2414 4058 vitam
2442 4007 2738 4057 aeternam.
2772 4004 2964 4074 Neque
2992 4008 3082 4060 ta-

1724 4103 1751 4135 «
1793 4097 1928 4138 men
1952 4085 2107 4136 tanta
2128 4082 2325 4155 gratiae
2348 4079 2650 4139 necessitas
2672 4080 2853 4137 libere
2881 4083 3083 4157 praeju-

1724 4184 1749 4215 «
1791 4161 1955 4220 dicat.
1981 4161 2261 4229 arbitrie,
2312 4179 2442 4219 cum
2491 4162 2595 4217 illa
2640 4177 2867 4234 semper
2912 4164 3080 4232 sitin

1723 4265 1748 4296 α
1791 4249 2080 4315 promptu,
2110 4259 2292 4316 neque
2308 4247 2663 4300 momentum
2679 4241 2911 4314 quidem
2929 4260 3080 4315 prae-

1723 4345 1749 4377 α
1792 4330 1992 4390 tereat,
2016 4340 2127 4397 que
2156 4341 2272 4382 nen
2292 4329 2402 4380 stet
2436 4322 2505 4393 ad
2527 4324 2759 4406 estium,
2779 4330 2835 4381 et
2856 4327 3077 4397 pulset:

1723 4428 1748 4458 α
1790 4407 1880 4462 cui
1902 4407 1950 4461 si
1991 4407 2117 4480 quis
2139 4407 2428 4479 aperuerit
2449 4406 2709 4478 januam,
2743 4406 3077 4466 intrabitad

1723 4508 1749 4538 α
1791 4485 1981 4551 illum,
2012 4491 2068 4543 et
2105 4484 2350 4542 coenabit
2374 4501 2507 4541 cum
2537 4486 2660 4543 illo.
2691 4489 2804 4544 Nec
2829 4486 3078 4561 denique

1723 4588 1748 4620 α
1791 4567 1902 4624 tale
1939 4566 2014 4622 sit
2048 4565 2373 4639 huJ'usmedi
2403 4565 2711 4631 auxilium,
2746 4567 2837 4622 cui
2884 4569 3074 4625 resisti

1723 4670 1749 4701 α
1792 4663 1908 4703 nen
1949 4646 2141 4719 possit.
2187 4647 2415 4710 Quoties
2454 4646 2616 4702 enim
2658 4647 2938 4704 Dominus
2966 4667 3073 4708 ve-

1723 4750 1748 4781 «
1791 4728 2258 4799 luitcengregare
2298 4724 2447 4782 filios
2501 4727 2883 4796 Hierusalem,
2929 4730 3075 4795 sicut

1723 4831 1748 4861 α
1787 4807 2004 4882 gallina
2029 4811 2328 4880 cengregat
2370 4806 2554 4878 pullos
2580 4823 2734 4875 suos,
2783 4814 2838 4878 et
2867 4812 3073 4868 nolue-

1722 4913 1749 4944 «
1790 4894 1962 4945 runt.
2009 4891 2243 4944 Frustra
2286 4894 2437 4943 certe
2481 4888 2803 4960 Stephanus
2849 4892 3073 4952 Judaeos

1722 4991 1749 5024 α
1789 4970 1947 5025 durae
1990 4966 2244 5031 cervicis,
2293 4971 2348 5022 et
2394 4967 2792 5025 incircuncisis
2832 4973 3073 5030 auribus

1722 5072 1747 5104 α
1789 5053 2072 5124 argueret,
2101 5047 2197 5120 qui
2224 5062 2449 5121 semper
2482 5048 2723 5120 Spiritui
2751 5058 2947 5109 sancte
2978 5070 3073 5111 re-
