3647 5753
561 393 676 449 876
1443 394 1668 451 mnssx
1705 394 1970 451 RERUM
2007 379 2106 450 ΕΤ
2140 395 2567 452 vnuBoRUM.

558 563 684 639 quit
726 566 981 638 potentia
1022 565 1389 640 consequenti
1417 565 1626 623 elicere
1659 581 1918 623 amorem

558 647 887 704 naturalem
918 647 1016 704 Dei
1043 663 1215 720 super
1241 647 1458 714 omnia,
1492 661 1597 702 nec
1614 645 1920 719 justificari

562 727 774 803 absque
816 729 1110 787 infusione
1153 729 1354 805 gratiae
1403 726 1833 796 sanctificantis,
1858 748 1916 804 p.

556 812 687 879 504,
733 828 791 869 n.
823 814 954 870 287.
981 813 1217 870 Homini
1245 811 1480 871 habenti
1505 812 1670 885 plura
1698 816 1922 883 peccata

560 894 833 951 mortalia
897 893 1253 967 impossibile
1308 899 1411 960 est,
1464 899 1526 948 ut
1594 894 1923 951 remittatur

559 989 760 1043 unum,
797 980 855 1032 et
881 991 998 1033 non
1021 975 1391 1034 remittantur
1436 976 1573 1042 alia,
1607 992 1662 1049 p.
1695 977 1823 1043 509,
1856 991 1914 1031 ιι.

634 1138 1085 1194 HUMANITAS.
1156 1142 1222 1197 In
1274 1155 1384 1213 quo
1447 1139 1717 1196 consistat
1778 1155 1921 1197 cou-

556 1218 824 1292 gruentia
869 1219 1265 1290 humanitatis,
1319 1224 1379 1275 ut
1433 1226 1821 1277 assumeretur
1887 1237 1922 1277 a

558 1295 770 1365 Verbo,
797 1314 851 1372 p.
877 1298 1006 1366 418,
1035 1314 1093 1357 ιι.
1128 1301 1260 1357 131.

1213 1495 1254 1550 Ι.

632 1650 1099 1708 IMPETRATIO.
1129 1651 1450 1710 Discrimen
1474 1654 1626 1713 inter
1650 1655 1922 1728 impetra-

557 1730 795 1798 tionem,
828 1737 884 1788 et
923 1733 1218 1800 meritum,
1252 1752 1306 1808 p.
1332 1736 1461 1802 856,
1488 1751 1550 1792 ιι.
1581 1738 1672 1792 96.
1698 1735 1921 1792 Distin-

557 1812 755 1888 guitur
800 1828 833 1868 a
860 1814 1069 1871 merito
1091 1814 1162 1872 de
1182 1830 1450 1890 congruo,
1484 1835 1539 1891 p.
1571 1818 1699 1883 843,
1734 1833 1791 1873 ιι.
1821 1819 1914 1873 76.

630 1896 1141 1954 INTELLECTUS.
1174 1899 1377 1954 Noster
1403 1897 1728 1955 intellectus
1760 1901 1921 1955 mul-

560 1976 834 2050 tipliciter
879 1982 1058 2049 potest
1077 1976 1450 2046 considerari,
1483 1997 1539 2054 p.
1570 1980 1700 2048 335,
1728 1996 1791 2036 n.
1828 1982 1916 2037 11.

560 2058 705 2116 Vide
722 2060 901 2126 homo,
931 2066 983 2114 et
999 2062 1208 2130 gyratio.

1210 2238 1263 2294 J.

633 2387 1135 2442 JUSTIFICATIO.
1209 2386 1307 2440 Est
1368 2384 1598 2443 effectus
1655 2386 1923 2445 formalis

561 2466 783 2541 gratiae,
816 2483 873 2540 p.
904 2466 1032 2531 300,
1083 2465 1215 2521 init.
1247 2466 1467 2539 Duplex
1492 2464 1615 2540 ejus
1650 2466 1914 2542 acceptio.

561 2547 706 2604 Ibid.
748 2545 1127 2604 sanctificatio
1167 2548 1430 2612 interior,
1462 2552 1517 2604 et
1564 2553 1922 2621 peccatorum

566 2628 830 2686 remissio
858 2642 975 2685 non
994 2644 1055 2685 se
1076 2627 1290 2685 habent
1311 2644 1451 2699 pure
1469 2629 1922 2685 concomitanter

561 2708 627 2764 in
673 2707 1077 2782 justificatione
1126 2708 1315 2781 impii,
1365 2708 1463 2766 sed
1513 2713 1647 2765 sunt
1692 2707 1922 2766 effectus

563 2791 836 2848 formales
854 2789 1055 2863 gratiae
1074 2790 1502 2858 sanctificantis,
1524 2812 1577 2868 p.
1600 2793 1726 2858 322,
1749 2808 1806 2847 n.
1823 2792 1915 2848 33.

563 2870 759 2928 Gratia
780 2868 1143 2927 sanctificans
1168 2876 1394 2944 praestat
1428 2872 1531 2931 hos
1550 2871 1778 2931 effectus
1825 2871 1920 2928 in-

562 2951 952 3027 dependenter
973 2952 1044 3010 ab
1065 2953 1181 3011 alio
1207 2954 1407 3013 favore
1435 2956 1534 3014 Dei
1560 2955 1829 3012 distincto
1848 2954 1919 3011 ab

561 3034 685 3109 ejus
706 3034 1017 3103 infusione,
1050 3053 1105 3109 p.
1137 3035 1265 3102 324,
1292 3052 1351 3092 ιι.
1378 3037 1470 3092 36.
1501 3035 1587 3091 Ad
1616 3035 1783 3109 impii
1801 3034 1918 3108 jus·

561 3114 936 3173 tificationem
979 3115 1352 3189 requiruntur
1392 3116 1570 3190 aliqui
1595 3117 1718 3192 ejus
1738 3121 1912 3183 actua,

566 3211 668 3269 per
695 3212 837 3270 quos
882 3197 953 3253 ad
1000 3197 1285 3272 justitiam
1312 3195 1668 3270 disponatur,
1701 3215 1759 3270 p.
1784 3196 1912 3264 539,

560 3292 621 3335 ιι.
660 3280 706 3335 l.
732 3280 902 3335 Actus
928 3280 1025 3353 qui
1064 3296 1136 3336 ex
1175 3285 1336 3351 parte
1360 3278 1676 3335 voluntatis
1720 3278 1919 3351 requi-

562 3364 791 3425 runtur,
824 3378 879 3433 p.
911 3362 1038 3416 544.
1070 3363 1199 3417 Νοιι
1217 3374 1445 3431 semper
1472 3357 1799 3415 formaliter
1853 3359 1917 3416 in

549 3438 957 3515 justificatione
978 3439 1203 3507 adsunt,
1223 3458 1278 3515 p.
1312 3442 1439 3507 547,
1473 3454 1531 3495 ιι.
1562 3440 1645 3507 18,
1671 3439 1756 3494 19.
1787 3443 1917 3497 Νοιι

552 3515 640 3579 est
685 3520 1091 3587 necessarium,
1123 3524 1186 3576 ut
1208 3520 1325 3577 sint
1352 3520 1531 3577 simul
1579 3520 1643 3576 in
1671 3520 1916 3578 instanti

547 3602 990 3677 justificationis,
1023 3620 1076 3676 p.
1102 3603 1230 3667 549,
1257 3619 1315 3659 ιι.
1349 3605 1440 3661 23.
1461 3603 1720 3669 Qualiter
1740 3602 1916 3676 justi-

551 3685 740 3744 ficatio
762 3686 928 3760 impii
950 3684 1219 3743 consistat
1239 3686 1602 3761 originaliter
1625 3686 1689 3743 in
1713 3686 1916 3760 gratiae

553 3766 861 3828 infusione.
896 3784 951 3840 p.
983 3767 1111 3830 566,
1144 3782 1202 3822 ιι.
1245 3766 1336 3823 53.
1370 3767 1523 3826 Ordo
1544 3775 1600 3825 et
1634 3781 1913 3824 numerus

547 3864 772 3915 eorum,
815 3863 940 3921 quae
979 3845 1045 3902 ad
1076 3847 1245 3921 impii
1277 3848 1743 3923 justificationem
1772 3862 1913 3904 con-

548 3935 811 3997 currunt,
838 3947 893 4004 p.
919 3930 1049 3994 622,
1070 3944 1128 3986 ιι.
1171 3930 1291 3986 125.
1322 3931 1352 3983 J
1360 3928 1767 3987 ustificationes
1802 3928 1913 3984 im-

546 4011 650 4086 pii,
682 4017 740 4069 et
778 4026 897 4068 non
944 4009 1112 4082 impii
1157 4008 1414 4084 specifice
1450 4008 1905 4084 distinguuntur,

592 4137 606 4151 .
639 4095 769 4160 633,
802 4108 862 4149 n.
892 4094 947 4150 8.

548 4112 587 4170 p
622 4174 777 4232 Fieri
814 4178 994 4248 potest
1040 4191 1141 4248 per
1188 4173 1507 4232 absolutam
1562 4174 1661 4231 Dei
1703 4178 1909 4247 poten-

545 4261 710 4326 tiam,
741 4257 892 4331 quod
919 4258 1135 4330 impius
1161 4256 1390 4314 adultus
1404 4254 1747 4331 justificetur
1773 4257 1908 4314 abs-

541 4355 652 4415 que
675 4338 839 4398 omni
861 4335 1234 4410 dispositione
1248 4338 1476 4402 actuali,
1496 4353 1550 4410 p.
1572 4337 1702 4403 554,
1722 4353 1782 4395 ιι.
1808 4339 1901 4396 34.

543 4420 764 4494 Impius
790 4422 953 4475 extra
978 4419 1411 4489 Sacramentum
1435 4432 1732 4489 nunquam
1757 4420 1906 4476 reci-

537 4502 625 4577 pit
637 4499 944 4576 justitiam,
972 4497 1087 4555 nisi
1110 4498 1180 4555 ad
1196 4513 1325 4556 eam
1348 4513 1449 4572 per
1463 4487 1777 4566 charitatis,
1805 4507 1906 4557 aut

536 4581 905 4643 contritionis
931 4586 1087 4637 actus
1112 4579 1469 4655 disponatur,
1490 4598 1543 4655 p.
1572 4582 1779 4647 561,n.
1802 4582 1900 4640 43.

537 4669 710 4723 Actus
731 4669 1116 4737 praeparantes
1138 4663 1385 4739 impium
1408 4663 1477 4721 ad
1493 4664 1740 4738 gratiam
1761 4672 1898 4722 sunt

537 4746 942 4821 dispositiones
984 4745 1253 4820 physicae,
1284 4750 1340 4803 et
1363 4744 1593 4819 physice
1619 4746 1691 4802 ad
1714 4747 1901 4820 ipsam

528 4829 780 4904 gratiam
803 4828 1190 4901 disponentes,
1218 4847 1273 4903 p.
1303 4830 1433 4894 608,
1466 4843 1526 4884 ιι.
1567 4828 1685 4885 106.
1709 4828 1900 4886 Etiam

534 4926 666 4966 cum
706 4908 770 4966 fit
806 4907 1136 4982 justificatio
1167 4910 1323 4967 intra
1348 4914 1796 4978 sacramentum,
1845 4930 1898 4986 p.

370 5008 443 5061 Ἃ
527 4991 914 5058 611,n.109.

2123 565 2462 624 Justificatio
2490 567 2662 641 impii
2702 565 2979 639 importat
3026 564 3420 622 essentialiter

2050 648 2192 706 duas
2250 649 2598 706 mutationes
2650 648 2832 704 reales
2872 645 3189 714 distinctas,
3214 662 3423 704 conse-

2051 735 2403 803 quenterque
2436 734 2522 785 est
2547 744 2719 786 verus
2772 733 2980 792 motus,
3014 744 3070 801 p.
3099 727 3232 793 629,
3263 741 3324 783 ιι.
3357 727 3416 781 2.

2053 814 2181 868 Νοιι
2201 816 2286 868 est
2312 816 2501 869 motus
2519 810 2886 875 successivus,
2907 814 2965 865 et
2984 823 3181 881 quare,
3208 825 3264 882 p.
3278 807 3417 873 638,

2053 908 2113 959 ιι,
2155 894 2218 949 16
2233 897 2291 949 et
2313 907 2465 965 seqq.
2498 894 2627 947 Non
2657 890 2935 963 implicat,
2961 887 3110 961 quod
3134 885 3423 961 iustifica-

2052 974 2133 1032 tio
2158 975 2345 1047 impii,
2371 977 2484 1030 Deo
2526 973 2606 1029 ita
2642 971 3002 1045 disponente,
3033 970 3133 1027 fiat
3175 971 3238 1027 in
3265 975 3423 1026 tem-

2054 1074 2210 1130 pore,
2236 1076 2291 1132 p.
2321 1058 2451 1122 642,
2486 1073 2542 1111 ιι.
2573 1055 2666 1110 23.

2126 1146 2465 1203 Justificatio
2495 1144 2662 1218 impii
2689 1159 2761 1200 ex
2789 1147 2950 1215 parte
2983 1142 3162 1209 modi,
3193 1158 3306 1215 quo
3333 1139 3419 1208 fit,

2054 1243 2170 1285 non
2197 1233 2282 1284 est
2306 1242 2446 1300 opus
2472 1226 2659 1299 majus
2685 1224 2991 1289 creatione,
3013 1241 3067 1297 p.
3087 1224 3219 1289 649,
3242 1240 3300 1280 ιι.
3323 1223 3417 1279 34.

2053 1305 2146 1365 Ex'
2159 1313 2320 1382 parte
2347 1308 2433 1364 rei
2456 1307 2613 1364 factae
2637 1310 2723 1362 est
2737 1319 2878 1376 opus
2899 1307 3012 1380 maj
3023 1322 3086 1360 us
3107 1305 3418 1374 creatione,

2053 1407 2108 1464 p.
2139 1391 2272 1455 650,
2289 1404 2346 1455 ιι,
2366 1386 2722 1444 36.Attentis
2742 1385 3016 1442 omnibus
3043 1392 3129 1442 est
3156 1384 3422 1444 absolute

2050 1471 2424 1528 excellentior
2469 1466 2819 1543 Justificatio,
2862 1486 2916 1542 p.
2946 1469 3077 1526 651.
3109 1483 3172 1524 n.
3200 1468 3293 1525 38.
3328 1471 3419 1525 An

2046 1551 2378 1627 justificatio
2429 1552 2596 1625 impii
2644 1551 2720 1606 sit
2766 1549 3070 1624 perfectior
3099 1565 3217 1606 non
3248 1551 3418 1625 impii

2046 1636 2467 1712 justificatione,
2515 1653 2571 1710 p.
2625 1636 2758 1700 655,
2815 1649 2874 1688 ιι.
2930 1633 3026 1687 49.
3078 1633 3421 1691 Justificatio

2052 1718 2312 1791 impii,ut
2331 1715 2716 1774 communiter
2737 1713 2819 1781 fit,
2836 1728 2953 1771 non
2968 1718 3053 1770 est
3069 1715 3420 1775 miraculum

2054 1801 2284 1874 proprie
2334 1801 2567 1867 dictum,
2619 1817 2674 1872 p.
2705 1800 2836 1863 660,
2870 1813 2928 1853 ιι.
2961 1799 3054 1852 57.
3088 1797 3420 1871 Aliquando

2051 1882 2206 1938 subit
2247 1882 2531 1938 rationem
2579 1879 2846 1935 miraculi
2877 1878 3110 1950 proprie
3160 1877 3323 1944 dicti,
3355 1899 3410 1955 p.

2051 1964 2181 2029 662,
2214 1978 2275 2018 ιι.
2296 1964 2389 2018 60.
2422 1964 2555 2027 Quae
2582 1958 2984 2015 conversiones
3005 1957 3264 2017 dicendae
3285 1968 3418 2018 sunt

2053 2042 2431 2108 miraculosae,
2460 2060 2514 2116 p.
2546 2041 2675 2106 664,
2710 2056 2771 2097 n.
2800 2041 2892 2095 63.

2124 2132 2409 2187 JUSTUS.
2451 2133 2661 2194 Justus,
2693 2129 2913 2202 quoties
2939 2129 3085 2187 bene
3115 2137 3410 2203 operatur,

2053 2210 2222 2268 habet
2248 2212 2555 2268 virtualem
2584 2210 2970 2284 cognitionem
3012 2210 3210 2266 ultimi
3264 2210 3409 2276 finis.

2051 2312 2107 2369 p.
2138 2296 2269 2362 774,
2321 2309 2377 2349 n.
2422 2295 2543 2349 114.
2574 2291 2779 2348 Omnis
2794 2297 2949 2348 actus
2971 2290 3155 2348 bonus
3169 2294 3312 2367 justi
3333 2300 3411 2351 est

2052 2375 2245 2449 aliquo
2297 2373 2465 2430 modo
2516 2372 2993 2446 supernaturaliS,
3028 2372 3171 2429 ibid.
3204 2382 3263 2430 et
3301 2390 3408 2448 seq.

2060 2456 2180 2511 115.
2211 2457 2403 2511 Justus
2431 2470 2531 2528 per
2553 2461 2708 2510 actus
2734 2452 3035 2510 moraliter
3063 2451 3247 2510 bonos
3275 2471 3407 2529 prae·

2051 2535 2314 2593 cedentes
2362 2540 2549 2591 actum
2592 2533 2888 2591 charitatis
2934 2538 3194 2590 meretur
3240 2539 3408 2592 vitam

2053 2623 2352 2684 aeternam,
2378 2636 2432 2691 p.
2462 2619 2596 2683 775,
2629 2634 2688 2674 n.
2732 2619 2851 2673 117.

2125 2702 2317 2755 Justus
2362 2697 2432 2755 de
2480 2701 2622 2754 facto
2662 2713 2779 2754 non
2833 2701 3087 2753 meretur
3137 2698 3309 2754 alteri
3346 2697 3408 2754 de

2050 2778 2332 2852 condigno
2380 2778 2631 2850 primam
2659 2777 2926 2851 gratiam,
2971 2795 3026 2850 p.
3057 2778 3191 2841 809,
3239 2794 3296 2835 ιι.
3320 2780 3399 2834 26.

2049 2859 2261 2916 Mereri
2304 2863 2497 2915 tamen
2527 2864 2706 2932 potest
2729 2858 2894 2915 alteri
2918 2857 2987 2915 de
3014 2873 3269 2930 congruo
3296 2858 3403 2932 pri-

2051 2956 2207 2996 mam
2241 2939 2508 3013 gratiam,
2536 2957 2589 3013 p.
2611 2940 2739 3004 810,
2773 2955 2834 2994 n.
2863 2940 2955 2995 28.
2987 2942 3115 2995 Νοιι
3139 2945 3402 3014 repugnat

2044 3022 2261 3095 justum
2289 3020 2503 3076 mereri
2549 3019 2619 3078 de
2657 3019 2942 3095 condigno
2980 3035 3097 3076 non
3135 3018 3398 3094 peccatori

2052 3104 2300 3177 primam
2323 3104 2590 3178 gratiam,
2622 3122 2680 3178 p.
2709 3105 2837 3169 812,
2872 3119 2932 3160 ιι.
2971 3104 3063 3159 31.
3089 3105 3259 3161 Secus
3281 3118 3400 3177 pec—

2047 3183 2244 3249 catori,
2272 3202 2326 3258 p.
2359 3184 2487 3248 814,
2521 3199 2581 3240 ιι.
2612 3185 2704 3239 36.

2121 3266 2314 3319 Justus
2337 3279 2437 3337 per
2458 3262 2609 3320 bona
2635 3279 2812 3337 opera
2836 3269 3095 3321 meretur
3121 3263 3229 3319 sibi
3267 3278 3394 3339 aug-

2049 3352 2308 3402 mentum
2331 3362 2446 3402 suae
2460 3345 2714 3419 justitiae,
2740 3365 2794 3420 p.
2811 3348 2940 3413 845,
2959 3363 3017 3403 ιι.
3041 3349 3135 3402 78.
3159 3348 3396 3403 Meretur

2047 3428 2193 3485 illud
2213 3428 2282 3486 de
2302 3429 2603 3502 condigno,
2636 3447 2694 3502 p.
2724 3430 2854 3496 846,
2887 3445 2944 3484 ιι.
2977 3430 3069 3484 81.
3108 3430 3394 3502 Repugnat

2046 3510 2118 3567 de
2144 3512 2397 3584 potentia
2424 3511 2682 3568 absoluta
2705 3511 2925 3586 justum
2954 3511 3170 3568 mereri
3193 3511 3264 3568 de
3287 3526 3398 3568 con-

2047 3592 2220 3667 digno
2260 3594 2767 3668 perseverantiam,
2800 3611 2854 3668 p.
2888 3595 3015 3659 853,
3048 3609 3107 3649 n.
3141 3594 3219 3649 92
3261 3598 3313 3650 et
3347 3610 3394 3667 p.

2045 3675 2174 3742 863,
2234 3692 2291 3732 ιι.
2344 3677 2464 3732 107.
2516 3676 2706 3732 Potest
2746 3675 2962 3731 mereri
3008 3674 3078 3732 de
3129 3674 3397 3748 condigno

2045 3754 2541 3813 confirmationem
2570 3756 2634 3812 iu
2672 3755 2877 3831 gratia,
2930 3773 2985 3830 p.
3017 3757 3148 3820 862,
3186 3771 3246 3812 ιι.
3285 3755 3391 3810 105.

2045 3840 2236 3895 Potest
2260 3841 2473 3896 mereri
2498 3837 2649 3896 bona
2670 3840 3010 3912 temporalia
3033 3837 3104 3895 de
3124 3838 3392 3911 condigno

2046 3925 2105 3975 ut
2143 3918 2518 3978 conducentia
2539 3920 2610 3977 ad
2637 3918 2902 3987 salutem,
2931 3938 2986 3995 p.
3018 3921 3149 3985 865,
3185 3937 3244 3976 ιι.
3283 3918 3384 3975 109.

2040 4003 2072 4056 J
2079 4009 2234 4059 ustus
2295 4001 2606 4060 secundum
2670 4007 3008 4076 praesentem
3088 4001 3386 4075 providen-

2043 4084 2184 4141 tiam
2213 4101 2330 4142 non
2358 4089 2612 4141 meretur
2631 4083 2742 4140 sibi
2765 4083 2835 4141 de
2861 4084 3146 4158 condigno
3183 4097 3392 4157 repara·

2041 4166 2258 4224 tionem
2277 4171 2399 4238 post
2415 4167 2656 4237 lapsum,
2678 4184 2736 4239 p.
2755 4167 2956 4229 834,ιι.
2980 4166 3073 4222 63.
3103 4165 3388 4238 Repugnat

2039 4246 2213 4303 etiam
2243 4246 2314 4304 de
2340 4246 2592 4319 potentia
2638 4245 2915 4313 absoluta,
2961 4263 3017 4320 p.
3047 4245 3181 4309 836,
3221 4261 3276 4300 ιι.
3304 4244 3382 4298 66.

2039 4327 2248 4400 Nequit
2285 4325 2614 4398 praedictam
2669 4324 3093 4398 reparationem
3123 4325 3308 4382 adhuc
3328 4322 3387 4378 de

2037 4422 2288 4481 congruo
2310 4406 2539 4479 proprie
2566 4404 2798 4469 mereri,
2832 4422 2887 4477 p.
2918 4405 3047 4470 840,
3066 4421 3128 4460 ιι.
3163 4408 3256 4462 71.
3289 4404 3386 4458 Po·

2036 4493 2145 4548 test
2168 4504 2296 4547 eam
2326 4489 2658 4562 impetrare,
2685 4505 2739 4561 p.
2771 4488 2900 4556 843,
2934 4502 2993 4542 ιι.
3023 4487 3120 4543 76.

2696 4675 2757 4731 L.

2110 4824 2479 4881 LIBERTAS.
2506 4822 2702 4879 Gratia
2727 4837 2798 4878 ex
2824 4837 2886 4878 se
2904 4824 2961 4877 et
2981 4819 3052 4877 ab
3083 4820 3380 4877 intrinseco

2033 4906 2231 4965 efficax
2257 4923 2374 4963 non
2411 4907 2562 4964 tollit
2586 4903 2934 4968 libertatem,
2974 4905 3127 4977 p.98,
3158 4921 3216 4961 n.
3270 4901 3370 4958 146.

2034 4990 2293 5049 Libertas
2307 4994 2494 5047 creata
2518 4984 2808 5062 perficitur
2825 5001 2926 5059 per
2940 4986 3244 5044 efficaciam
3259 4997 3377 5058 gra-
