3647 5753
1453 398 1629 454 DISP.
1675 398 1743 465 11,
1789 400 1952 457 DUB.
1997 402 2145 459 VIII.

325 579 514 631 catum
546 576 858 640 remittere,
887 580 947 630 ut
969 579 1120 647 patet
1142 575 1205 631 in
1236 574 1537 631 humanis:
1558 587 1693 647 ergo

326 659 475 713 Deus
521 662 699 730 potest
738 658 1036 715 remittere
1080 663 1370 732 peccatum
1397 656 1462 713 in
1490 656 1689 714 eodem

328 740 592 804 instanti,
625 741 689 796 in
717 756 827 814 quo
856 739 939 798 fit.

401 819 509 878 Sed
541 821 645 878 hoc
673 821 820 877 nihil
849 826 934 878 est
957 845 973 889 ;
1025 836 1162 877 nam
1191 819 1443 877 admissa
1483 817 1692 893 majori

325 901 511 977 quoad
540 902 791 975 primam
809 907 1052 976 partem,
1081 907 1138 958 et
1164 906 1368 976 negata
1396 899 1580 972 quoad
1608 914 1694 955 se-

324 982 570 1041 cundam
591 1028 604 1051 ,
636 999 912 1058 negamus
939 984 1233 1041 minorem
1263 982 1537 1039 absolute.
1580 982 1694 1037 Ita-

323 1082 432 1140 que
456 1067 635 1142 gratis
655 1065 1035 1135 concedimus,
1073 1080 1234 1138 posse
1263 1066 1441 1120 Deum
1470 1062 1532 1118 in
1568 1062 1695 1117 ins-

320 1149 487 1215 tanti,
535 1148 597 1204 in
623 1164 734 1220 quo
757 1152 1046 1221 peccatum
1076 1144 1158 1211 fit,
1185 1144 1386 1202 cedere
1409 1143 1532 1218 juri
1566 1159 1693 1216 pro-

322 1228 482 1285 ximo
498 1227 797 1301 puniendi,
818 1230 910 1285 vel
927 1226 1196 1302 exigendi
1219 1224 1687 1282 satisfactionem.

325 1308 473 1365 Hinc
495 1325 629 1366 vero
656 1325 774 1367 non
803 1314 952 1366 recte
989 1308 1263 1373 infertur,
1305 1304 1456 1379 quod
1487 1304 1694 1360 remit-—

324 1395 480 1447 tatur
507 1396 793 1462 peccatum
813 1391 999 1465 quoad
1033 1390 1263 1462 culpam
1290 1412 1305 1456 ;
1336 1386 1435 1444 sed
1463 1390 1692 1442 tantum

324 1472 603 1546 sequitur,
636 1472 785 1544 quod
812 1474 986 1529 cesset
1011 1469 1196 1542 quoad
1220 1473 1465 1533 reatum,
1511 1467 1605 1523 vel
1632 1469 1694 1520 ut

329 1554 598 1627 proprius
619 1551 1097 1628 loquamur-,quod
1120 1553 1289 1608 illum
1305 1549 1551 1608 exercite
1574 1563 1695 1604 non

330 1638 608 1693 incurrat.
636 1638 704 1691 Et
733 1637 940 1692 falsum
971 1651 1203 1707 prorsus
1230 1639 1333 1700 est,
1364 1631 1514 1705 quod
1543 1631 1692 1687 Deus

330 1718 508 1790 possit
529 1719 677 1775 velle
697 1716 896 1773 eodem
926 1715 1092 1773 modo
1113 1731 1172 1771 se
1192 1728 1391 1789 gerere
1414 1727 1544 1768 cum
1574 1726 1695 1783 pec-

329 1808 536 1865 catore,
570 1815 632 1855 ac
677 1814 804 1855 cum
834 1796 983 1865 aliis,
1039 1796 1138 1868 qui
1177 1811 1294 1853 non
1342 1796 1689 1866 peccarunt:

329 1896 469 1936 nam
526 1883 805 1953 repugnat
852 1879 1027 1933 Deum
1071 1892 1189 1932 non
1250 1872 1514 1948 prosequi
1563 1872 1695 1929 odio

330 1961 600 2034 impium,
640 1966 695 2017 et
718 1960 1069 2031 impietatem
1092 1959 1213 2031 ejus
1238 1981 1251 2024 ;
1282 1962 1338 2014 et
1367 1958 1604 2028 insuper
1632 1953 1695 2010 in

330 2042 424 2108 iis,
449 2043 544 2115 qui
600 2057 719 2098 non
767 2046 1013 2113 peccant,
1045 2039 1294 2114 gratiam
1340 2054 1504 2094 suam
1549 2038 1697 2092 Deus

327 2126 647 2186 conservat,
691 2121 784 2176 vel
832 2133 1173 2177 conservare
1223 2121 1401 2190 potest
1426 2140 1440 2182 ;
1484 2114 1582 2172 sed
1632 2114 1696 2169 in

329 2202 690 2274 peccantibus
710 2201 965 2275 graviter
982 2216 1084 2256 nec
1103 2202 1405 2256 conservat
1418 2196 1690 2271 gratiam,

328 2299 432 2340 nec
457 2299 796 2341 conservare
824 2285 995 2348 valet,
1030 2288 1090 2338 ut
1120 2281 1307 2337 fusius
1335 2277 1696 2336 ostendimus

327 2366 454 2421 dub.
480 2368 533 2422 4.
555 2369 668 2422 Nec
688 2368 1017 2438 exemplum
1042 2365 1113 2421 ab
1136 2362 1412 2420 humanis
1429 2360 1697 2432 desump-

333 2451 456 2502 tum
502 2445 718 2518 aliquid
766 2446 983 2519 probat,
1035 2445 1173 2519 quia
1221 2443 1509 2506 homine5‚
1555 2439 1694 2495 dum

331 2528 452 2582 suis
480 2526 853 2584 offensoribus
887 2533 1149 2600 parcunt,
1181 2526 1372 2582 solum
1402 2523 1697 2594 deponunt

330 2609 529 2666 odium
568 2626 640 2666 ex
686 2616 843 2682 parte
891 2627 1029 2671 sua.
1062 2607 1383 2679 ceduntque
1406 2606 1525 2679 juri
1568 2603 1697 2661 exi-

326 2690 497 2765 gendi
524 2692 987 2757 satisfactionem,
1021 2696 1118 2748 aut
1157 2688 1477 2746 vindictam
1517 2708 1529 2742 :
1564 2702 1696 2759 pec-

326 2779 517 2829 catum
539 2779 728 2829 autem
757 2771 1175 2829 offendentium
1199 2769 1424 2842 expiari
1451 2783 1568 2823 non
1593 2781 1696 2821 va-

332 2856 410 2913 let
457 2871 556 2928 per
583 2872 710 2913 eam
738 2856 1119 2913 extrinsecam
1161 2850 1645 2911 condonationem
1678 2871 1692 2907 ι

331 2937 429 2994 sed
468 2953 535 2994 ea
560 2938 868 3011 supposita,
902 2938 1118 3011 optime
1145 2937 1406 3000 cohaeret,
1433 2929 1583 3005 quod
1606 2929 1698 2987 of-

332 3020 574 3077 fendens
594 3019 808 3086 odium,
833 3026 890 3076 et
906 3025 1192 3092 peccatum
1217 3018 1279 3074 in
1295 3034 1354 3074 se
1376 3017 1691 3078 conservet,

332 3108 395 3157 ut
420 3102 777 3175 experientia
806 3102 1002 3174 liquet.
1031 3099 1194 3156 Unde
1221 3098 1462 3171 objectio
1492 3097 1555 3151 in
1576 3095 1696 3168 ejus

333 3184 603 3241 authores
624 3182 1007 3257 retorquenda
1027 3184 1129 3248 est,
1160 3185 1220 3235 ut
1247 3175 1509 3235 ostendat
1532 3174 1698 3231 falsi—

333 3271 511 3323 tatem
536 3265 816 3338 praedictae
862 3264 1136 3321 doctrinae
1170 3284 1183 3319 ε
1213 3261 1490 3335 quoniam
1521 3259 1601 3314 ita
1636 3272 1698 3313 se

336 3345 511 3404 habet
527 3349 674 3402 Deus
688 3351 942 3402 statuens
964 3360 1080 3401 non
1096 3344 1304 3417 punire
1324 3344 1692 3416 peccatorem,

340 3444 444 3485 nec
486 3429 715 3502 exigere
760 3426 1204 3484 satisfactionem
1247 3424 1317 3481 ab
1366 3423 1509 3488 illo;
1553 3420 1700 3475 sicut
1745 3460 1758 3470 .

341 3509 532 3575 homo,
561 3509 661 3581 qui
701 3507 1012 3574 offendenti
1061 3507 1305 3563 remittit
1355 3500 1699 3559 satisfactio-

342 3606 495 3657 nem,
523 3598 579 3648 et
604 3590 886 3649 condonat
908 3590 1001 3663 jus
1038 3588 1303 3663 exigendi
1335 3585 1653 3643 vindictam
1683 3604 1696 3639 ε

339 3672 437 3730 sed
465 3690 566 3747 per
592 3674 714 3741 hoc,
740 3672 889 3746 quod
913 3673 1084 3729 homo
1105 3670 1355 3728 offensus
1400 3669 1480 3724 ita
1505 3682 1565 3723 se
1593 3665 1700 3721 ha-

337 3754 485 3820 beat,
515 3770 630 3811 non
650 3755 908 3826 sequitur
936 3752 1243 3809 destructio
1270 3749 1409 3815 odii,
1451 3748 1544 3804 vel
1567 3761 1699 3818 pec-

334 3836 447 3892 cati
499 3836 562 3891 in
612 3835 953 3901 offendente,
1023 3833 1138 3890 nisi
1204 3833 1325 3905 ipse
1402 3827 1699 3887 offendens

336 3915 536 3972 odium
564 3915 823 3989 deponat,
856 3921 912 3972 et
960 3916 1130 3972 aliter
1168 3929 1228 3970 se
1267 3910 1475 3968 habeat
1517 3910 1579 3963 in
1606 3923 1699 3963 se-

339 3997 501 4070 ipso:
532 4013 666 4072 ergo
688 4015 787 4071 per
825 4014 952 4054 eam
1000 3995 1383 4053 extrinsecam
1426 3990 1525 4045 Dei
1554 4003 1700 4046 con-

335 4076 726 4147 donationem,
757 4094 929 4151 quam
956 4076 1224 4133 Juniores
1252 4070 1699 4130 comminiscun-

339 4167 454 4229 tur,
506 4178 624 4220 non
663 4161 974 4218 remittitur
1020 4162 1309 4234 peccatum
1348 4152 1532 4230 quoad
1573 4154 1700 4209 cul-

339 4258 494 4316 pam,
519 4241 617 4300 sed
637 4241 707 4298 ad
722 4257 1014 4299 summum
1029 4238 1213 4314 quoad
1240 4242 1461 4295 reatum
1490 4255 1503 4290 :
1532 4238 1701 4306 atque

340 4323 472 4381 ideo
484 4322 740 4380 manebit
752 4328 1037 4397 peccatum
1050 4321 1262 4396 quandi
1271 4336 1303 4374 u
1325 4331 1560 4391 peccans
1582 4330 1701 4371 non

342 4407 704 4470 immutatur,
730 4409 787 4460 et
824 4408 1000 4459 cessat
1027 4419 1061 4459 a
1106 4397 1539 4458 conservatione
1569 4411 1700 4468 pec-

340 4486 471 4542 cati.
519 4482 958 4558 lnintelligibile
984 4488 1175 4539 autem
1214 4486 1317 4547 est,
1348 4476 1496 4552 quod
1523 4481 1703 4533 cesset

339 4565 595 4640 quandiu
630 4570 846 4638 peccat:
869 4579 1006 4638 ergo
1027 4561 1155 4619 fieri
1184 4577 1303 4619 non
1334 4562 1531 4632 potest,
1551 4555 1701 4629 quod

342 4654 633 4723 peccatum
655 4645 1003 4710 destruatur,
1043 4647 1144 4699 aut
1171 4641 1497 4699 remittatur
1518 4636 1701 4711 quoad

342 4730 573 4803 culpam
601 4728 665 4784 in
691 4726 891 4785 eodem
912 4724 1174 4790 instanti,
1202 4723 1266 4778 in
1287 4738 1398 4795 quo
1424 4720 1506 4776 fit.

3065 408 3173 464 ,511

2274 581 2556 635 DUBIUM
2591 582 2733 637 VIII.

2351 751 2671 808 Appnxmx.

1828 890 1941 958 An,
1967 900 2016 947 et
2043 895 2227 968 qualis
2251 900 2486 953 mutatio
2525 900 2823 954 intrinseca
2869 902 3188 977 requiratur

1904 974 1979 1028 ad
1997 977 2368 1032 remissionem
2391 986 2735 1051 peccatorum
2751 981 3065 1036 venialium
3084 981 3115 1034 Ρ

1905 1143 2038 1200 Haec
2063 1143 2362 1201 difficultas
2384 1147 2680 1219 propriam
2707 1147 2901 1206 sedem
2932 1146 3099 1204 habet
3128 1148 3191 1203 in

1830 1224 2069 1279 tractatu
2091 1223 2161 1280 de
2205 1226 2568 1293 Poenitentia,
2596 1233 2651 1284 et
2677 1228 2746 1284 de
2785 1245 2852 1285 ea
2897 1226 3194 1300 disputant

1784 1312 1785 1315 ’
1828 1305 2101 1379 Theologi
2150 1306 2185 1361 3
2210 1314 2361 1380 part.
2393 1317 2574 1383 quaest.
2606 1312 2697 1366 87.
2743 1310 2849 1366 Sed
2893 1311 3028 1383 quia
3069 1312 3193 1365 Au-

1808 1384 2041 1453 thoros,
2071 1386 2170 1458 qui
2194 1393 2458 1443 asserunt
2481 1389 2810 1461 possibilem
2834 1405 2953 1446 esse
2983 1390 3194 1446 remis-

1828 1467 2052 1523 sionem
2080 1469 2289 1541 peccati
2332 1472 2594 1528 mortalis
2635 1472 2845 1544 absque
2873 1473 3193 1531 mutatione

1831 1548 2145 1606 intrinseca
2210 1554 2535 1623 peccatoris,
2582 1554 2967 1611 communiter
3028 1571 3193 1611 suam

1829 1629 2164 1702 opinionem
2237 1631 2589 1690 confirmant
2653 1635 2918 1707 exemplo
2986 1634 3194 1707 peccati

1832 1709 2096 1775 venialis,
2127 1712 2274 1783 quod
2306 1728 2464 1786 posse
2493 1715 2710 1770 remitti
2741 1731 2840 1787 per
2868 1716 3049 1772 solam
3090 1730 3192 1771 ex-

1831 1792 2136 1848 trinsecam
2169 1795 2267 1850 Dei
2318 1795 2818 1863 condonationem,
2871 1797 3041 1853 facile
3081 1795 3190 1852 sibi

1833 1873 2176 1945 persuadent
2194 1900 2207 1941 ;
2240 1881 2540 1948 propterea
2569 1884 2789 1950 oportet
2816 1879 2921 1936 hoc
2948 1878 3191 1935 dubium

1833 1953 2280 2027 praecedentibus
2302 1957 2371 2012 ad
2401 1956 2584 2013 instar
2599 1960 2893 2016 corollarii
2917 1966 3192 2017 attexere.

1831 2036 1938 2173 lS'de
1964 2053 2064 2110 pro
2091 2038 2211 2113 ejus
2237 2037 2523 2096 decisione
2549 2055 2690 2111 opus
2711 2046 2796 2097 est
2822 2043 3013 2115 aliqua
3042 2058 3194 2116 prae-

1858 2134 1876 2172 1
1921 2133 2036 2175 are.

2450 2286 2479 2353 9
2522 2286 2563 2339 1.

2020 2435 2369 2492 observanda
2391 2455 2494 2510 pro
2532 2439 2686 2495 dubii
2720 2440 3004 2496 decisione.

1906 2585 2034 2639 299.
2082 2586 2378 2640 Peccatum
2403 2587 2630 2644 veniale
2678 2587 2812 2644 inde
2858 2603 3069 2644 nomen
3094 2603 3189 2642 ac-

3200 2628 3310 2677 Quid
3332 2630 3389 2673 sit

1831 2664 1994 2736 cepit,
2014 2662 2164 2736 quod
2188 2663 2535 2737 principium
2582 2668 2781 2733 veniae,
2815 2674 2870 2724 et
2901 2667 3412 2729 remissio-peccatum

1833 2745 1943 2810 niS,
1980 2760 2185 2819 nempe
2210 2747 2456 2820 gratiam
2496 2746 2965 2816 sanctificantem,
2992 2766 3024 2805 a
3049 2749 3188 2804 sub—

1826 2826 1970 2900 jecto
1994 2840 2109 2882 non
2155 2826 2427 2893 excludit,
2487 2834 2547 2885 ut
2597 2831 2835 2903 exponit
2865 2833 2927 2887 D.
2980 2830 3186 2887 Thom.

1834 2915 2013 2985 quaest.
2039 2909 2094 2975 7,
2119 2908 2183 2962 de
2209 2908 2382 2975 Malo,
2408 2919 2516 2967 art.
2565 2914 2608 2967 1.
2638 2915 2702 2968 In
2743 2929 2853 2986 quo
2881 2911 3195 2986 distingui-—

1834 2993 1928 3043 tur
1949 3004 1980 3044 a
2004 2994 2223 3060 peccato
2245 2992 2479 3047 mortali
2506 3009 2518 3054 ;
2551 3008 2686 3049 nam
2717 2994 2847 3049 licet
2887 2998 3196 3065 utrumque

1833 3067 2328 3124 inordinationem
2375 3070 2664 3142 importet,
2729 3073 2953 3129 veniale
3001 3076 3196 3128 tamen

1834 3164 1952 3204 non
1974 3150 2182 3206 avertit
2204 3165 2236 3205 a
2258 3152 2370 3206 Deo
2397 3151 2604 3207 ultimo
2628 3151 2762 3220 fine,
2811 3157 2867 3209 et
2889 3151 2968 3207 sic
2992 3152 3199 3207 amici-

1834 3229 1975 3285 tiam
2016 3246 2145 3287 cum
2194 3233 2325 3297 De0,
2365 3237 2421 3288 et
2445 3233 2712 3306 gratiam,
2763 3247 2889 3304 quae
2936 3237 3021 3287 est
3072 3232 3195 3289 vita

1834 3312 2173 3384 spiritualis,
2237 3318 2293 3370 et
2362 3315 2712 3387 principium
2773 3313 2959 3370 veniae
3002 3329 3195 3370 secum

1837 3395 2150 3468 permittit;
2181 3398 2426 3455 mortale
2449 3413 2585 3453 vero
2613 3398 2976 3454 aversionem
3001 3413 3034 3454 a
3081 3399 3196 3455 Deo

1836 3474 1952 3533 fine
1982 3479 2184 3552 ultimo
2226 3479 2408 3545 affert,
2452 3478 2614 3535 etita
2654 3478 2854 3551 gratiae
2875 3478 3057 3534 vitam
3091 3493 3196 3534 ex-

1838 3558 2016 3630 pellit,
2044 3564 2100 3613 et
2119 3564 2366 3616 mortem
2408 3559 2620 3615 animae
2647 3557 2884 3625 inducit,
2919 3565 2980 3614 ut
3020 3558 3198 3616 tradit

1837 3641 1899 3693 D.
1927 3639 2131 3695 Thom.
2181 3657 2355 3713 supra
2393 3647 2575 3719 quaest.
2619 3642 2709 3708 88,
2742 3646 2853 3696 art.
2907 3643 2954 3697 l.
3007 3643 3191 3705 Quam

1836 3717 2395 3786 differentiam‚sIcut
2418 3725 2472 3776 et
2489 3719 2781 3792 aliaS,quae
2803 3719 2957 3775 inter
2978 3715 3199 3776 utrumss

1834 3817 1944 3874 que
1990 3807 2279 3874 peccatum
2325 3807 2652 3868 versantur,
2704 3802 3089 3874 explicuimus
3126 3818 3198 3859 ex

1837 3881 2089 3956 professo
2128 3890 2288 3940 tract.
2348 3886 2427 3951 13,
2475 3884 2615 3956 disp.
2670 3884 2753 3948 19,
2793 3882 2919 3941 dub.
2978 3887 3028 3940 l.
3060 3883 3196 3940 Dari

1836 3979 1973 4020 vero
2000 3962 2326 4037 hujusmodi
2350 3971 2572 4036 peccata
2599 3962 2872 4030 venialia,
2897 3979 2995 4020 seu
3021 3965 3191 4032 levia,

1834 4049 1920 4100 est
1974 4049 2193 4100 certum
2240 4044 2557 4101 secundum
2618 4042 2812 4111 fidem,
2860 4050 2922 4100 ut
2980 4049 3198 4101 constat

1836 4126 2039 4182 Matth.
2068 4128 2127 4181 7:
2158 4126 2270 4198 Qui
2295 4127 2444 4183 vides
2453 4128 2722 4199 festucam
2745 4128 2803 4181 in
2818 4126 2972 4182 oculo
2997 4127 3199 4199 fratris

1838 4210 1940 4276 tui,
1971 4215 2021 4264 et
2067 4209 2274 4265 trabem
2301 4212 2363 4264 in
2386 4211 2542 4265 oculo
2595 4217 2689 4265 tuo
2738 4228 2847 4265 non
2875 4209 3026 4264 vides
3053 4227 3071 4261 .·
3095 4208 3197 4268 uhi

1836 4289 2060 4348 sestucae
2087 4292 2325 4348 nomine
2353 4291 2603 4365 intelligi
2646 4296 2868 4362 peccata
2895 4290 3064 4356 levia,
3096 4306 3196 4347 seu

1837 4373 2111 4439 venialia,
2143 4378 2439 4445 exponunt
2466 4371 2851 4430 communiter
2905 4373 3198 4444 Interpre-

1837 4461 1939 4513 tes.
1973 4457 2043 4510 Et
2069 4454 2272 4514 Matth.
2307 4457 2391 4521 12,
2426 4454 2719 4518 asseritur,
2757 4452 3039 4510 rationem
3062 4454 3198 4511 red-

1836 4534 2085 4593 dendam
2100 4551 2222 4592 esse
2241 4537 2357 4591 Deo
2385 4533 2454 4590 de
2480 4549 2836 4607 quocumque
2857 4533 3031 4592 verbo
3058 4536 3198 4592 otio-

1836 4632 1899 4673 so
1918 4640 1932 4682 ς
1950 4614 2100 4689 quod
2122 4619 2317 4671 tamen
2341 4629 2459 4670 non
2479 4629 2602 4670 esse
2625 4618 2912 4686 peccatum
2928 4616 3192 4682 mortale,

1837 4697 1976 4754 satis
2000 4712 2072 4753 ex
2097 4712 2158 4753 se
2185 4695 2383 4766 liquet.
2420 4696 2489 4750 Et
2515 4694 2767 4760 tandem,
2797 4699 2859 4749 ut
2901 4697 3015 4752 alia
3035 4697 3200 4756 testi-

1839 4778 2038 4836 mon‘ra
2083 4777 2436 4842 omittamuS,
2501 4778 2564 4831 D.
2616 4777 2867 4831 -Joannes
2920 4775 2983 4832 in
3021 4794 3123 4834 sua
3170 4779 3190 4834 1

1731 4870 1735 4874 ’
1840 4859 2143 4925 canonica,
2171 4872 2288 4914 non
2309 4857 2485 4913 semel
2510 4857 2730 4923 asserit,
2758 4856 3052 4913 neminem
3076 4874 3198 4917 esse

1838 4941 1965 4997 sine
1994 4945 2217 5015 peccato
2249 4938 2444 5012 :qu‘us
2482 4938 2720 4995 nomine
2760 4953 2878 4994 non
2908 4937 3197 4997 intellexit

1839 5027 2127 5096 peccatum
2156 5020 2399 5076 mortale
2422 5042 2437 5086 ;
2467 5016 2804 5092 loquebatur
2839 5016 2999 5074 enim
3026 5023 3083 5075 et
3125 5018 3196 5077 de

3201 2728 3389 2821 walt:

3210 4147 3357 4190 Matth.
3384 4147 3407 4193 7

3236 4199 3280 4239 et
3300 4198 3363 4240 12.

3224 4805 3243 4845 1
3260 4803 3385 4848 Joan.
