3647 5753
437 454 575 510 «596
813 502 820 509 .
1138 454 1230 509 DE
1270 450 1878 509 DISPOSITIONIBUS
1917 449 2012 504 AD
2049 448 2715 507 JUSTIFICATIONEM.

468 624 650 681 menti
678 627 741 680 D.
775 626 981 682 Thom.
1013 631 1209 693 nostra
1228 624 1537 683 conclusio,
1563 623 1828 680 Tertium

464 706 862 762 testimonium
886 706 1088 764 eodem
1103 706 1272 765 modo
1292 704 1700 778 exponendum
1719 709 1822 770 est,

467 791 530 842 ut
549 787 610 862 ly
637 790 790 865 quia,
823 804 941 845 non
967 788 1199 846 denotet
1231 787 1540 852 rationem,
1566 787 1661 844 vel
1690 801 1830 843 cau-

467 885 613 937 sam,
655 870 755 927 sed
780 871 1033 945 signum,
1077 876 1134 929 et
1170 870 1467 938 effectum3
1500 886 1638 926 nam
1684 868 1829 925 dili-

464 970 600 1031 gere
639 956 886 1011 multum
931 954 1293 1030 significabat
1344 952 1638 1027 insignem
1689 968 1830 1028 gra-

466 1038 630 1104 tiam,
681 1053 806 1110 quae
843 1043 926 1096 tot
966 1043 1189 1111 peccata
1243 1036 1565 1094 remiserat.
1624 1036 1830 1091 Plures

466 1119 641 1176 etiam
684 1121 950 1177 Doctores
976 1119 1197 1187 docent,
1228 1132 1557 1175 sermonem
1584 1115 1667 1172 ibi
1709 1132 1830 1173 non

468 1197 596 1256 fieri
635 1199 705 1256 de
758 1200 949 1273 prima
995 1199 1337 1257 remissione
1384 1197 1593 1271 peccati
1642 1196 1830 1270 quoad

468 1283 714 1356 culpam,
735 1281 833 1339 sed
854 1282 924 1339 de
943 1283 1286 1340 remissione
1301 1280 1626 1355 perfectiori
1641 1278 1830 1355 quoad

469 1379 697 1436 poenam
739 1365 1134 1436 temporalem,
1164 1364 1325 1438 qu'us
1346 1360 1829 1420 condonationem

468 1442 800 1499 merebatur
825 1442 1124 1501 abundans
1143 1443 1249 1500 illa
1275 1441 1527 1499 dilectio.

283 1527 414 1587 Aliud
542 1525 633 1580 92.
677 1523 914 1598 Argitur
938 1522 1187 1582 secundo
1214 1521 1561 1580 authoritate
1585 1521 1831 1579 Concilii

254 1582 455 1672 ἒξὲζξὲἶ
470 1603 632 1660 Trid.
660 1604 811 1677 quod
840 1605 1019 1662 variis
1067 1605 1206 1662 locis
1249 1603 1481 1660 videtur
1527 1601 1661 1659 huic
1701 1601 1831 1675 opi-

256 1676 452 1722 ffldffl‘·
473 1684 638 1744 nioni
680 1687 906 1760 favere3
938 1702 1075 1742 nam
1100 1702 1230 1742 sess,
1258 1686 1314 1752 6,
1345 1703 1468 1758 cap.
1493 1685 1529 1738 5
1554 1690 1602 1739 et
1643 1686 1698 1752 6,
1724 1684 1832 1741 do-

473 1786 560 1826 cet
613 1776 787 1834 actas,
836 1766 1044 1840 quibus
1088 1766 1268 1823 adulti
1323 1766 1710 1840 disponuntur
1759 1765 1831 1822 ad

463 1851 485 1926 j
497 1853 770 1916 ustitiam,
797 1849 1134 1907 tribuendos
1153 1865 1275 1907 esse
1292 1851 1491 1926 gratiae
1531 1849 1826 1915 excitanti,

469 1940 528 1993 et
554 1934 922 2008 inspirationi
962 1933 1210 2006 Spiritus
1237 1934 1417 1991 sancti
1451 1954 1465 1990 :
1499 1931 1597 1989 sed
1626 1932 1833 2006 hujus-

471 2015 629 2074 modi
668 2017 854 2091 gratia
893 2014 1268 2088 distinguitur
1303 2032 1336 2072 a
1361 2014 1546 2090 gratia
1573 2012 1833 2070 sanctifi-

470 2102 652 2162 cante,
697 2095 767 2152 de
819 2110 929 2168 qua
978 2095 1096 2169 agit
1141 2096 1357 2153 Concil.
1410 2113 1531 2169 cap.
1582 2099 1660 2163 ⁷3
1698 2111 1832 2170 ergo

472 2169 646 2243 actus,
672 2177 878 2251 quibus
905 2178 1269 2252 disponimur
1293 2178 1363 2235 ad
1384 2178 1686 2254 justitiam,
1712 2193 1832 2234 non

470 2264 608 2315 sunt
632 2258 859 2315 effectus
883 2259 1082 2332 gratiae
1107 2257 1536 2323 sanctificantis,
1567 2256 1666 2314 sed
1697 2257 1834 2312 alte·

473 2338 597 2395 rius
621 2340 820 2413 gratiae
846 2339 1202 2396 auxiliantis.
1236 2340 1304 2393 Et
1328 2338 1477 2412 quod
1507 2336 1832 2396 Concilium

472 2418 556 2475 eis
584 2418 719 2475 locis
746 2423 873 2491 agat
899 2418 970 2475 de
995 2418 1213 2475 actibus
1236 2419 1443 2476 ultimo
1469 2415 1833 2490 disponenti-

473 2497 578 2554 bus
599 2496 668 2553 ad
690 2497 994 2570 justitiam,
1020 2504 1239 2556 constat
1264 2515 1335 2556 ex
1354 2515 1440 2564 eo,
1467 2498 1616 2572 quod
1636 2497 1833 2554 statim

470 2595 594 2650 cap.
625 2581 679 2643 7,
730 2578 888 2634 addit
920 2600 932 2635 :
968 2601 994 2633 «
1038 2581 1196 2636 Hanc
1230 2579 1686 2653 dispositionem,
1732 2594 1832 2635 seu

480 2680 506 2712 α
537 2659 1010 2732 praeparationem
1028 2659 1359 2732 justificatio
1382 2661 1504 2734 ipsa
1530 2660 1834 2733 consequi·-

478 2763 503 2794 «
536 2746 663 2808 tur;
692 2762 716 2791 2>
749 2741 1080 2814 justificatio
1117 2743 1277 2799 enim
1307 2759 1426 2801 non
1465 2744 1835 2816 consequitur

474 2820 809 2879 immediate
866 2819 1299 2896 dispositionem
1368 2828 1671 2890 remotam,
1734 2821 1834 2881 sed

471 2903 906 2977 dispositionem
930 2905 1278 2977 proximam,
1307 2910 1365 2962 et
1390 2905 1680 2961 ultimam.

278 3010 435 3053 conflr-
548 2982 937 3041 confirmatur
972 2984 1181 3057 primo,
1206 2986 1341 3058 quia
1366 3001 1527 3042 sacra
1571 2985 1836 3060 Synodus

278 3063 431 3160 ffifflg·
471 3067 652 3123 eodem
691 3085 812 3140 cap.
867 3071 903 3124 7
949 3067 1126 3134 docet,
1172 3069 1353 3125 Deum
1400 3068 1657 3126 tribuere
1697 3069 1837 3125 uni-

472 3148 674 3222 cuique
713 3147 998 3223 justitiam
1043 3148 1358 3205 secundum
1409 3150 1705 3224 propriam
1732 3166 1836 3206 cu-

467 3231 672 3305 jusque
717 3228 1173 3303 dispositionem,
1221 3235 1277 3287 et
1329 3231 1833 3304 cooperationem:

471 3329 608 3388 ergo
627 3313 822 3380 sentit,
852 3311 1002 3386 quod
1029 3313 1236 3370 ultima
1264 3313 1563 3388 dispositio
1601 3312 1674 3370 ad
1697 3330 1837 3388 gra-

472 3392 762 3450 tiam‘non
807 3391 1059 3466 procedit
1082 3393 1339 3451 effective
1368 3394 1439 3451 ab
1466 3394 1591 3457 illa,
1624 3392 1721 3450 sed
1764 3392 1836 3448 ab

471 3473 585 3531 alio
630 3475 869 3531 auxilio.
915 3473 1201 3532 Probatur
1226 3475 1665 3549 consequentia;
1697 3489 1834 3530 nam

468 3572 541 3615 ex
586 3573 702 3613 una
730 3562 890 3629 parte
937 3558 1083 3614 Deus
1130 3574 1248 3615 non
1276 3558 1535 3614 infundit
1584 3557 1835 3631 gratiam

471 3653 573 3711 per
615 3637 1235 3696 commensurationem
1277 3638 1348 3695 ad
1399 3638 1835 3709 dispositionem

473 3725 754 3778 remotam
778 3739 791 3774 ε
823 3721 1102 3796 contingit
1135 3722 1315 3789 enim,
1341 3719 1493 3794 quod
1514 3719 1627 3777 duo
1654 3720 1834 3793 aliqui

471 3799 722 3858 habeant
766 3802 1108 3874 inaequalem
1149 3800 1584 3874 dispositionem
1642 3815 1837 3857 remo-

471 3888 610 3949 tam,
641 3888 697 3939 et
727 3888 920 3939 tamen
956 3883 1238 3955 recipiant
1264 3882 1543 3955 aequalem
1583 3881 1835 3956 gratiam

468 3962 543 4020 ob
582 3964 966 4035 aequalitatem
1014 3964 1077 4019 in
1123 3962 1497 4036 dispositione
1544 3962 1830 4036 proxima.

474 4047 543 4100 Et
567 4061 638 4102 ex
666 4045 780 4121 alja
809 4050 986 4118 parte,
1011 4045 1061 4100 si
1088 4043 1387 4117 dispositio
1415 4045 1623 4101 ultima
1647 4058 1838 4116 proce-

450 4128 633 4185 -deret
659 4127 915 4184 effective
942 4143 975 4182 a
1017 4126 1222 4200 gratia,
1257 4141 1374 4183 non
1403 4132 1588 4200 posset
1633 4123 1836 4182 verifi-

471 4213 611 4280 cari,
662 4209 812 4285 quod
840 4212 987 4266 Deus
1026 4208 1358 4267 infunderet
1400 4209 1650 4283 gratiam
1670 4208 1838 4280 juxta

473 4308 809 4350 mensuram
837 4290 1249 4364 dispositionis,
1280 4287 1379 4346 sed
1407 4288 1594 4361 potius
1635 4286 1836 4345 verifi-

472 4380 734 4440 caretur,
803 4371 954 4446 quod
1017 4370 1315 4445 dispositio
1391 4375 1837 4442 consequeretur

470 4473 633 4514 suam
664 4454 1123 4530 magnitudinem
1145 4454 1308 4526 juxta
1337 4468 1672 4509 mensuram
1699 4469 1839 4527 gra-

473 4540 569 4597 tiae
595 4537 1021 4604 sanctificantis,
1067 4553 1100 4594 a
1125 4553 1236 4609 qua
1264 4534 1611 4610 procederet.
1637 4536 1706 4590 Et
1734 4552 1839 4592 ur-

470 4626 635 4699 getur
664 4620 1062 4696 praecludendo
1087 4621 1319 4677 tacitam
1356 4618 1791 4694 responsionem
1819 4644 1834 4688 ς

474 4720 611 4763 nam
640 4705 786 4760 Deus
831 4718 948 4761 non
994 4701 1198 4759 tribuit
1238 4700 1404 4759 nobis
1429 4698 1669 4773 aliquid,
1699 4702 1839 4773 quia

472 4786 613 4843 tales
638 4801 856 4849 sumus,
888 4788 945 4840 et
981 4783 1157 4839 simul
1188 4787 1249 4838 ut
1282 4783 1425 4841 tales
1449 4797 1650 4837 sumus
1681 4802 1695 4837 z
1725 4795 1840 4853 qua

276 4891 442 4936 conen.
473 4868 545 4926 de
564 4883 729 4925 causa
758 4864 972 4923 Concil.
1017 4864 1275 4921 Arausio.
1308 4866 1376 4931 11,
1409 4880 1533 4920 can.
1564 4863 1657 4928 25,
1689 4867 1745 4918 et
1768 4864 1832 4918 D.

258 4941 454 4986 ”⁸¹¹³oe-
475 4954 709 5024 August.
744 4948 840 5005 lib.
871 4950 916 5015 l,
942 4948 1005 5003 cle
1020 4947 1264 5021 praedest.
1302 4944 1412 5004 SS.
1444 4934 1571 5018 caps
1592 4947 1685 5011 27,
1716 4944 1840 5001 col-

262 4991 664 5105 3;‡ffssi.1igunt
690 5032 870 5086 Deum
905 5043 1023 5085 non
1043 5026 1281 5102 elegisse
1303 5042 1426 5094 nos,
1450 5025 1586 5099 quia
1605 5040 1840 5083 eramus

473 5113 652 5170 sancti
671 5135 685 5178 ;
746 5110 1021 5185 quoniam
1081 5110 1255 5184 elegit
1302 5124 1423 5175 nos,
1477 5113 1538 5164 ut
1582 5122 1839 5165 essemus

1961 622 2163 686 sancti,
2190 626 2252 676 ut
2273 622 2526 694 loquitur
2543 624 2793 695 Apostol.
2826 623 2901 678 ad
2924 622 3126 696 Ephes.
3160 625 3206 687 l,
3231 621 3334 680 sed

1961 705 2147 778 gratia
2171 703 2530 762 sanctificans
2556 704 2727 762 datur
2762 705 2947 772 nobis,
2972 706 3110 779 quia
3136 704 3336 779 dispo-

1963 786 2165 843 nimur
2193 787 2263 844 ad
2284 804 2411 844 eam
2437 787 2848 861 recipiendam,
2880 794 2937 846 et
2956 789 3123 862 Juxta
3161 804 3336 846 men-

1961 883 2159 924 suram
2199 867 2607 943 dispositionis,
2640 873 2701 924 ut
2746 868 2936 942 inquit
2963 870 3289 928 Concilium
3318 891 3333 926 z

1961 963 2099 1023 ergo
2126 965 2244 1007 non
2283 950 2454 1007 datur
2500 949 2666 1008 nobis
2707 956 2770 1007 ut
2815 950 3228 1023 disponamur;
3278 956 3338 1009 et

1962 1036 2375 1104 consequenter
2401 1030 2701 1103 dispositio
2726 1032 2936 1090 ultima
2983 1048 3103 1091 non
3130 1047 3337 1106 proce-

1964 1109 2048 1166 dit
2073 1112 2330 1170 effective
2356 1128 2388 1168 a
2407 1111 2592 1188 gratia
2618 1112 3029 1171 sanctificante.

2040 1193 2429 1252 confirmatur
2454 1195 2721 1264 secundo,
2750 1196 2888 1270 quia
2912 1195 3100 1271 gratia
3123 1196 3334 1253 sancti·
3347 1203 3546 1248 sam.

1963 1271 2142 1331 ficans
2160 1281 2244 1333 est
2282 1274 2418 1332 finis
2443 1282 2673 1333 actuum
2696 1277 3083 1343 contritionis,
3114 1281 3171 1333 et
3190 1277 3336 1334 cha-

1966 1354 2174 1423 ritatis,
2199 1355 2406 1429 quibus
2441 1357 2649 1414 ultimo
2676 1356 3044 1430 disponimur
3066 1355 3136 1412 ad
3158 1356 3339 1431 J'usti-

1964 1436 2128 1504 tiam,
2162 1443 2225 1493 ut
2250 1437 2544 1512 colligitur
2568 1453 2638 1495 ex
2666 1437 2923 1495 Concilio
2949 1439 3062 1495 loco
3082 1441 3177 1495 cit.
3205 1457 3334 1496 can.

1964 1517 2022 1585 3,
2052 1523 2103 1571 et
2127 1518 2162 1572 4
2191 1541 2204 1585 ;
2236 1516 2335 1575 sed
2361 1516 2499 1574 finis
2517 1522 2603 1576 est
2631 1516 2913 1591 posterior
2951 1517 3159 1576 ordine
3197 1534 3340 1577 exe-

1964 1598 2279 1672 quutionis,
2311 1602 2453 1659 etin
2473 1616 2684 1675 genere
2710 1617 2892 1658 causas
2917 1601 3231 1668 efficientis,
3265 1602 3339 1658 iis

1964 1696 2092 1753 quaa
2119 1686 2254 1737 sunt
2302 1682 2372 1738 ad
2400 1681 2577 1740 finem
2611 1703 2624 1738 ε
2653 1699 2789 1756 ergo
2835 1688 2990 1738 actus
3034 1684 3338 1741 contritio-

1966 1761 2081 1829 nis»,
2106 1766 2163 1818 et
2183 1762 2480 1819 charitatis
2506 1764 2718 1821 ultimo
2745 1762 2816 1819 ad
2837 1763 3126 1837 justitiam
3153 1762 3343 1838 dispo·

1967 1849 2170 1901 nentes
2218 1851 2354 1901 sunt
2401 1847 2623 1919 priores
2670 1846 2874 1905 ordine
2915 1848 3336 1921 exequutionis,

1965 1930 2022 1982 et
2062 1925 2125 1981 in
2152 1942 2363 1998 genere
2392 1943 2574 1984 causae
2598 1928 2910 1997 efficientis,
2943 1946 3114 2002 quam
3152 1931 3341 2004 gratia

1965 2008 2328 2065 sanctificans
2362 2030 2376 2065 t
2417 2027 2553 2085 ergo
2582 2026 2700 2067 non
2741 2012 3055 2083 procedunt
3080 2011 3339 2070 effective

1967 2106 2000 2146 a
2029 2091 2299 2163 praedicta
2323 2094 2530 2166 gratia.
2560 2095 2720 2150 Patet
2742 2093 2858 2151 haec
2877 2095 3122 2153 secunda
3142 2109 3341 2153 conse·

1965 2171 2237 2246 quentia;
2290 2189 2423 2229 nam
2469 2173 2595 2231 fieri
2645 2190 2761 2232 non
2801 2177 2970 2240 valet.
3003 2176 3150 2249 quod
3180 2176 3336 2234 idem

1967 2254 2042 2310 sit
2070 2254 2252 2327 priua,
2278 2261 2333 2313 et
2362 2257 2643 2330 posterius
2670 2257 2785 2315 alio
2806 2257 2871 2315 in
2897 2258 3096 2317 eodem
3124 2275 3342 2334 genere

1967 2351 2169 2393 causae.

2043 2410 2435 2469 confirmatur
2462 2414 2650 2480 tertio,
2676 2415 2812 2487 quia
2851 2421 3006 2472 actus
3033 2417 3342 2474 contritio·
3374 2433 3520 2477 'renio

1969 2492 2062 2549 nis
2091 2494 2363 2567 impetrat
2401 2497 2634 2553 veniam
2665 2503 3044 2571 peccatorum,
3079 2505 3140 2555 ut
3178 2498 3343 2556 docet

1969 2574 2185 2632 Concil.
2227 2594 2354 2634 sess,
2391 2579 2473 2644 14,
2506 2596 2625 2651 cap.
2657 2580 2693 2633 4
2729 2603 2743 2646 ;
2773 2595 2910 2654 ergo
2939 2596 3055 2637 non
3087 2579 3343 2654 procedit

1970 2673 2003 2713 a
2039 2658 2227 2731 gratia
2254 2658 2660 2727 sanctificante,
2695 2666 2966 2733 tanquam
2991 2680 3022 2720 a
3053 2662 3343 2735 principio

1969 2738 2247 2799 effectivo.
2279 2741 2561 2799 Probatur
2587 2745 2988 2816 consequentia
3024 2765 3038 2800 ε
3062 2751 3183 2801 tum
3205 2743 3343 2819 quia

1968 2819 2019 2875 si
2048 2819 2118 2876 ab
2144 2837 2210 2880 ea
2247 2822 2325 2881 ita
2365 2823 2712 2896 procederet,
2742 2831 3091 2899 supponeret
3129 2826 3344 2884 romis-

1969 2901 2194 2958 sionem
2242 2909 2618 2977 peccatorum,
2663 2923 2788 2980 quaa
2827 2912 2911 2962 est
2957 2906 3187 2964 effectus
3214 2909 3343 2965 for-

1968 2984 2142 3039 malis
2168 2984 2388 3058 gratim:
2418 2991 2475 3042 et
2513 2985 2595 3042 ita
2634 3001 2751 3043 non
2782 2992 2966 3061 posset
2991 3004 3119 3045 eam
3153 2990 3342 3063 impe-

1970 3069 2145 3121 trare.
2166 3067 2311 3121 Tum
2341 3066 2536 3132 etiam,
2556 3067 2692 3139 quia
2735 3069 3067 3142 impetratio
3090 3086 3151 3127 se
3170 3069 3341 3128 habet

1970 3144 2040 3202 ad
2071 3161 2192 3202 rem
2222 3146 2610 3219 impetratam,
2637 3149 2783 3205 sicut
2804 3150 3079 3207 meritum
3102 3150 3169 3208 ad
3201 3167 3341 3226 prae-

1968 3227 2156 3283 mium
2192 3249 2205 3283 ι
2234 3227 2331 3284 se‘d
2360 3235 2534 3296 actus,
2566 3230 2664 3303 qui
2694 3230 3008 3302 procedunt
3055 3249 3087 3290 a
3125 3234 3333 3307 gratia,

1970 3314 2264 3383 nequeunt
2305 3310 2397 3367 vel
2437 3310 2507 3368 de
2546 3310 2975 3385 condigno,vel
2997 3314 3069 3371 de
3089 3330 3339 3389 congruo

1970 3393 2188 3449 mereri
2218 3391 2621 3449 remissionem
2647 3398 3024 3465 peccatorum,
3052 3400 3115 3450 ut
3138 3394 3340 3451 docent

1970 3474 2359 3534 communiter
2399 3475 2711 3532 Thomistae
2748 3496 2761 3532 :
2804 3492 2941 3550 ergo
2975 3478 3024 3533 si
3064 3484 3218 3535 actus
3242 3480 3336 3534 ul·-

1969 3557 2115 3614 timo
2142 3556 2510 3630 disponentes
2537 3554 2604 3612 ad
2644 3554 3109 3631 J‘ustificationem
3151 3574 3340 3631 proce·

1971 3638 2174 3696 derent
2239 3656 2271 3695 a
2324 3637 2511 3712 gratia
2550 3637 2941 3696 sanctificante
2994 3647 3260 3713 tanquam
3303 3657 3335 3697 a

1971 3719 2260 3792 principio
2300 3716 2578 3786 effectivo,
2611 3735 2728 3777 non
2771 3727 2999 3792 possent
3025 3721 3334 3793 impetrare

1970 3799 2206 3857 veniam
2237 3802 2614 3871 peccatorum.

2046 3883 2138 3938 93.
2187 3882 2314 3936 Haec
2352 3879 2705 3945 testimonia,
2737 3899 2861 3955 qum
2886 3882 3061 3939 simul
3103 3883 3337 3940 collecta
3368 3898 3551 3943 runda-

1971 3964 2281 4036 aliqualem
2329 3960 2722 4019 difficultatem
2777 3964 3050 4021 videntur
3102 3953 3549 4041 habere.31⁰,3,³?„'¹;²

1968 4046 2210 4102 seorsim
2265 4045 2517 4117 inspecta
2545 4045 2823 4102 facillime
2862 4047 3240 4120 explicantur.
3268 4049 3341 4104 Et

1968 4127 2201 4201 quidem
2223 4126 2361 4183 satis
2381 4126 2717 4184 verosimile
2736 4133 2838 4189 est.
2867 4128 2928 4183 in
2953 4128 3115 4185 nullo
3135 4144 3340 4187 eorum

1970 4212 2221 4282 (excepto
2251 4208 2553 4282 posteriori
2602 4210 2723 4266 loco
2766 4207 3068 4283 desumpto
3111 4227 3182 4268 ex
3217 4227 3344 4269 ses-

1970 4291 2132 4347 sione
2192 4291 2254 4345 14
2281 4293 2300 4359 )
2358 4305 2686 4346 sermonem
2739 4288 2940 4346 haberi
2993 4289 3064 4348 de
3121 4291 3342 4350 actibus

1972 4371 2179 4427 ultimo
2241 4369 2678 4443 disponentibus
2742 4369 2813 4427 ad
2866 4371 3340 4444 Justificationem

1971 4458 2134 4511 extra
2171 4458 2616 4518 sacramentum,
2647 4451 2745 4509 sed
2772 4455 2960 4512 solum
2987 4454 3057 4512 de
3084 4455 3339 4529 disposi—

1972 4535 2226 4593 tionibus
2246 4551 2317 4592 ex
2345 4541 2553 4592 natura
2571 4551 2676 4591 sua
2700 4537 2950 4601 remotis,
2978 4544 3032 4595 et
3060 4538 3344 4597 sufficien-

1972 4619 2124 4692 tibus
2147 4634 2277 4675 cum
2308 4622 2668 4675 sacramento
2695 4618 2992 4691 Baptismi,
3027 4622 3121 4678 vel
3152 4622 3344 4679 Poeni·

1974 4702 2183 4768 tentiae,
2227 4716 2299 4757 ex
2346 4701 2707 4759 institutione
2745 4700 2963 4759 divina.
3007 4704 3341 4779 Cujusmodi

1972 4789 2107 4839 sunt
2146 4788 2301 4840 actus
2345 4783 2498 4851 fidei,
2528 4783 2670 4856 spei,
2704 4784 2951 4851 timoris,
2998 4786 3337 4854 attritioniS,

1973 4872 2028 4924 et
2055 4866 2270 4923 amoris
2297 4866 2618 4939 imperfecti
2652 4866 2761 4925 :de
2782 4866 2989 4941 quibus
3024 4870 3344 4942 loquuntur

1974 4966 2176 5007 omnes
2221 4949 2595 5006 authoritates
2633 4947 2946 5023 desumpta!
2970 4967 3040 5008 ex
3086 4953 3344 5011 sessione
3383 4959 3514 5010 vasaq.

1972 5033 2028 5096 6,
2060 5034 2122 5086 ut
2149 5034 2274 5103 post
2311 5030 2458 5087 alios
2483 5030 2869 5087 observarunt
2895 5033 3169 5103 vasquez,
3209 5009 3438 5101 Sta-{¹81
3484 5066 3560 5101 m.

1976 5110 2280 5184 pletonius,
2324 5110 2739 5178 Bellarminus,
2772 5117 2830 5170 et
2853 5111 3111 5169 Andreas
3134 5117 3337 5190 VegaS‚
3384 5107 3519 5159 ‘'⁰1³²-

3241 5192 3344 5266 qni
