3647 5753
509 493 621 550 590
1177 499 1272 554 DE
1311 497 1920 553 DISPOSITIONIBUS
1959 498 2056 551 AD
2093 498 2762 557 JUSTIFICATIONEM.

511 671 768 722 nostram
796 669 1190 727 assertionem.
1221 671 1370 726 Tum
1422 669 1687 744 denique,
1733 669 1873 743 quia

508 763 628 804 non
653 749 840 806 solum
885 752 1176 818 contritio,
1210 769 1266 810 v.
1291 770 1344 828 g.
1389 753 1489 811 sed
1534 753 1710 809 etiam
1766 752 1870 808 alii

509 833 663 884 actus
682 834 1152 902 supernaturales
1166 834 1230 889 in
1254 834 1495 892 instanti
1513 831 1871 908 justificatio·

508 910 602 967 nis
627 921 1032 972 concurrentes
1057 920 1193 971 sunt
1215 917 1507 974 meritorii
1548 916 1681 973 vitae
1701 919 1870 971 aeter-

510 1007 600 1049 nae
624 1017 636 1059 ;
667 992 764 1050 sed
791 1002 1080 1068 nequeunt
1106 997 1396 1054 meritorii
1423 1014 1564 1063 esse,
1592 996 1708 1052 nisi
1732 1011 1872 1068 pro-

511 1076 749 1132 veniant
774 1092 847 1134 ex
885 1078 1109 1135 influxu
1140 1079 1373 1153 proprio
1410 1081 1639 1137 habitus
1674 1077 1871 1136 chari-

511 1159 643 1216 tatis
663 1163 797 1218 tunc
807 1161 1105 1219 existentis
1121 1182 1134 1218 :
1150 1178 1285 1237 ergo
1301 1162 1454 1220 idem
1466 1161 1870 1220 estdicendum

509 1238 578 1297 de
600 1246 723 1297 actu
751 1242 1135 1309 contritioniS,
1163 1248 1331 1317 atque
1378 1243 1506 1301 ideo
1534 1247 1751 1300 frustra
1774 1258 1870 1299 re-

506 1322 763 1377 curritur
803 1321 875 1378 ad
922 1322 1230 1390 auxilium,
1262 1324 1412 1397 quod
1459 1325 1761 1382 moraliter
1812 1327 1870 1379 et

505 1400 835 1458 virtualiter
862 1402 935 1458 sit
956 1402 1226 1460 charitas
1249 1404 1507 1462 Secunda
1525 1418 1874 1477 consequen-

501 1484 581 1540 tia
604 1490 754 1557 patet
798 1501 870 1542 ex
916 1485 1125 1558 prima,
1151 1490 1207 1543 et
1253 1487 1368 1543 haec
1394 1492 1612 1545 constat
1641 1503 1674 1543 a
1709 1486 1873 1559 pari-

500 1571 629 1624 tate.
646 1568 830 1643 Major
851 1584 989 1625 vero
1016 1567 1248 1626 videtur
1267 1574 1437 1638 certa,
1461 1575 1516 1626 et
1540 1567 1872 1627 conceditur

498 1645 568 1702 ab
592 1646 979 1704 AdversariiS.
1004 1650 1200 1706 Minor
1226 1665 1366 1707 vero
1393 1650 1668 1706 suadetur
1692 1665 1872 1722 3quo-

501 1726 682 1797 niam,
715 1734 776 1785 ut
803 1730 992 1802 inquit
1014 1734 1077 1788 D.
1100 1732 1306 1789 Thom.
1334 1737 1531 1806 quaest.
1556 1747 1672 1804 seq.
1708 1738 1815 1789 art.
1836 1732 1872 1787 4

501 1809 573 1866 ad
612 1812 647 1865 3
681 1833 694 1868 :
728 1833 753 1865 «
802 1812 962 1871 Fidei
1012 1818 1169 1870 actus
1212 1831 1331 1872 non
1369 1820 1454 1872 est
1509 1814 1864 1883 meritorius,

506 1914 531 1945 α
574 1893 687 1949 nisi
728 1892 868 1952 fides
915 1911 1015 1969 per
1066 1895 1437 1955 dilectionem
1487 1902 1776 1970 operetur,
1810 1900 1874 1951 ut

503 1993 529 2026 «
570 1971 779 2031 dicitur
801 1975 871 2033 ad
893 1977 1074 2034 Galat.
1105 1979 1159 2034 5.
1207 1978 1495 2035 Similiter
1517 1979 1693 2036 etiam
1717 1982 1875 2034 actus

504 2076 529 2106 α
572 2057 940 2128 poenitentiae,
964 2062 1020 2116 et
1045 2057 1411 2117 fortitudinis
1440 2077 1557 2118 non
1580 2064 1664 2117 est
1687 2059 1873 2116 meri-

501 2157 525 2186 «
571 2137 768 2207 torius,
801 2139 916 2196 nisi
946 2139 1156 2212 aliquis
1182 2156 1252 2196 ex
1274 2141 1555 2198 charitate
1595 2140 1713 2197 haec
1733 2156 1872 2213 ope-

506 2242 531 2272 «
577 2227 756 2288 retur,
783 2223 1095 2280 secundum
1119 2221 1267 2279 illud
1299 2225 1315 2278 l
1352 2223 1422 2279 ad
1467 2221 1728 2280 Corinth.
1765 2225 1870 2280 13:

506 2323 531 2354 «
577 2301 637 2356 Si
658 2302 949 2361 tradidero
968 2317 1172 2375 corpus
1195 2319 1411 2369 meum,
1430 2303 1513 2359 ita
1533 2307 1596 2358 ut
1612 2303 1868 2370 ardeam,

515 2404 542 2435 «
582 2382 919 2441 charitatem
966 2389 1157 2441 autem
1200 2400 1318 2441 non
1371 2383 1665 2452 habuero,
1718 2386 1873 2442 nihil

514 2487 538 2517 «
588 2465 834 2537 prodest.
883 2485 908 2516 »
964 2463 1023 2519 Si
1052 2470 1243 2522 autem
1271 2466 1527 2538 praedicti
1569 2472 1726 2523 actus
1752 2482 1873 2523 non

509 2545 853 2622 proveniant
872 2562 944 2603 ex
970 2546 1194 2604 influxu
1220 2549 1456 2622 proprio
1483 2547 1714 2605 habitus
1735 2549 1873 2605 cha-

508 2629 712 2696 ritatiS,
740 2645 857 2686 non
898 2633 1079 2702 potest
1111 2628 1421 2699 verificari,
1479 2630 1630 2704 quod
1668 2647 1872 2688 eorum

506 2710 809 2787 principia,
866 2725 1075 2783 nempe
1118 2710 1278 2781 fides,
1328 2719 1385 2771 et
1430 2714 1559 2771 aliae
1605 2716 1870 2785 virtutes,

502 2799 814 2867 operentur
840 2808 941 2864 per
984 2793 1352 2851 dilectionem
1384 2820 1398 2863 ;
1438 2796 1726 2870 siquidem
1775 2800 1874 2857 in-

505 2875 693 2933 fluunt
714 2880 845 2932 ante
858 2875 1124 2949 gratiam,
1151 2883 1208 2934 et
1228 2879 1590 2947 charitatem,
1623 2886 1680 2937 et
1703 2881 1873 2938 inde-

504 2956 819 3032 pendenter
833 2956 903 3012 ab
930 2956 1139 3025 illis,ut
1153 2959 1486 3017 Adversarii
1512 2960 1868 3030 discurrunt;

502 3044 559 3094 et
594 3037 800 3113 gratia,
844 3041 900 3093 et
938 3037 1188 3096 charitas
1234 3041 1708 3112 supervenientes
1753 3058 1872 3099 non

502 3124 855 3178 concurrunt
882 3120 1083 3187 active,
1110 3136 1215 3178 nec
1260 3122 1444 3179 active
1488 3127 1740 3191 movent,
1771 3123 1872 3181 sed

502 3218 563 3261 se
583 3201 798 3259 habent
823 3203 1294 3260 concomitanter.

576 3284 669 3340 85.
712 3285 827 3339 Nec
855 3281 1047 3348 refert,
1072 3282 1120 3338 si
1171 3283 1236 3338 in
1277 3282 1535 3341 savorem
1575 3285 1874 3358 utriusque

505 3363 895 3435 responsionis
922 3361 1155 3436 objicias
1193 3364 1376 3435 primo
1403 3382 1421 3417 :
1472 3365 1748 3436 quoniam
1776 3383 1874 3422 ac-

509 3449 598 3499 tus
634 3441 768 3499 fidei
823 3444 1092 3517 regulans
1138 3449 1326 3500 actum
1355 3445 1747 3514 contritioniS,
1779 3447 1873 3504 vel

508 3525 724 3581 amoris
751 3523 1151 3597 disponentem
1175 3523 1244 3580 ad
1263 3522 1732 3597 justificationem
1755 3527 1873 3584 im-

506 3606 609 3679 pii,
643 3622 761 3664 non
790 3604 1041 3679 procedit
1081 3605 1338 3663 effective
1362 3607 1679 3665 secundum
1707 3628 1872 3667 suam

504 3689 888 3762 substantiam
912 3704 944 3745 a
962 3688 1168 3763 gratia,
1202 3690 1294 3746 vel
1324 3689 1600 3748 charitate
1611 3716 1626 3760 ;
1650 3692 1749 3749 sed
1775 3710 1873 3751 so-

506 3774 630 3829 lum
667 3770 852 3839 afide,
885 3788 1008 3844 quaa
1051 3775 1230 3844 potest
1276 3778 1409 3830 ante
1456 3774 1603 3830 illud
1648 3776 1873 3833 instans

506 3852 870 3926 praeexistere
903 3876 916 3909 ε
940 3856 995 3908 et
1016 3857 1211 3908 tamen
1229 3853 1531 3925 praedictus
1560 3861 1714 3912 actus
1736 3856 1871 3914 fidei

504 3941 588 3993 est
612 3933 964 3998 meritoriuS,
999 3937 1058 3987 ut
1103 3949 1288 4005 nuper
1333 3933 1666 3993 dicebamus
1699 3954 1873 4013 :ergo

504 4020 566 4073 ut
612 4022 765 4073 actus
792 4019 1194 4072 concurrentes
1220 4016 1563 4073 in’instanti
1599 4018 1873 4093 justifica-

507 4098 685 4155 tionis
710 4098 828 4152 sint
853 4095 1162 4163 meritorii,
1195 4098 1288 4153 vel
1315 4097 1520 4154 sufficit
1541 4099 1690 4171 quod
1729 4116 1872 4158 con-

502 4179 818 4254 jungantur
846 4192 974 4233 cum
996 4177 1202 4252 gratia,
1230 4181 1293 4232 ut
1314 4177 1378 4233 in
1406 4177 1599 4250 prima
1628 4196 1871 4254 respon-

502 4259 665 4317 sione
706 4258 949 4325 dicitur;
980 4257 1072 4313 vel
1122 4258 1326 4315 saltem
1369 4273 1486 4314 non
1529 4261 1865 4333 requiritur,

503 4339 655 4413 quod
675 4337 990 4397 secundum
1024 4354 1190 4395 suam
1235 4336 1621 4396 substantiam
1670 4359 1871 4415 proce-

503 4420 643 4478 dant
666 4436 699 4477 a
718 4418 923 4495 gratia,
947 4418 1047 4478 sed
1065 4418 1286 4487 sufficit,
1301 4419 1452 4493 quod
1475 4420 1545 4477 ab
1562 4437 1630 4479 ea
1651 4422 1872 4496 depen-

502 4500 1005 4558 deantsecundum
1028 4501 1280 4575 aliquem
1304 4499 1540 4573 modum
1565 4504 1867 4577 perfectio-

502 4580 596 4638 nis
624 4580 736 4638 sibi
783 4580 1235 4656 superadditum,
1262 4587 1322 4639 ut
1367 4585 1572 4642 asserit
1620 4586 1870 4645 secunda

504 4677 598 4719 res
639 4677 824 4720 ons10.

649 4737 824 4793 cundo
846 4755 864 4791 .·
887 4752 1021 4793 nam
1067 4735 1118 4793 si
1147 4735 1374 4795 adultus
1414 4755 1545 4796 cum
1573 4740 1871 4799 attritione

501 4818 727 4877 accedat
771 4819 843 4876 ad
886 4824 1311 4878 sacramentum
1358 4822 1732 4895 poenitentiae,
1764 4825 1870 4881 illa

502 4901 724 4958 attritio
767 4900 1052 4957 formatur
1079 4943 1093 4968 ‚
1143 4907 1201 4959 et
1251 4901 1316 4959 fit
1380 4904 1686 4963 meritoria
1731 4905 1869 4963 vitae

502 4987 768 5047 aeternae;
808 4985 1081 5039 ettamen
1125 4997 1194 5039 ea
1240 4983 1511 5042 contritio
1549 4986 1867 5044 secundum

501 5062 886 5120 substantiam
913 5069 1135 5138 accepta
1162 5079 1281 5133 non
1321 5066 1575 5138 procedit
1600 5085 1634 5125 a
1657 5069 1864 5144 gratia,

504 5141 789 5213 siquidem
826 5142 1000 5201 habet
1041 5159 1164 5201 esse
1207 5152 1339 5203 ante
1380 5147 1621 5216 instans,
1665 5150 1730 5205 in
1755 5165 1868 5223 quo

320 3289 459 3333 Prima

287 3340 487 3388 obiectio.

295 4730 488 4777 secunda

286 4780 485 4834 objectio.

2001 668 2187 743 gratia
2213 669 2543 728 infunditur
2578 693 2591 728 ε
2631 687 2767 746 ergo
2797 676 2856 727 ut
2883 670 3139 745 operatio
3180 669 3378 742 aliqua

2002 750 2078 806 sit
2105 752 2406 809 meritoria
2433 754 2565 811 vitae
2590 759 2837 821 aeternae,
2864 769 2983 810 non
3028 750 3371 824 requiritur,

2003 830 2153 903 quod
2180 832 2493 890 secundum
2516 833 2899 891 substantiam
2919 839 3142 906 accepta
3157 832 3375 905 depen-

2003 908 2134 967 deat
2162 929 2194 969 a
2214 913 2400 986 gratia
2421 913 2829 983 sanctificante,
2848 921 3125 987 tanquam
3149 928 3182 969 a
3204 912 3376 986 prin-

2003 990 2155 1064 cipio
2180 992 2459 1051 effectivO.
2485 995 2687 1068 Major,
2723 996 2787 1051 in
2813 1011 2925 1069 qua
2945 1000 3029 1050 est
3044 993 3369 1060 difficultas,

2004 1073 2324 1130 ostenditur
2343 1099 2358 1143 ;
2386 1077 2521 1149 quia
2549 1091 2721 1149 opera
2766 1075 2915 1135 bona
2949 1075 3210 1132 hominis
3232 1075 3372 1148 justi

2003 1162 2138 1212 sunt
2159 1158 2460 1216 meritoria
2500 1159 2638 1215 vitae
2666 1165 2913 1226 aeternae,
2947 1163 3010 1214 ut
3036 1157 3195 1214 docet
3222 1159 3374 1215 Con-
3407 1167 3564 1224 concii.

2004 1238 2098 1295 cn.
2125 1239 2284 1295 Tria.
2317 1255 2445 1297 sess.
2476 1242 2531 1308 6,
2557 1259 2680 1298 can.
2712 1243 2785 1297 32
2802 1264 2817 1308 ;
2842 1241 3061 1297 attritio
3089 1244 3281 1296 autem
3310 1239 3375 1296 in
3389 1217 3572 1261 ’ΝΜ

2004 1319 2269 1388 instanti,
2308 1321 2372 1378 in
2418 1338 2532 1395 quo
2575 1322 2793 1396 impius
2835 1321 3179 1398 J'ustificatur
3217 1321 3377 1378 intra

2003 1408 2432 1459 sacramentum
2460 1445 2474 1469 ,
2525 1406 2609 1464 est
2666 1419 2808 1477 opus
2861 1403 3078 1461 bonum
3120 1401 3377 1459 hominis

1998 1483 2161 1558 justi,
2190 1491 2250 1541 ut
2276 1502 2348 1542 ex
2372 1501 2433 1543 se
2473 1486 2686 1559 liquet;
2734 1502 2876 1562 ergo
2925 1493 3010 1544 est
3051 1483 3370 1542 meritoria.

2009 1567 2340 1624 Praesertim
2386 1568 2522 1641 quia
2574 1569 2776 1624 nullus
2821 1573 2904 1625 est
2958 1568 3190 1625 adultus
3220 1607 3233 1631 ,
3277 1564 3375 1637 qui

2005 1655 2380 1722 consequatur
2425 1650 2674 1725 gloriam
2719 1652 2951 1724 praecise
2997 1666 3097 1723 per
3139 1646 3374 1704 modum

2005 1730 2373 1800 haereditatis,
2408 1729 2503 1787 sed
2525 1747 2653 1789 eam
2687 1732 2861 1788 etiam
2891 1730 3257 1803 consequitur
3273 1743 3375 1802 per

2006 1811 2244 1869 modum
2284 1827 2527 1878 coronae,
2561 1817 2622 1867 ut
2666 1813 3055 1869 communiter
3098 1810 3376 1884 colligunt

2006 1893 2279 1968 Theologi
2305 1909 2376 1951 ex
2407 1894 2672 1951 Trident.
2706 1895 2827 1951 loco
2869 1895 3131 1968 proxime
3168 1892 3370 1959 citat03

2005 1980 2174 2047 atque
2197 1976 2324 2032 ideo
2346 1975 2540 2032 omnis
2570 1974 2817 2043 adultus,
2843 1976 2941 2048 qui
2969 1976 3245 2040 salvatur,
3271 1971 3374 2030 de-

2007 2055 2100 2112 bet
2121 2054 2332 2112 habere
2360 2054 2612 2129 aliquem
2639 2061 2824 2113 actum
2844 2056 3246 2113 meritorium:
3278 2052 3377 2110 sed

2007 2136 2135 2194 fieri
2164 2140 2346 2210 potest
2369 2137 2431 2192 in
2453 2154 2583 2194 casu
2609 2136 3119 2212 argumenti,quod
3150 2151 3266 2192 non
3279 2134 3379 2190 ha-

2007 2219 2137 2277 beat
2152 2219 2335 2276 alium
2356 2222 2665 2287 actum,vel
2681 2238 2822 2295 opus
2841 2219 3199 2286 bonum,nisi
3217 2217 3380 2273 attri-

2008 2301 2224 2358 tionem
2249 2316 2421 2374 :ergo
2450 2303 2773 2359 necessario
2798 2299 3223 2359 concedendum
3266 2302 3373 2365 est,

2005 2379 2155 2453 quod
2174 2380 2442 2453 praedicta
2461 2382 2678 2441 attritio
2693 2383 2768 2439 sit
2783 2381 3277 2452 meritoria,quam
3287 2380 3376 2435 vis

2006 2478 2038 2518 a
2060 2463 2248 2536 gratia
2268 2462 2659 2521 sanctificante
2674 2464 2932 2521 effective
2954 2478 3070 2519 non
3086 2458 3368 2533 procedat.

2083 2545 2200 2609 Hae,
2234 2542 2493 2616 inquam,
2540 2543 2885 2619 objectiones
2926 2558 3042 2600 non
3086 2541 3370 2598 referunt.

2007 2620 2092 2678 Ad
2140 2623 2390 2696 primam
2443 2624 2604 2681 enim
2654 2624 3066 2697 respondemus
3110 2621 3376 2696 negando
3392 2639 3559 2699 ῡιιῃιιπ

2007 2703 2481 2778 majorem3quia
2507 2712 2627 2763 esto
2667 2706 2916 2767 habitus.
2948 2713 3004 2763 et
3043 2710 3198 2762 actus
3237 2703 3373 2762 fidei
3415 2701 3546 2743 ΝΜ

2007 2786 2070 2841 in
2091 2802 2193 2842 sua
2214 2787 2404 2859 prima
2426 2787 2798 2861 productione
2813 2788 3136 2862 praecedant
3151 2788 3373 2844 instans

2002 2868 2442 2943 iustificationiS,
2468 2869 2517 2926 si
2560 2875 2754 2929 tamen
2782 2887 2957 2943 usque
2984 2870 3055 2927 ad
3088 2869 3235 2927 illud
3275 2872 3373 2928 in-

2004 2952 2223 3008 clusive
2275 2957 2641 3024 perseverent
2678 2951 2848 3026 (quod
2902 2954 3254 3025 requiritur,
3310 2958 3376 3009 ut

2004 3029 2121 3086 sint
2148 3031 2454 3097 meritorii,
2469 3031 2631 3104 juxta
2652 3048 2719 3089 ea
2733 3047 2857 3105 quae
2876 3034 3074 3089 statim
3098 3033 3376 3105 dicemus)

1999 3112 2120 3186 jam
2150 3113 2213 3169 in
2249 3114 2372 3187 ipso
2394 3113 2634 3170 instanti
2663 3113 2976 3188 dependeat
3019 3115 3083 3171 in
3107 3132 3208 3172 sua
3233 3131 3376 3173 con·

2004 3197 2329 3254 servatione
2349 3214 2381 3254 a
2407 3198 2893 3272 gratia,tanquam
2922 3215 2955 3255 a
2972 3199 3259 3272 principio
3285 3198 3376 3254 ef-

2007 3277 2232 3335 fectivo.
2266 3279 2410 3343 Quia
2438 3277 2668 3335 habitus
2694 3277 2829 3337 fidei
2879 3281 2941 3336 in
2981 3280 3085 3337 illo
3117 3280 3370 3336 instanti

2006 3357 2419 3417 subordinatur
2440 3361 2641 3436 gratiae
2666 3360 3068 3426 sanctificanti,
3096 3369 3373 3435 tanquam

2009 3443 2296 3516 principio
2324 3442 2595 3511 radicali;
2623 3448 2680 3500 et
2707 3443 2786 3500 sic
2808 3450 2961 3501 actus
3002 3443 3135 3501 fidei
3167 3445 3229 3500 in
3267 3459 3372 3499 sua

2008 3525 2439 3582 conservatione
2451 3524 2729 3598 dependet
2743 3525 2957 3597 proillo
2981 3526 3221 3582 instanti
3245 3529 3364 3580 tam

2008 3620 2041 3661 a
2066 3604 2202 3662 fidei
2224 3605 2420 3662 habitu
2442 3607 2586 3663 sicut
2612 3623 2643 3663 a
2666 3606 2879 3663 virtute
2907 3607 3366 3678 proxima‚quam

2007 3702 2040 3743 a
2060 3687 2247 3760 gratia
2268 3686 2720 3752 habituali,sicut
2748 3702 2781 3743 a
2806 3686 3014 3744 radice.
3038 3690 3152 3743 Nec
3170 3691 3249 3742 est
3279 3686 3368 3740 in-

2004 3769 2374 3837 conveniens,
2404 3767 2555 3843 quod
2583 3773 2739 3826 actus
2763 3767 2918 3835 fidei,
2943 3769 3038 3842 qui
3066 3769 3125 3823 in
3152 3781 3364 3841 genere

2004 3865 2187 3907 causae
2208 3848 2472 3907 formalis
2511 3848 2845 3907 extrinsecae
2873 3846 3127 3923 praecedit
3171 3851 3362 3902 actum

2004 3929 2317 3995 charitatis,
2349 3931 2424 3987 sit
2445 3930 2570 4002 ipso
2597 3931 2883 4003 posterior
2910 3931 2973 3986 in
2995 3943 3198 4003 genere
3223 3942 3366 3983 cau-

2002 4027 2079 4068 sae
2103 4012 2399 4069 efficientis
2436 4011 2799 4084 exequutive,
2830 4017 2884 4069 et
2914 4009 3269 4084 applicative,
3303 4015 3370 4065 ut

2004 4099 2222 4150 constat
2240 4110 2311 4152 ex
2332 4093 2423 4162 iis,
2456 4110 2580 4167 quae
2604 4093 2859 4151 diximus
2879 4097 2939 4149 in
2967 4100 3127 4149 tract.
3157 4091 3220 4147 de
3239 4090 3359 4148 An-

2006 4175 2111 4246 9el.
2165 4175 2308 4251 disp.
2349 4178 2405 4242 7,
2435 4175 2563 4232 dub.
2606 4176 2660 4233 8.
2718 4178 2901 4242 Quam
2934 4174 3369 4246 responsionem

2005 4253 2165 4312 docet
2202 4258 2266 4312 D.
2298 4255 2502 4312 Thom.
2545 4263 2729 4333 ραι-εει.
2760 4258 2844 4313 28
2878 4257 2941 4312 de
2980 4255 3148 4314 Ver-it.
3173 4254 3363 4322 ‹zrt.4,

2004 4336 2105 4394 ubi
2133 4338 2204 4394 ad
2229 4339 2263 4393 6
2292 4343 2719 4413 argumentum,
2740 4337 2888 4411 quod
2909 4338 2990 4394 sic
3005 4336 3367 4411 procedebat:
3384 4334 3440 4378 D.
3461 4334 3545 4377 ‘mv

2010 4441 2036 4473 α
2082 4419 2385 4493 Dispositio
2424 4419 2495 4477 ad
2523 4419 2792 4489 formam,
2823 4436 2952 4476 cum
2979 4437 3092 4494 qua
3139 4420 3369 4478 induci-

2011 4525 2038 4558 α
2081 4509 2174 4560 tur
2197 4502 2403 4572 forma,
2431 4503 2564 4560 talis
2583 4509 2687 4570 est,
2720 4504 2869 4577 quod
2889 4504 3016 4561 sine
3041 4504 3225 4561 forma
3245 4521 3371 4563 esse

2009 4605 2036 4638 α
2080 4600 2199 4642 ιιοιι
2222 4589 2556 4657 potest,cum
2579 4584 2654 4641 sit
2682 4586 2984 4642 necessitas
3005 4585 3075 4642 ad
3094 4585 3369 4644 sormam.

2009 4686 2035 4718 α
2076 4667 2217 4721 Cum
2260 4666 2437 4740 igitur
2465 4671 2653 4723 motus
2681 4665 2813 4723 fidei
2856 4668 3032 4739 possit
3076 4683 3198 4725 esse
3243 4668 3375 4727 sine

2009 4766 2036 4800 α
2075 4747 2280 4819 gratia,
2312 4746 2542 4804 videtur
2566 4746 2716 4820 quod
2757 4746 3092 4822 justificatio
3121 4765 3237 4806 non
3266 4749 3374 4808 de-

2007 4850 2033 4882 «
2078 4828 2208 4885 beat
2231 4828 2467 4885 attribui
2497 4828 2677 4887 motui
2704 4828 2871 4888 fidei:
2899 4851 2924 4883 a·
2956 4831 3260 4904 respondet
3304 4834 3374 4890 in

2004 4909 2157 4967 hunc
2208 4911 2443 4968 modum
2502 4933 2516 4969 ε
2575 4932 2601 4965 α
2651 4911 2967 4968 Dicendum
2989 4956 3002 4978 ,
3044 4913 3193 4986 quod
3238 4915 3377 4973 licet

2007 5014 2034 5046 α
2078 4992 2308 5051 credere
2347 4996 2478 5061 Deo,
2529 4996 2622 5051 vel
2651 4995 2830 5051 Deum
2872 4995 3045 5068 possit
3072 5010 3194 5053 esse
3239 4997 3379 5056 sine

2007 5095 2033 5127 «
2075 5075 2337 5150 justitia3
2369 5081 2565 5133 tamen
2602 5077 2834 5134 credere
2861 5077 2925 5133 in
2973 5077 3175 5146 Deum,
3217 5077 3375 5152 quod

2007 5178 2032 5209 α
2077 5161 2164 5214 est
2186 5162 2340 5214 actus
2368 5156 2500 5216 fidei
2531 5158 2807 5227 formatae,
2840 5159 2967 5216 sine
3002 5159 3244 5233 justitia,
3272 5162 3372 5218 vel

3177 5236 3374 5308 gratia
