<?xml version="1.0" encoding="UTF-8"?>
<!DOCTYPE html PUBLIC "-//W3C//DTD XHTML 1.0 Transitional//EN"
    "http://www.w3.org/TR/xhtml1/DTD/xhtml1-transitional.dtd">
<html xmlns="http://www.w3.org/1999/xhtml" xml:lang="en" lang="en">
 <head>
  <title>
</title>
<meta http-equiv="Content-Type" content="text/html;charset=utf-8" />
  <meta name='ocr-system' content='tesseract 3.04.00' />
  <meta name='ocr-capabilities' content='ocr_page ocr_carea ocr_par ocr_line ocrx_word'/>
</head>
<body>
  <div class='ocr_page' id='page_1' title='image "./collegiisalmant00carmgoog_0783.png"; bbox 0 0 3647 5753; ppageno 0'>
   <div class='ocr_carea' id='block_1_1' title="bbox 1370 395 3131 478">
    <p class='ocr_par' dir='ltr' id='par_1_1' title="bbox 1370 395 3131 478">
     <span class='ocr_line' id='line_1_1' title="bbox 1370 395 3131 478; baseline 0.001 -28"><span class='ocrx_word' id='word_1_1' title='bbox 1370 396 1552 453; x_wconf 67' lang='lat' dir='ltr'><strong>mse.</strong></span> <span class='ocrx_word' id='word_1_2' title='bbox 1594 395 1687 465; x_wconf 79' lang='grc' dir='ltr'><strong>ιν,</strong></span> <span class='ocrx_word' id='word_1_3' title='bbox 1732 395 1898 452; x_wconf 74' lang='lat' dir='ltr'><strong>Due,</strong></span> <span class='ocrx_word' id='word_1_4' title='bbox 1942 396 2009 452; x_wconf 80' lang='lat' dir='ltr'><strong>v.</strong></span> <span class='ocrx_word' id='word_1_5' title='bbox 2697 475 2701 478; x_wconf 17' lang='grc' dir='ltr'>Ι</span> <span class='ocrx_word' id='word_1_6' title='bbox 3027 398 3131 454; x_wconf 83' lang='lat'><strong>761</strong></span> 
     </span>
    </p>
   </div>
   <div class='ocr_carea' id='block_1_2' title="bbox 30 569 1651 5089">
    <p class='ocr_par' dir='ltr' id='par_1_2' title="bbox 267 569 1651 3267">
     <span class='ocr_line' id='line_1_2' title="bbox 287 569 1651 641; baseline -0.003 -13"><span class='ocrx_word' id='word_1_7' title='bbox 287 569 605 628; x_wconf 81' lang='lat' dir='ltr'>assertione</span> <span class='ocrx_word' id='word_1_8' title='bbox 633 586 750 627; x_wconf 93' lang='lat' dir='ltr'><strong>non</strong></span> <span class='ocrx_word' id='word_1_9' title='bbox 775 575 861 627; x_wconf 89' lang='lat' dir='ltr'><strong>est</strong></span> <span class='ocrx_word' id='word_1_10' title='bbox 886 569 1103 636; x_wconf 87' lang='lat' dir='ltr'><strong>efficax,</strong></span> <span class='ocrx_word' id='word_1_11' title='bbox 1127 570 1219 626; x_wconf 88' lang='lat' dir='ltr'><strong>vel</strong></span> <span class='ocrx_word' id='word_1_12' title='bbox 1247 570 1500 626; x_wconf 89' lang='lat' dir='ltr'><strong>nimium</strong></span> <span class='ocrx_word' id='word_1_13' title='bbox 1525 583 1651 641; x_wconf 91' lang='lat' dir='ltr'><strong>pro-</strong></span> 
     </span>
     <span class='ocr_line' id='line_1_3' title="bbox 267 649 1648 725; baseline -0.002 -17"><span class='ocrx_word' id='word_1_14' title='bbox 267 652 416 713; x_wconf 73' lang='lat' dir='ltr'><strong>&#39;batz</strong></span> <span class='ocrx_word' id='word_1_15' title='bbox 447 650 650 725; x_wconf 88' lang='lat' dir='ltr'><strong>probat</strong></span> <span class='ocrx_word' id='word_1_16' title='bbox 693 652 874 718; x_wconf 90' lang='lat' dir='ltr'><strong>enim,</strong></span> <span class='ocrx_word' id='word_1_17' title='bbox 904 652 954 707; x_wconf 89' lang='lat' dir='ltr'><strong>si</strong></span> <span class='ocrx_word' id='word_1_18' title='bbox 995 654 1082 708; x_wconf 92' lang='lat' dir='ltr'><strong>est</strong></span> <span class='ocrx_word' id='word_1_19' title='bbox 1106 652 1320 722; x_wconf 81' lang='lat' dir='ltr'><strong>efficax,</strong></span> <span class='ocrx_word' id='word_1_20' title='bbox 1354 649 1648 708; x_wconf 89' lang='lat' dir='ltr'><strong>infidelem</strong></span> 
     </span>
     <span class='ocr_line' id='line_1_4' title="bbox 285 732 1648 809; baseline -0.001 -18"><span class='ocrx_word' id='word_1_21' title='bbox 285 734 383 807; x_wconf 87' lang='lat' dir='ltr'><strong>qui</strong></span> <span class='ocrx_word' id='word_1_22' title='bbox 412 750 491 800; x_wconf 87' lang='lat' dir='ltr'><strong>se,</strong></span> <span class='ocrx_word' id='word_1_23' title='bbox 520 738 575 791; x_wconf 91' lang='lat' dir='ltr'><strong>et</strong></span> <span class='ocrx_word' id='word_1_24' title='bbox 595 749 795 791; x_wconf 81' lang='lat' dir='ltr'><strong>omnes</strong></span> <span class='ocrx_word' id='word_1_25' title='bbox 821 739 1135 804; x_wconf 69' lang='lat' dir='ltr'><strong>su0s‚actus</strong></span> <span class='ocrx_word' id='word_1_26' title='bbox 1162 751 1262 809; x_wconf 91' lang='lat' dir='ltr'><strong>per</strong></span> <span class='ocrx_word' id='word_1_27' title='bbox 1291 740 1478 792; x_wconf 91' lang='lat' dir='ltr'><strong>actum</strong></span> <span class='ocrx_word' id='word_1_28' title='bbox 1520 732 1648 789; x_wconf 92' lang='lat' dir='ltr'><strong>ido-</strong></span> 
     </span>
     <span class='ocr_line' id='line_1_5' title="bbox 288 811 1649 889; baseline 0 -17"><span class='ocrx_word' id='word_1_29' title='bbox 288 816 617 873; x_wconf 85' lang='lat' dir='ltr'><strong>lolatriaein</strong></span> <span class='ocrx_word' id='word_1_30' title='bbox 645 814 1000 889; x_wconf 85' lang='lat' dir='ltr'><strong>obsequium,</strong></span> <span class='ocrx_word' id='word_1_31' title='bbox 1034 822 1090 873; x_wconf 89' lang='lat' dir='ltr'><strong>et</strong></span> <span class='ocrx_word' id='word_1_32' title='bbox 1134 811 1414 874; x_wconf 90' lang='lat' dir='ltr'><strong>honorem</strong></span> <span class='ocrx_word' id='word_1_33' title='bbox 1462 814 1649 872; x_wconf 91' lang='lat' dir='ltr'><strong>idolo-</strong></span> 
     </span>
     <span class='ocr_line' id='line_1_6' title="bbox 289 894 1646 968; baseline -0.001 -15"><span class='ocrx_word' id='word_1_34' title='bbox 289 912 420 953; x_wconf 86' lang='lat' dir='ltr'><strong>rum</strong></span> <span class='ocrx_word' id='word_1_35' title='bbox 459 896 674 961; x_wconf 89' lang='lat' dir='ltr'><strong>retulit,</strong></span> <span class='ocrx_word' id='word_1_36' title='bbox 709 896 771 951; x_wconf 92' lang='lat' dir='ltr'><strong>in</strong></span> <span class='ocrx_word' id='word_1_37' title='bbox 811 894 1082 952; x_wconf 87' lang='lat' dir='ltr'><strong>omnibus</strong></span> <span class='ocrx_word' id='word_1_38' title='bbox 1123 911 1246 968; x_wconf 79' lang='lat' dir='ltr'><strong>quae</strong></span> <span class='ocrx_word' id='word_1_39' title='bbox 1286 895 1646 968; x_wconf 89' lang='lat' dir='ltr'><strong>postmodum</strong></span> 
     </span>
     <span class='ocr_line' id='line_1_7' title="bbox 288 976 1642 1052; baseline -0.003 -16"><span class='ocrx_word' id='word_1_40' title='bbox 288 977 889 1052; x_wconf 87' lang='lat' dir='ltr'><strong>operatur,intendere</strong></span> <span class='ocrx_word' id='word_1_41' title='bbox 903 978 1227 1035; x_wconf 80' lang='lat' dir='ltr'>virtualiter</span> <span class='ocrx_word' id='word_1_42' title='bbox 1246 978 1419 1034; x_wconf 90' lang='lat' dir='ltr'><strong>istum</strong></span> <span class='ocrx_word' id='word_1_43' title='bbox 1444 976 1642 1043; x_wconf 88' lang='lat' dir='ltr'><strong>finem,</strong></span> 
     </span>
     <span class='ocr_line' id='line_1_8' title="bbox 289 1060 1648 1136; baseline -0.002 -18"><span class='ocrx_word' id='word_1_44' title='bbox 289 1065 456 1136; x_wconf 89' lang='lat' dir='ltr'><strong>atque</strong></span> <span class='ocrx_word' id='word_1_45' title='bbox 483 1061 562 1118; x_wconf 90' lang='lat' dir='ltr'><strong>ita</strong></span> <span class='ocrx_word' id='word_1_46' title='bbox 588 1077 789 1119; x_wconf 89' lang='lat' dir='ltr'><strong>omnes</strong></span> <span class='ocrx_word' id='word_1_47' title='bbox 815 1061 976 1117; x_wconf 89' lang='lat' dir='ltr'><strong>illius</strong></span> <span class='ocrx_word' id='word_1_48' title='bbox 1000 1067 1156 1118; x_wconf 89' lang='lat' dir='ltr'><strong>actus</strong></span> <span class='ocrx_word' id='word_1_49' title='bbox 1182 1060 1526 1119; x_wconf 76' lang='lat' dir='ltr'><strong>deliber-atos</strong></span> <span class='ocrx_word' id='word_1_50' title='bbox 1549 1060 1648 1116; x_wconf 87' lang='lat' dir='ltr'><strong>ha-</strong></span> 
     </span>
     <span class='ocr_line' id='line_1_9' title="bbox 287 1144 1643 1203; baseline -0.002 -1"><span class='ocrx_word' id='word_1_51' title='bbox 287 1145 422 1203; x_wconf 91' lang='lat' dir='ltr'><strong>bere</strong></span> <span class='ocrx_word' id='word_1_52' title='bbox 447 1162 518 1203; x_wconf 86' lang='lat' dir='ltr'><strong>ex</strong></span> <span class='ocrx_word' id='word_1_53' title='bbox 539 1161 605 1202; x_wconf 93' lang='lat' dir='ltr'><strong>eo</strong></span> <span class='ocrx_word' id='word_1_54' title='bbox 624 1145 911 1202; x_wconf 88' lang='lat' dir='ltr'><strong>malitiam</strong></span> <span class='ocrx_word' id='word_1_55' title='bbox 935 1144 1296 1202; x_wconf 79' lang='lat' dir='ltr'><strong>idololatriae.</strong></span> <span class='ocrx_word' id='word_1_56' title='bbox 1319 1145 1436 1200; x_wconf 89' lang='lat' dir='ltr'><strong>Hoc</strong></span> <span class='ocrx_word' id='word_1_57' title='bbox 1455 1149 1643 1200; x_wconf 86' lang='lat' dir='ltr'><strong>autem</strong></span> 
     </span>
     <span class='ocr_line' id='line_1_10' title="bbox 286 1225 1644 1296; baseline -0.003 -12"><span class='ocrx_word' id='word_1_58' title='bbox 286 1233 370 1284; x_wconf 85' lang='lat' dir='ltr'><strong>est</strong></span> <span class='ocrx_word' id='word_1_59' title='bbox 397 1227 639 1284; x_wconf 90' lang='lat' dir='ltr'><strong>omnino</strong></span> <span class='ocrx_word' id='word_1_60' title='bbox 684 1226 916 1296; x_wconf 75' lang='lat' dir='ltr'><strong>falsum,</strong></span> <span class='ocrx_word' id='word_1_61' title='bbox 948 1226 1095 1283; x_wconf 86' lang='lat' dir='ltr'><strong>alias</strong></span> <span class='ocrx_word' id='word_1_62' title='bbox 1140 1225 1370 1281; x_wconf 90' lang='lat' dir='ltr'><strong>nullum</strong></span> <span class='ocrx_word' id='word_1_63' title='bbox 1411 1229 1558 1283; x_wconf 89' lang='lat' dir='ltr'><strong>esset</strong></span> <span class='ocrx_word' id='word_1_64' title='bbox 1583 1225 1644 1282; x_wconf 89' lang='lat' dir='ltr'><strong>in</strong></span> 
     </span>
     <span class='ocr_line' id='line_1_11' title="bbox 289 1306 1646 1381; baseline -0.001 -17"><span class='ocrx_word' id='word_1_65' title='bbox 289 1306 621 1364; x_wconf 88' lang='lat' dir='ltr'><strong>infidelibus</strong></span> <span class='ocrx_word' id='word_1_66' title='bbox 642 1306 858 1365; x_wconf 88' lang='lat' dir='ltr'><strong>bonum</strong></span> <span class='ocrx_word' id='word_1_67' title='bbox 898 1324 1040 1381; x_wconf 92' lang='lat' dir='ltr'><strong>opus</strong></span> <span class='ocrx_word' id='word_1_68' title='bbox 1070 1307 1308 1376; x_wconf 88' lang='lat' dir='ltr'><strong>morale,</strong></span> <span class='ocrx_word' id='word_1_69' title='bbox 1335 1322 1646 1379; x_wconf 88' lang='lat' dir='ltr'><strong>omnesque</strong></span> 
     </span>
     <span class='ocr_line' id='line_1_12' title="bbox 290 1386 1640 1460; baseline -0.003 -14"><span class='ocrx_word' id='word_1_70' title='bbox 290 1389 530 1446; x_wconf 90' lang='lat' dir='ltr'><strong>illorum</strong></span> <span class='ocrx_word' id='word_1_71' title='bbox 560 1387 700 1443; x_wconf 90' lang='lat' dir='ltr'><strong>mali</strong></span> <span class='ocrx_word' id='word_1_72' title='bbox 724 1393 877 1444; x_wconf 88' lang='lat' dir='ltr'><strong>actus</strong></span> <span class='ocrx_word' id='word_1_73' title='bbox 898 1392 1089 1446; x_wconf 90' lang='lat' dir='ltr'><strong>essent</strong></span> <span class='ocrx_word' id='word_1_74' title='bbox 1109 1393 1329 1460; x_wconf 87' lang='lat' dir='ltr'><strong>peccata</strong></span> <span class='ocrx_word' id='word_1_75' title='bbox 1351 1386 1640 1452; x_wconf 90' lang='lat' dir='ltr'><strong>mortalia,</strong></span> 
     </span>
     <span class='ocr_line' id='line_1_13' title="bbox 286 1470 1647 1544; baseline -0.004 -15"><span class='ocrx_word' id='word_1_76' title='bbox 286 1475 345 1529; x_wconf 88' lang='lat' dir='ltr'><strong>et</strong></span> <span class='ocrx_word' id='word_1_77' title='bbox 368 1472 565 1544; x_wconf 72' lang='lat' dir='ltr'><strong>nullus</strong></span> <span class='ocrx_word' id='word_1_78' title='bbox 590 1470 890 1528; x_wconf 82' lang='lat' dir='ltr'><strong>dumtaxat</strong></span> <span class='ocrx_word' id='word_1_79' title='bbox 919 1471 1165 1536; x_wconf 86' lang='lat' dir='ltr'><strong>veniale,</strong></span> <span class='ocrx_word' id='word_1_80' title='bbox 1210 1476 1410 1528; x_wconf 87' lang='lat' dir='ltr'><strong>contra</strong></span> <span class='ocrx_word' id='word_1_81' title='bbox 1430 1486 1497 1527; x_wconf 91' lang='lat' dir='ltr'><strong>ea</strong></span> <span class='ocrx_word' id='word_1_82' title='bbox 1521 1485 1647 1541; x_wconf 80' lang='lat' dir='ltr'><strong>quae</strong></span> 
     </span>
     <span class='ocr_line' id='line_1_14' title="bbox 284 1554 1640 1625; baseline 0 -15"><span class='ocrx_word' id='word_1_83' title='bbox 284 1554 632 1611; x_wconf 82' lang='lat' dir='ltr'><strong>tradidimus</strong></span> <span class='ocrx_word' id='word_1_84' title='bbox 654 1559 714 1611; x_wconf 81' lang='lat' dir='ltr'><strong>in</strong></span> <span class='ocrx_word' id='word_1_85' title='bbox 736 1563 897 1612; x_wconf 80' lang='lat' dir='ltr'><strong>tract.</strong></span> <span class='ocrx_word' id='word_1_86' title='bbox 932 1557 995 1611; x_wconf 84' lang='lat' dir='ltr'><strong>de</strong></span> <span class='ocrx_word' id='word_1_87' title='bbox 1018 1555 1237 1621; x_wconf 82' lang='lat' dir='ltr'><strong>Gratia,</strong></span> <span class='ocrx_word' id='word_1_88' title='bbox 1263 1555 1404 1625; x_wconf 69' lang='lat' dir='ltr'><strong>disp.</strong></span> <span class='ocrx_word' id='word_1_89' title='bbox 1430 1555 1486 1620; x_wconf 99' lang='grc'><strong>2,</strong></span> <span class='ocrx_word' id='word_1_90' title='bbox 1512 1554 1640 1610; x_wconf 78' lang='lat' dir='ltr'><strong>dub.</strong></span> 
     </span>
     <span class='ocr_line' id='line_1_15' title="bbox 282 1637 1640 1711; baseline 0.001 -18"><span class='ocrx_word' id='word_1_91' title='bbox 282 1639 339 1704; x_wconf 91' lang='grc'><strong>2,</strong></span> <span class='ocrx_word' id='word_1_92' title='bbox 373 1643 430 1695; x_wconf 90' lang='lat' dir='ltr'><strong>et</strong></span> <span class='ocrx_word' id='word_1_93' title='bbox 457 1654 585 1710; x_wconf 68' lang='lat' dir='ltr'><strong>quae</strong></span> <span class='ocrx_word' id='word_1_94' title='bbox 614 1637 775 1696; x_wconf 90' lang='lat' dir='ltr'><strong>docet</strong></span> <span class='ocrx_word' id='word_1_95' title='bbox 813 1640 878 1695; x_wconf 93' lang='lat' dir='ltr'><strong>D.</strong></span> <span class='ocrx_word' id='word_1_96' title='bbox 910 1639 1116 1697; x_wconf 90' lang='lat' dir='ltr'><strong>Thom.</strong></span> <span class='ocrx_word' id='word_1_97' title='bbox 1141 1641 1196 1708; x_wconf 82' lang='lat'><strong>2,</strong></span> <span class='ocrx_word' id='word_1_98' title='bbox 1240 1640 1295 1704; x_wconf 89' lang='grc'><strong>2,</strong></span> <span class='ocrx_word' id='word_1_99' title='bbox 1337 1646 1516 1711; x_wconf 69' lang='grc' dir='ltr'><strong>ᾳυεεεε.</strong></span> <span class='ocrx_word' id='word_1_100' title='bbox 1558 1639 1640 1704; x_wconf 88' lang='grc'><strong>10,</strong></span> 
     </span>
     <span class='ocr_line' id='line_1_16' title="bbox 281 1721 1640 1798; baseline 0 -24"><span class='ocrx_word' id='word_1_101' title='bbox 281 1726 392 1775; x_wconf 80' lang='lat' dir='ltr'><strong>art.</strong></span> <span class='ocrx_word' id='word_1_102' title='bbox 435 1721 490 1785; x_wconf 89' lang='grc'><strong>4,</strong></span> <span class='ocrx_word' id='word_1_103' title='bbox 523 1723 595 1776; x_wconf 79' lang='lat' dir='ltr'><strong>et&#39;</strong></span> <span class='ocrx_word' id='word_1_104' title='bbox 626 1722 686 1775; x_wconf 77' lang='lat' dir='ltr'><strong>in</strong></span> <span class='ocrx_word' id='word_1_105' title='bbox 719 1722 773 1788; x_wconf 91' lang='grc'><strong>2,</strong></span> <span class='ocrx_word' id='word_1_106' title='bbox 802 1721 932 1776; x_wconf 79' lang='lat' dir='ltr'><strong>dist.</strong></span> <span class='ocrx_word' id='word_1_107' title='bbox 965 1722 1057 1787; x_wconf 89' lang='grc'>41,</span> <span class='ocrx_word' id='word_1_108' title='bbox 1092 1728 1274 1798; x_wconf 62' lang='lat' dir='ltr'><strong>quaest.</strong></span> <span class='ocrx_word' id='word_1_109' title='bbox 1334 1723 1378 1788; x_wconf 95' lang='lat' dir='ltr'><strong>l,</strong></span> <span class='ocrx_word' id='word_1_110' title='bbox 1428 1726 1537 1776; x_wconf 81' lang='lat' dir='ltr'><strong>art.</strong></span> <span class='ocrx_word' id='word_1_111' title='bbox 1584 1721 1640 1786; x_wconf 91' lang='grc'><strong>2,</strong></span> 
     </span>
     <span class='ocr_line' id='line_1_17' title="bbox 283 1803 1640 1877; baseline 0 -19"><span class='ocrx_word' id='word_1_112' title='bbox 283 1816 420 1877; x_wconf 88' lang='lat' dir='ltr'><strong>ergo</strong></span> <span class='ocrx_word' id='word_1_113' title='bbox 442 1803 713 1876; x_wconf 78' lang='lat' dir='ltr'><strong>praedicta</strong></span> <span class='ocrx_word' id='word_1_114' title='bbox 731 1804 878 1862; x_wconf 90' lang='lat' dir='ltr'><strong>ratio</strong></span> <span class='ocrx_word' id='word_1_115' title='bbox 901 1819 1018 1861; x_wconf 92' lang='lat' dir='ltr'><strong>non</strong></span> <span class='ocrx_word' id='word_1_116' title='bbox 1044 1808 1129 1859; x_wconf 84' lang='lat' dir='ltr'><strong>est</strong></span> <span class='ocrx_word' id='word_1_117' title='bbox 1149 1804 1361 1861; x_wconf 87' lang='lat' dir='ltr'><strong>efficax.</strong></span> <span class='ocrx_word' id='word_1_118' title='bbox 1383 1803 1640 1875; x_wconf 88' lang='lat' dir='ltr'><strong>Sequela,</strong></span> 
     </span>
     <span class='ocr_line' id='line_1_18' title="bbox 280 1883 1646 1958; baseline 0 -20"><span class='ocrx_word' id='word_1_119' title='bbox 280 1883 374 1939; x_wconf 91' lang='lat' dir='ltr'><strong>vel</strong></span> <span class='ocrx_word' id='word_1_120' title='bbox 399 1884 586 1957; x_wconf 87' lang='lat' dir='ltr'><strong>major</strong></span> <span class='ocrx_word' id='word_1_121' title='bbox 614 1884 925 1956; x_wconf 89' lang='lat' dir='ltr'><strong>p1·0batur;</strong></span> <span class='ocrx_word' id='word_1_122' title='bbox 964 1884 1239 1958; x_wconf 88' lang='lat' dir='ltr'><strong>quoniam</strong></span> <span class='ocrx_word' id='word_1_123' title='bbox 1267 1884 1412 1940; x_wconf 88' lang='lat' dir='ltr'><strong>sicut</strong></span> <span class='ocrx_word' id='word_1_124' title='bbox 1456 1883 1646 1941; x_wconf 87' lang='lat' dir='ltr'><strong>fidelis</strong></span> 
     </span>
     <span class='ocr_line' id='line_1_19' title="bbox 279 1963 1647 2035; baseline 0.002 -17"><span class='ocrx_word' id='word_1_125' title='bbox 279 1977 381 2035; x_wconf 91' lang='lat' dir='ltr'><strong>per</strong></span> <span class='ocrx_word' id='word_1_126' title='bbox 403 1967 592 2019; x_wconf 88' lang='lat' dir='ltr'><strong>actum</strong></span> <span class='ocrx_word' id='word_1_127' title='bbox 622 1963 919 2021; x_wconf 87' lang='lat' dir='ltr'><strong>charitatis</strong></span> <span class='ocrx_word' id='word_1_128' title='bbox 944 1964 1238 2021; x_wconf 88' lang='lat' dir='ltr'><strong>constituit</strong></span> <span class='ocrx_word' id='word_1_129' title='bbox 1267 1963 1328 2019; x_wconf 90' lang='lat' dir='ltr'><strong>in</strong></span> <span class='ocrx_word' id='word_1_130' title='bbox 1371 1980 1507 2021; x_wconf 87' lang='lat' dir='ltr'><strong>vero</strong></span> <span class='ocrx_word' id='word_1_131' title='bbox 1533 1966 1647 2021; x_wconf 89' lang='lat' dir='ltr'><strong>Deo</strong></span> 
     </span>
     <span class='ocr_line' id='line_1_20' title="bbox 282 2041 1648 2118; baseline 0.003 -22"><span class='ocrx_word' id='word_1_132' title='bbox 282 2041 558 2099; x_wconf 91' lang='lat' dir='ltr'><strong>ultimum</strong></span> <span class='ocrx_word' id='word_1_133' title='bbox 588 2042 787 2111; x_wconf 90' lang='lat' dir='ltr'><strong>finem,</strong></span> <span class='ocrx_word' id='word_1_134' title='bbox 825 2046 1108 2118; x_wconf 81' lang='lat' dir='ltr'><strong>refertque</strong></span> <span class='ocrx_word' id='word_1_135' title='bbox 1136 2044 1204 2101; x_wconf 91' lang='lat' dir='ltr'><strong>ad</strong></span> <span class='ocrx_word' id='word_1_136' title='bbox 1246 2045 1415 2101; x_wconf 88' lang='lat' dir='ltr'><strong>illum</strong></span> <span class='ocrx_word' id='word_1_137' title='bbox 1444 2060 1648 2102; x_wconf 90' lang='lat' dir='ltr'><strong>omnes</strong></span> 
     </span>
     <span class='ocr_line' id='line_1_21' title="bbox 284 2127 1647 2185; baseline 0.002 -4"><span class='ocrx_word' id='word_1_138' title='bbox 284 2140 417 2182; x_wconf 87' lang='lat' dir='ltr'><strong>suos</strong></span> <span class='ocrx_word' id='word_1_139' title='bbox 439 2130 593 2181; x_wconf 87' lang='lat' dir='ltr'><strong>actus</strong></span> <span class='ocrx_word' id='word_1_140' title='bbox 631 2128 933 2184; x_wconf 81' lang='lat' dir='ltr'><strong>moraliter</strong></span> <span class='ocrx_word' id='word_1_141' title='bbox 959 2127 1138 2185; x_wconf 92' lang='lat' dir='ltr'><strong>bonos</strong></span> <span class='ocrx_word' id='word_1_142' title='bbox 1166 2149 1178 2183; x_wconf 93' lang='lat'>:</span> <span class='ocrx_word' id='word_1_143' title='bbox 1204 2128 1283 2184; x_wconf 91' lang='lat' dir='ltr'><strong>ita</strong></span> <span class='ocrx_word' id='word_1_144' title='bbox 1305 2128 1477 2184; x_wconf 89' lang='lat' dir='ltr'><strong>etiam</strong></span> <span class='ocrx_word' id='word_1_145' title='bbox 1509 2127 1647 2184; x_wconf 90' lang='lat' dir='ltr'><strong>infi-</strong></span> 
     </span>
     <span class='ocr_line' id='line_1_22' title="bbox 284 2205 1642 2279; baseline 0.004 -18"><span class='ocrx_word' id='word_1_146' title='bbox 284 2205 430 2263; x_wconf 88' lang='lat' dir='ltr'><strong>delis</strong></span> <span class='ocrx_word' id='word_1_147' title='bbox 458 2206 614 2264; x_wconf 91' lang='lat' dir='ltr'><strong>idolo</strong></span> <span class='ocrx_word' id='word_1_148' title='bbox 660 2206 924 2264; x_wconf 77' lang='lat' dir='ltr'><strong>attribuit</strong></span> <span class='ocrx_word' id='word_1_149' title='bbox 954 2210 1237 2266; x_wconf 89' lang='lat' dir='ltr'><strong>rationem</strong></span> <span class='ocrx_word' id='word_1_150' title='bbox 1266 2208 1399 2265; x_wconf 90' lang='lat' dir='ltr'><strong>finis</strong></span> <span class='ocrx_word' id='word_1_151' title='bbox 1429 2210 1642 2279; x_wconf 90' lang='lat' dir='ltr'><strong>ultimi,</strong></span> 
     </span>
     <span class='ocr_line' id='line_1_23' title="bbox 285 2288 1647 2363; baseline 0.004 -20"><span class='ocrx_word' id='word_1_152' title='bbox 285 2288 574 2360; x_wconf 74' lang='lat' dir='ltr'><strong>refertque</strong></span> <span class='ocrx_word' id='word_1_153' title='bbox 591 2288 833 2362; x_wconf 87' lang='lat' dir='ltr'><strong>proinde</strong></span> <span class='ocrx_word' id='word_1_154' title='bbox 849 2290 919 2346; x_wconf 93' lang='lat' dir='ltr'><strong>ad</strong></span> <span class='ocrx_word' id='word_1_155' title='bbox 941 2290 1106 2356; x_wconf 88' lang='lat' dir='ltr'><strong>illud,</strong></span> <span class='ocrx_word' id='word_1_156' title='bbox 1123 2292 1213 2346; x_wconf 87' lang='lat' dir='ltr'><strong>vel</strong></span> <span class='ocrx_word' id='word_1_157' title='bbox 1233 2295 1413 2363; x_wconf 88' lang='lat' dir='ltr'><strong>potest</strong></span> <span class='ocrx_word' id='word_1_158' title='bbox 1430 2291 1647 2349; x_wconf 83' lang='lat' dir='ltr'><strong>referre</strong></span> 
     </span>
     <span class='ocr_line' id='line_1_24' title="bbox 284 2371 1648 2445; baseline 0.004 -21"><span class='ocrx_word' id='word_1_159' title='bbox 284 2383 486 2424; x_wconf 88' lang='lat' dir='ltr'><strong>omnes</strong></span> <span class='ocrx_word' id='word_1_160' title='bbox 506 2386 638 2426; x_wconf 84' lang='lat' dir='ltr'><strong>suos</strong></span> <span class='ocrx_word' id='word_1_161' title='bbox 657 2377 813 2427; x_wconf 89' lang='lat' dir='ltr'><strong>actus</strong></span> <span class='ocrx_word' id='word_1_162' title='bbox 839 2392 853 2426; x_wconf 90' lang='lat'>:</span> <span class='ocrx_word' id='word_1_163' title='bbox 883 2387 1018 2445; x_wconf 89' lang='lat' dir='ltr'><strong>ergo</strong></span> <span class='ocrx_word' id='word_1_164' title='bbox 1043 2371 1093 2426; x_wconf 89' lang='lat' dir='ltr'><strong>si</strong></span> <span class='ocrx_word' id='word_1_165' title='bbox 1123 2372 1282 2443; x_wconf 88' lang='lat' dir='ltr'><strong>prior</strong></span> <span class='ocrx_word' id='word_1_166' title='bbox 1311 2373 1413 2427; x_wconf 88' lang='lat' dir='ltr'><strong>illa</strong></span> <span class='ocrx_word' id='word_1_167' title='bbox 1446 2373 1648 2430; x_wconf 84' lang='lat' dir='ltr'><strong>relatio</strong></span> 
     </span>
     <span class='ocr_line' id='line_1_25' title="bbox 285 2450 1648 2527; baseline 0.002 -21"><span class='ocrx_word' id='word_1_168' title='bbox 285 2450 432 2507; x_wconf 78' lang='lat' dir='ltr'><strong>facta</strong></span> <span class='ocrx_word' id='word_1_169' title='bbox 472 2466 574 2523; x_wconf 91' lang='lat' dir='ltr'><strong>per</strong></span> <span class='ocrx_word' id='word_1_170' title='bbox 613 2453 951 2510; x_wconf 89' lang='lat' dir='ltr'><strong>charitatem</strong></span> <span class='ocrx_word' id='word_1_171' title='bbox 982 2453 1175 2509; x_wconf 85' lang='lat' dir='ltr'><strong>influit</strong></span> <span class='ocrx_word' id='word_1_172' title='bbox 1203 2454 1266 2510; x_wconf 92' lang='lat' dir='ltr'><strong>in</strong></span> <span class='ocrx_word' id='word_1_173' title='bbox 1293 2453 1648 2527; x_wconf 89' lang='lat' dir='ltr'><strong>subsequen-</strong></span> 
     </span>
     <span class='ocr_line' id='line_1_26' title="bbox 282 2532 1648 2602; baseline 0.001 -13"><span class='ocrx_word' id='word_1_174' title='bbox 282 2535 370 2589; x_wconf 85' lang='lat' dir='ltr'><strong>tes</strong></span> <span class='ocrx_word' id='word_1_175' title='bbox 397 2538 552 2589; x_wconf 89' lang='lat' dir='ltr'><strong>actus</strong></span> <span class='ocrx_word' id='word_1_176' title='bbox 579 2533 927 2602; x_wconf 84' lang='lat' dir='ltr'><strong>virtualiter,</strong></span> <span class='ocrx_word' id='word_1_177' title='bbox 973 2533 1172 2592; x_wconf 88' lang='lat' dir='ltr'><strong>eodem</strong></span> <span class='ocrx_word' id='word_1_178' title='bbox 1218 2533 1391 2592; x_wconf 86' lang='lat' dir='ltr'><strong>modo</strong></span> <span class='ocrx_word' id='word_1_179' title='bbox 1443 2532 1648 2592; x_wconf 87' lang='lat' dir='ltr'><strong>influet</strong></span> 
     </span>
     <span class='ocr_line' id='line_1_27' title="bbox 284 2615 1647 2690; baseline 0.004 -20"><span class='ocrx_word' id='word_1_180' title='bbox 284 2615 349 2670; x_wconf 91' lang='lat' dir='ltr'><strong>in</strong></span> <span class='ocrx_word' id='word_1_181' title='bbox 378 2616 512 2674; x_wconf 90' lang='lat' dir='ltr'><strong>illos</strong></span> <span class='ocrx_word' id='word_1_182' title='bbox 541 2617 763 2684; x_wconf 89' lang='lat' dir='ltr'><strong>relatio,</strong></span> <span class='ocrx_word' id='word_1_183' title='bbox 796 2633 921 2690; x_wconf 80' lang='lat' dir='ltr'><strong>quae</strong></span> <span class='ocrx_word' id='word_1_184' title='bbox 946 2615 1010 2672; x_wconf 87' lang='lat' dir='ltr'><strong>fit</strong></span> <span class='ocrx_word' id='word_1_185' title='bbox 1045 2633 1144 2689; x_wconf 90' lang='lat' dir='ltr'><strong>per</strong></span> <span class='ocrx_word' id='word_1_186' title='bbox 1184 2622 1373 2674; x_wconf 89' lang='lat' dir='ltr'><strong>actum</strong></span> <span class='ocrx_word' id='word_1_187' title='bbox 1402 2617 1647 2676; x_wconf 89' lang='lat' dir='ltr'><strong>idolola-</strong></span> 
     </span>
     <span class='ocr_line' id='line_1_28' title="bbox 281 2696 1648 2772; baseline 0.003 -21"><span class='ocrx_word' id='word_1_188' title='bbox 281 2697 431 2754; x_wconf 80' lang='lat' dir='ltr'><strong>triae.</strong></span> <span class='ocrx_word' id='word_1_189' title='bbox 454 2699 754 2770; x_wconf 85' lang='lat' dir='ltr'><strong>Potestque</strong></span> <span class='ocrx_word' id='word_1_190' title='bbox 781 2699 983 2755; x_wconf 89' lang='lat' dir='ltr'><strong>eadem</strong></span> <span class='ocrx_word' id='word_1_191' title='bbox 1005 2697 1245 2772; x_wconf 81' lang='lat' dir='ltr'><strong>objectio</strong></span> <span class='ocrx_word' id='word_1_192' title='bbox 1266 2696 1395 2754; x_wconf 90' lang='lat' dir='ltr'><strong>fieri</strong></span> <span class='ocrx_word' id='word_1_193' title='bbox 1427 2699 1489 2755; x_wconf 89' lang='lat' dir='ltr'><strong>in</strong></span> <span class='ocrx_word' id='word_1_194' title='bbox 1513 2715 1648 2772; x_wconf 90' lang='lat' dir='ltr'><strong>quo·</strong></span> 
     </span>
     <span class='ocr_line' id='line_1_29' title="bbox 282 2776 1646 2852; baseline 0.002 -18"><span class='ocrx_word' id='word_1_195' title='bbox 282 2776 424 2835; x_wconf 89' lang='lat' dir='ltr'><strong>libet</strong></span> <span class='ocrx_word' id='word_1_196' title='bbox 471 2783 739 2852; x_wconf 85' lang='lat' dir='ltr'><strong>peccante</strong></span> <span class='ocrx_word' id='word_1_197' title='bbox 764 2780 1109 2847; x_wconf 87' lang='lat' dir='ltr'><strong>mortaliter,</strong></span> <span class='ocrx_word' id='word_1_198' title='bbox 1143 2780 1371 2837; x_wconf 90' lang='lat' dir='ltr'><strong>etiamsi</strong></span> <span class='ocrx_word' id='word_1_199' title='bbox 1399 2780 1474 2835; x_wconf 93' lang='lat' dir='ltr'><strong>sit</strong></span> <span class='ocrx_word' id='word_1_200' title='bbox 1501 2777 1646 2837; x_wconf 86' lang='lat' dir='ltr'><strong>fide-</strong></span> 
     </span>
     <span class='ocr_line' id='line_1_30' title="bbox 281 2859 1645 2935; baseline 0.001 -20"><span class='ocrx_word' id='word_1_201' title='bbox 281 2859 353 2916; x_wconf 90' lang='lat' dir='ltr'><strong>lis</strong></span> <span class='ocrx_word' id='word_1_202' title='bbox 368 2881 382 2925; x_wconf 69' lang='grc' dir='ltr'><strong><em>ς</em></strong></span> <span class='ocrx_word' id='word_1_203' title='bbox 428 2860 564 2934; x_wconf 89' lang='lat' dir='ltr'><strong>quia</strong></span> <span class='ocrx_word' id='word_1_204' title='bbox 609 2876 711 2933; x_wconf 88' lang='lat' dir='ltr'><strong>per</strong></span> <span class='ocrx_word' id='word_1_205' title='bbox 748 2859 1042 2935; x_wconf 88' lang='lat' dir='ltr'><strong>quodlibet</strong></span> <span class='ocrx_word' id='word_1_206' title='bbox 1084 2863 1327 2921; x_wconf 85' lang='lat' dir='ltr'><strong>mortale</strong></span> <span class='ocrx_word' id='word_1_207' title='bbox 1357 2867 1645 2935; x_wconf 88' lang='lat' dir='ltr'><strong>peccatum</strong></span> 
     </span>
     <span class='ocr_line' id='line_1_31' title="bbox 280 2944 1644 3005; baseline -0.001 -3"><span class='ocrx_word' id='word_1_208' title='bbox 280 2944 577 3002; x_wconf 84' lang='lat' dir='ltr'><strong>constituit</strong></span> <span class='ocrx_word' id='word_1_209' title='bbox 621 2945 793 3002; x_wconf 89' lang='lat' dir='ltr'><strong>homo</strong></span> <span class='ocrx_word' id='word_1_210' title='bbox 845 2945 1020 3003; x_wconf 87' lang='lat' dir='ltr'><strong>finem</strong></span> <span class='ocrx_word' id='word_1_211' title='bbox 1060 2964 1231 3004; x_wconf 91' lang='lat' dir='ltr'><strong>suum</strong></span> <span class='ocrx_word' id='word_1_212' title='bbox 1274 2948 1550 3005; x_wconf 89' lang='lat' dir='ltr'><strong>ultimum</strong></span> <span class='ocrx_word' id='word_1_213' title='bbox 1582 2947 1644 3001; x_wconf 92' lang='lat' dir='ltr'><strong>in</strong></span> 
     </span>
     <span class='ocr_line' id='line_1_32' title="bbox 280 3026 1644 3103; baseline 0.001 -19"><span class='ocrx_word' id='word_1_214' title='bbox 280 3033 561 3094; x_wconf 89' lang='lat' dir='ltr'><strong>creatura,</strong></span> <span class='ocrx_word' id='word_1_215' title='bbox 587 3026 889 3102; x_wconf 83' lang='lat' dir='ltr'><strong>diligitque</strong></span> <span class='ocrx_word' id='word_1_216' title='bbox 915 3031 1295 3103; x_wconf 90' lang='lat' dir='ltr'><strong>appretiative</strong></span> <span class='ocrx_word' id='word_1_217' title='bbox 1321 3046 1495 3102; x_wconf 91' lang='lat' dir='ltr'><strong>super</strong></span> <span class='ocrx_word' id='word_1_218' title='bbox 1523 3046 1644 3088; x_wconf 91' lang='lat' dir='ltr'><strong>om-</strong></span> 
     </span>
     <span class='ocr_line' id='line_1_33' title="bbox 279 3109 1644 3187; baseline 0 -21"><span class='ocrx_word' id='word_1_219' title='bbox 279 3109 381 3166; x_wconf 90' lang='lat' dir='ltr'><strong>nia</strong></span> <span class='ocrx_word' id='word_1_220' title='bbox 432 3109 649 3168; x_wconf 92' lang='lat' dir='ltr'><strong>bonum</strong></span> <span class='ocrx_word' id='word_1_221' title='bbox 699 3112 844 3167; x_wconf 92' lang='lat' dir='ltr'><strong>illud</strong></span> <span class='ocrx_word' id='word_1_222' title='bbox 896 3113 1314 3181; x_wconf 88' lang='lat' dir='ltr'><strong>inordinatum,</strong></span> <span class='ocrx_word' id='word_1_223' title='bbox 1365 3111 1514 3187; x_wconf 91' lang='lat' dir='ltr'><strong>quod</strong></span> <span class='ocrx_word' id='word_1_224' title='bbox 1559 3116 1644 3169; x_wconf 89' lang='lat' dir='ltr'><strong>est</strong></span> 
     </span>
     <span class='ocr_line' id='line_1_34' title="bbox 278 3191 966 3267; baseline 0.003 -18"><span class='ocrx_word' id='word_1_225' title='bbox 278 3191 560 3267; x_wconf 80' lang='lat' dir='ltr'><strong>objectum</strong></span> <span class='ocrx_word' id='word_1_226' title='bbox 582 3194 715 3250; x_wconf 89' lang='lat' dir='ltr'><strong>talis</strong></span> <span class='ocrx_word' id='word_1_227' title='bbox 737 3196 966 3267; x_wconf 89' lang='lat' dir='ltr'><strong>peccati.</strong></span> 
     </span>
    </p>

    <p class='ocr_par' dir='ltr' id='par_1_3' title="bbox 30 3284 1637 3358">
     <span class='ocr_line' id='line_1_35' title="bbox 30 3284 1637 3358; baseline 0.001 -17"><span class='ocrx_word' id='word_1_228' title='bbox 30 3291 267 3341; x_wconf 79' lang='lat' dir='ltr'><strong>Incidens</strong></span> <span class='ocrx_word' id='word_1_229' title='bbox 353 3284 444 3341; x_wconf 84' lang='lat'><strong>83.</strong></span> <span class='ocrx_word' id='word_1_230' title='bbox 501 3288 615 3343; x_wconf 87' lang='lat' dir='ltr'><strong>Nec</strong></span> <span class='ocrx_word' id='word_1_231' title='bbox 672 3284 904 3341; x_wconf 89' lang='lat' dir='ltr'><strong>videtur</strong></span> <span class='ocrx_word' id='word_1_232' title='bbox 971 3284 1259 3341; x_wconf 86' lang='lat' dir='ltr'><strong>sufficiens</strong></span> <span class='ocrx_word' id='word_1_233' title='bbox 1324 3285 1637 3358; x_wconf 83' lang='lat' dir='ltr'><strong>responsio,</strong></span> 
     </span>
    </p>

    <p class='ocr_par' dir='ltr' id='par_1_4' title="bbox 47 3352 1642 3927">
     <span class='ocr_line' id='line_1_36' title="bbox 47 3352 1642 3439; baseline 0.002 -20"><span class='ocrx_word' id='word_1_234' title='bbox 47 3352 251 3439; x_wconf 53' lang='lat' dir='ltr'><strong>reggon·</strong></span> <span class='ocrx_word' id='word_1_235' title='bbox 279 3379 454 3437; x_wconf 87' lang='lat' dir='ltr'><strong>quam</strong></span> <span class='ocrx_word' id='word_1_236' title='bbox 495 3363 731 3421; x_wconf 82' lang='lat' dir='ltr'><strong>adhibet</strong></span> <span class='ocrx_word' id='word_1_237' title='bbox 777 3362 1013 3419; x_wconf 89' lang='lat' dir='ltr'><strong>Medina</strong></span> <span class='ocrx_word' id='word_1_238' title='bbox 1040 3405 1053 3429; x_wconf 95' lang='lat'><strong>,</strong></span> <span class='ocrx_word' id='word_1_239' title='bbox 1103 3363 1299 3420; x_wconf 89' lang='lat' dir='ltr'><strong>dicens</strong></span> <span class='ocrx_word' id='word_1_240' title='bbox 1346 3363 1642 3422; x_wconf 88' lang='lat' dir='ltr'><strong>infidelem</strong></span> 
     </span>
     <span class='ocr_line' id='line_1_37' title="bbox 281 3445 1642 3517; baseline 0.002 -16"><span class='ocrx_word' id='word_1_241' title='bbox 281 3451 594 3503; x_wconf 88' lang='lat' dir='ltr'><strong>retractare</strong></span> <span class='ocrx_word' id='word_1_242' title='bbox 641 3445 972 3517; x_wconf 67' lang='lat' dir='ltr'><strong>praedictam</strong></span> <span class='ocrx_word' id='word_1_243' title='bbox 1013 3446 1355 3504; x_wconf 62' lang='lat' dir='ltr'><strong>idololatriae</strong></span> <span class='ocrx_word' id='word_1_244' title='bbox 1401 3446 1642 3504; x_wconf 89' lang='lat' dir='ltr'><strong>ordina-</strong></span> 
     </span>
     <span class='ocr_line' id='line_1_38' title="bbox 278 3525 1642 3600; baseline 0.004 -20"><span class='ocrx_word' id='word_1_245' title='bbox 278 3525 498 3582; x_wconf 84' lang='lat' dir='ltr'><strong>tionem</strong></span> <span class='ocrx_word' id='word_1_246' title='bbox 525 3542 593 3584; x_wconf 93' lang='lat' dir='ltr'><strong>eo</strong></span> <span class='ocrx_word' id='word_1_247' title='bbox 627 3527 769 3599; x_wconf 90' lang='lat' dir='ltr'><strong>ipso,</strong></span> <span class='ocrx_word' id='word_1_248' title='bbox 800 3526 949 3600; x_wconf 91' lang='lat' dir='ltr'><strong>quod</strong></span> <span class='ocrx_word' id='word_1_249' title='bbox 989 3526 1135 3585; x_wconf 90' lang='lat' dir='ltr'><strong>bene</strong></span> <span class='ocrx_word' id='word_1_250' title='bbox 1175 3529 1475 3585; x_wconf 85' lang='lat' dir='ltr'><strong>moraliter</strong></span> <span class='ocrx_word' id='word_1_251' title='bbox 1501 3540 1642 3600; x_wconf 86' lang='lat' dir='ltr'><strong>ope-</strong></span> 
     </span>
     <span class='ocr_line' id='line_1_39' title="bbox 285 3609 1641 3684; baseline 0.004 -20"><span class='ocrx_word' id='word_1_252' title='bbox 285 3614 445 3667; x_wconf 90' lang='lat' dir='ltr'><strong>retur</strong></span> <span class='ocrx_word' id='word_1_253' title='bbox 466 3631 478 3676; x_wconf 89' lang='lat'>;</span> <span class='ocrx_word' id='word_1_254' title='bbox 500 3619 667 3684; x_wconf 86' lang='lat' dir='ltr'><strong>atque</strong></span> <span class='ocrx_word' id='word_1_255' title='bbox 688 3611 770 3666; x_wconf 91' lang='lat' dir='ltr'><strong>ita</strong></span> <span class='ocrx_word' id='word_1_256' title='bbox 789 3610 904 3666; x_wconf 91' lang='lat' dir='ltr'><strong>nisi</strong></span> <span class='ocrx_word' id='word_1_257' title='bbox 934 3609 1225 3669; x_wconf 90' lang='lat' dir='ltr'><strong>ordinatio</strong></span> <span class='ocrx_word' id='word_1_258' title='bbox 1265 3612 1369 3667; x_wconf 91' lang='lat' dir='ltr'><strong>illa</strong></span> <span class='ocrx_word' id='word_1_259' title='bbox 1414 3617 1641 3683; x_wconf 89' lang='lat' dir='ltr'><strong>repeta-</strong></span> 
     </span>
     <span class='ocr_line' id='line_1_40' title="bbox 279 3690 1640 3764; baseline 0.003 -19"><span class='ocrx_word' id='word_1_260' title='bbox 279 3695 395 3756; x_wconf 89' lang='lat' dir='ltr'><strong>tur,</strong></span> <span class='ocrx_word' id='word_1_261' title='bbox 433 3706 552 3748; x_wconf 90' lang='lat' dir='ltr'><strong>non</strong></span> <span class='ocrx_word' id='word_1_262' title='bbox 591 3690 842 3764; x_wconf 89' lang='lat' dir='ltr'><strong>amplius</strong></span> <span class='ocrx_word' id='word_1_263' title='bbox 866 3690 1113 3749; x_wconf 85' lang='lat' dir='ltr'><strong>influere</strong></span> <span class='ocrx_word' id='word_1_264' title='bbox 1155 3692 1217 3748; x_wconf 91' lang='lat' dir='ltr'><strong>in</strong></span> <span class='ocrx_word' id='word_1_265' title='bbox 1258 3697 1413 3748; x_wconf 91' lang='lat' dir='ltr'><strong>actus</strong></span> <span class='ocrx_word' id='word_1_266' title='bbox 1438 3691 1640 3749; x_wconf 87' lang='lat' dir='ltr'><strong>subse-</strong></span> 
     </span>
     <span class='ocr_line' id='line_1_41' title="bbox 280 3772 1639 3848; baseline 0.001 -22"><span class='ocrx_word' id='word_1_267' title='bbox 280 3777 534 3846; x_wconf 72' lang='lat' dir='ltr'><strong>quenteS,</strong></span> <span class='ocrx_word' id='word_1_268' title='bbox 562 3788 665 3829; x_wconf 89' lang='lat' dir='ltr'><strong>nec</strong></span> <span class='ocrx_word' id='word_1_269' title='bbox 685 3772 823 3829; x_wconf 86' lang='lat' dir='ltr'><strong>istos</strong></span> <span class='ocrx_word' id='word_1_270' title='bbox 844 3773 965 3848; x_wconf 81' lang='lat' dir='ltr'><strong>jam</strong></span> <span class='ocrx_word' id='word_1_271' title='bbox 990 3773 1195 3833; x_wconf 80' lang='lat' dir='ltr'><strong>referri</strong></span> <span class='ocrx_word' id='word_1_272' title='bbox 1218 3772 1546 3830; x_wconf 85' lang='lat' dir='ltr'><strong>virtualiter</strong></span> <span class='ocrx_word' id='word_1_273' title='bbox 1573 3773 1639 3829; x_wconf 89' lang='lat' dir='ltr'><strong>in</strong></span> 
     </span>
     <span class='ocr_line' id='line_1_42' title="bbox 277 3853 795 3927; baseline -0.002 -15"><span class='ocrx_word' id='word_1_274' title='bbox 277 3854 613 3927; x_wconf 87' lang='lat' dir='ltr'><strong>obsequium</strong></span> <span class='ocrx_word' id='word_1_275' title='bbox 635 3853 795 3911; x_wconf 89' lang='lat' dir='ltr'><strong>idoli.</strong></span> 
     </span>
    </p>

    <p class='ocr_par' dir='ltr' id='par_1_5' title="bbox 36 3946 1637 4021">
     <span class='ocr_line' id='line_1_43' title="bbox 36 3946 1637 4021; baseline 0.001 -18"><span class='ocrx_word' id='word_1_276' title='bbox 36 3961 153 4020; x_wconf 53' lang='grc' dir='ltr'><strong>»ζου</strong></span> <span class='ocrx_word' id='word_1_277' title='bbox 173 3966 239 4016; x_wconf 71' lang='lat'><strong>⁶3¹·</strong></span> <span class='ocrx_word' id='word_1_278' title='bbox 356 3951 504 4004; x_wconf 88' lang='lat' dir='ltr'><strong>Nam</strong></span> <span class='ocrx_word' id='word_1_279' title='bbox 526 3952 725 4004; x_wconf 89' lang='lat' dir='ltr'><strong>contra</strong></span> <span class='ocrx_word' id='word_1_280' title='bbox 744 3950 849 4012; x_wconf 91' lang='lat' dir='ltr'><strong>est,</strong></span> <span class='ocrx_word' id='word_1_281' title='bbox 868 3946 1017 4020; x_wconf 87' lang='lat' dir='ltr'><strong>quod</strong></span> <span class='ocrx_word' id='word_1_282' title='bbox 1038 3946 1184 4003; x_wconf 88' lang='lat' dir='ltr'><strong>sicut</strong></span> <span class='ocrx_word' id='word_1_283' title='bbox 1208 3947 1498 4005; x_wconf 90' lang='lat' dir='ltr'><strong>ordinatio</strong></span> <span class='ocrx_word' id='word_1_284' title='bbox 1512 3963 1637 4021; x_wconf 68' lang='lat' dir='ltr'><strong>quae</strong></span> 
     </span>
    </p>

    <p class='ocr_par' dir='ltr' id='par_1_6' title="bbox 38 4008 1636 5089">
     <span class='ocr_line' id='line_1_44' title="bbox 38 4008 1630 4106; baseline -0.001 -18"><span class='ocrx_word' id='word_1_285' title='bbox 38 4008 237 4055; x_wconf 53' lang='lat' dir='ltr'><strong>mmm·</strong></span> <span class='ocrx_word' id='word_1_286' title='bbox 275 4030 344 4088; x_wconf 90' lang='lat' dir='ltr'><strong>fit</strong></span> <span class='ocrx_word' id='word_1_287' title='bbox 382 4048 484 4106; x_wconf 91' lang='lat' dir='ltr'><strong>per</strong></span> <span class='ocrx_word' id='word_1_288' title='bbox 525 4036 712 4088; x_wconf 90' lang='lat' dir='ltr'><strong>actum</strong></span> <span class='ocrx_word' id='word_1_289' title='bbox 754 4031 1065 4096; x_wconf 78' lang='lat' dir='ltr'><strong>charitatiS,</strong></span> <span class='ocrx_word' id='word_1_290' title='bbox 1112 4046 1228 4088; x_wconf 91' lang='lat' dir='ltr'><strong>non</strong></span> <span class='ocrx_word' id='word_1_291' title='bbox 1272 4035 1630 4099; x_wconf 88' lang='lat' dir='ltr'><strong>retractatur,</strong></span> 
     </span>
     <span class='ocr_line' id='line_1_45' title="bbox 278 4111 1636 4186; baseline -0.001 -16"><span class='ocrx_word' id='word_1_292' title='bbox 278 4113 393 4170; x_wconf 86' lang='lat' dir='ltr'><strong>nisi</strong></span> <span class='ocrx_word' id='word_1_293' title='bbox 423 4129 523 4186; x_wconf 91' lang='lat' dir='ltr'><strong>per</strong></span> <span class='ocrx_word' id='word_1_294' title='bbox 551 4115 738 4169; x_wconf 90' lang='lat' dir='ltr'><strong>actum</strong></span> <span class='ocrx_word' id='word_1_295' title='bbox 769 4111 1033 4168; x_wconf 87' lang='lat' dir='ltr'><strong>mortalis</strong></span> <span class='ocrx_word' id='word_1_296' title='bbox 1060 4111 1266 4184; x_wconf 89' lang='lat' dir='ltr'><strong>peccati</strong></span> <span class='ocrx_word' id='word_1_297' title='bbox 1309 4112 1572 4168; x_wconf 88' lang='lat' dir='ltr'><strong>animum</strong></span> <span class='ocrx_word' id='word_1_298' title='bbox 1602 4129 1636 4169; x_wconf 90' lang='lat' dir='ltr'><strong>a</strong></span> 
     </span>
     <span class='ocr_line' id='line_1_46' title="bbox 276 4191 1635 4265; baseline -0.001 -16"><span class='ocrx_word' id='word_1_299' title='bbox 276 4196 393 4251; x_wconf 91' lang='lat' dir='ltr'><strong>Deo</strong></span> <span class='ocrx_word' id='word_1_300' title='bbox 421 4192 752 4259; x_wconf 88' lang='lat' dir='ltr'><strong>avertentis,</strong></span> <span class='ocrx_word' id='word_1_301' title='bbox 791 4198 846 4249; x_wconf 90' lang='lat' dir='ltr'><strong>et</strong></span> <span class='ocrx_word' id='word_1_302' title='bbox 871 4193 1256 4249; x_wconf 86' lang='lat' dir='ltr'><strong>convertentis</strong></span> <span class='ocrx_word' id='word_1_303' title='bbox 1292 4191 1361 4247; x_wconf 92' lang='lat' dir='ltr'><strong>ad</strong></span> <span class='ocrx_word' id='word_1_304' title='bbox 1403 4193 1635 4265; x_wconf 85' lang='lat' dir='ltr'><strong>opposi-</strong></span> 
     </span>
     <span class='ocr_line' id='line_1_47' title="bbox 274 4273 1632 4348; baseline 0.001 -15"><span class='ocrx_word' id='word_1_305' title='bbox 274 4282 400 4333; x_wconf 87' lang='lat' dir='ltr'><strong>tum</strong></span> <span class='ocrx_word' id='word_1_306' title='bbox 453 4274 651 4341; x_wconf 88' lang='lat' dir='ltr'><strong>finem,</strong></span> <span class='ocrx_word' id='word_1_307' title='bbox 703 4288 909 4348; x_wconf 91' lang='lat' dir='ltr'><strong>nempe</strong></span> <span class='ocrx_word' id='word_1_308' title='bbox 959 4273 1029 4331; x_wconf 91' lang='lat' dir='ltr'><strong>ad</strong></span> <span class='ocrx_word' id='word_1_309' title='bbox 1076 4273 1293 4331; x_wconf 90' lang='lat' dir='ltr'><strong>bonum</strong></span> <span class='ocrx_word' id='word_1_310' title='bbox 1356 4281 1632 4334; x_wconf 80' lang='lat' dir='ltr'><strong>creaturae</strong></span> 
     </span>
     <span class='ocr_line' id='line_1_48' title="bbox 273 4356 1631 4428; baseline -0.001 -13"><span class='ocrx_word' id='word_1_311' title='bbox 273 4357 605 4415; x_wconf 90' lang='lat' dir='ltr'><strong>inordinate</strong></span> <span class='ocrx_word' id='word_1_312' title='bbox 624 4357 895 4414; x_wconf 89' lang='lat' dir='ltr'><strong>dilectum</strong></span> <span class='ocrx_word' id='word_1_313' title='bbox 924 4377 937 4411; x_wconf 91' lang='lat'><strong>:</strong></span> <span class='ocrx_word' id='word_1_314' title='bbox 966 4356 1046 4412; x_wconf 90' lang='lat' dir='ltr'><strong>ita</strong></span> <span class='ocrx_word' id='word_1_315' title='bbox 1072 4356 1373 4413; x_wconf 84' lang='lat' dir='ltr'><strong>conversio</strong></span> <span class='ocrx_word' id='word_1_316' title='bbox 1399 4372 1509 4428; x_wconf 91' lang='lat' dir='ltr'><strong>qua</strong></span> <span class='ocrx_word' id='word_1_317' title='bbox 1536 4356 1631 4414; x_wconf 91' lang='lat' dir='ltr'><strong>in·-</strong></span> 
     </span>
     <span class='ocr_line' id='line_1_49' title="bbox 273 4435 1634 4511; baseline -0.001 -15"><span class='ocrx_word' id='word_1_318' title='bbox 273 4438 462 4497; x_wconf 85' lang='lat' dir='ltr'><strong>fidelis</strong></span> <span class='ocrx_word' id='word_1_319' title='bbox 489 4454 796 4497; x_wconf 83' lang='lat' dir='ltr'><strong>conversus</strong></span> <span class='ocrx_word' id='word_1_320' title='bbox 827 4442 912 4494; x_wconf 84' lang='lat' dir='ltr'><strong>est</strong></span> <span class='ocrx_word' id='word_1_321' title='bbox 957 4435 1027 4493; x_wconf 89' lang='lat' dir='ltr'><strong>ad</strong></span> <span class='ocrx_word' id='word_1_322' title='bbox 1056 4436 1296 4506; x_wconf 90' lang='lat' dir='ltr'><strong>idolum,</strong></span> <span class='ocrx_word' id='word_1_323' title='bbox 1326 4443 1423 4493; x_wconf 90' lang='lat' dir='ltr'><strong>aut</strong></span> <span class='ocrx_word' id='word_1_324' title='bbox 1449 4438 1634 4511; x_wconf 88' lang='lat' dir='ltr'><strong>quili-</strong></span> 
     </span>
     <span class='ocr_line' id='line_1_50' title="bbox 275 4517 1632 4592; baseline -0.001 -14"><span class='ocrx_word' id='word_1_325' title='bbox 275 4519 369 4579; x_wconf 87' lang='lat' dir='ltr'><strong>bet</strong></span> <span class='ocrx_word' id='word_1_326' title='bbox 433 4521 758 4579; x_wconf 86' lang='lat' dir='ltr'><strong>mortaliter</strong></span> <span class='ocrx_word' id='word_1_327' title='bbox 802 4535 1036 4592; x_wconf 85' lang='lat' dir='ltr'><strong>peccans</strong></span> <span class='ocrx_word' id='word_1_328' title='bbox 1082 4517 1152 4575; x_wconf 82' lang='lat' dir='ltr'><strong>ad</strong></span> <span class='ocrx_word' id='word_1_329' title='bbox 1200 4518 1482 4592; x_wconf 86' lang='lat' dir='ltr'><strong>objectum</strong></span> <span class='ocrx_word' id='word_1_330' title='bbox 1540 4518 1632 4576; x_wconf 87' lang='lat' dir='ltr'><strong>sui</strong></span> 
     </span>
     <span class='ocr_line' id='line_1_51' title="bbox 274 4600 1632 4678; baseline -0.002 -16"><span class='ocrx_word' id='word_1_331' title='bbox 274 4604 505 4678; x_wconf 86' lang='lat' dir='ltr'><strong>peccati,</strong></span> <span class='ocrx_word' id='word_1_332' title='bbox 540 4620 657 4661; x_wconf 89' lang='lat' dir='ltr'><strong>non</strong></span> <span class='ocrx_word' id='word_1_333' title='bbox 678 4608 858 4676; x_wconf 87' lang='lat' dir='ltr'><strong>potest</strong></span> <span class='ocrx_word' id='word_1_334' title='bbox 887 4601 1183 4659; x_wconf 88' lang='lat' dir='ltr'><strong>retractari</strong></span> <span class='ocrx_word' id='word_1_335' title='bbox 1225 4600 1338 4657; x_wconf 89' lang='lat' dir='ltr'><strong>nisi</strong></span> <span class='ocrx_word' id='word_1_336' title='bbox 1367 4616 1469 4673; x_wconf 92' lang='lat' dir='ltr'><strong>per</strong></span> <span class='ocrx_word' id='word_1_337' title='bbox 1493 4602 1632 4660; x_wconf 90' lang='lat' dir='ltr'><strong>cha-</strong></span> 
     </span>
     <span class='ocr_line' id='line_1_52' title="bbox 272 4684 1633 4762; baseline -0.001 -18"><span class='ocrx_word' id='word_1_338' title='bbox 272 4687 505 4746; x_wconf 90' lang='lat' dir='ltr'><strong>ritatem</strong></span> <span class='ocrx_word' id='word_1_339' title='bbox 550 4692 607 4745; x_wconf 90' lang='lat' dir='ltr'><strong>et</strong></span> <span class='ocrx_word' id='word_1_340' title='bbox 648 4686 917 4762; x_wconf 80' lang='lat' dir='ltr'><strong>gratiam,</strong></span> <span class='ocrx_word' id='word_1_341' title='bbox 969 4700 1094 4758; x_wconf 80' lang='lat' dir='ltr'><strong>quae</strong></span> <span class='ocrx_word' id='word_1_342' title='bbox 1151 4684 1526 4753; x_wconf 88' lang='lat' dir='ltr'><strong>voluntatem,</strong></span> <span class='ocrx_word' id='word_1_343' title='bbox 1574 4691 1633 4743; x_wconf 93' lang='lat' dir='ltr'><strong>et</strong></span> 
     </span>
     <span class='ocr_line' id='line_1_53' title="bbox 272 4765 1633 4834; baseline -0.004 -6"><span class='ocrx_word' id='word_1_344' title='bbox 272 4771 534 4829; x_wconf 87' lang='lat' dir='ltr'><strong>animam</strong></span> <span class='ocrx_word' id='word_1_345' title='bbox 564 4771 627 4827; x_wconf 93' lang='lat' dir='ltr'><strong>in</strong></span> <span class='ocrx_word' id='word_1_346' title='bbox 656 4771 834 4827; x_wconf 92' lang='lat' dir='ltr'><strong>Deum</strong></span> <span class='ocrx_word' id='word_1_347' title='bbox 880 4765 1181 4834; x_wconf 86' lang='lat' dir='ltr'><strong>convertit,</strong></span> <span class='ocrx_word' id='word_1_348' title='bbox 1212 4770 1269 4822; x_wconf 90' lang='lat' dir='ltr'><strong>et</strong></span> <span class='ocrx_word' id='word_1_349' title='bbox 1295 4766 1376 4822; x_wconf 81' lang='lat' dir='ltr'><strong>sic</strong></span> <span class='ocrx_word' id='word_1_350' title='bbox 1422 4768 1633 4825; x_wconf 85' lang='lat' dir='ltr'><strong>avertit</strong></span> 
     </span>
     <span class='ocr_line' id='line_1_54' title="bbox 271 4846 1632 4927; baseline -0.004 -17"><span class='ocrx_word' id='word_1_351' title='bbox 271 4850 345 4910; x_wconf 84' lang='lat' dir='ltr'><strong>ab</strong></span> <span class='ocrx_word' id='word_1_352' title='bbox 384 4851 599 4927; x_wconf 80' lang='lat' dir='ltr'><strong>objecto</strong></span> <span class='ocrx_word' id='word_1_353' title='bbox 623 4855 682 4909; x_wconf 89' lang='lat' dir='ltr'><strong>et</strong></span> <span class='ocrx_word' id='word_1_354' title='bbox 718 4849 835 4907; x_wconf 88' lang='lat' dir='ltr'><strong>fine</strong></span> <span class='ocrx_word' id='word_1_355' title='bbox 874 4847 1081 4922; x_wconf 90' lang='lat' dir='ltr'><strong>peccati</strong></span> <span class='ocrx_word' id='word_1_356' title='bbox 1107 4846 1388 4904; x_wconf 88' lang='lat' dir='ltr'><strong>mortalis.</strong></span> <span class='ocrx_word' id='word_1_357' title='bbox 1414 4847 1632 4905; x_wconf 91' lang='lat' dir='ltr'><strong>Deinde</strong></span> 
     </span>
     <span class='ocr_line' id='line_1_55' title="bbox 272 4927 1632 5008; baseline -0.005 -18"><span class='ocrx_word' id='word_1_358' title='bbox 272 4934 410 5008; x_wconf 91' lang='lat' dir='ltr'><strong>quia</strong></span> <span class='ocrx_word' id='word_1_359' title='bbox 439 4933 502 4989; x_wconf 93' lang='lat' dir='ltr'><strong>in</strong></span> <span class='ocrx_word' id='word_1_360' title='bbox 544 4933 650 4990; x_wconf 92' lang='lat' dir='ltr'><strong>hac</strong></span> <span class='ocrx_word' id='word_1_361' title='bbox 686 4930 972 4989; x_wconf 88' lang='lat' dir='ltr'><strong>solutione</strong></span> <span class='ocrx_word' id='word_1_362' title='bbox 997 4927 1227 4985; x_wconf 87' lang='lat' dir='ltr'><strong>videtur</strong></span> <span class='ocrx_word' id='word_1_363' title='bbox 1254 4927 1368 5001; x_wconf 89' lang='lat' dir='ltr'><strong>peti</strong></span> <span class='ocrx_word' id='word_1_364' title='bbox 1408 4928 1632 5002; x_wconf 90' lang='lat' dir='ltr'><strong>princi-</strong></span> 
     </span>
     <span class='ocr_line' id='line_1_56' title="bbox 276 5008 1633 5089; baseline -0.003 -17"><span class='ocrx_word' id='word_1_365' title='bbox 276 5014 439 5089; x_wconf 90' lang='lat' dir='ltr'><strong>pium</strong></span> <span class='ocrx_word' id='word_1_366' title='bbox 459 5057 472 5082; x_wconf 90' lang='lat'><strong>,</strong></span> <span class='ocrx_word' id='word_1_367' title='bbox 521 5013 662 5070; x_wconf 90' lang='lat' dir='ltr'><strong>dum</strong></span> <span class='ocrx_word' id='word_1_368' title='bbox 708 5012 917 5069; x_wconf 88' lang='lat' dir='ltr'><strong>dicitur</strong></span> <span class='ocrx_word' id='word_1_369' title='bbox 963 5008 1256 5067; x_wconf 88' lang='lat' dir='ltr'><strong>infidelem</strong></span> <span class='ocrx_word' id='word_1_370' title='bbox 1323 5014 1633 5068; x_wconf 90' lang='lat' dir='ltr'><strong>retractare</strong></span> 
     </span>
    </p>
   </div>
   <div class='ocr_carea' id='block_1_3' title="bbox 422 5113 1412 5189">
    <p class='ocr_par' dir='ltr' id='par_1_7' title="bbox 422 5113 1412 5189">
     <span class='ocr_line' id='line_1_57' title="bbox 422 5113 1412 5189; baseline -0.005 -9"><span class='ocrx_word' id='word_1_371' title='bbox 422 5120 708 5180; x_wconf 81' lang='lat' dir='ltr'><strong>Salmant.</strong></span> <span class='ocrx_word' id='word_1_372' title='bbox 741 5116 904 5178; x_wconf 72' lang='lat' dir='ltr'><strong>Cur-3.</strong></span> <span class='ocrx_word' id='word_1_373' title='bbox 931 5117 1152 5189; x_wconf 72' lang='lat' dir='ltr'><strong>theoloq.</strong></span> <span class='ocrx_word' id='word_1_374' title='bbox 1180 5122 1310 5173; x_wconf 84' lang='lat' dir='ltr'><strong>tom.</strong></span> <span class='ocrx_word' id='word_1_375' title='bbox 1342 5113 1412 5175; x_wconf 81' lang='lat' dir='ltr'><strong>X.</strong></span> 
     </span>
    </p>
   </div>
   <div class='ocr_carea' id='block_1_4' title="bbox 1775 566 3358 3255">
    <p class='ocr_par' dir='ltr' id='par_1_8' title="bbox 1775 566 3358 3255">
     <span class='ocr_line' id='line_1_58' title="bbox 1784 566 3142 643; baseline 0.002 -20"><span class='ocrx_word' id='word_1_376' title='bbox 1784 566 2198 640; x_wconf 78' lang='lat' dir='ltr'><strong>praecedentem</strong></span> <span class='ocrx_word' id='word_1_377' title='bbox 2239 569 2644 635; x_wconf 89' lang='lat' dir='ltr'><strong>intentionem,</strong></span> <span class='ocrx_word' id='word_1_378' title='bbox 2677 570 2896 643; x_wconf 88' lang='lat' dir='ltr'><strong>quoties</strong></span> <span class='ocrx_word' id='word_1_379' title='bbox 2936 586 3142 643; x_wconf 87' lang='lat' dir='ltr'><strong>opera-</strong></span> 
     </span>
     <span class='ocr_line' id='line_1_59' title="bbox 1782 650 3147 727; baseline 0.002 -22"><span class='ocrx_word' id='word_1_380' title='bbox 1782 656 1880 707; x_wconf 85' lang='lat' dir='ltr'><strong>tur</strong></span> <span class='ocrx_word' id='word_1_381' title='bbox 1925 650 2070 708; x_wconf 89' lang='lat' dir='ltr'><strong>bene</strong></span> <span class='ocrx_word' id='word_1_382' title='bbox 2095 652 2414 719; x_wconf 87' lang='lat' dir='ltr'><strong>moraliter,</strong></span> <span class='ocrx_word' id='word_1_383' title='bbox 2449 653 2553 710; x_wconf 89' lang='lat' dir='ltr'><strong>hoc</strong></span> <span class='ocrx_word' id='word_1_384' title='bbox 2578 658 2664 709; x_wconf 91' lang='lat' dir='ltr'><strong>est</strong></span> <span class='ocrx_word' id='word_1_385' title='bbox 2682 654 2843 709; x_wconf 91' lang='lat' dir='ltr'><strong>enim</strong></span> <span class='ocrx_word' id='word_1_386' title='bbox 2872 654 3147 727; x_wconf 78' lang='lat' dir='ltr'><strong>quodju-</strong></span> 
     </span>
     <span class='ocr_line' id='line_1_60' title="bbox 1781 734 3147 809; baseline 0.001 -18"><span class='ocrx_word' id='word_1_387' title='bbox 1781 734 1968 791; x_wconf 88' lang='lat' dir='ltr'><strong>tendit</strong></span> <span class='ocrx_word' id='word_1_388' title='bbox 1996 750 2246 807; x_wconf 61' lang='lat' dir='ltr'><strong>praesens</strong></span> <span class='ocrx_word' id='word_1_389' title='bbox 2284 735 2398 809; x_wconf 49' lang='lat' dir='ltr'><strong>obj*</strong></span> <span class='ocrx_word' id='word_1_390' title='bbox 2423 737 2541 802; x_wconf 56' lang='lat' dir='ltr'><strong>nio,</strong></span> <span class='ocrx_word' id='word_1_391' title='bbox 2568 752 2639 793; x_wconf 88' lang='lat' dir='ltr'><strong>ex</strong></span> <span class='ocrx_word' id='word_1_392' title='bbox 2684 743 2881 794; x_wconf 89' lang='lat' dir='ltr'><strong>nostra</strong></span> <span class='ocrx_word' id='word_1_393' title='bbox 2923 736 3147 793; x_wconf 88' lang='lat' dir='ltr'><strong>ratione</strong></span> 
     </span>
     <span class='ocr_line' id='line_1_61' title="bbox 1780 817 3146 893; baseline -0.001 -19"><span class='ocrx_word' id='word_1_394' title='bbox 1780 818 1960 891; x_wconf 90' lang='lat' dir='ltr'><strong>sequi,</strong></span> <span class='ocrx_word' id='word_1_395' title='bbox 1982 834 2280 892; x_wconf 88' lang='lat' dir='ltr'><strong>nunquam</strong></span> <span class='ocrx_word' id='word_1_396' title='bbox 2304 817 2600 876; x_wconf 85' lang='lat' dir='ltr'><strong>inudelern</strong></span> <span class='ocrx_word' id='word_1_397' title='bbox 2627 827 2750 893; x_wconf 91' lang='lat' dir='ltr'><strong>post</strong></span> <span class='ocrx_word' id='word_1_398' title='bbox 2765 827 2948 880; x_wconf 80' lang='lat' dir='ltr'><strong>actum</strong></span> <span class='ocrx_word' id='word_1_399' title='bbox 2976 820 3146 876; x_wconf 90' lang='lat' dir='ltr'><strong>illum</strong></span> 
     </span>
     <span class='ocr_line' id='line_1_62' title="bbox 1781 899 3140 973; baseline 0.002 -18"><span class='ocrx_word' id='word_1_400' title='bbox 1781 899 2124 957; x_wconf 82' lang='lat' dir='ltr'><strong>idololatriae</strong></span> <span class='ocrx_word' id='word_1_401' title='bbox 2169 906 2541 973; x_wconf 86' lang='lat' dir='ltr'><strong>operaturum</strong></span> <span class='ocrx_word' id='word_1_402' title='bbox 2611 899 2755 957; x_wconf 90' lang='lat' dir='ltr'><strong>bene</strong></span> <span class='ocrx_word' id='word_1_403' title='bbox 2799 902 3101 958; x_wconf 88' lang='lat' dir='ltr'><strong>moraliter</strong></span> <span class='ocrx_word' id='word_1_404' title='bbox 3127 944 3140 969; x_wconf 94' lang='lat'><strong>,</strong></span> 
     </span>
     <span class='ocr_line' id='line_1_63' title="bbox 1780 980 3146 1056; baseline -0.001 -17"><span class='ocrx_word' id='word_1_405' title='bbox 1780 983 1915 1056; x_wconf 91' lang='lat' dir='ltr'><strong>quia</strong></span> <span class='ocrx_word' id='word_1_406' title='bbox 1938 983 2102 1038; x_wconf 87' lang='lat' dir='ltr'><strong>nulla</strong></span> <span class='ocrx_word' id='word_1_407' title='bbox 2122 987 2205 1039; x_wconf 90' lang='lat' dir='ltr'><strong>est</strong></span> <span class='ocrx_word' id='word_1_408' title='bbox 2235 983 2295 1039; x_wconf 89' lang='lat' dir='ltr'><strong>in</strong></span> <span class='ocrx_word' id='word_1_409' title='bbox 2320 980 2650 1038; x_wconf 86' lang='lat' dir='ltr'><strong>infidelibus</strong></span> <span class='ocrx_word' id='word_1_410' title='bbox 2671 984 2946 1055; x_wconf 86' lang='lat' dir='ltr'><strong>operatio,</strong></span> <span class='ocrx_word' id='word_1_411' title='bbox 2964 997 3146 1053; x_wconf 88' lang='lat' dir='ltr'><strong>quan-</strong></span> 
     </span>
     <span class='ocr_line' id='line_1_64' title="bbox 1780 1061 3142 1138; baseline 0.001 -20"><span class='ocrx_word' id='word_1_412' title='bbox 1780 1063 1997 1119; x_wconf 88' lang='lat' dir='ltr'><strong>tumvis</strong></span> <span class='ocrx_word' id='word_1_413' title='bbox 2026 1063 2168 1120; x_wconf 90' lang='lat' dir='ltr'><strong>alias</strong></span> <span class='ocrx_word' id='word_1_414' title='bbox 2195 1062 2343 1121; x_wconf 90' lang='lat' dir='ltr'><strong>bona</strong></span> <span class='ocrx_word' id='word_1_415' title='bbox 2369 1080 2441 1120; x_wconf 86' lang='lat' dir='ltr'><strong>ex</strong></span> <span class='ocrx_word' id='word_1_416' title='bbox 2479 1061 2716 1138; x_wconf 82' lang='lat' dir='ltr'><strong>objecto,</strong></span> <span class='ocrx_word' id='word_1_417' title='bbox 2749 1070 2805 1120; x_wconf 86' lang='lat' dir='ltr'><strong>et</strong></span> <span class='ocrx_word' id='word_1_418' title='bbox 2846 1064 2979 1120; x_wconf 89' lang='lat' dir='ltr'><strong>aliis</strong></span> <span class='ocrx_word' id='word_1_419' title='bbox 3022 1064 3142 1120; x_wconf 87' lang='lat' dir='ltr'><strong>cir-</strong></span> 
     </span>
     <span class='ocr_line' id='line_1_65' title="bbox 1780 1144 3142 1218; baseline 0.001 -17"><span class='ocrx_word' id='word_1_420' title='bbox 1780 1144 2161 1214; x_wconf 88' lang='lat' dir='ltr'><strong>cumstantiis,</strong></span> <span class='ocrx_word' id='word_1_421' title='bbox 2176 1161 2301 1218; x_wconf 79' lang='lat' dir='ltr'><strong>quae</strong></span> <span class='ocrx_word' id='word_1_422' title='bbox 2323 1161 2439 1202; x_wconf 92' lang='lat' dir='ltr'><strong>non</strong></span> <span class='ocrx_word' id='word_1_423' title='bbox 2452 1145 2629 1218; x_wconf 89' lang='lat' dir='ltr'><strong>possit</strong></span> <span class='ocrx_word' id='word_1_424' title='bbox 2651 1144 2913 1202; x_wconf 89' lang='lat' dir='ltr'><strong>ordinari</strong></span> <span class='ocrx_word' id='word_1_425' title='bbox 2939 1145 2999 1200; x_wconf 90' lang='lat' dir='ltr'><strong>in</strong></span> <span class='ocrx_word' id='word_1_426' title='bbox 3022 1161 3142 1202; x_wconf 87' lang='lat' dir='ltr'><strong>ma-</strong></span> 
     </span>
     <span class='ocr_line' id='line_1_66' title="bbox 1780 1224 3141 1300; baseline 0 -19"><span class='ocrx_word' id='word_1_427' title='bbox 1780 1226 1903 1281; x_wconf 90' lang='lat' dir='ltr'><strong>lum</strong></span> <span class='ocrx_word' id='word_1_428' title='bbox 1958 1224 2133 1282; x_wconf 90' lang='lat' dir='ltr'><strong>finem</strong></span> <span class='ocrx_word' id='word_1_429' title='bbox 2193 1226 2580 1300; x_wconf 85' lang='lat' dir='ltr'><strong>extrinsecum</strong></span> <span class='ocrx_word' id='word_1_430' title='bbox 2600 1269 2613 1292; x_wconf 91' lang='lat'><strong>,</strong></span> <span class='ocrx_word' id='word_1_431' title='bbox 2665 1231 2831 1299; x_wconf 85' lang='lat' dir='ltr'><strong>atque</strong></span> <span class='ocrx_word' id='word_1_432' title='bbox 2883 1225 3023 1282; x_wconf 91' lang='lat' dir='ltr'><strong>adeo</strong></span> <span class='ocrx_word' id='word_1_433' title='bbox 3077 1225 3141 1281; x_wconf 91' lang='lat' dir='ltr'><strong>in</strong></span> 
     </span>
     <span class='ocr_line' id='line_1_67' title="bbox 1778 1306 3142 1383; baseline 0.001 -20"><span class='ocrx_word' id='word_1_434' title='bbox 1778 1306 1957 1364; x_wconf 88' lang='lat' dir='ltr'><strong>finem</strong></span> <span class='ocrx_word' id='word_1_435' title='bbox 2005 1307 2164 1373; x_wconf 90' lang='lat' dir='ltr'><strong>idoli,</strong></span> <span class='ocrx_word' id='word_1_436' title='bbox 2197 1313 2254 1364; x_wconf 89' lang='lat' dir='ltr'><strong>et</strong></span> <span class='ocrx_word' id='word_1_437' title='bbox 2297 1308 2377 1364; x_wconf 90' lang='lat' dir='ltr'><strong>ita</strong></span> <span class='ocrx_word' id='word_1_438' title='bbox 2404 1309 2557 1365; x_wconf 88' lang='lat' dir='ltr'><strong>male</strong></span> <span class='ocrx_word' id='word_1_439' title='bbox 2595 1307 2723 1365; x_wconf 91' lang='lat' dir='ltr'><strong>fieri</strong></span> <span class='ocrx_word' id='word_1_440' title='bbox 2772 1330 2784 1364; x_wconf 74' lang='grc' dir='ltr'><strong><em>ε</em></strong></span> <span class='ocrx_word' id='word_1_441' title='bbox 2832 1325 2969 1383; x_wconf 85' lang='lat' dir='ltr'><strong>ergo</strong></span> <span class='ocrx_word' id='word_1_442' title='bbox 2995 1309 3142 1364; x_wconf 89' lang='lat' dir='ltr'><strong>sicut</strong></span> 
     </span>
     <span class='ocr_line' id='line_1_68' title="bbox 1780 1389 3140 1463; baseline 0 -17"><span class='ocrx_word' id='word_1_443' title='bbox 1780 1395 1937 1446; x_wconf 91' lang='lat' dir='ltr'><strong>actus</strong></span> <span class='ocrx_word' id='word_1_444' title='bbox 1963 1389 2258 1446; x_wconf 86' lang='lat' dir='ltr'><strong>charitatis</strong></span> <span class='ocrx_word' id='word_1_445' title='bbox 2288 1390 2609 1463; x_wconf 69' lang='lat' dir='ltr'><strong>praecedens</strong></span> <span class='ocrx_word' id='word_1_446' title='bbox 2639 1392 2836 1447; x_wconf 93' lang='lat' dir='ltr'><strong>retulit</strong></span> <span class='ocrx_word' id='word_1_447' title='bbox 2864 1391 2927 1446; x_wconf 93' lang='lat' dir='ltr'><strong>in</strong></span> <span class='ocrx_word' id='word_1_448' title='bbox 2959 1393 3140 1447; x_wconf 88' lang='lat' dir='ltr'><strong>Deum</strong></span> 
     </span>
     <span class='ocr_line' id='line_1_69' title="bbox 1780 1469 3142 1545; baseline 0.001 -19"><span class='ocrx_word' id='word_1_449' title='bbox 1780 1469 1957 1528; x_wconf 89' lang='lat' dir='ltr'><strong>finem</strong></span> <span class='ocrx_word' id='word_1_450' title='bbox 1984 1472 2485 1543; x_wconf 87' lang='lat' dir='ltr'><strong>supernaturalem</strong></span> <span class='ocrx_word' id='word_1_451' title='bbox 2510 1487 2710 1528; x_wconf 89' lang='lat' dir='ltr'><strong>omnes</strong></span> <span class='ocrx_word' id='word_1_452' title='bbox 2733 1477 2906 1538; x_wconf 78' lang='lat' dir='ltr'><strong>actuS,</strong></span> <span class='ocrx_word' id='word_1_453' title='bbox 2932 1471 3142 1545; x_wconf 88' lang='lat' dir='ltr'><strong>quibus</strong></span> 
     </span>
     <span class='ocr_line' id='line_1_70' title="bbox 1782 1553 3139 1627; baseline 0 -19"><span class='ocrx_word' id='word_1_454' title='bbox 1782 1568 1900 1609; x_wconf 91' lang='lat' dir='ltr'><strong>non</strong></span> <span class='ocrx_word' id='word_1_455' title='bbox 1929 1557 2226 1627; x_wconf 86' lang='lat' dir='ltr'><strong>repugnat,</strong></span> <span class='ocrx_word' id='word_1_456' title='bbox 2253 1557 2531 1625; x_wconf 90' lang='lat' dir='ltr'><strong>quantum</strong></span> <span class='ocrx_word' id='word_1_457' title='bbox 2555 1558 2638 1610; x_wconf 91' lang='lat' dir='ltr'><strong>est</strong></span> <span class='ocrx_word' id='word_1_458' title='bbox 2663 1569 2734 1610; x_wconf 88' lang='lat' dir='ltr'><strong>ex</strong></span> <span class='ocrx_word' id='word_1_459' title='bbox 2754 1569 2835 1620; x_wconf 89' lang='lat' dir='ltr'><strong>se,</strong></span> <span class='ocrx_word' id='word_1_460' title='bbox 2869 1553 2938 1609; x_wconf 91' lang='lat' dir='ltr'><strong>ad</strong></span> <span class='ocrx_word' id='word_1_461' title='bbox 2963 1555 3139 1609; x_wconf 89' lang='lat' dir='ltr'><strong>istum</strong></span> 
     </span>
     <span class='ocr_line' id='line_1_71' title="bbox 1780 1632 3143 1701; baseline 0.001 -11"><span class='ocrx_word' id='word_1_462' title='bbox 1780 1632 1958 1690; x_wconf 91' lang='lat' dir='ltr'><strong>finem</strong></span> <span class='ocrx_word' id='word_1_463' title='bbox 1988 1633 2214 1701; x_wconf 80' lang='lat' dir='ltr'><strong>referri,</strong></span> <span class='ocrx_word' id='word_1_464' title='bbox 2241 1642 2296 1692; x_wconf 94' lang='lat' dir='ltr'><strong>et</strong></span> <span class='ocrx_word' id='word_1_465' title='bbox 2317 1635 2395 1691; x_wconf 91' lang='lat' dir='ltr'><strong>ita</strong></span> <span class='ocrx_word' id='word_1_466' title='bbox 2418 1634 2566 1691; x_wconf 89' lang='lat' dir='ltr'><strong>fiunt</strong></span> <span class='ocrx_word' id='word_1_467' title='bbox 2593 1650 2793 1692; x_wconf 91' lang='lat' dir='ltr'><strong>omnes</strong></span> <span class='ocrx_word' id='word_1_468' title='bbox 2815 1637 3104 1693; x_wconf 90' lang='lat' dir='ltr'><strong>meritorii</strong></span> <span class='ocrx_word' id='word_1_469' title='bbox 3129 1657 3143 1692; x_wconf 68' lang='grc' dir='ltr'>ι</span> 
     </span>
     <span class='ocr_line' id='line_1_72' title="bbox 1779 1716 3141 1790; baseline 0.004 -19"><span class='ocrx_word' id='word_1_470' title='bbox 1779 1716 1861 1773; x_wconf 90' lang='lat' dir='ltr'><strong>sic</strong></span> <span class='ocrx_word' id='word_1_471' title='bbox 1910 1716 2084 1773; x_wconf 91' lang='lat' dir='ltr'><strong>etiam</strong></span> <span class='ocrx_word' id='word_1_472' title='bbox 2138 1717 2407 1790; x_wconf 85' lang='lat' dir='ltr'><strong>praedicta</strong></span> <span class='ocrx_word' id='word_1_473' title='bbox 2460 1717 2801 1775; x_wconf 79' lang='lat' dir='ltr'><strong>idololatriae</strong></span> <span class='ocrx_word' id='word_1_474' title='bbox 2847 1719 3141 1776; x_wconf 90' lang='lat' dir='ltr'><strong>ordinatio</strong></span> 
     </span>
     <span class='ocr_line' id='line_1_73' title="bbox 1780 1797 3143 1857; baseline 0.002 -4"><span class='ocrx_word' id='word_1_475' title='bbox 1780 1797 1990 1855; x_wconf 81' lang='lat' dir='ltr'><strong>referet</strong></span> <span class='ocrx_word' id='word_1_476' title='bbox 2035 1800 2363 1856; x_wconf 85' lang='lat' dir='ltr'><strong>virtualiter</strong></span> <span class='ocrx_word' id='word_1_477' title='bbox 2410 1798 2479 1855; x_wconf 90' lang='lat' dir='ltr'><strong>ad</strong></span> <span class='ocrx_word' id='word_1_478' title='bbox 2520 1798 2698 1856; x_wconf 87' lang='lat' dir='ltr'><strong>finem</strong></span> <span class='ocrx_word' id='word_1_479' title='bbox 2752 1799 2893 1857; x_wconf 87' lang='lat' dir='ltr'><strong>idoli</strong></span> <span class='ocrx_word' id='word_1_480' title='bbox 2940 1816 3143 1857; x_wconf 87' lang='lat' dir='ltr'><strong>omnes</strong></span> 
     </span>
     <span class='ocr_line' id='line_1_74' title="bbox 1780 1879 3144 1955; baseline 0.001 -21"><span class='ocrx_word' id='word_1_481' title='bbox 1780 1879 1939 1935; x_wconf 88' lang='lat' dir='ltr'><strong>illius</strong></span> <span class='ocrx_word' id='word_1_482' title='bbox 1967 1884 2150 1946; x_wconf 88' lang='lat' dir='ltr'><strong>actus;</strong></span> <span class='ocrx_word' id='word_1_483' title='bbox 2181 1881 2315 1954; x_wconf 91' lang='lat' dir='ltr'><strong>quia</strong></span> <span class='ocrx_word' id='word_1_484' title='bbox 2345 1881 2494 1936; x_wconf 91' lang='lat' dir='ltr'><strong>nulli</strong></span> <span class='ocrx_word' id='word_1_485' title='bbox 2522 1897 2592 1938; x_wconf 84' lang='lat' dir='ltr'><strong>ex</strong></span> <span class='ocrx_word' id='word_1_486' title='bbox 2620 1898 2723 1939; x_wconf 91' lang='lat' dir='ltr'><strong>suo</strong></span> <span class='ocrx_word' id='word_1_487' title='bbox 2761 1881 2997 1955; x_wconf 83' lang='lat' dir='ltr'><strong>objecto,</strong></span> <span class='ocrx_word' id='word_1_488' title='bbox 3044 1885 3144 1937; x_wconf 85' lang='lat' dir='ltr'><strong>aut</strong></span> 
     </span>
     <span class='ocr_line' id='line_1_75' title="bbox 1779 1960 3141 2036; baseline 0.001 -19"><span class='ocrx_word' id='word_1_489' title='bbox 1779 1974 1851 2017; x_wconf 86' lang='lat' dir='ltr'><strong>ex</strong></span> <span class='ocrx_word' id='word_1_490' title='bbox 1871 1960 2002 2015; x_wconf 85' lang='lat' dir='ltr'><strong>aliis</strong></span> <span class='ocrx_word' id='word_1_491' title='bbox 2028 1960 2477 2018; x_wconf 88' lang='lat' dir='ltr'><strong>circumstantiis</strong></span> <span class='ocrx_word' id='word_1_492' title='bbox 2498 1966 2795 2036; x_wconf 80' lang='lat' dir='ltr'><strong>repugnat,</strong></span> <span class='ocrx_word' id='word_1_493' title='bbox 2824 1966 2886 2017; x_wconf 88' lang='lat' dir='ltr'><strong>ut</strong></span> <span class='ocrx_word' id='word_1_494' title='bbox 2928 1961 2997 2019; x_wconf 91' lang='lat' dir='ltr'><strong>ad</strong></span> <span class='ocrx_word' id='word_1_495' title='bbox 3028 1961 3141 2018; x_wconf 89' lang='lat' dir='ltr'><strong>hu-</strong></span> 
     </span>
     <span class='ocr_line' id='line_1_76' title="bbox 1775 2036 3131 2116; baseline 0.003 -21"><span class='ocrx_word' id='word_1_496' title='bbox 1775 2040 2026 2116; x_wconf 82' lang='lat' dir='ltr'><strong>jusmodi</strong></span> <span class='ocrx_word' id='word_1_497' title='bbox 2068 2040 2245 2098; x_wconf 87' lang='lat' dir='ltr'><strong>finem</strong></span> <span class='ocrx_word' id='word_1_498' title='bbox 2278 2036 2578 2111; x_wconf 82' lang='lat' dir='ltr'><strong>referatur,</strong></span> <span class='ocrx_word' id='word_1_499' title='bbox 2609 2049 2665 2100; x_wconf 92' lang='lat' dir='ltr'><strong>et</strong></span> <span class='ocrx_word' id='word_1_500' title='bbox 2690 2043 2771 2100; x_wconf 89' lang='lat' dir='ltr'><strong>ita</strong></span> <span class='ocrx_word' id='word_1_501' title='bbox 2812 2059 2987 2116; x_wconf 88' lang='lat' dir='ltr'><strong>prave</strong></span> <span class='ocrx_word' id='word_1_502' title='bbox 3014 2041 3131 2099; x_wconf 89' lang='lat' dir='ltr'><strong>fiat.</strong></span> 
     </span>
     <span class='ocr_line' id='line_1_77' title="bbox 1855 2122 3335 2201; baseline 0.004 -21"><span class='ocrx_word' id='word_1_503' title='bbox 1855 2122 2243 2181; x_wconf 80' lang='lat' dir='ltr'><strong>confirmatur</strong></span> <span class='ocrx_word' id='word_1_504' title='bbox 2288 2141 2358 2183; x_wconf 86' lang='lat' dir='ltr'><strong>ex</strong></span> <span class='ocrx_word' id='word_1_505' title='bbox 2403 2126 2519 2185; x_wconf 92' lang='lat' dir='ltr'><strong>alio</strong></span> <span class='ocrx_word' id='word_1_506' title='bbox 2561 2125 2825 2194; x_wconf 90' lang='lat' dir='ltr'><strong>absurd0,</strong></span> <span class='ocrx_word' id='word_1_507' title='bbox 2875 2125 3021 2199; x_wconf 91' lang='lat' dir='ltr'><strong>quod</strong></span> <span class='ocrx_word' id='word_1_508' title='bbox 3066 2142 3136 2183; x_wconf 84' lang='lat' dir='ltr'><strong>ex</strong></span> <span class='ocrx_word' id='word_1_509' title='bbox 3162 2143 3335 2201; x_wconf 47' lang='lat' dir='ltr'><strong>‚Novum</strong></span> 
     </span>
     <span class='ocr_line' id='line_1_78' title="bbox 1782 2201 3358 2287; baseline 0.002 -25"><span class='ocrx_word' id='word_1_510' title='bbox 1782 2205 2051 2280; x_wconf 63' lang='lat' dir='ltr'><strong>praedicta</strong></span> <span class='ocrx_word' id='word_1_511' title='bbox 2080 2208 2322 2274; x_wconf 88' lang='lat' dir='ltr'><strong>ratione,</strong></span> <span class='ocrx_word' id='word_1_512' title='bbox 2373 2209 2421 2264; x_wconf 89' lang='lat' dir='ltr'><strong>si</strong></span> <span class='ocrx_word' id='word_1_513' title='bbox 2451 2215 2595 2266; x_wconf 90' lang='lat' dir='ltr'><strong>esset</strong></span> <span class='ocrx_word' id='word_1_514' title='bbox 2620 2209 2834 2276; x_wconf 85' lang='lat' dir='ltr'><strong>efficax,</strong></span> <span class='ocrx_word' id='word_1_515' title='bbox 2866 2225 3136 2282; x_wconf 88' lang='lat' dir='ltr'><strong>sequere·</strong></span> <span class='ocrx_word' id='word_1_516' title='bbox 3160 2201 3358 2287; x_wconf 52' lang='grc' dir='ltr'><strong>’ᾎῖξῇζῗ</strong></span> 
     </span>
     <span class='ocr_line' id='line_1_79' title="bbox 1781 2289 3139 2365; baseline 0.003 -22"><span class='ocrx_word' id='word_1_517' title='bbox 1781 2293 1904 2354; x_wconf 83' lang='lat' dir='ltr'><strong>tur;</strong></span> <span class='ocrx_word' id='word_1_518' title='bbox 1955 2289 2238 2345; x_wconf 89' lang='lat' dir='ltr'><strong>nimirum</strong></span> <span class='ocrx_word' id='word_1_519' title='bbox 2283 2290 2432 2364; x_wconf 93' lang='lat' dir='ltr'><strong>quod</strong></span> <span class='ocrx_word' id='word_1_520' title='bbox 2490 2290 2551 2345; x_wconf 91' lang='lat' dir='ltr'><strong>in</strong></span> <span class='ocrx_word' id='word_1_521' title='bbox 2602 2289 2847 2346; x_wconf 87' lang='lat' dir='ltr'><strong>habente</strong></span> <span class='ocrx_word' id='word_1_522' title='bbox 2891 2291 3139 2365; x_wconf 84' lang='lat' dir='ltr'><strong>gratiam</strong></span> 
     </span>
     <span class='ocr_line' id='line_1_80' title="bbox 1782 2368 3140 2445; baseline 0.004 -22"><span class='ocrx_word' id='word_1_523' title='bbox 1782 2369 1979 2423; x_wconf 90' lang='lat' dir='ltr'><strong>nullus</strong></span> <span class='ocrx_word' id='word_1_524' title='bbox 2018 2368 2254 2428; x_wconf 89' lang='lat' dir='ltr'><strong>daretur</strong></span> <span class='ocrx_word' id='word_1_525' title='bbox 2300 2377 2456 2427; x_wconf 89' lang='lat' dir='ltr'><strong>actus</strong></span> <span class='ocrx_word' id='word_1_526' title='bbox 2501 2371 2689 2426; x_wconf 91' lang='lat' dir='ltr'><strong>malus</strong></span> <span class='ocrx_word' id='word_1_527' title='bbox 2729 2371 2959 2443; x_wconf 86' lang='lat' dir='ltr'><strong>praecise</strong></span> <span class='ocrx_word' id='word_1_528' title='bbox 3003 2373 3140 2445; x_wconf 88' lang='lat' dir='ltr'><strong>quia</strong></span> 
     </span>
     <span class='ocr_line' id='line_1_81' title="bbox 1781 2449 3136 2527; baseline 0.003 -21"><span class='ocrx_word' id='word_1_529' title='bbox 1781 2449 1996 2506; x_wconf 88' lang='lat' dir='ltr'><strong>otiosus</strong></span> <span class='ocrx_word' id='word_1_530' title='bbox 2029 2472 2042 2507; x_wconf 74' lang='lat' dir='ltr'><strong><em>z</em></strong></span> <span class='ocrx_word' id='word_1_531' title='bbox 2079 2451 2183 2509; x_wconf 89' lang='lat' dir='ltr'><strong>hoc</strong></span> <span class='ocrx_word' id='word_1_532' title='bbox 2204 2457 2392 2509; x_wconf 90' lang='lat' dir='ltr'><strong>autem</strong></span> <span class='ocrx_word' id='word_1_533' title='bbox 2424 2453 2620 2508; x_wconf 93' lang='lat' dir='ltr'><strong>nullus</strong></span> <span class='ocrx_word' id='word_1_534' title='bbox 2641 2450 2789 2509; x_wconf 89' lang='lat' dir='ltr'><strong>dicet</strong></span> <span class='ocrx_word' id='word_1_535' title='bbox 2815 2474 2827 2508; x_wconf 73' lang='grc' dir='ltr'>ι</span> <span class='ocrx_word' id='word_1_536' title='bbox 2856 2469 3005 2527; x_wconf 89' lang='lat' dir='ltr'><strong>erg0‚</strong></span> <span class='ocrx_word' id='word_1_537' title='bbox 3031 2459 3136 2511; x_wconf 91' lang='lat' dir='ltr'><strong>etc.</strong></span> 
     </span>
     <span class='ocr_line' id='line_1_82' title="bbox 1780 2531 3142 2606; baseline 0.004 -21"><span class='ocrx_word' id='word_1_538' title='bbox 1780 2531 2021 2603; x_wconf 84' lang='lat' dir='ltr'><strong>Sequela</strong></span> <span class='ocrx_word' id='word_1_539' title='bbox 2069 2532 2361 2605; x_wconf 90' lang='lat' dir='ltr'><strong>probatur,</strong></span> <span class='ocrx_word' id='word_1_540' title='bbox 2405 2534 2681 2606; x_wconf 85' lang='lat' dir='ltr'><strong>quoniam</strong></span> <span class='ocrx_word' id='word_1_541' title='bbox 2729 2539 2883 2590; x_wconf 87' lang='lat' dir='ltr'><strong>actus</strong></span> <span class='ocrx_word' id='word_1_542' title='bbox 2928 2534 3142 2592; x_wconf 90' lang='lat' dir='ltr'><strong>otiosus</strong></span> 
     </span>
     <span class='ocr_line' id='line_1_83' title="bbox 1779 2612 3139 2681; baseline 0.003 -14"><span class='ocrx_word' id='word_1_543' title='bbox 1779 2612 2093 2669; x_wconf 91' lang='lat' dir='ltr'><strong>secundum</strong></span> <span class='ocrx_word' id='word_1_544' title='bbox 2111 2630 2171 2671; x_wconf 90' lang='lat' dir='ltr'><strong>se</strong></span> <span class='ocrx_word' id='word_1_545' title='bbox 2186 2613 2498 2672; x_wconf 88' lang='lat' dir='ltr'><strong>referibilis</strong></span> <span class='ocrx_word' id='word_1_546' title='bbox 2512 2619 2597 2671; x_wconf 90' lang='lat' dir='ltr'><strong>est</strong></span> <span class='ocrx_word' id='word_1_547' title='bbox 2617 2613 2687 2671; x_wconf 91' lang='lat' dir='ltr'><strong>ad</strong></span> <span class='ocrx_word' id='word_1_548' title='bbox 2710 2613 2924 2672; x_wconf 91' lang='lat' dir='ltr'><strong>bonum</strong></span> <span class='ocrx_word' id='word_1_549' title='bbox 2939 2615 3139 2681; x_wconf 89' lang='lat' dir='ltr'><strong>finem;</strong></span> 
     </span>
     <span class='ocr_line' id='line_1_84' title="bbox 1781 2693 3140 2770; baseline 0.003 -22"><span class='ocrx_word' id='word_1_550' title='bbox 1781 2693 1901 2751; x_wconf 89' lang='lat' dir='ltr'><strong>imo</strong></span> <span class='ocrx_word' id='word_1_551' title='bbox 1928 2693 2055 2751; x_wconf 90' lang='lat' dir='ltr'><strong>ideo</strong></span> <span class='ocrx_word' id='word_1_552' title='bbox 2077 2695 2308 2767; x_wconf 81' lang='lat' dir='ltr'><strong>praecise</strong></span> <span class='ocrx_word' id='word_1_553' title='bbox 2326 2700 2412 2753; x_wconf 91' lang='lat' dir='ltr'><strong>est</strong></span> <span class='ocrx_word' id='word_1_554' title='bbox 2436 2695 2644 2761; x_wconf 89' lang='lat' dir='ltr'><strong>malus,</strong></span> <span class='ocrx_word' id='word_1_555' title='bbox 2675 2700 2731 2752; x_wconf 90' lang='lat' dir='ltr'><strong>et</strong></span> <span class='ocrx_word' id='word_1_556' title='bbox 2751 2697 2983 2763; x_wconf 88' lang='lat' dir='ltr'><strong>otiosus,</strong></span> <span class='ocrx_word' id='word_1_557' title='bbox 3005 2697 3140 2770; x_wconf 89' lang='lat' dir='ltr'><strong>quia</strong></span> 
     </span>
     <span class='ocr_line' id='line_1_85' title="bbox 1778 2774 3144 2845; baseline 0.001 -14"><span class='ocrx_word' id='word_1_558' title='bbox 1778 2791 1909 2831; x_wconf 89' lang='lat' dir='ltr'><strong>cum</strong></span> <span class='ocrx_word' id='word_1_559' title='bbox 1933 2774 1999 2831; x_wconf 88' lang='lat' dir='ltr'><strong>fit</strong></span> <span class='ocrx_word' id='word_1_560' title='bbox 2042 2775 2372 2843; x_wconf 78' lang='lat' dir='ltr'><strong>referibilis,</strong></span> <span class='ocrx_word' id='word_1_561' title='bbox 2407 2793 2525 2834; x_wconf 91' lang='lat' dir='ltr'><strong>non</strong></span> <span class='ocrx_word' id='word_1_562' title='bbox 2559 2776 2827 2845; x_wconf 81' lang='lat' dir='ltr'><strong>refertur,</strong></span> <span class='ocrx_word' id='word_1_563' title='bbox 2852 2778 2950 2835; x_wconf 88' lang='lat' dir='ltr'><strong>sed</strong></span> <span class='ocrx_word' id='word_1_564' title='bbox 2992 2777 3144 2834; x_wconf 89' lang='lat' dir='ltr'><strong>sistit</strong></span> 
     </span>
     <span class='ocr_line' id='line_1_86' title="bbox 1778 2856 3140 2934; baseline 0.002 -22"><span class='ocrx_word' id='word_1_565' title='bbox 1778 2856 1843 2913; x_wconf 89' lang='lat' dir='ltr'><strong>in</strong></span> <span class='ocrx_word' id='word_1_566' title='bbox 1859 2856 2075 2932; x_wconf 88' lang='lat' dir='ltr'><strong>objecto</strong></span> <span class='ocrx_word' id='word_1_567' title='bbox 2098 2857 2466 2916; x_wconf 79' lang='lat' dir='ltr'><strong>indifferente</strong></span> <span class='ocrx_word' id='word_1_568' title='bbox 2490 2881 2502 2915; x_wconf 76' lang='grc' dir='ltr'><strong><em>ε</em></strong></span> <span class='ocrx_word' id='word_1_569' title='bbox 2534 2875 2669 2934; x_wconf 86' lang='lat' dir='ltr'><strong>ergo</strong></span> <span class='ocrx_word' id='word_1_570' title='bbox 2689 2859 2738 2916; x_wconf 91' lang='lat' dir='ltr'><strong>si</strong></span> <span class='ocrx_word' id='word_1_571' title='bbox 2760 2876 2862 2934; x_wconf 89' lang='lat' dir='ltr'><strong>per</strong></span> <span class='ocrx_word' id='word_1_572' title='bbox 2885 2859 3140 2933; x_wconf 90' lang='lat' dir='ltr'><strong>primum</strong></span> 
     </span>
     <span class='ocr_line' id='line_1_87' title="bbox 1778 2940 3142 2999; baseline 0.003 -5"><span class='ocrx_word' id='word_1_573' title='bbox 1778 2944 1967 2995; x_wconf 89' lang='lat' dir='ltr'><strong>actum</strong></span> <span class='ocrx_word' id='word_1_574' title='bbox 1993 2940 2288 2998; x_wconf 88' lang='lat' dir='ltr'><strong>charitatis</strong></span> <span class='ocrx_word' id='word_1_575' title='bbox 2314 2941 2648 2999; x_wconf 85' lang='lat' dir='ltr'><strong>virtualiter</strong></span> <span class='ocrx_word' id='word_1_576' title='bbox 2679 2942 2740 2997; x_wconf 88' lang='lat' dir='ltr'><strong>in</strong></span> <span class='ocrx_word' id='word_1_577' title='bbox 2779 2944 2960 2998; x_wconf 91' lang='lat' dir='ltr'><strong>Deum</strong></span> <span class='ocrx_word' id='word_1_578' title='bbox 2991 2942 3142 2998; x_wconf 82' lang='lat' dir='ltr'><strong>refe-</strong></span> 
     </span>
     <span class='ocr_line' id='line_1_88' title="bbox 1780 3022 3142 3096; baseline 0.001 -20"><span class='ocrx_word' id='word_1_579' title='bbox 1780 3027 1991 3078; x_wconf 90' lang='lat' dir='ltr'><strong>runtur</strong></span> <span class='ocrx_word' id='word_1_580' title='bbox 2018 3039 2220 3081; x_wconf 90' lang='lat' dir='ltr'><strong>omnes</strong></span> <span class='ocrx_word' id='word_1_581' title='bbox 2261 3029 2416 3079; x_wconf 87' lang='lat' dir='ltr'><strong>actus</strong></span> <span class='ocrx_word' id='word_1_582' title='bbox 2441 3022 2846 3096; x_wconf 87' lang='lat' dir='ltr'><strong>subsequentes</strong></span> <span class='ocrx_word' id='word_1_583' title='bbox 2866 3023 2931 3078; x_wconf 90' lang='lat' dir='ltr'><strong>in</strong></span> <span class='ocrx_word' id='word_1_584' title='bbox 2952 3022 3142 3094; x_wconf 91' lang='lat' dir='ltr'><strong>ipsum</strong></span> 
     </span>
     <span class='ocr_line' id='line_1_89' title="bbox 1780 3101 3145 3170; baseline 0.001 -14"><span class='ocrx_word' id='word_1_585' title='bbox 1780 3101 2124 3170; x_wconf 78' lang='lat' dir='ltr'><strong>referibiles,</strong></span> <span class='ocrx_word' id='word_1_586' title='bbox 2150 3101 2410 3158; x_wconf 88' lang='lat' dir='ltr'><strong>manebit</strong></span> <span class='ocrx_word' id='word_1_587' title='bbox 2436 3102 2613 3157; x_wconf 85' lang='lat' dir='ltr'><strong>etiam</strong></span> <span class='ocrx_word' id='word_1_588' title='bbox 2635 3101 2966 3157; x_wconf 89' lang='lat' dir='ltr'><strong>virtualiter</strong></span> <span class='ocrx_word' id='word_1_589' title='bbox 2989 3102 3145 3157; x_wconf 90' lang='lat' dir='ltr'><strong>rela-</strong></span> 
     </span>
     <span class='ocr_line' id='line_1_90' title="bbox 1776 3179 3143 3255; baseline -0.001 -19"><span class='ocrx_word' id='word_1_590' title='bbox 1776 3186 1869 3237; x_wconf 90' lang='lat' dir='ltr'><strong>tus</strong></span> <span class='ocrx_word' id='word_1_591' title='bbox 1908 3181 2101 3238; x_wconf 88' lang='lat' dir='ltr'><strong>omnis</strong></span> <span class='ocrx_word' id='word_1_592' title='bbox 2128 3187 2282 3238; x_wconf 90' lang='lat' dir='ltr'><strong>actus</strong></span> <span class='ocrx_word' id='word_1_593' title='bbox 2321 3197 2394 3237; x_wconf 89' lang='lat' dir='ltr'><strong>ex</strong></span> <span class='ocrx_word' id='word_1_594' title='bbox 2432 3180 2648 3255; x_wconf 80' lang='lat' dir='ltr'><strong>obJ‘ecto</strong></span> <span class='ocrx_word' id='word_1_595' title='bbox 2695 3179 3055 3249; x_wconf 78' lang='lat' dir='ltr'><strong>indifferens,</strong></span> <span class='ocrx_word' id='word_1_596' title='bbox 3086 3185 3143 3237; x_wconf 93' lang='lat' dir='ltr'><strong>et</strong></span> 
     </span>
    </p>
   </div>
   <div class='ocr_carea' id='block_1_5' title="bbox 1777 3262 2688 3320">
    <p class='ocr_par' dir='ltr' id='par_1_9' title="bbox 1777 3262 2688 3320">
     <span class='ocr_line' id='line_1_91' title="bbox 1777 3262 2688 3320; baseline 0.001 -2"><span class='ocrx_word' id='word_1_597' title='bbox 1777 3263 1858 3320; x_wconf 88' lang='lat' dir='ltr'><strong>ita</strong></span> <span class='ocrx_word' id='word_1_598' title='bbox 1886 3264 2084 3320; x_wconf 82' lang='lat' dir='ltr'><strong>nullus</strong></span> <span class='ocrx_word' id='word_1_599' title='bbox 2113 3262 2437 3319; x_wconf 88' lang='lat' dir='ltr'><strong>remanebit</strong></span> <span class='ocrx_word' id='word_1_600' title='bbox 2457 3262 2688 3320; x_wconf 85' lang='lat' dir='ltr'><strong>otiosus.</strong></span> 
     </span>
    </p>
   </div>
   <div class='ocr_carea' id='block_1_6' title="bbox 2375 3464 2540 3535">
    <p class='ocr_par' dir='ltr' id='par_1_10' title="bbox 2375 3464 2540 3535">
     <span class='ocr_line' id='line_1_92' title="bbox 2375 3464 2540 3535; baseline 0.018 -18"><span class='ocrx_word' id='word_1_601' title='bbox 2375 3468 2408 3535; x_wconf 70' lang='lat' dir='ltr'><strong>g</strong></span> <span class='ocrx_word' id='word_1_602' title='bbox 2447 3464 2540 3521; x_wconf 76' lang='lat' dir='ltr'><strong>vi.</strong></span> 
     </span>
    </p>
   </div>
   <div class='ocr_carea' id='block_1_7' title="bbox 1876 3621 3040 3779">
    <p class='ocr_par' dir='ltr' id='par_1_11' title="bbox 1876 3621 3040 3779">
     <span class='ocr_line' id='line_1_93' title="bbox 1876 3621 3040 3695; baseline -0.001 -16"><span class='ocrx_word' id='word_1_603' title='bbox 1876 3621 2298 3679; x_wconf 68' lang='lat' dir='ltr'><strong>Praemittuntur</strong></span> <span class='ocrx_word' id='word_1_604' title='bbox 2316 3621 2508 3694; x_wconf 79' lang='lat' dir='ltr'><strong>aliqua</strong></span> <span class='ocrx_word' id='word_1_605' title='bbox 2538 3628 2732 3677; x_wconf 80' lang='lat' dir='ltr'><strong>notatu</strong></span> <span class='ocrx_word' id='word_1_606' title='bbox 2751 3622 2920 3693; x_wconf 73' lang='lat' dir='ltr'><strong>(liqna</strong></span> <span class='ocrx_word' id='word_1_607' title='bbox 2936 3640 3040 3695; x_wconf 85' lang='lat' dir='ltr'><strong>pro</strong></span> 
     </span>
     <span class='ocr_line' id='line_1_94' title="bbox 1985 3701 2919 3779; baseline 0.004 -23"><span class='ocrx_word' id='word_1_608' title='bbox 1985 3701 2252 3756; x_wconf 77' lang='lat' dir='ltr'><strong>solutione</strong></span> <span class='ocrx_word' id='word_1_609' title='bbox 2278 3702 2564 3779; x_wconf 80' lang='lat' dir='ltr'><strong>utriusque</strong></span> <span class='ocrx_word' id='word_1_610' title='bbox 2591 3702 2919 3775; x_wconf 57' lang='lat' dir='ltr'><strong>objectioni&amp;</strong></span> 
     </span>
    </p>
   </div>
   <div class='ocr_carea' id='block_1_8' title="bbox 1763 3862 3332 5084">
    <p class='ocr_par' dir='ltr' id='par_1_12' title="bbox 1765 3862 3332 4346">
     <span class='ocr_line' id='line_1_95' title="bbox 1846 3862 3332 3938; baseline 0.005 -19"><span class='ocrx_word' id='word_1_611' title='bbox 1846 3864 1937 3920; x_wconf 89' lang='grc'><strong>84.</strong></span> <span class='ocrx_word' id='word_1_612' title='bbox 1984 3863 2060 3918; x_wconf 86' lang='lat' dir='ltr'><strong>Ut</strong></span> <span class='ocrx_word' id='word_1_613' title='bbox 2104 3862 2208 3919; x_wconf 89' lang='lat' dir='ltr'><strong>has</strong></span> <span class='ocrx_word' id='word_1_614' title='bbox 2255 3862 2619 3938; x_wconf 82' lang='lat' dir='ltr'><strong>objectiones,</strong></span> <span class='ocrx_word' id='word_1_615' title='bbox 2662 3880 2801 3922; x_wconf 87' lang='lat' dir='ltr'><strong>sane</strong></span> <span class='ocrx_word' id='word_1_616' title='bbox 2851 3864 3332 3934; x_wconf 53' lang='lat' dir='ltr'><strong>difficilesmoua.</strong></span> 
     </span>
     <span class='ocr_line' id='line_1_96' title="bbox 1770 3944 3329 4014; baseline -0.002 -10"><span class='ocrx_word' id='word_1_617' title='bbox 1770 3946 2000 4004; x_wconf 84' lang='lat' dir='ltr'><strong>facilius</strong></span> <span class='ocrx_word' id='word_1_618' title='bbox 2025 3944 2335 4014; x_wconf 88' lang='lat' dir='ltr'><strong>diluamus,</strong></span> <span class='ocrx_word' id='word_1_619' title='bbox 2366 3951 2422 4004; x_wconf 89' lang='lat' dir='ltr'><strong>et</strong></span> <span class='ocrx_word' id='word_1_620' title='bbox 2442 3946 2530 4004; x_wconf 90' lang='lat' dir='ltr'><strong>vis</strong></span> <span class='ocrx_word' id='word_1_621' title='bbox 2552 3946 2794 4005; x_wconf 89' lang='lat' dir='ltr'><strong>rationis</strong></span> <span class='ocrx_word' id='word_1_622' title='bbox 2822 3953 2889 4007; x_wconf 90' lang='lat' dir='ltr'><strong>D.</strong></span> <span class='ocrx_word' id='word_1_623' title='bbox 2919 3949 3202 4005; x_wconf 84' lang='lat' dir='ltr'><strong>Thom.1&gt;.</strong></span> <span class='ocrx_word' id='word_1_624' title='bbox 3221 3955 3329 4001; x_wconf 71' lang='lat' dir='ltr'><strong>Tho.</strong></span> 
     </span>
     <span class='ocr_line' id='line_1_97' title="bbox 1770 4026 3130 4101; baseline 0.001 -16"><span class='ocrx_word' id='word_1_625' title='bbox 1770 4028 2012 4085; x_wconf 90' lang='lat' dir='ltr'><strong>omnino</strong></span> <span class='ocrx_word' id='word_1_626' title='bbox 2052 4026 2419 4101; x_wconf 89' lang='lat' dir='ltr'><strong>percipiatur,</strong></span> <span class='ocrx_word' id='word_1_627' title='bbox 2463 4027 2890 4089; x_wconf 89' lang='lat' dir='ltr'><strong>observationes</strong></span> <span class='ocrx_word' id='word_1_628' title='bbox 2932 4034 3130 4088; x_wconf 86' lang='lat' dir='ltr'><strong>notatu</strong></span> 
     </span>
     <span class='ocr_line' id='line_1_98' title="bbox 1769 4109 3133 4188; baseline 0.002 -24"><span class='ocrx_word' id='word_1_629' title='bbox 1769 4109 1958 4184; x_wconf 82' lang='lat' dir='ltr'><strong>dignae</strong></span> <span class='ocrx_word' id='word_1_630' title='bbox 2016 4109 2431 4184; x_wconf 81' lang='lat' dir='ltr'><strong>praemittendae</strong></span> <span class='ocrx_word' id='word_1_631' title='bbox 2493 4114 2647 4167; x_wconf 89' lang='lat' dir='ltr'><strong>sunt.</strong></span> <span class='ocrx_word' id='word_1_632' title='bbox 2704 4112 2904 4170; x_wconf 90' lang='lat' dir='ltr'><strong>Primo</strong></span> <span class='ocrx_word' id='word_1_633' title='bbox 2956 4112 3133 4188; x_wconf 90' lang='lat' dir='ltr'><strong>igitur</strong></span> 
     </span>
     <span class='ocr_line' id='line_1_99' title="bbox 1765 4191 3130 4272; baseline 0.001 -25"><span class='ocrx_word' id='word_1_634' title='bbox 1765 4191 2065 4249; x_wconf 89' lang='lat' dir='ltr'><strong>sciendum</strong></span> <span class='ocrx_word' id='word_1_635' title='bbox 2092 4195 2178 4248; x_wconf 91' lang='lat' dir='ltr'><strong>est</strong></span> <span class='ocrx_word' id='word_1_636' title='bbox 2215 4208 2286 4248; x_wconf 86' lang='lat' dir='ltr'><strong>ex</strong></span> <span class='ocrx_word' id='word_1_637' title='bbox 2328 4193 2392 4247; x_wconf 90' lang='lat' dir='ltr'><strong>D.</strong></span> <span class='ocrx_word' id='word_1_638' title='bbox 2425 4192 2628 4248; x_wconf 88' lang='lat' dir='ltr'><strong>Thom.</strong></span> <span class='ocrx_word' id='word_1_639' title='bbox 2660 4193 2714 4257; x_wconf 88' lang='grc'>2,</span> <span class='ocrx_word' id='word_1_640' title='bbox 2740 4196 2795 4261; x_wconf 91' lang='grc'><strong>2,</strong></span> <span class='ocrx_word' id='word_1_641' title='bbox 2826 4200 3012 4272; x_wconf 64' lang='lat' dir='ltr'><strong>quaest.</strong></span> <span class='ocrx_word' id='word_1_642' title='bbox 3037 4194 3130 4258; x_wconf 89' lang='grc'><strong>23,</strong></span> 
     </span>
     <span class='ocr_line' id='line_1_100' title="bbox 1766 4272 3131 4346; baseline 0.001 -19"><span class='ocrx_word' id='word_1_643' title='bbox 1766 4280 1876 4329; x_wconf 83' lang='lat' dir='ltr'><strong>art.</strong></span> <span class='ocrx_word' id='word_1_644' title='bbox 1905 4274 1956 4339; x_wconf 89' lang='grc'>8,</span> <span class='ocrx_word' id='word_1_645' title='bbox 1990 4277 2046 4330; x_wconf 89' lang='lat' dir='ltr'><strong>et</strong></span> <span class='ocrx_word' id='word_1_646' title='bbox 2067 4274 2127 4328; x_wconf 85' lang='lat' dir='ltr'><strong>in</strong></span> <span class='ocrx_word' id='word_1_647' title='bbox 2153 4272 2208 4339; x_wconf 88' lang='lat'><strong>3,</strong></span> <span class='ocrx_word' id='word_1_648' title='bbox 2225 4272 2356 4328; x_wconf 77' lang='lat' dir='ltr'><strong>dist.</strong></span> <span class='ocrx_word' id='word_1_649' title='bbox 2378 4272 2470 4337; x_wconf 89' lang='grc'><strong>23,</strong></span> <span class='ocrx_word' id='word_1_650' title='bbox 2502 4280 2685 4346; x_wconf 71' lang='lat' dir='ltr'><strong>quaest.</strong></span> <span class='ocrx_word' id='word_1_651' title='bbox 2703 4274 2757 4339; x_wconf 88' lang='lat'><strong>3,</strong></span> <span class='ocrx_word' id='word_1_652' title='bbox 2782 4281 2894 4331; x_wconf 83' lang='lat' dir='ltr'><strong>art.</strong></span> <span class='ocrx_word' id='word_1_653' title='bbox 2929 4276 2976 4341; x_wconf 87' lang='lat'><strong>1,</strong></span> <span class='ocrx_word' id='word_1_654' title='bbox 3001 4275 3131 4330; x_wconf 71' lang='lat' dir='ltr'><strong>dist.</strong></span> 
     </span>
    </p>

    <p class='ocr_par' dir='ltr' id='par_1_13' title="bbox 1763 4354 3138 5084">
     <span class='ocr_line' id='line_1_101' title="bbox 1766 4354 3130 4435; baseline 0.001 -24"><span class='ocrx_word' id='word_1_655' title='bbox 1766 4356 1859 4424; x_wconf 87' lang='grc'><strong>27,</strong></span> <span class='ocrx_word' id='word_1_656' title='bbox 1886 4361 2071 4433; x_wconf 70' lang='lat' dir='ltr'><strong>quaest.</strong></span> <span class='ocrx_word' id='word_1_657' title='bbox 2101 4357 2155 4422; x_wconf 88' lang='grc'><strong>2,</strong></span> <span class='ocrx_word' id='word_1_658' title='bbox 2199 4362 2309 4411; x_wconf 81' lang='lat' dir='ltr'><strong>art.</strong></span> <span class='ocrx_word' id='word_1_659' title='bbox 2346 4356 2400 4421; x_wconf 87' lang='grc'>4,</span> <span class='ocrx_word' id='word_1_660' title='bbox 2433 4354 2496 4409; x_wconf 80' lang='lat' dir='ltr'><strong>de</strong></span> <span class='ocrx_word' id='word_1_661' title='bbox 2535 4355 2836 4411; x_wconf 79' lang='lat' dir='ltr'><strong>virtutibus</strong></span> <span class='ocrx_word' id='word_1_662' title='bbox 2860 4364 3044 4435; x_wconf 75' lang='lat' dir='ltr'><strong>quaest.</strong></span> <span class='ocrx_word' id='word_1_663' title='bbox 3076 4359 3130 4421; x_wconf 93' lang='grc'><strong>2,</strong></span> 
     </span>
     <span class='ocr_line' id='line_1_102' title="bbox 1765 4433 3133 4512; baseline 0.001 -22"><span class='ocrx_word' id='word_1_664' title='bbox 1765 4443 1878 4491; x_wconf 82' lang='lat' dir='ltr'><strong>art.</strong></span> <span class='ocrx_word' id='word_1_665' title='bbox 1910 4438 1964 4501; x_wconf 89' lang='grc'>3,</span> <span class='ocrx_word' id='word_1_666' title='bbox 1990 4443 2040 4491; x_wconf 83' lang='lat' dir='ltr'><strong>et</strong></span> <span class='ocrx_word' id='word_1_667' title='bbox 2081 4436 2144 4490; x_wconf 85' lang='lat' dir='ltr'><strong>de</strong></span> <span class='ocrx_word' id='word_1_668' title='bbox 2192 4433 2359 4493; x_wconf 81' lang='lat' dir='ltr'><strong>Verit.</strong></span> <span class='ocrx_word' id='word_1_669' title='bbox 2404 4442 2585 4512; x_wconf 56' lang='lat' dir='ltr'><strong>quast.</strong></span> <span class='ocrx_word' id='word_1_670' title='bbox 2628 4438 2710 4502; x_wconf 84' lang='lat'><strong>14,</strong></span> <span class='ocrx_word' id='word_1_671' title='bbox 2743 4445 2851 4493; x_wconf 80' lang='lat' dir='ltr'><strong>art.</strong></span> <span class='ocrx_word' id='word_1_672' title='bbox 2897 4440 2953 4504; x_wconf 89' lang='lat'><strong>5,</strong></span> <span class='ocrx_word' id='word_1_673' title='bbox 2983 4435 3133 4510; x_wconf 89' lang='lat' dir='ltr'><strong>quod</strong></span> 
     </span>
     <span class='ocr_line' id='line_1_103' title="bbox 1765 4515 3135 4589; baseline -0.001 -15"><span class='ocrx_word' id='word_1_674' title='bbox 1765 4517 2016 4574; x_wconf 88' lang='lat' dir='ltr'><strong>charitas</strong></span> <span class='ocrx_word' id='word_1_675' title='bbox 2035 4519 2113 4589; x_wconf 89' lang='lat' dir='ltr'><strong>(et</strong></span> <span class='ocrx_word' id='word_1_676' title='bbox 2133 4515 2289 4574; x_wconf 91' lang='lat' dir='ltr'><strong>idem</strong></span> <span class='ocrx_word' id='word_1_677' title='bbox 2318 4517 2736 4589; x_wconf 87' lang='lat' dir='ltr'><strong>proportionali</strong></span> <span class='ocrx_word' id='word_1_678' title='bbox 2759 4517 2928 4576; x_wconf 91' lang='lat' dir='ltr'><strong>modo</strong></span> <span class='ocrx_word' id='word_1_679' title='bbox 2959 4518 3135 4575; x_wconf 89' lang='lat' dir='ltr'><strong>intel-</strong></span> 
     </span>
     <span class='ocr_line' id='line_1_104' title="bbox 1768 4597 3134 4675; baseline 0.001 -19"><span class='ocrx_word' id='word_1_680' title='bbox 1768 4598 2065 4675; x_wconf 88' lang='lat' dir='ltr'><strong>ligendum</strong></span> <span class='ocrx_word' id='word_1_681' title='bbox 2086 4604 2171 4655; x_wconf 88' lang='lat' dir='ltr'><strong>est</strong></span> <span class='ocrx_word' id='word_1_682' title='bbox 2191 4598 2260 4655; x_wconf 92' lang='lat' dir='ltr'><strong>de</strong></span> <span class='ocrx_word' id='word_1_683' title='bbox 2279 4599 2487 4672; x_wconf 86' lang='lat' dir='ltr'><strong>gratia)</strong></span> <span class='ocrx_word' id='word_1_684' title='bbox 2506 4597 2732 4667; x_wconf 89' lang='lat' dir='ltr'><strong>dicitur,</strong></span> <span class='ocrx_word' id='word_1_685' title='bbox 2756 4606 2814 4657; x_wconf 93' lang='lat' dir='ltr'><strong>et</strong></span> <span class='ocrx_word' id='word_1_686' title='bbox 2840 4605 2925 4657; x_wconf 91' lang='lat' dir='ltr'><strong>est</strong></span> <span class='ocrx_word' id='word_1_687' title='bbox 2944 4600 3134 4658; x_wconf 85' lang='lat' dir='ltr'><strong>forma</strong></span> 
     </span>
     <span class='ocr_line' id='line_1_105' title="bbox 1763 4680 3132 4755; baseline 0 -17"><span class='ocrx_word' id='word_1_688' title='bbox 1763 4686 2103 4738; x_wconf 68' lang='lat' dir='ltr'><strong>caeterarum</strong></span> <span class='ocrx_word' id='word_1_689' title='bbox 2131 4680 2451 4748; x_wconf 89' lang='lat' dir='ltr'><strong>virtutum;</strong></span> <span class='ocrx_word' id='word_1_690' title='bbox 2480 4680 2616 4755; x_wconf 92' lang='lat' dir='ltr'><strong>quia</strong></span> <span class='ocrx_word' id='word_1_691' title='bbox 2643 4680 2814 4753; x_wconf 88' lang='lat' dir='ltr'><strong>ipsas,</strong></span> <span class='ocrx_word' id='word_1_692' title='bbox 2845 4688 2903 4740; x_wconf 87' lang='lat' dir='ltr'><strong>et</strong></span> <span class='ocrx_word' id='word_1_693' title='bbox 2929 4697 3132 4740; x_wconf 89' lang='lat' dir='ltr'><strong>earum</strong></span> 
     </span>
     <span class='ocr_line' id='line_1_106' title="bbox 1765 4762 3134 4839; baseline -0.002 -17"><span class='ocrx_word' id='word_1_694' title='bbox 1765 4768 1923 4822; x_wconf 86' lang='lat' dir='ltr'><strong>actus</strong></span> <span class='ocrx_word' id='word_1_695' title='bbox 1950 4768 2156 4832; x_wconf 87' lang='lat' dir='ltr'><strong>actuat,</strong></span> <span class='ocrx_word' id='word_1_696' title='bbox 2207 4768 2265 4819; x_wconf 90' lang='lat' dir='ltr'><strong>et</strong></span> <span class='ocrx_word' id='word_1_697' title='bbox 2308 4762 2607 4821; x_wconf 80' lang='lat' dir='ltr'><strong>informat.</strong></span> <span class='ocrx_word' id='word_1_698' title='bbox 2654 4765 2824 4838; x_wconf 84' lang='lat' dir='ltr'><strong>Cujus</strong></span> <span class='ocrx_word' id='word_1_699' title='bbox 2851 4766 3134 4839; x_wconf 88' lang='lat' dir='ltr'><strong>optimam</strong></span> 
     </span>
     <span class='ocr_line' id='line_1_107' title="bbox 1768 4845 3129 4922; baseline -0.001 -17"><span class='ocrx_word' id='word_1_700' title='bbox 1768 4847 2055 4905; x_wconf 89' lang='lat' dir='ltr'><strong>rationem</strong></span> <span class='ocrx_word' id='word_1_701' title='bbox 2104 4845 2282 4904; x_wconf 89' lang='lat' dir='ltr'><strong>tradit</strong></span> <span class='ocrx_word' id='word_1_702' title='bbox 2322 4850 2470 4922; x_wconf 85' lang='lat' dir='ltr'><strong>Ang.</strong></span> <span class='ocrx_word' id='word_1_703' title='bbox 2505 4848 2708 4905; x_wconf 89' lang='lat' dir='ltr'><strong>Doctor</strong></span> <span class='ocrx_word' id='word_1_704' title='bbox 2747 4848 2885 4905; x_wconf 89' lang='lat' dir='ltr'><strong>locis</strong></span> <span class='ocrx_word' id='word_1_705' title='bbox 2923 4848 3129 4914; x_wconf 87' lang='lat' dir='ltr'><strong>citatis,</strong></span> 
     </span>
     <span class='ocr_line' id='line_1_108' title="bbox 1763 4927 3138 5002; baseline -0.002 -14"><span class='ocrx_word' id='word_1_706' title='bbox 1763 4944 2009 5002; x_wconf 87' lang='lat' dir='ltr'><strong>eamque</strong></span> <span class='ocrx_word' id='word_1_707' title='bbox 2047 4944 2152 4986; x_wconf 88' lang='lat' dir='ltr'><strong>nos</strong></span> <span class='ocrx_word' id='word_1_708' title='bbox 2192 4931 2254 4984; x_wconf 79' lang='lat' dir='ltr'><strong>in</strong></span> <span class='ocrx_word' id='word_1_709' title='bbox 2305 4936 2468 4986; x_wconf 80' lang='lat' dir='ltr'><strong>tract.</strong></span> <span class='ocrx_word' id='word_1_710' title='bbox 2500 4928 2565 4983; x_wconf 75' lang='lat' dir='ltr'><strong>de</strong></span> <span class='ocrx_word' id='word_1_711' title='bbox 2601 4929 2892 4995; x_wconf 76' lang='lat' dir='ltr'><strong>charitate,</strong></span> <span class='ocrx_word' id='word_1_712' title='bbox 2926 4927 3023 4984; x_wconf 91' lang='lat' dir='ltr'><strong>ubi</strong></span> <span class='ocrx_word' id='word_1_713' title='bbox 3065 4928 3138 4986; x_wconf 89' lang='lat' dir='ltr'><strong>de</strong></span> 
     </span>
     <span class='ocr_line' id='line_1_109' title="bbox 1763 5008 3138 5084; baseline -0.003 -16"><span class='ocrx_word' id='word_1_714' title='bbox 1763 5011 1871 5069; x_wconf 85' lang='lat' dir='ltr'><strong>hoc</strong></span> <span class='ocrx_word' id='word_1_715' title='bbox 1895 5026 1968 5069; x_wconf 83' lang='lat' dir='ltr'><strong>ex</strong></span> <span class='ocrx_word' id='word_1_716' title='bbox 1996 5010 2249 5084; x_wconf 82' lang='lat' dir='ltr'><strong>professo</strong></span> <span class='ocrx_word' id='word_1_717' title='bbox 2269 5008 2712 5084; x_wconf 82' lang='lat' dir='ltr'><strong>disputabimus,</strong></span> <span class='ocrx_word' id='word_1_718' title='bbox 2734 5010 2908 5067; x_wconf 88' lang='lat' dir='ltr'><strong>latius</strong></span> <span class='ocrx_word' id='word_1_719' title='bbox 2927 5024 3138 5082; x_wconf 87' lang='lat' dir='ltr'><strong>expen-</strong></span> 
     </span>
    </p>
   </div>
   <div class='ocr_carea' id='block_1_9' title="bbox 2908 5114 2985 5169">
    <p class='ocr_par' dir='ltr' id='par_1_14' title="bbox 2908 5114 2985 5169">
     <span class='ocr_line' id='line_1_110' title="bbox 2908 5114 2985 5169; baseline -0.013 0"><span class='ocrx_word' id='word_1_720' title='bbox 2908 5114 2985 5169; x_wconf 80' lang='lat'><strong>49</strong></span> 
     </span>
    </p>
   </div>
  </div>
 </body>
</html>
