3647 5753
513 452 627 511 768
1468 457 1561 512 DE
1601 457 1926 513 INFLUXU
1964 454 2418 513 CHARITATIS.

2091 627 2214 682 100.
2244 624 2330 681 Ad
2353 625 2629 700 replicem
2651 624 2842 699 itaque
2863 622 3255 697 respondetur
3277 623 3566 718 κιρ-ἐξώπι-

2007 706 2196 782 gando
2211 708 2514 781 paritatem
2542 708 2708 763 illam
2732 707 2885 764 iuter
2900 710 3085 765 Deum
3111 684 3563 778 prout1estoe42²m

2008 787 2146 846 finis
2159 790 2412 857 ultimuS,
2437 789 2894 862 supernaturalis
2910 804 2981 847 ex
2997 803 3120 844 una
3136 790 3386 860 parte,et
3413 774 3556 869 Ἦ·

518 629 663 684 sicut
701 626 777 706 ob
822 627 970 685 hanc
1016 628 1301 688 rationem
1348 627 1639 686 ordinatio
1665 644 1789 702 quae
1815 626 1881 683 fit

520 726 623 783 per
645 714 832 765 actum
871 710 1175 768 charitatis
1201 716 1286 770 est
1305 711 1521 779 efficax,
1545 716 1601 768 et
1621 710 1882 768 effectiva

523 797 780 863 respectu
834 792 1118 861 omnium,
1173 809 1298 867 quae
1338 795 1526 869 justus
1579 793 1642 849 in
1698 793 1880 849 Deum

332 1530 501 1577 solutio.

523 873 717 941 refert,
745 874 818 932 ob
839 875 1083 934 eandem
1122 878 1299 934 etiam
1344 877 1634 934 ordinatio
1660 891 1787 950 quae
1815 872 1883 929 fit

523 955 588 1011 in
627 955 867 1024 idolum,
906 957 1019 1014 erit
1061 957 1257 1015 efficax
1296 964 1549 1032 respectu
1587 957 1876 1023 omnium,

521 1054 649 1111 quas
707 1038 797 1094 illi
856 1046 1262 1098 consecrantur
1281 1064 1296 1108 ;
1351 1042 1574 1113 eritque
1637 1039 1883 1097 omnino

521 1120 799 1187 effectiva,
826 1137 944 1178 non
973 1125 1205 1195 praecise
1225 1123 1522 1200 objectiva.
1550 1128 1672 1190 Qua
1700 1122 1883 1197 repli-

523 1220 588 1260 ca
635 1204 700 1259 in
724 1203 979 1276 quolibet
1023 1207 1199 1264 etiam
1248 1212 1512 1282 peccante
1557 1207 1883 1264 mortaliter

525 1287 712 1343 locum
736 1281 906 1341 habet
929 1310 944 1353 ς
989 1303 1125 1346 nam
1155 1307 1257 1364 per
1301 1289 1597 1365 quodlibet
1639 1286 1885 1346 mortale

526 1372 816 1439 peccatum
847 1367 1139 1426 constituit
1184 1370 1356 1427 homo
1394 1369 1573 1428 finem
1603 1369 1884 1426 ultimum

526 1446 590 1502 in
611 1456 892 1508 creatura.

602 1533 719 1590 Hoc
746 1534 935 1608 itaque
955 1550 1073 1591 non
1098 1532 1303 1601 obstat;
1329 1534 1706 1607 respondetur
1722 1532 1885 1591 enim

528 1616 921 1686 praenotando,
951 1615 1100 1691 quod
1131 1621 1192 1672 ut
1223 1615 1481 1673 diximus
1506 1623 1669 1673 tract.
1702 1615 1766 1669 de
1790 1614 1888 1670 ul-

524 1698 658 1752 timo
676 1700 801 1769 fine,
826 1698 970 1773 disp.
999 1702 1054 1766 4,
1087 1699 1213 1755 dub.
1264 1699 1318 1763 3,
1370 1714 1475 1757 nec
1502 1702 1757 1771 respectu
1786 1696 1887 1752 in-

523 1776 730 1847 fidelis,
757 1795 861 1838 nec
882 1785 1137 1855 respectu
1162 1781 1402 1838 alterius
1424 1781 1709 1855 peccantis
1733 1794 1888 1836 mor-

523 1862 716 1920 taliter
742 1868 922 1936 potest
948 1880 1071 1922 esse
1108 1862 1245 1920 finis
1274 1865 1535 1933 ultimus,
1581 1864 1883 1939 positivae,

524 1943 746 2018 integer
792 1951 847 2001 et
891 1944 1216 2020 adaequatus
1256 1945 1496 2015 idolum,
1527 1948 1622 2004 vel
1648 1943 1884 2019 quodli-

525 2026 619 2084 bet
663 2026 821 2082 aliud
867 2028 1317 2086 determinatum
1364 2028 1646 2104 objectum
1690 2043 1888 2102 pecca-

525 2107 855 2176 minosum;
904 2109 1046 2165 alias
1097 2110 1195 2182 qui
1243 2109 1377 2166 facit
1447 2111 1616 2182 plura
1664 2112 1889 2181 peccata

525 2190 798 2246 mortalia
826 2206 943 2247 non
968 2189 1343 2248 subordinata
1365 2192 1517 2248 inter
1539 2206 1617 2257 se,
1652 2187 1889 2246 haberet

528 2272 591 2328 in
631 2271 831 2328 eodem
859 2272 1062 2329 ordine
1084 2273 1337 2329 naturali
1361 2275 1556 2346 plures
1601 2270 1745 2327 fines
1793 2271 1890 2326 ul-

529 2354 734 2421 timos;
762 2352 915 2426 quod
941 2353 1220 2427 implicat.
1270 2357 1456 2419 Quare
1483 2352 1619 2409 finis
1646 2351 1889 2408 ultimus

529 2435 892 2504 idololatriae,
924 2445 980 2495 et
1030 2439 1280 2512 cujusvis
1302 2438 1608 2513 peccatoris
1636 2452 1740 2510 pro
1766 2437 1890 2494 for-

528 2518 670 2573 mali
698 2535 926 2591 semper
950 2525 1035 2576 est
1056 2521 1355 2594 proprium
1385 2520 1566 2593 ipsius
1588 2520 1890 2584 bonum,et

525 2596 632 2653 sub
654 2598 758 2655 hac
787 2600 1008 2657 ratione
1035 2601 1170 2659 boni
1200 2602 1421 2675 proprii
1464 2600 1681 2674 appetit
1717 2599 1890 2673 quid—

524 2678 663 2753 quid
693 2681 941 2753 appetit;
980 2698 1084 2753 pro
1124 2683 1583 2739 materialivero
1611 2681 1891 2753 importat

525 2768 893 2836 aggregatum
923 2765 1187 2820 omnium
1215 2765 1455 2820 illarum
1495 2778 1714 2830 rerum,
1760 2780 1889 2838 quae

526 2842 744 2916 abipso
765 2848 1134 2917 appetuntur.
1198 2845 1267 2900 Et
1307 2844 1387 2901 ita
1421 2846 1743 2920 integratur
1761 2851 1888 2902 tum

524 2942 599 2984 ex
626 2926 777 2984 bono
811 2929 1131 3000 apparenti,
1186 2926 1336 3003 quod
1378 2934 1632 3000 peccator
1680 2944 1889 3002 appre-

526 3008 730 3066 hendit
777 3009 841 3064 in
893 3007 1123 3085 objectis
1163 3010 1589 3082 peccaminosis,
1634 3026 1758 3083 quae
1785 3026 1889 3083 ap-

526 3092 668 3164 petit
701 3111 714 3146 ε
744 3095 866 3147 tum
888 3093 1064 3149 etiam
1109 3109 1180 3149 ex
1234 3090 1383 3150 bono
1428 3108 1585 3157 vero,
1630 3092 1778 3165 quod
1827 3094 1890 3149 in

525 3172 757 3248 objectis
798 3175 1070 3241 honestis,
1121 3190 1247 3248 quae
1290 3174 1501 3249 diligit,
1559 3175 1884 3232 invenitur.

527 3256 649 3311 Imo
677 3254 747 3311 ad
782 3256 1173 3330 integritatem
1222 3256 1586 3312 materialem
1616 3254 1787 3329 hujus
1815 3253 1890 3310 fi-

529 3336 622 3393 nis
675 3337 867 3395 ultimi
928 3344 1107 3411 potest
1153 3338 1329 3395 etiam
1398 3339 1687 3412 pertinere
1739 3342 1889 3396 Deus

529 3417 667 3490 ipse,
701 3435 817 3477 non
846 3425 908 3476 ut
933 3425 1018 3477 est
1044 3420 1106 3475 in
1129 3435 1189 3476 se
1214 3436 1511 3477 summum
1529 3419 1767 3486 bonum,
1787 3420 1888 3478 sed

529 3506 592 3554 ut
614 3506 793 3572 potest
813 3501 980 3576 diligi
1000 3517 1034 3558 a
1058 3506 1346 3574 peccatore
1368 3518 1468 3574 per
1490 3501 1724 3559 modum
1749 3500 1887 3558 boni

530 3581 915 3652 particularis.
949 3581 1093 3646 Quia
1126 3581 1285 3637 enim
1329 3583 1476 3639 ratio
1524 3584 1626 3639 illa
1666 3581 1887 3654 proprii

531 3660 689 3728 boni,
721 3679 845 3735 quae
871 3666 954 3734 (ut
981 3662 1258 3733 diximus)
1284 3669 1369 3720 est
1416 3664 1561 3721 ratio
1606 3664 1889 3721 constitu-

528 3744 650 3802 tiva
700 3761 804 3816 pro
854 3744 1089 3802 formali
1131 3745 1267 3802 finis
1315 3746 1506 3803 ultimi
1553 3747 1882 3819 peccatoris,

530 3825 811 3882 abstrahit
839 3842 871 3882 a
900 3826 1122 3883 ratione
1162 3826 1288 3883 veri
1335 3826 1491 3892 boni,
1518 3832 1573 3883 et
1598 3842 1887 3899 apparen-

527 3908 621 3973 tis,
652 3907 897 3974 honesti,
919 3912 973 3963 et
1000 3907 1310 3975 inhonesti,
1352 3908 1545 3975 creati,
1577 3913 1634 3965 et
1659 3909 1887 3965 increa-

526 3988 590 4052 ti,
624 3993 725 4046 etc.
760 3994 941 4062 potest
967 3993 1187 4055 cuncta,
1235 3990 1368 4055 haec,
1406 3995 1465 4047 et
1489 3987 1766 4062 quidquid
1792 4006 1888 4047 ce-

523 4069 608 4126 dit
648 4071 712 4127 in
757 4070 975 4128 bonum
1014 4070 1194 4142 ipsius
1235 4071 1560 4143 peccatoris,
1612 4086 1713 4142 per
1757 4088 1888 4129 mo·-

523 4151 664 4208 dum
692 4152 950 4209 materiae
976 4151 1082 4208 sub
1125 4167 1186 4208 se
1231 4150 1755 4224 comprehendere;
1782 4147 1888 4226 po-

523 4241 741 4310 testque
766 4252 838 4293 ex
854 4236 1124 4293 omnibus
1153 4236 1278 4291 istis
1310 4233 1611 4308 praedictus
1631 4234 1766 4293 finis
1782 4253 1887 4310 pro

524 4317 815 4376 materiali
880 4317 1183 4393 integrari.
1252 4316 1416 4372 Unde
1463 4316 1594 4373 licet
1618 4315 1886 4374 videatur

523 4402 831 4460 idololatra
856 4417 934 4467 se,
961 4406 1018 4458 et
1037 4399 1237 4458 omnia
1255 4415 1361 4456 sua
1387 4398 1450 4454 in
1479 4397 1723 4466 idolum,
1751 4404 1880 4456 tan-

521 4502 694 4560 quam
725 4485 787 4541 in
812 4482 988 4541 finem
1014 4482 1249 4551 referre,
1278 4497 1482 4539 revera
1508 4486 1704 4540 tamen
1734 4481 1886 4557 quod

513 4569 603 4626 -ibi
634 4569 824 4641 primo
852 4567 915 4623 in
944 4566 1265 4623 intentione
1293 4569 1504 4631 movet,
1532 4579 1650 4622 non
1675 4571 1758 4622 est
1780 4565 1886 4623 bo-

524 4668 666 4709 num
694 4650 853 4718 idoli,
879 4649 976 4706 sed
994 4647 1208 4706 bonum
1232 4647 1322 4703 sui
1349 4646 1560 4720 ipsius;
1588 4663 1706 4705 non
1721 4648 1883 4705 enim

523 4741 680 4794 amat
697 4750 757 4792 se
780 4739 1011 4807 propter
1040 4731 1280 4798 idolum,
1305 4728 1403 4787 sed
1431 4730 1536 4787 hoc
1564 4731 1751 4803 potius
1790 4731 1885 4788 di-

522 4819 653 4894 ligit
698 4817 964 4874 ultimate
1027 4818 1260 4888 propter
1310 4829 1392 4869 se.
1458 4812 1884 4871 Universaliter

522 4916 773 4974 namque
794 4915 994 4956 verum
1017 4903 1101 4954 est
1120 4894 1426 4969 (loquendo
1448 4911 1566 4952 non
1587 4895 1657 4952 de
1686 4912 1885 4955 amore

518 4985 837 5055 charitatis)
863 4981 1014 5056 quod
1053 4980 1343 5036 amicabile
1387 4979 1586 5035 bonum
1624 4981 1698 5036 sit
1748 4983 1882 5037 uni-

520 5072 713 5145 cuique
733 5068 1042 5140 proprium,
1076 5069 1134 5120 et
1158 5062 1306 5136 quod
1348 5062 1671 5119 amicabilia
1698 5064 1774 5120 ad
1793 5064 1885 5120 al-

520 5158 695 5205 terum
716 5165 921 5219 semper
945 5152 1074 5201 sunt
1091 5163 1162 5201 εει·
1180 5144 1564 5201 amicabilibus
1585 5145 1660 5200 ad
1686 5162 1758 5202 se.

2010 871 2235 930 idolum
2259 888 2329 929 ex
2356 872 2472 928 alia
2499 872 2774 946 quoniam
2804 872 2951 927 Deus
2994 875 3082 926 est
3133 867 3383 923 ultimus

2011 953 2148 1011 finis
2163 954 2389 1013 ordinis
2408 954 2870 1028 supernaturalis
2899 950 3248 1016 formaliter,
3278 965 3382 1022 po—

2012 1037 2201 1103 sitive,
2234 1037 2531 1111 complete,
2563 1043 2621 1096 et
2642 1037 2962 1111 adaequate;
2988 1035 3214 1093 idolum
3236 1049 3380 1091 vero

2014 1119 2393 1177 materialiter
2419 1117 2736 1187 dumtaxat,
2765 1119 3142 1192 inadaequate,
3168 1122 3225 1174 et
3247 1133 3380 1190 par-

2014 1201 2331 1258 ticulariter
2355 1207 2569 1275 spectat
2618 1202 2691 1259 ad
2737 1202 2913 1260 finem
2944 1200 3221 1258 ultimum
3244 1215 3382 1271 peo-

2014 1284 2238 1340 catoriS.
2290 1285 2477 1347 Quare
2515 1284 2652 1357 quia
2693 1285 2985 1360 generalis
3029 1282 3136 1339 illa
3189 1281 3384 1339 infor-

2016 1365 2212 1432 matio,
2243 1381 2415 1438 quam
2435 1364 2563 1424 fieri
2587 1364 2844 1422 diximus
2867 1383 2969 1440 per
2998 1366 3372 1431 charitatem,

2016 1449 2320 1522 totalisque
2370 1451 2474 1506 illa
2511 1449 2777 1506 omnium
2818 1448 3041 1506 virium
3104 1447 3382 1522 subjectio

2015 1530 2205 1587 solum
2223 1535 2308 1586 est
2334 1528 2525 1588 debita
2552 1528 2658 1586 fini
2700 1530 2910 1587 ultimo
2937 1529 3174 1587 formali
3202 1534 3259 1587 et
3285 1532 3382 1586 to-

2017 1613 2119 1669 tali
2144 1613 2402 1685 (debetur
2420 1614 2581 1672 enim
2622 1615 2815 1671 totalis
2858 1611 3260 1671 subordinatio
3284 1616 3381 1668 to·

2017 1696 2122 1752 tali
2150 1695 2276 1763 fini,
2297 1713 2414 1754 non
2441 1702 2633 1754 autem
2657 1697 2914 1770 partiali)
2944 1695 3079 1754 inde
3103 1701 3206 1760 est,
3225 1692 3384 1769 quod

2019 1778 2289 1850 praedicta
2334 1778 2690 1847 informatiO,
2748 1784 2805 1834 et
2849 1777 3382 1852 subordinatioge-

2018 1859 2384 1916 neralissime
2434 1865 2662 1934 sumpta
2706 1860 2897 1917 solum
2944 1860 3019 1916 sit
3043 1858 3239 1916 debita
3263 1860 3383 1916 Deo

2019 1947 2081 1997 ut
2106 1946 2191 1998 est
2216 1939 2352 1997 finis
2389 1941 2630 1998 ultimus
2680 1940 3159 2015 supernaturalis,
3212 1945 3386 2013 atque

2020 2020 2159 2079 adeo
2180 2020 2314 2077 finis
2341 2023 2582 2080 omnino
2608 2022 2884 2090 ultimus;
2915 2022 2978 2078 in
3004 2020 3211 2079 ordine
3242 2035 3387 2078 vero

2017 2106 2274 2162 naturali
2322 2107 2529 2163 ultimo
2579 2105 2686 2163 fini
2733 2105 2968 2163 formali
2995 2111 3052 2163 et
3098 2106 3388 2177 completo

2020 2189 2187 2263 huJ'us
2214 2187 2455 2251 ordinis,
2503 2189 2738 2262 proprio
2764 2189 2981 2245 scilicet
3008 2187 3157 2245 bono
3198 2187 3388 2260 ipsius

2020 2272 2328 2345 operantis,
2363 2288 2479 2328 non
2532 2271 2916 2329 determinate
2943 2271 3114 2328 alicui
3141 2287 3216 2328 ex
3241 2286 3388 2343 par-

2020 2353 2173 2410 tibus
2194 2352 2592 2411 materialibus
2632 2355 2797 2410 istius
2843 2353 2997 2423 finis,
3038 2359 3175 2426 puta
3199 2352 3382 2410 idolo.

2019 2437 2106 2491 Ex
2130 2452 2243 2508 quo
2272 2451 2471 2492 rursus
2498 2433 2578 2502 fit,
2633 2434 2784 2509 quod
2824 2435 3115 2492 ordinatio
3152 2450 3278 2506 quae
3318 2432 3387 2490 fit

2020 2520 2084 2575 in
2112 2522 2292 2576 Deum
2338 2534 2437 2590 per
2465 2523 2652 2574 actum
2692 2519 3007 2586 charitatis,
3039 2523 3222 2590 potest
3256 2532 3390 2574 oese

2020 2602 2235 2670 efficax,
2290 2607 2348 2659 et
2396 2602 2657 2660 effectiva
2709 2609 2963 2675 respectu
2992 2608 3224 2659 actuum
3248 2617 3385 2659 om-

2021 2685 2188 2741 nium
2234 2683 2738 2757 subsequentium3
2781 2688 2837 2740 et
2887 2683 3061 2740 etiam
3112 2683 3216 2739 illa
3249 2699 3382 2757 quae

2021 2764 2182 2822 fieret
2205 2765 2268 2821 in
2293 2763 2593 2837 proprium
2617 2763 2832 2821 bonum
2862 2762 3207 2829 formaliter,
3230 2768 3286 2819 et
3312 2763 3385 2819 in

2021 2849 2314 2907 communi
2335 2848 2859 2921 sumptum,saltem
2879 2853 3133 2922 respectu
3150 2852 3384 2903 actuum

2020 2931 2247 2989 ordinis
2312 2933 2631 2999 naturalis;
2681 2946 2800 2988 non
2847 2945 2985 2987 vero
3030 2932 3131 2987 illa
3150 2947 3274 3004 quae
3315 2929 3384 2987 fit

2021 3013 2084 3067 in
2106 3012 2326 3070 idolum
2363 3029 2463 3086 per
2504 3017 2690 3069 actum
2718 3011 3079 3069 idololatriae.

2095 3094 2180 3150 Ad
2209 3095 2354 3151 illud
2382 3112 2521 3153 vero
2541 3094 2612 3151 de
2637 3093 2892 3167 quolibet
2913 3098 3176 3167 peccante
3216 3109 3382 3150 mor-

2020 3176 2232 3244 taliter,
2260 3176 2635 3249 respondetur
2661 3180 3005 3242 creaturam,
3038 3175 3100 3231 in
3140 3192 3252 3250 qua
3277 3175 3382 3233 ille

2019 3257 2315 3315 constituit
2341 3258 2682 3324 formaliter,
2708 3261 2765 3313 et
2792 3256 3036 3329 positive
3075 3256 3253 3315 finem
3280 3259 3380 3314 ul·—

2020 3341 2249 3408 timum,
2285 3357 2401 3397 non
2427 3356 2548 3398 esse
2576 3339 2807 3412 praecise
2832 3338 3115 3413 objectum
3137 3341 3228 3396 sui
3256 3355 3383 3413 pec·

2019 3422 2149 3488 cati,
2180 3422 2279 3479 sed
2320 3422 2620 3495 proprium
2659 3422 2750 3478 sui
2803 3421 2986 3494 ipsius
3031 3420 3269 3488 bonum,
3315 3427 3381 3478 ut

2019 3505 2307 3572 di‘ximu33
2337 3506 2496 3579 cujus
2525 3504 2662 3562 boni
2690 3510 2775 3562 est
2793 3504 2955 3577 quasi
2980 3520 3111 3577 pars
3139 3503 3382 3577 praedic-

2019 3593 2143 3643 tum
2177 3586 2482 3661 objectum.
2506 3586 2724 3643 Dicitur
2746 3589 2939 3643 tamen
2964 3601 3065 3658 per
3088 3591 3382 3658 peccatum

2019 3671 2283 3736 mortale,
2310 3675 2366 3727 et
2393 3685 2510 3726 non
2534 3685 2634 3741 per
2663 3668 2845 3725 alium
2885 3675 3073 3725 actum
3102 3670 3378 3725 constitui

2020 3753 2083 3808 in
2110 3758 2373 3808 creatura
2410 3748 2588 3807 finem
2631 3750 2924 3816 ultimum,
2974 3749 3113 3823 quia
3153 3750 3381 3807 ratione

2021 3833 2273 3909 praedicti
2297 3833 2523 3906 peccati,
2550 3837 2604 3890 et
2633 3847 2749 3889 non
2776 3833 2997 3891 ratione
3024 3833 3266 3889 alterius
3290 3848 3379 3890 ac-

2011 3923 2110 3972 ·tus
2149 3913 2319 3972 habet
2346 3913 2560 3971 bonum
2590 3914 2910 3987 proprium,
2943 3913 3094 3986 quod
3113 3915 3191 3970 sit
3226 3916 3379 3971 irre-

2019 3997 2249 4055 feribile
2270 3995 2333 4052 in
2361 3995 2542 4051 alium
2597 3993 2793 4061 finem,
2828 4011 3034 4067 nempe
3083 3995 3148 4051 in
3197 3994 3374 4051 finem

2017 4079 2539 4152 supernaturalem.
2583 4076 2746 4134 Unde
2766 4076 3010 4148 quodam
3051 4075 3226 4134 modo
3246 4092 3378 4150 pec-

2017 4165 2207 4217 catum
2258 4159 2503 4215 mortale
2566 4157 2861 4214 constituit
2899 4157 3237 4231 praedictum
3270 4157 3378 4214 bo-

2018 4257 2160 4299 num
2203 4240 2501 4313 proprium
2555 4239 2618 4295 iu
2665 4239 2889 4297 ratione
2952 4237 3087 4296 finis
3133 4239 3377 4297 omnino

2019 4321 2210 4379 ultimi
2237 4327 2489 4394 respectu
2514 4321 2966 4393 peccatoris,non
2988 4321 3250 4394 positive,
3273 4320 3380 4377 sed

2018 4403 2301 4480 negative,
2331 4407 2612 4476 quatenus
2650 4401 2858 4459 tribuit
2881 4402 2955 4469 ei,
2979 4401 3130 4474 quod
3158 4417 3277 4459 non
3300 4400 3381 4458 sit

2018 4485 2314 4543 referibile
2336 4484 2398 4540 in
2423 4482 2602 4540 finem
2622 4483 3124 4556 supernaturalem
3145 4506 3160 4548 3
3210 4486 3382 4556 atque

2017 4567 2156 4625 adeo
2177 4575 2234 4626 et
2253 4566 2402 4640 quod
2424 4566 2691 4622 voluntas
2714 4564 3019 4637 peccatoris
3047 4579 3149 4637 per
3169 4579 3376 4622 omnes

2015 4667 2147 4708 suos
2167 4657 2321 4709 actus
2362 4648 2425 4704 in
2474 4648 2599 4721 ipso
2625 4648 2860 4721 proprio
2913 4647 3063 4704 bono
3107 4647 3375 4705 ultimate

2014 4732 2194 4789 sistat.

2088 4812 2248 4870 Adde
2302 4828 2405 4885 pro
2458 4810 2666 4885 majori
2707 4810 2918 4867 horum
2967 4808 3373 4883 explicatione,

1985 4895 2164 4972 ‘quod
2190 4911 2320 4952 cum
2344 4895 2611 4952 voluntas
2655 4891 2994 4949 subordinet
3017 4892 3151 4961 sibi,
3194 4898 3250 4950 et
3275 4892 3377 4950 in-

2015 4980 2224 5036 formet
2245 4977 2309 5033 in
2337 4974 2541 5033 ordine
2574 4973 2642 5030 ad
2686 4973 2862 5031 finem
2896 4975 3168 5032 ultimum
3202 4979 3376 5033 natu—

2015 5062 2198 5118 ralem
2226 5074 2426 5116 omnes
2447 5057 2662 5115 animae
2688 5055 2844 5113 vires
2889 5062 2947 5113 et
2991 5056 3242 5125 habitus,
3270 5059 3374 5132 qui

2013 5140 2356 5218 participant
2383 5138 2723 5208 libertatem,
2775 5139 2940 5195 nulla
2978 5140 3096 5197 alia
3137 5139 3374 5198 facultas

3169 5224 3376 5297 poterit
