3647 5753
1367 439 1545 498 DISP.
1593 441 1689 509 vl,
1740 440 1907 499 DUB.
1957 441 2054 499 IV.

239 610 417 666 illam
442 609 656 666 Christi
698 612 930 669 Domini
975 611 1418 685 promissionem
1448 633 1461 668 ε
1489 627 1615 687 quas

238 689 643 748 infallibilitas
686 708 804 749 non
852 692 1130 750 fundatur
1203 693 1269 749 in
1337 692 1616 766 dignitate

240 770 512 846 petentis,
545 778 640 827 aut
685 773 996 844 petitioniS,
1028 772 1127 829 sed
1181 773 1244 829 in
1271 771 1616 830 certitudine

241 851 653 926 promissionis
674 851 906 910 divinae.
941 855 1010 908 Et
1030 854 1111 911 ita
1132 854 1290 911 docet
1312 856 1378 910 D.
1404 855 1612 910 Thom.

242 940 431 1010 quast.
481 935 573 990 cit.
618 941 728 991 art.
790 936 875 1002 16,
927 936 988 990 in
1033 953 1181 1009 corp.
1212 935 1310 992 ubi
1339 935 1464 993 ait:
1502 956 1528 988 ι
1555 935 1615 990 Si

247 1037 275 1068 α
312 1022 569 1090 peccator
589 1014 810 1074 orando
834 1017 1051 1091 aliquid
1081 1018 1221 1090 petit
1246 1019 1310 1074 in
1330 1022 1615 1090 quantum

247 1120 275 1152 α
310 1099 651 1171 peccator.id
674 1104 758 1155 est
778 1100 1093 1156 secundum
1116 1099 1471 1157 desiderium
1495 1113 1617 1171 pec·

247 1201 275 1233 «
308 1180 438 1246 cati,
465 1180 529 1236 in
552 1180 655 1237 hoc
683 1196 715 1236 a
742 1182 856 1243 Deo
884 1197 1002 1240 non
1026 1178 1264 1239 auditur
1284 1198 1355 1239 ex
1380 1179 1617 1236 miseri-

247 1281 275 1314 «
305 1259 521 1326 cordia,
577 1260 674 1317 sed
721 1264 1060 1338 quandoque
1105 1262 1340 1320 auditur
1387 1261 1460 1318 ad
1488 1262 1617 1318 vin·

247 1363 283 1394 ω
310 1341 542 1412 dictam,
576 1342 714 1398 dum
745 1346 893 1402 Deus
938 1347 1222 1419 permittit
1263 1350 1614 1418 peccatorem

248 1445 278 1478 α
311 1422 498 1481 adhuc
523 1427 773 1498 amplius
803 1442 971 1484 ruere
1001 1429 1066 1484 in
1110 1432 1353 1500 peccata.
1385 1425 1615 1484 Oratio-

251 1527 280 1559 «
310 1522 447 1564 nem
494 1524 631 1565 vero
679 1509 985 1581 peccatoris
1013 1524 1085 1566 ex
1130 1509 1280 1568 bono
1328 1507 1615 1567 desiderio

249 1608 277 1640 α
312 1594 536 1645 naturae
588 1589 987 1662 procedentem
1038 1593 1183 1648 Deus
1242 1590 1423 1658 audit,
1496 1603 1614 1646 non

251 1690 278 1721 α
313 1671 475 1743 quasi
517 1671 853 1745 exjustitia,
885 1672 1020 1744 quia
1049 1678 1304 1745 peccator
1345 1673 1450 1730 hoc
1492 1670 1615 1728 non

252 1770 278 1802 ι
314 1758 588 1815 meretur,
619 1751 716 1808 sed
737 1767 807 1808 ex
842 1768 987 1825 pura
1015 1753 1414 1811 misericordia
1449 1773 1463 1809 ε
1509 1751 1617 1810 ob-

254 1854 282 1885 «
312 1835 557 1891 servatis
587 1842 779 1892 tamen
798 1841 1042 1906 quatuor
1071 1838 1383 1910 praemissis
1410 1835 1616 1894 condi-

254 1934 281 1967 α
316 1915 589 1981 tionibus,
621 1922 682 1972 ut
707 1918 923 1975 scilicet
951 1935 1055 1990 pro
1085 1936 1147 1977 se
1175 1924 1325 1992 petat
1352 1934 1617 1975 necessa-

256 2016 283 2048 α
317 1997 406 2053 ria
454 1997 524 2054 ad
551 2001 820 2073 salutem,
853 2001 963 2073 pie,
996 2006 1051 2058 et
1090 2005 1548 2073 perseveranter.
1582 2019 1608 2051 n

249 2078 322 2132 Et
352 2079 414 2134 in
456 2095 684 2154 argum.
717 2079 832 2138 Sed
856 2089 1068 2148 contra,
1101 2081 1320 2138 inducit
1348 2082 1616 2138 testimo-

252 2157 420 2215 nium
470 2161 861 2235 chrysostomi
925 2161 1168 2219 dicentis

245 2242 406 2311 petit,
440 2241 499 2294 id
537 2249 632 2307 est,
660 2243 773 2296 sive
783 2244 971 2314 justus
997 2245 1090 2310 sit,
1119 2245 1234 2298 sive
1252 2251 1521 2316 peccator.

23 2352 236 2394 »nattum
326 2322 423 2377 78.
465 2324 743 2396 Arguitur
786 2329 1037 2396 quarto:
1077 2342 1213 2382 nam
1261 2325 1390 2382 ideo
1430 2326 1618 2399 justus

23 2389 214 2495 '2233
255 2415 377 2456 non
405 2411 591 2474 posset
638 2405 851 2460 mereri
882 2407 1306 2479 reparationem
1337 2411 1461 2479 post
1490 2407 1619 2478 lap-

25 2479 28 2492 *
222 2479 408 2548 'sum,
452 2484 588 2555 quia
627 2485 765 2559 justi
796 2489 1004 2544 merita
1049 2487 1475 2545 mortificantur
1516 2503 1618 2562 per

254 2562 447 2634 ipsum
472 2565 716 2635 lapsum,
746 2570 801 2621 et
823 2566 943 2622 vim
974 2566 1321 2639 perducendi
1362 2566 1433 2623 ad
1468 2583 1620 2640 prae-

254 2641 443 2697 mium
480 2645 753 2701 amittunt
779 2667 792 2701 :
819 2645 919 2702 sed
948 2647 1052 2704 hoc
1077 2654 1162 2705 est
1188 2647 1399 2703 falsum
1428 2669 1440 2704 :
1482 2665 1619 2723 ergo

244 2724 433 2798 justus
476 2730 654 2796 potest
697 2729 911 2784 mereri
939 2728 1267 2801 praedictam
1299 2730 1620 2801 reparatio-

249 2821 406 2863 nem.
453 2807 737 2865 Probatur
783 2811 1019 2868 minor:
1069 2828 1207 2868 nam
1248 2811 1398 2886 quod
1438 2811 1618 2868 semel

249 2888 646 2960 mortificatur,
673 2910 973 2969 nunquam
999 2896 1347 2953 naturaliter
1376 2895 1619 2953 revivis-

249 2973 328 3029 cit
353 2994 365 3028 :
390 2974 543 3046 atqui
581 2978 787 3034 merita
808 2978 950 3052 justi
977 2977 1172 3035 elicita
1203 2985 1335 3035 ante
1365 2979 1612 3050 lapsum,

251 3052 475 3110 sublato
503 3060 652 3111 statu
682 3060 913 3130 peccati,
947 3058 1381 3124 naturaliter,id
1411 3064 1498 3115 est
1524 3072 1620 3114 se-

252 3135 503 3193 cundum
532 3138 909 3207 ordinariam,
955 3147 1011 3197 et
1068 3155 1439 3198 communem
1481 3153 1620 3212 pro-

252 3218 570 3277 videntiam
589 3224 1020 3287 reviviscunt,et
1032 3226 1422 3293 consequantu
1432 3236 1459 3275 r
1472 3236 1621 3293 prae-

255 3302 458 3369 mium,
496 3311 554 3360 ut
598 3310 752 3361 tenet
778 3320 1012 3361 concors
1039 3304 1464 3377 Theologorum
1491 3317 1622 3359 sen-

254 3384 453 3450 tentia,
484 3390 541 3440 et
567 3400 742 3455 supra
784 3385 1093 3440 statuimus
1137 3384 1279 3455 disp.
1321 3383 1547 3456 praeced.
1583 3400 1619 3438 a

257 3480 409 3518 rmm.
480 3465 528 3529 1;
578 3478 712 3536 ergo
754 3462 964 3519 falsum
1029 3466 1131 3528 est,
1187 3463 1338 3535 quod
1403 3462 1622 3520 merita

255 3542 393 3616 justi
437 3541 861 3600 mortificentur
901 3559 1001 3617 per
1043 3542 1395 3617 subsequens
1422 3559 1623 3616 pecca-

265 3629 405 3679 tum.
1418 3637 1425 3638 ⁷

336 3706 731 3778 Respondetur
748 3708 1008 3782 negando
1024 3708 1332 3766 minorem.
1355 3707 1440 3764 Ad
1464 3709 1551 3782 cuj
1558 3725 1624 3764 us

266 3785 657 3860 probationem
704 3789 1014 3846 dicendum
1062 3796 1163 3864 est,
1217 3791 1427 3847 merita
1483 3789 1623 3863 justi

262 3866 598 3925 mortificari
616 3885 717 3941 per
737 3872 1154 3944 superveniens
1177 3878 1486 3945 peccatum,
1505 3886 1624 3928 non

262 3951 395 4023 quia
440 3952 753 4010 secundum
799 3970 860 4011 se
908 3971 1027 4012 non
1074 3956 1334 4028 placeant
1381 3957 1516 4022 Deo,
1568 3958 1626 4011 et

263 4035 612 4090 maneantin
628 4037 750 4109 ejus
773 4038 1152 4110 acceptatione
1175 4052 1276 4110 per
1300 4041 1624 4109 respectum

260 4114 331 4170 ad
358 4118 601 4188 tempuS,
634 4117 697 4172 in
724 4133 835 4189 quo
862 4118 1097 4175 fuerunt
1117 4118 1341 4185 elicita;
1362 4118 1461 4174 sed
1488 4117 1626 4191 quia

263 4208 362 4265 per
415 4200 705 4266 peccatum
753 4197 1175 4271 impediuntur,
1236 4214 1308 4255 ne
1373 4196 1625 4255 merenti

262 4271 561 4345 proficiant
580 4274 652 4332 ob
675 4276 855 4348 ipsius
877 4277 1417 4352 indispositionem3
1448 4283 1506 4335 et
1546 4277 1626 4333 ita

265 4359 380 4411 tota
406 4355 775 4417 mortificatio
800 4376 862 4418 se
882 4367 1037 4419 tenet
1061 4377 1134 4417 ex
1175 4366 1336 4434 parte
1360 4360 1621 4434 subjecti,

264 4450 380 4493 non
400 4450 472 4492 ex
500 4444 660 4510 parte
687 4442 1053 4500 meritorum.
1083 4445 1206 4507 Qua
1231 4440 1304 4497 de
1328 4457 1499 4498 causa
1525 4440 1626 4497 ubi

266 4522 551 4589 peccatum
582 4523 823 4593 tollitur,
850 4526 1060 4581 merita
1083 4525 1470 4593 reviviscunt3
1491 4525 1627 4599 quia

266 4599 552 4674 incipiunt
577 4605 631 4661 ei
655 4604 939 4677 prodesse,
972 4613 1027 4664 et
1052 4612 1320 4664 exercent
1340 4609 1465 4665 vim
1490 4624 1629 4682 per-

264 4680 507 4738 ducendi
536 4684 606 4741 ad
634 4687 958 4759 praemium,
996 4694 1055 4744 ut
1080 4690 1201 4747 loco
1246 4689 1416 4747 citato
1443 4687 1629 4746 decla-

182 4812 189 4818 .
270 4763 545 4822 ravimus.
577 4770 877 4837 Caeterum,
911 4771 1048 4844 quia
1087 4770 1301 4829 ablatio
1325 4770 1535 4845 peccati
1566 4769 1631 4827 fit

264 4849 645 4906 essentialiter
672 4866 772 4923 per
813 4851 1001 4924 ipsam
1048 4854 1476 4927 reparationem
1508 4857 1631 4926 post

267 4931 510 5002 lapsum,
561 4931 1017 5004 implicatorium
1057 4939 1161 5004 est,
1218 4934 1370 5009 quod
1418 4934 1632 4991 merita

269 5010 609 5069 mortificata
637 5012 885 5071 habeant
906 5032 1010 5089 pro
1026 5016 1270 5090 praemio
1295 5014 1630 5089 praedictam

270 5093 712 5165 reparationem,
758 5100 815 5152 et
863 5104 1275 5172 consequenter
1321 5101 1624 5171 repugnat,

26 3748 242 3794 Respon-

84 3800 180 3837 sto.

1211 2184 1226 2219 z
1278 2162 1491 2219 Omnis*
1518 2161 1617 2239 qui
1646 2186 1651 2193 ·

3000 442 3113 499 845

1744 613 1895 687 quod
1916 614 2101 689 justus
2128 615 2275 674 hanc
2302 616 2729 692 reparationem
2771 619 3102 682 mereatur;

1746 696 2023 770 quidquid
2042 699 2201 756 enim
2225 706 2359 758 ante
2381 700 2545 756 illam
2585 699 2948 774 supponitur,
2983 713 3104 754 non

1745 780 2008 854 explicat,
2036 798 2141 839 nec
2158 784 2518 841 exercetvim
2541 782 3107 854 meritoriam,quam

1745 859 1817 918 de
1835 877 1896 917 se
1915 860 2102 919 habet.
2148 865 2217 918 Et
2277 870 2576 937 propterea
2601 863 2997 920 chimaericum
3025 867 3110 920 est

1745 943 2023 1000 meritum
2040 950 2292 1018 respectu
2310 946 2471 1002 illius
2501 946 2748 1018 praemii,
2763 943 2915 1019 quod
2928 944 2998 1000 ab
3020 944 3109 1000 in-

1747 1026 1992 1083 trinseco
2014 1027 2282 1099 supponit
2307 1025 2592 1084 defectum
2607 1026 2864 1084 efficaciae
2891 1026 2955 1082 in
2978 1040 3106 1082 me-

1748 1106 1877 1174 rito,
1903 1112 1960 1163 et
1985 1105 2485 1179 indispositionem
2511 1107 2574 1164 in
2602 1113 2883 1174 merente,
2930 1112 2991 1163 ut
3015 1108 3105 1163 la-

1746 1186 1860 1243 tius
1897 1204 2072 1260 supra
2099 1187 2575 1261 ponderavimus.

2219 1346 2504 1402 DUBIUM
2544 1348 2639 1402 IV.

1753 1491 1950 1550 Utrum
1964 1494 2154 1566 justus
2171 1496 2348 1568 possit
2386 1495 2494 1551 sibi
2512 1494 2576 1549 de
2598 1492 2863 1565 condiyno
2907 1490 3106 1547 mereri

2117 1577 2474 1640 auqmentum
2509 1571 2722 1641 qratiae.

1821 1669 1990 1727 Dubii
2011 1673 2212 1729 titulus
2231 1675 2521 1747 supponit,
2557 1674 2777 1747 justum
2823 1687 2923 1744 per
2952 1670 3103 1730 bona
3122 1660 3321 1761 ρξβῖξξζ,

1746 1768 1920 1824 opera
1956 1757 2168 1812 mereri
2220 1757 2330 1812 sibi
2378 1759 2752 1830 augmentum
2798 1753 3021 1828 gratias,
3054 1757 3110 1810 et
3145 1768 3270 1812 oren

1742 1835 1999 1909 justitias.
2017 1840 2152 1902 Quae
2172 1837 2485 1911 suppositio
2511 1843 2595 1894 est
2620 1841 2775 1893 certa
2793 1835 3107 1893 secundum
3122 1810 3312 1910 33ῗέςῖ

1746 1916 1951 1985 fidem;
1995 1935 2131 1975 nam
2172 1921 2236 1976 in
2284 1920 2540 1977 Concilio
2581 1919 2840 1976 Trident.
2891 1936 3019 1976 sess.
3050 1922 3106 1985 6,
3125 1907 3320 2002 glgffiffiss

1747 2017 1872 2057 can.
1897 2001 1990 2068 24,
2021 1998 2306 2059 diffinitur
2345 2023 2359 2059 ε
2384 2023 2409 2054 t<
2449 2003 2511 2058 Si
2551 2002 2681 2075 quis
2701 2000 2915 2057 dixerit
2935 2000 3113 2073 justi-
3134 1987 3321 2064 cqnou.'

1752 2102 1778 2134 α
1812 2081 1955 2137 tiam
2016 2088 2301 2155 acceptam
2352 2099 2469 2141 non
2528 2081 2878 2148 conservari,
2944 2086 3113 2154 atque
3125 2055 3331 2167 {3323}

1755 2185 1780 2218 α
1808 2164 1986 2221 etiam
2026 2166 2223 2239 augeri
2250 2182 2445 2223 coram
2468 2167 2583 2222 Deo
2610 2181 2712 2238 per
2740 2165 2891 2222 bona
2912 2179 3107 2236 opera;
3124 2182 3177 2231 ex
3191 2171 3330 2231 coqui-

1755 2265 1781 2297 «
1809 2243 1914 2300 sed·
1947 2261 2121 2317 opera
2159 2246 2285 2318 ipsa
2309 2247 2528 2302 tructus
2566 2243 2932 2302 solummodo
2969 2258 3107 2311 esse,
3125 2221 3316 2316 ἓὲῃῖἶῆἇ,

1754 2348 1779 2380 ι
1810 2332 1868 2383 et
1886 2327 2051 2401 signa
2084 2327 2514 2400 justificationis
2555 2327 2788 2401 adeptae,
2835 2342 2953 2383 non
3004 2341 3112 2381 au-

1756 2428 1782 2460 «
1811 2412 1928 2464 tem
1986 2408 2169 2480 ipsius
2212 2408 2488 2483 augendas
2528 2423 2775 2474 causam,
2802 2406 3112 2462 anathema

1754 2509 1779 2541 α
1811 2488 1908 2543 sit.
1939 2508 1965 2539 n
2001 2490 2068 2542 Et
2093 2506 2217 2545 can.
2242 2490 2338 2555 32,
2363 2489 2594 2546 additur
2621 2509 2634 2543 :
2664 2509 2689 2540 ιι
2715 2487 2775 2542 Si
2796 2487 2925 2559 quis
2944 2484 3113 2543 dixe-

1754 2592 1780 2625 «
1813 2571 1890 2627 rit
1917 2570 2172 2627 hominis
2192 2571 2483 2645 justificati
2508 2572 2659 2629 bona
2685 2586 2858 2643 opera
2882 2569 2964 2625 ita
2985 2583 3106 2624 esse

1754 2673 1780 2704 κ
1811 2650 1962 2708 dona
1983 2650 2103 2716 Dei,
2150 2658 2212 2706 ut
2252 2667 2370 2708 nou
2391 2652 2511 2708 sint
2549 2651 2726 2708 etiam
2754 2649 2904 2707 bona
2934 2647 3116 2721 ipsius

1757 2753 1783 2785 α
1805 2729 2099 2805 justificati
2139 2732 2367 2797 merita,
2395 2737 2492 2788 aut
2521 2731 2709 2803 ipsum
2732 2728 3110 2805 justificatum

1757 2833 1782 2865 α
1811 2811 1975 2868 bonis
2014 2811 2303 2884 operibuS,
2334 2827 2459 2885 quae
2498 2810 2569 2867 ab
2609 2828 2677 2869 eo
2716 2827 2817 2885 per
2852 2809 2952 2865 Dei
2973 2825 3112 2884 gra-

1753 2912 1780 2945 «
1813 2893 1973 2959 tiam,
2016 2894 2222 2949 etJesu
2245 2892 2457 2948 Christi
2489 2893 2787 2960 meritum,
2821 2892 2981 2965 cujus
3017 2890 3112 2947 vi·-

1755 2996 1780 3028 «
1805 2991 1946 3031 vum
1970 2974 2298 3031 membrum
2321 2980 2423 3040 est,
2467 2973 2636 3044 fiunt,
2665 2991 2783 3032 non
2811 2991 2946 3032 vere
2986 2989 3114 3031 me-

1755 3076 1781 3110 «
1814 3056 1931 3113 reri
1955 3061 2327 3129 augmentum
2348 3057 2567 3128 gratita,
2600 3057 2782 3112 vitam
2811 3062 3110 3121 aeternam,

1758 3157 1784 3188 α
1811 3140 1870 3191 et
1907 3136 2087 3208 ipsius
2108 3137 2239 3192 vitae
2276 3141 2520 3203 aeternas,
2563 3136 2613 3191 si
2655 3140 2852 3191 tamen
2891 3135 2957 3190 in
2984 3149 3115 3207 gra-

1756 3235 1782 3267 «
1815 3213 1895 3269 tia
1951 3212 2273 3281 decesserit,
2354 3215 2882 3287 consequutionem,
2948 3219 3117 3286 atque

1759 3318 1785 3350 <a
1813 3295 1992 3352 etiam·
2012 3297 2211 3371 gloriae
2233 3303 2627 3370 augmentum,
2645 3297 2953 3354 anathema
2978 3297 3108 3354 sit.»

1753 3376 1971 3444 Quibus
2010 3376 2201 3433 verbis
2241 3376 2552 3433 damnatur
2579 3377 2813 3435 haeresis
2845 3379 3118 3436 Luthera-

1754 3475 1965 3518 norum
1993 3458 2373 3515 asserentium
2396 3458 2546 3516 bona
2567 3475 2743 3532 opera
2756 3462 2902 3532 (quae
2928 3460 3120 3516 aliun·

1753 3541 1910 3598 dein
1931 3539 2097 3597 nobis
2136 3540 2383 3612 reperiri
2424 3545 2656 3614 negant)
2698 3557 2820 3598 esse
2882 3540 3117 3614 quidem

1747 3625 1985 3699 justitiae
2027 3623 2213 3697 signa,
2269 3627 2325 3679 et
2364 3622 2628 3689 effectus3
2690 3623 2939 3680 minime
2981 3639 3118 3680 vero

1724 3713 1725 3716 ’
1753 3721 1877 3764 esse
1894 3720 2123 3762 causam
2165 3702 2530 3760 meritoriam
2557 3705 2922 3779 augescendae
2943 3704 3119 3779 justi·

1755 3788 1871 3844 tiae.

1828 3868 1922 3924 79.
1955 3865 2062 3923 Sed
2088 3866 2397 3932 contraria,
2427 3870 2485 3922 et
2510 3866 2788 3924 catholica
2851 3866 3116 3924 doctrina
3132 3852 3338 3948 3532fo

1755 3948 1820 4006 in
1861 3947 2114 4005 Concilio
2152 3954 2369 4005 asserta
2408 3944 2659 4003 traditur
2705 3947 3012 4004 manifeste
3051 3947 3116 4004 in
3132 3953 3340 3998 timoniis.

1754 4046 1916 4087 sacra
1935 4028 2228 4101 Scriptura
2246 4052 2260 4096 ;
2294 4043 2431 4085 nam
2470 4029 2546 4084 ad
2572 4028 2730 4087 Rom.
2773 4030 2827 4096 6,
2860 4028 3073 4085 dicitur
3103 4006 3316 4084 tumst·

1759 4110 2027 4170 Exhibete
2048 4109 2287 4166 membra
2327 4117 2507 4165 vestra
2552 4111 2754 4164 servire
2790 4111 3026 4182 justitias
3054 4110 3118 4164 in

1754 4193 2340 4265 sanctificationem&
2365 4189 2795 4249 additzLiberati
2821 4208 2857 4246 a
2873 4199 3111 4265 peccate,

1756 4277 2103 4330 servientem
2130 4273 2270 4344 facti
2309 4271 2438 4340 Dee,
2469 4273 2678 4329 habetis
2715 4274 2967 4345 fructum
2993 4291 3119 4330 ves-

1757 4364 1909 4413 trum
1946 4359 2009 4413 in
2045 4360 2548 4430 sanctificationem,
2579 4360 2741 4429 finem
2797 4364 2981 4414 autem
3027 4358 3121 4414 vi-

1757 4448 1877 4496 tam
1899 4447 2173 4496 aiter-nam.
2221 4440 2332 4498 Ubi
2379 4439 2844 4498 sanctificationis
2880 4440 3123 4498 nomine

1761 4525 2133 4595 augmentum
2158 4523 2377 4596 gratiae,
2421 4538 2519 4578 seu
2553 4521 2791 4596 justitias
2827 4521 3123 4600 significa—

1760 4609 1875 4670 tur,
1901 4620 2026 4678 quae
2049 4603 2260 4660 dicitur
2287 4604 2573 4662 bonorum
2595 4620 2833 4677 operum
2878 4604 3116 4674 fructus,

1761 4684 1867 4743 hoc
1885 4689 1970 4742 est
1996 4700 2231 4754 merces,
2263 4690 2320 4743 et
2341 4687 2664 4760 praemium.
2711 4687 2781 4741 Et
2811 4674 3123 4743 Ecclesias-
3137 4714 3252 4760 2001·
3271 4715 3339 4758 13,

1761 4771 1862 4824 tici
1890 4770 1973 4837 18,
2016 4769 2229 4827 dicitur
2255 4790 2269 4826 ε
2310 4768 2396 4827 Ne
2415 4773 2657 4826 verearis
2677 4770 2944 4848 usquead
2969 4788 3122 4826 mor-

1762 4855 2206 4927 temjustificari,
2237 4852 2296 4909 id
2317 4859 2420 4922 est,
2447 4854 2774 4928 injustitia,
2811 4859 2868 4910 et
2905 4853 3127 4910 sancti-

1762 4940 1878 4994 tate
1899 4933 2190 5009 proficere.
2217 4937 2287 4991 Et
2305 4937 2536 5009 Apocal.
2562 4937 2636 4990 22
2661 4956 2674 4991 :
2696 4933 2808 5007 Qui
2816 4936 3007 5006 justus
3024 4940 3121 5004 est,
3141 4968 3330 5023 *mh

1752 5018 2087 5089 justt'ficetur
2112 5017 2312 5086 adlata·
2362 5023 2412 5073 et
2450 5017 2548 5096 qui
2590 5023 2815 5072 sanctus
2840 5022 2937 5084 est,
2971 5032 3130 5070 sanc·
3207 5020 3274 5062 22.

1763 5098 1998 5170 tificetur
2053 5099 2251 5155 adhuc.
2285 5100 2483 5157 Patres
2509 5100 2670 5156 enim
2697 5095 2941 5154 eandem
2969 5095 3131 5152 veri-
