3647 5753
1361 390 1536 445 DlSP.
1583 390 1704 456 VII,
1749 391 1913 445 DUB.
1961 391 2057 446 tv,
2925 398 3027 451 119

147 572 316 629 tura,
348 566 442 622 vel
465 581 590 637 quae
615 565 956 622 simultanee
984 565 1233 621 inchoat.
1267 564 1392 620 Haec
1427 578 1534 619 au-

147 656 277 703 tem
304 662 428 703 non
453 648 725 712 vitantur,
753 647 863 702 nisi
886 646 1224 702 admittatur
1243 645 1531 701 auxilinm

151 727 259 784 Dei
313 742 486 794 exse,
536 733 590 783 et
617 727 687 783 ab
727 727 1039 783 intrinseco
1077 725 1273 792 efficax
1317 746 1330 782 ε
1384 723 1531 780 istud

153 809 346 883 igitur
373 810 577 865 asserit
603 809 941 871 Concilium,
974 824 1103 864 cum
1135 813 1301 881 negat
1352 808 1531 862 Deum

148 893 467 961 expectare
494 894 713 945 nostras
747 890 1087 952 voluntates,
1140 891 1198 942 ut
1237 904 1268 942 a
1310 890 1533 959 peccato

156 987 511 1045 purgemur.

229 1052 599 1117 Praesertim,
631 1052 765 1123 qnia
796 1050 1392 1124 Semipelagianorum
1435 1063 1534 1105 er-

151 1148 257 1189 ror
283 1137 414 1188 erat
444 1134 507 1188 D.
540 1131 842 1206 Augustini
868 1130 1143 1188 doctrinae
1164 1129 1378 1187 directe
1405 1145 1535 1186 con-

150 1213 400 1276 trariuS,
448 1217 511 1268 ut
549 1218 667 1268 tam
719 1212 1042 1285 Augustini,
1087 1226 1259 1284 quam
1314 1209 1532 1283 Pelagii

145 1292 451 1365 discipuli,
510 1291 583 1349 oh
616 1292 761 1349 hanc
790 1307 1020 1348 causam
1063 1289 1273 1363 ubique
1307 1289 1536 1346 dissen-

153 1373 371 1429 tientes
393 1371 722 1430 fatebantur
766 1393 780 1428 :
816 1386 952 1446 ergo
980 1371 1301 1427 Concilium
1342 1375 1529 1444 negat,

155 1456 347 1510 Deum
393 1458 693 1525 expectare
751 1453 1039 1509 humanas
1092 1452 1414 1508 voluntates
1473 1450 1535 1506 in

151 1550 357 1601 sensu,
389 1551 503 1607 quo
541 1534 598 1590 id
643 1533 882 1609 negabat
930 1533 1312 1607 Augustinus;
1365 1532 1536 1589 aliter

153 1616 324 1673 enim
352 1616 477 1688 ejus
525 1614 904 1672 Adversarios
958 1614 1216 1676 intactos.
1256 1617 1313 1669 et
1355 1612 1537 1669 auda-

150 1697 345 1753 ciores
364 1697 721 1769 relinqueret
761 1716 775 1750 :
814 1695 968 1767 atqui
992 1694 1344 1767 Augustinus
1367 1692 1535 1750 doce-

157 1779 276 1845 bat,
293 1780 476 1834 Deum
502 1794 617 1834 non
632 1781 930 1849 expectare
946 1776 1252 1833 hominum
1270 1775 1537 1832 volunta-

158 1867 261 1924 tes,
288 1859 427 1932 quia
453 1876 553 1915 eas
579 1856 959 1931 praemovebat
985 1857 1204 1915 auxilio
1232 1873 1302 1913 ex
1333 1873 1394 1913 se
1410 1856 1536 1913 essi-

160 1943 358 2009 caci‚et
373 1941 518 1999 adeo
538 1941 763 2005 efficaci,
784 1946 842 1993 ut
861 1939 1306 2013 semipelagiani
1324 1941 1537 1994 calum·

166 2025 498 2087 niarentur‚
537 2040 637 2096 per
660 2022 803 2078 illud
826 2020 1147 2078 libertatem
1164 2021 1379 2079 everti:
1401 2036 1536 2094 ergo

165 2106 494 2163 Concilium
532 2103 660 2160 ideo
686 2109 853 2177 negat
884 2104 1061 2159 Deum
1100 2105 1397 2174 expectare
1430 2100 1537 2157 ho-

167 2189 397 2243 minum
423 2187 769 2247 voluntates,
794 2185 928 2257 quia
966 2189 1176 2248 censet,
1213 2182 1360 2258 quod
1405 2184 1536 2239 illas

165 2269 470 2326 efficaciter
495 2284 596 2341 per
617 2266 836 2323 auxilia
861 2271 1070 2333 movet,
1104 2281 1221 2321 non
1249 2265 1435 2321 solum
1466 2264 1537 2321 ad

171 2351 388 2423 primos
418 2356 577 2406 actus
602 2349 1087 2420 supernaturaleS,
1119 2344 1216 2402 sed
1255 2347 1429 2402 etiam
1465 2343 1535 2401 ad

168 2431 400 2503 quosvis
424 2429 570 2485 alios
590 2426 966 2484 conducentes
988 2425 1056 2483 ad
1078 2426 1342 2481 salutem.
1375 2423 1535 2490 Quod

170 2514 305 2569 satis
341 2513 524 2585 liquet
561 2527 634 2567 ex
671 2509 1014 2566 testimoniis
1049 2509 1374 2580 scripturae,
1412 2524 1537 2580 quae

175 2591 423 2649 inducit:
457 2592 817 2665 Praeparetur
835 2590 1088 2646 voluntas
1107 2609 1142 2645 a
1170 2588 1423 2644 Domino,
1445 2590 1530 2655 Et,

173 2673 317 2728 Deus
360 2682 443 2728 est
484 2675 581 2750 qui
623 2678 882 2745 operatur
920 2673 979 2726 in
1002 2670 1154 2725 nobis
1197 2669 1348 2726 velle.
1403 2672 1538 2733 Quae

173 2753 502 2828 allegantur
529 2752 770 2809 omnino
789 2766 1035 2808 consone
1058 2748 1127 2806 ad
1152 2765 1386 2805 sensum
1414 2751 1535 2804 Au-

90 2869 140 2908 ug.
171 2838 383 2910 gast-ini
415 2840 480 2890 in
503 2835 597 2892 lib.
627 2834 692 2890 de
717 2836 901 2906 qratia
914 2839 964 2889 et
986 2831 1149 2889 libero
1181 2832 1378 2889 arbitr.
1409 2850 1532 2906 cap.

179 2919 257 2985 16,
285 2917 382 2974 ubi
410 2918 494 2973 ait
517 2939 529 2973 ε
563 2915 789 2974 Certum
815 2923 911 2979 est,
933 2932 1031 2969 nos
1057 2915 1209 2979 velle,
1234 2932 1359 2970 cum
1375 2915 1537 2970 volu-

173 3017 328 3066 mus;
351 3000 452 3054 sed
474 2999 564 3053 ule
582 2999 742 3068 facit,
769 3004 831 3051 ut
855 2996 1082 3051 velimus
1101 2995 1319 3060 bonum,
1344 2994 1408 3049 de
1430 3013 1535 3071 quo

172 3081 373 3136 dictum
393 3087 475 3136 est
506 3079 708 3153 psalm.
739 3079 842 3132 36:
873 3077 1228 3149 Praeymraeur
1283 3077 1536 3132 voluntas

174 3179 207 3215 a
226 3161 469 3217 Domino
489 3179 508 3214 .·
535 3160 598 3215 de
612 3176 716 3236 quo
741 3158 948 3213 dictum
981 3165 1056 3213 est
1084 3159 1159 3213 acl
1186 3158 1434 3229 Philipp.
1466 3161 1533 3212 2:

175 3243 316 3300 Deus
345 3252 426 3300 est
465 3245 561 3321 qui
588 3247 846 3314 operatur
891 3242 949 3296 in
1001 3240 1155 3296 nobis
1191 3247 1242 3294 et
1285 3240 1436 3305 velle,
1478 3247 1537 3314 ‘et

293 3337 404 3376 ατε.

93 3430 151 3463 m,
174 3336 373 3456 opelrw.
409 3398 573 3455 Dices
601 3396 810 3470 primo.
844 3394 1178 3467 praedictum
1214 3393 1534 3451 Concilium

92 3481 120 3562 g
181 3481 596 3537 Arausicannm
625 3475 982 3548 provinciale
1002 3490 1143 3542 esse,
1168 3479 1225 3531 et
1264 3474 1536 3530 hactenus

125 3550 134 3560 ’
180 3577 291 3618 non
323 3561 506 3617 fuisse
540 3554 919 3640 approbatum
956 3572 989 3611 a
1015 3554 1156 3612 Sede
1174 3555 1499 3628 Apostolica
1516 3577 1531 3620 ;

177 3648 336 3714 atque
356 3641 490 3697 ideo
520 3654 639 3696 non
680 3652 843 3711 posse
890 3635 1264 3692 Adversarios
1308 3643 1535 3692 nostros

179 3722 292 3795 ejus
317 3721 670 3778 authoritate
699 3717 906 3791 premi,
940 3718 1031 3774 vel
1056 3716 1269 3791 urgeri.

95 3820 168 3857 nu·
247 3806 528 3861 Caeterum
557 3817 676 3858 non
698 3798 988 3857 credimus
1016 3800 1203 3854 ullum
1230 3813 1299 3854 ex
1322 3797 1536 3854 Adver-

94 3874 109 3904 ’·
180 3884 341 3940 sai-iis
362 3882 597 3948 nostris,
629 3882 721 3937 vel
742 3896 814 3937 ex
854 3879 1157 3935 Catholicis
1185 3877 1290 3935 hoc
1327 3877 1536 3952 effugio

183 3978 436 4029 usurum,
480 3968 540 4018 ut
580 3963 986 4034 argumentum
1026 3974 1097 4015 ex
1140 3958 1241 4015 illo
1280 3958 1536 4016 Concilio

183 4051 531 4118 assumptum
552 4043 820 4100 declinet.
840 4041 1148 4106 Quoniam,
1180 4045 1241 4095 ut
1281 4039 1536 4096 vidimus

183 4126 311 4199 disp.
349 4130 369 4183 l
403 4144 528 4200 (κιρ.
580 4127 636 4191 5,
674 4128 707 4194 g
738 4125 792 4202 5,
837 4121 1093 4196 praedicti
1128 4123 1386 4179 Canones
1416 4138 1535 4181 non

187 4205 405 4264 fuerunt
450 4223 481 4263 a
523 4204 794 4262 Patribus
836 4203 898 4259 in
936 4218 1004 4260 eo
1046 4202 1400 4276 congregatis
1442 4204 1535 4260 vel

185 4284 331 4353 editi,
355 4288 454 4345 vel
475 4285 700 4343 inventi
723 4309 736 4352 ς
753 4283 851 4342 sed
868 4282 1165 4356 compositi
1179 4289 1314 4338 sunt
1331 4284 1536 4342 autho-

192 4367 345 4425 ritate
368 4370 428 4424 S.
466 4367 673 4426 Leonis
702 4369 744 4431 1,
776 4371 830 4422 et
852 4364 922 4422 ad
940 4365 1071 4422 illos
1109 4366 1308 4420 Patres
1342 4370 1537 4421 trans-

191 4447 358 4512 missi,
384 4452 451 4503 nt
477 4448 629 4520 ipsos
649 4445 1037 4510 admitterent,
1083 4446 1141 4500 et
1176 4459 1276 4516 per
1322 4445 1536 4501 Gallias

192 4530 612 4604 promulgarent
639 4548 652 4582 ε
680 4526 943 4599 quocirca
968 4540 1109 4597 opus
1133 4539 1249 4581 non
1281 4524 1388 4579 suit
1422 4525 1537 4581 alia

192 4608 403 4681 maiori,
429 4609 524 4664 vel
552 4623 704 4664 nova
730 4605 1186 4664 confirmatione.
1234 4602 1398 4660 Unde
1426 4606 1537 4662 Pa-

194 4688 296 4742 tres
319 4688 382 4744 in
405 4688 577 4745 initio
605 4686 846 4743 Concilii
875 4683 1217 4758 profitentur
1249 4704 1263 4739 ε
1311 4706 1337 4737 «
1375 4684 1538 4742 Unde

201 4789 221 4816 ιι
246 4772 299 4823 et
322 4767 486 4826 nobis
505 4765 822 4825 secundum
863 4765 1288 4832 authoritatem,
1332 4772 1388 4821 et
1433 4764 1538 4822 ad-

199 4866 223 4896 «
247 4850 623 4907 monitionem
650 4847 813 4906 Sedis
838 4847 1171 4920 Apostolicae
1205 4847 1442 4921 justum,
1481 4852 1540 4905 et

202 4951 224 4980 α
245 4932 582 4990 rationabile
608 4931 799 4988 visum
827 4935 929 4998 est,
978 4934 1042 4986 ut
1069 4947 1243 5003 pauca
1289 4931 1539 5005 capitula

202 5032 226 5062 a
251 5010 316 5069 ab
334 5014 657 5090 Apostolica
681 5012 824 5072 Sede
843 5011 1008 5070 nobis
1027 5013 1383 5080 transmissa,
1412 5028 1539 5087 quae

1671 584 1697 615 α
1727 561 1797 618 ab
1826 562 2076 636 antiquis
2100 563 2367 620 Patribus
2383 563 2678 622 decaeteris
2694 568 3022 641 Scriptura-

1671 665 1697 696 «
1729 659 1867 709 rum
1888 645 2286 702 voluminibus
2327 647 2389 702 in
2425 647 2528 702 hac
2557 648 2839 721 praecipue
2859 666 3030 706 causa

1672 746 1698 776 α
1727 725 1933 781 collata
1952 731 2104 790 sunt,
2132 724 2202 781 ad
2229 725 2547 782 docendum
2592 743 2688 784 eos
2715 729 2814 801 qui
2838 730 3026 794 aliter,

1673 826 1698 857 «
1725 820 1898 876 quam
1920 811 2161 878 oportet,
2204 806 2483 872 sentiunt,
2516 806 2587 864 ab
2627 808 2899 864 omnibus
2926 809 3033 866 ob-

1673 906 1698 936 «
1727 884 2014 942 servanda
2062 885 2337 958 proferre,
2388 890 2444 943 et
2492 886 2762 943 manibus
2818 889 3030 945 nostris

1673 988 1699 1019 α
1727 965 2085 1023 subscribere
2111 965 2377 1023 deberem
2391 984 2473 1023 us.
2509 988 2534 1017 »
2588 967 2696 1023 Ubi
2741 968 3031 1041 pondera-

1668 1047 1825 1104 tione
1876 1048 2115 1123 dignum
2156 1054 2254 1114 est,
2302 1047 2601 1122 hujumodi
2643 1053 2923 1119 Canones,
2973 1060 3033 1108 ut

1669 1131 1909 1202 plurimi
1938 1131 2295 1195 existimant,
2327 1132 2667 1203 compositos
2698 1133 2872 1191 fuisse
2900 1151 2933 1191 a
2964 1136 3026 1191 D.

1669 1211 1951 1283 Prospero
1980 1210 2337 1282 Aquitanico,
2371 1211 2469 1283 qui
2494 1217 2553 1267 ut
2582 1212 2759 1269 refert
2798 1214 3031 1272 Trithe-
3058 1219 3222 1278 Trjuuc·

1668 1292 1840 1356 miuS,
1872 1291 1942 1348 B.
1978 1292 2174 1349 Leonis
2191 1291 2355 1366 Papa
2370 1310 2601 1363 maynns
2621 1295 2895 1371 quondam
2918 1296 3031 1353 No·
3071 1280 3192 1314 'mus'

1668 1376 1850 1429 tarius
1869 1375 1999 1446 suit,
2030 1380 2080 1429 et
2106 1375 2310 1430 multas
2333 1377 2392 1429 in
2419 1378 2536 1447 esus
2555 1394 2789 1449 persona
2825 1380 3029 1450 episto-

1671 1455 1755 1509 las
1779 1455 2030 1510 dictavit.
2060 1453 2221 1510 Unde
2249 1455 2467 1513 Author
2493 1457 2747 1529 epistolas
2787 1457 3034 1530 praefixae

1669 1535 1790 1608 ejus
1830 1536 2110 1610 Operibus
2160 1537 2221 1592 in
2268 1538 2523 1594 editione
2576 1540 2836 1596 Duacena
2890 1542 3031 1597 anni

1678 1618 1834 1681 1577,
1861 1621 2067 1685 censet,
2096 1616 2222 1675 ideo
2254 1621 2598 1693 prosperum
2637 1621 2699 1676 in
2727 1636 2795 1678 eo
2828 1624 3033 1679 Conci-

1669 1698 1749 1754 lio
1776 1715 1894 1755 non
1916 1698 2336 1772 subscripsisse,
2369 1703 2502 1779 quia
2530 1704 2777 1775 capitula
2815 1705 2890 1758 acl
2914 1703 3032 1777 Sy-

1669 1779 1873 1834 nodum
1925 1778 2341 1835 Arausicanam
2381 1798 2416 1834 a
2465 1781 2638 1838 Leone
2677 1786 3027 1849 transmissa,

1668 1862 1905 1933 ejusdem
1958 1860 2155 1917 Leonis
2195 1864 2359 1933 jussu
2415 1863 2648 1937 Prosper
2696 1875 3027 1941 conceperat,

1669 1945 1811 1998 sicut
1854 1944 2020 1997 etiam
2073 1941 2395 1999 Gennadius
2446 1945 2508 1999 de
2542 1963 2601 2000 eo
2651 1948 2888 2003 scribens
2923 1951 3026 2004 ait.

1669 2025 1852 2088 Quam
1877 2038 2013 2078 vero
2044 2021 2325 2095 profunde
2353 2024 2597 2097 Prosper
2624 2027 2678 2081 S.
2724 2027 3028 2101 Augustini

1670 2109 1923 2159 mentem
1949 2102 2263 2167 imbiberit,
2284 2103 2406 2176 ejus
2421 2121 2593 2177 opera
2609 2105 3027 2175 demonstrant,

1670 2182 1766 2239 ubi
1792 2183 1942 2238 nihil
1970 2199 2141 2255 quam
2171 2183 2553 2257 Augustinum
2578 2192 2814 2243 eructat.
2845 2190 3035 2251 Quan-

1671 2271 1726 2320 to
1777 2270 1969 2321 autem
2024 2266 2080 2320 S:
2130 2266 2541 2336 Praeceptor-em
2597 2267 2857 2332 imitanS,
2903 2267 3035 2325 odio

1671 2343 1937 2402 habuerit
1982 2346 2280 2402 scientiam
2324 2344 2593 2412 mediam,
2635 2353 2693 2404 et
2717 2348 2840 2421 ejus
2866 2365 3030 2404 usum

1668 2426 1733 2482 in
1750 2426 1994 2483 materia
2018 2426 2369 2485 auxiliorum
2392 2430 2589 2503 gratias
2611 2428 3027 2502 proscripserit,

1672 2508 1847 2580 liquet
1878 2513 1996 2562 tum
2025 2524 2093 2563 ex
2122 2506 2286 2563 dictis
2306 2509 2433 2565 dub.
2477 2510 2700 2581 praeced.
2747 2515 2777 2581 g
2804 2513 2859 2574 7,
2906 2514 3030 2567 tum

1668 2603 1740 2643 ex
1760 2587 1925 2644 dictis
1947 2588 2008 2643 in
2032 2587 2135 2643 hoc
2162 2586 2337 2646 dubio
2383 2610 2396 2644 ε
2433 2594 2555 2645 tum
2596 2590 2732 2663 quia
2760 2597 3031 2664 perpetuo

1668 2670 1994 2743 egitcontra
2018 2670 2421 2740 Massilienses,
2448 2670 2652 2743 quibus
2677 2673 2776 2729 illa
2796 2674 3033 2732 scientia

1670 2750 1979 2807 admodum
2007 2756 2186 2824 grata,
2218 2756 2272 2807 et
2295 2751 2605 2808 familiaris
2625 2760 2765 2822 erat,
2799 2760 2859 2810 ut
2880 2754 3035 2812 vidi-

1671 2848 1798 2888 mus
1817 2832 1957 2905 disp.
1994 2832 2038 2897 1,
2067 2849 2187 2905 cap.
2221 2833 2275 2898 5,
2307 2836 2338 2903 ξ
2386 2835 2403 2888 l
2438 2837 2493 2891 et
2535 2836 2591 2890 2.
2617 2836 2906 2900 Quantum
2932 2835 3034 2894 de-

1671 2914 1845 2986 nique
1876 2912 2273 2986 praedicaverit
2294 2913 2599 2971 efficaciam
2641 2915 2854 2976 divinae
2896 2934 3034 2992 gra-

1670 2997 1780 3062 tiae,
1806 2997 2083 3068 illamque
2107 2994 2583 3069 independentem
2604 3014 2636 3054 a
2656 2999 2893 3056 scientia
2916 3017 3035 3057 me·

1670 3077 1760 3132 dia
1815 3076 2192 3144 constituerit,
2228 3078 2405 3150 liquet
2440 3082 2554 3133 tam
2588 3094 2659 3134 ex
2694 3081 3030 3154 Augustino,

1669 3158 1759 3215 cui
1788 3157 1997 3229 ubique
2019 3158 2341 3225 subscribit,
2367 3176 2538 3232 quam
2556 3175 2623 3216 ex
2638 3160 2759 3234 ejus
2785 3163 3027 3235 scriptis.

1668 3237 1876 3311 quibus
1904 3238 2063 3294 illius
2088 3239 2340 3295 scientia:
2384 3241 2633 3297 fautores
2659 3243 2927 3316 exagitat,
2976 3251 3029 3301 et

1673 3319 1992 3392 praesertim
2041 3318 2104 3373 in
2130 3320 2371 3392 epistola
2399 3320 2468 3378 ad
2495 3322 2902 3395 Augustinum,
2931 3325 3027 3380 ubi

1671 3401 1751 3457 ait
1779 3419 1791 3454 :
1820 3399 1931 3456 Sed
1958 3400 2016 3453 in
2044 3405 2261 3454 tantum
2283 3400 2702 3478 quibuscumque
2721 3407 3247 3486 commenti-upmsp·

1670 3483 1766 3535 tiis
1785 3481 1997 3535 meritis
2016 3479 2321 3534 electionem
2348 3480 2452 3537 Dei
2472 3481 2788 3552 subjiciunt,
2814 3490 2877 3538 ut
2896 3487 3027 3561 quia

1667 3563 1957 3635 praeterita,
1988 3561 2118 3637 quia
2147 3577 2253 3614 non
2292 3567 2505 3625 extant,
2544 3562 2737 3631 sutura
2768 3581 2883 3640 quar
2921 3582 3029 3618 non

1667 3648 1797 3697 sunt
1816 3644 2035 3713 sutura,
2062 3642 2405 3711 confitemini,
2436 3658 2675 3719 novoque
2720 3644 2870 3715 apud
2908 3644 3032 3698 illos

1668 3722 2034 3778 absurditatis
2074 3736 2283 3790 yenere,
2314 3726 2364 3774 et
2412 3737 2520 3775 non
2547 3723 2758 3790 aqenda
2781 3726 3030 3796 pra-scita

1668 3807 1798 3868 sint,
1825 3811 1874 3858 et
1894 3804 2145 3876 proescita
2173 3819 2282 3856 non
2324 3810 2451 3857 acta
2478 3805 2608 3859 sint.
2648 3804 2812 3861 Unde
2851 3807 3033 3862 maxi-

1671 3902 1833 3942 mum
1859 3883 2297 3940 fundamentum
2315 3882 2592 3940 habemus
2612 3884 2682 3941 ad
2696 3887 3032 3944 existiman-

1670 3968 1806 4024 dum
1838 3969 2128 4023 Canonem
2159 3964 2348 4031 illum,
2387 3965 2483 4038 qui
2529 3966 2705 4022 Deum
2748 3967 3030 4024 humanas

1670 4050 1995 4106 voluntates
2019 4050 2317 4119 expectare
2345 4051 2530 4121 negat,
2563 4047 2856 4105 continere
2897 4064 3032 4121 pro-

1672 4131 1860 4204 priam
1882 4128 2226 4186 sententiam
2254 4129 2351 4183 SS.
2394 4129 2715 4203 Augustini,
2764 4135 2820 4186 et
2860 4131 3035 4186 Pros-

1672 4211 1814 4284 peri,
1843 4209 1938 4282 qui
1966 4207 2212 4283 gratiam
2245 4223 2316 4264 ex
2341 4224 2403 4265 se
2435 4209 2714 4265 efficacem
2758 4206 3034 4281 praedica-

1673 4297 1828 4358 runt,
1861 4298 1916 4348 et
1941 4290 2381 4360 cunctationem,
2409 4307 2471 4348 ac
2507 4306 2843 4363 suspensam
2868 4291 3031 4347 illam

1670 4373 2123 4447 expectationem
2179 4370 2276 4427 Dei
2318 4370 2693 4443 explorantis,
2749 4370 2819 4427 ad
2858 4387 3029 4443 quam

1672 4460 1894 4527 partem
1935 4454 2203 4509 voluntas
2246 4456 2436 4508 creata
2464 4451 2588 4519 ibit,
2645 4452 2775 4508 totis
2810 4451 3031 4509 viribus

1670 4538 2097 4607 expunxerunt.

1753 4609 1874 4665 178.
1920 4608 2079 4664 Dices
2104 4604 2352 4663 secundo
2374 4627 2386 4662 :
2410 4605 2468 4661 Si
2491 4606 2774 4664 haecitase
2797 4607 3024 4676 habent,
3072 4630 3198 4674 ,mad

1670 4689 1928 4762 sequitur
1954 4685 2329 4744 Adversarios
2350 4691 2573 4743 nostros
2614 4693 2811 4744 tenere
2840 4679 3250 4746 Semi-submm-

1673 4771 2108 4845 pelagianorum
2146 4784 2426 4833 errorem,
2469 4773 2524 4825 et
2572 4784 2688 4824 una
2731 4785 2860 4827 cum
2909 4741 3233 4835 illisdiffiffiiii-

1672 4849 2016 4907 authoritate
2061 4848 2310 4905 Canonis
2362 4847 2698 4906 Arausicani
2735 4850 3021 4910 damnari.
3094 4837 3175 4875 ²⁰¹²

1673 4928 2086 5004 Respondetur‚
2120 4929 2302 4985 nostri
2326 4944 2444 4985 non
2464 4944 2586 4987 esse
2610 4934 3031 5005 consequentiis

1670 5028 1797 5086 quae
1823 5012 1888 5067 in
1914 5008 2289 5068 Adversarios
2306 5009 2546 5067 formari
2564 5018 2818 5084 possunt,
2839 5030 3031 5072 occur-
