3647 5753
1403 458 1579 514 msp.
1625 461 1953 554 VI1,·DUB.
1997 468 2092 524 1v.
3042 462 3143 518 143

42 621 248 716 affl
287 612 563 685 gratiam
589 616 945 686 excitantem,
977 628 1032 680 et
1060 627 1357 684 moraliter
1389 630 1653 688 allicien-

83 722 241 766 ω,
291 697 430 749 tem.
465 696 788 761 Concilium
811 706 997 759 autem
1023 703 1431 765 Tridentinum
1455 710 1517 767 in
1538 712 1655 768 eis-

63 770 266 864 naggufn-
291 771 428 828 dem
486 773 654 841 locis»,
706 794 828 850 quae
863 782 1028 838 nobis
1072 783 1427 858 objiciuntur
1452 833 1464 857 ,
1515 793 1655 849 satis

69 870 251 914 :uiuum
293 858 495 925 aperte
538 858 739 914 statuit
763 861 919 918 aliud
946 865 1233 922 auxilium
1274 869 1346 925 ab
1371 872 1656 933 excitante

46 926 264 1022 32⁸²&ss
293 930 658 1023 disti-netum,
687 943 833 1011 quod
870 945 1067 1017 nequit
1112 947 1270 1004 aliud
1314 966 1454 1020 esse,
1480 969 1653 1026 quam

74 1004 256 1113 ‘'affl“
297 1018 483 1071 motio
509 1015 805 1076 efficaciter
834 1021 1089 1081 inferens
1122 1034 1382 1087 nostrum
1411 1049 1655 1091 consen-

42 1108 450 1176 Adversa-snm·
481 1101 538 1151 et
567 1098 686 1153 vim
707 1101 948 1160 activam
972 1109 1088 1161 tam
1121 1108 1449 1181 voluntatiS,
1480 1130 1654 1185 quam

135 1180 212 1211 ¹¹¹·
297 1176 744 1245 praecedentium
800 1185 1152 1258 auxiliorum
1199 1189 1271 1245 ad
1315 1194 1653 1262 exercitium

293 1259 517 1314 actuale
546 1260 839 1321 reducens.
886 1268 1034 1323 Nam
1069 1270 1166 1326 illo
1187 1290 1310 1345 cap.
1335 1276 1388 1342 5,
1424 1276 1651 1349 inquit:

298 1360 326 1392 a
370 1341 445 1394 Ut
469 1357 572 1413 per
591 1344 712 1417 ejus
730 1346 1073 1410 excitantem
1096 1360 1263 1426 atque
1285 1355 1653 1430 adjuvantem

301 1441 329 1470 α
368 1422 622 1494 gratiam
645 1423 714 1480 ad
741 1430 1189 1489 convertendum
1211 1450 1272 1491 se
1292 1434 1363 1492 ad
1382 1453 1547 1494 suam
1572 1438 1655 1511 ip-

292 1521 320 1550 «
370 1516 574 1558 sorum
596 1503 1089 1577 justificationem,
1134 1513 1322 1572 eidem
1351 1519 1551 1590 gratiae
1578 1519 1655 1574 li-

234 1636 251 1650 ,
297 1601 325 1631 ε(
369 1578 508 1639 bere
532 1586 929 1653 assentiendo,
972 1597 1029 1647 et
1069 1596 1431 1667 cooperando
1456 1597 1654 1671 dispo-

292 1684 318 1712 «
363 1670 605 1721 uantur.
623 1687 651 1718 ι)
675 1665 784 1723 Ubi
814 1677 1022 1740 praeter
1041 1676 1290 1748 gratiam
1311 1680 1654 1737 excitantem

287 1743 456 1814 ponit
481 1747 732 1818 gratiam
762 1753 974 1820 praevie
1001 1752 1368 1828 adjuvantem
1407 1759 1476 1815 ad
1506 1760 1655 1818 libe-

286 1839 424 1878 rum
447 1841 765 1895 aaeensum,
797 1836 854 1886 et
878 1847 1001 1890 can.
1034 1835 1070 1890 3
1096 1856 1109 1892 ε
1150 1858 1175 1890 «
1203 1839 1263 1893 Si
1290 1840 1418 1911 quis
1439 1839 1652 1898 dixerit

290 1927 319 1956 α
358 1905 492 1996 sine
535 1911 941 1997 ‘praeveniente
1003 1917 1250 1988 Spiritus
1312 1924 1491 1979 sancti
1531 1924 1656 1979 ins-

291 2010 319 2038 «
368 1993 680 2059 piratione,
701 1997 869 2065 atque
902 1997 1022 2069 ejus
1049 1997 1334 2071 adjutorio
1355 2003 1654 2062 hominem

291 2089 320 2118 ιι
362 2066 622 2134 credere,
652 2080 754 2127 etc.
789 2095 814 2124 n
848 2075 917 2128 Et
944 2092 1069 2134 can.
1100 2082 1136 2134 4
1165 2101 1178 2135 :
1210 2103 1235 2132 «
1258 2083 1316 2137 Si
1338 2084 1468 2155 quis
1488 2084 1655 2142 dixe-‘

291 2169 320 2197 «
367 2148 449 2202 rit
472 2148 724 2205 liberum
749 2152 1002 2212 hominis
1017 2158 1326 2217 arbitrium
1345 2179 1377 2219 a
1394 2166 1507 2222 Deo
1527 2181 1657 2223 mo-

292 2251 330 2318 «.
368 2236 520 2319 tum,
553 2237 609 2288 et
635 2235 963 2303 excitatum,
995 2245 1099 2296 etc.
1127 2261 1153 2291 »
1179 2242 1288 2300 Ubi
1310 2246 1514 2304 iterato
1534 2246 1656 2303 dis-

289 2316 509 2399 tinguit
540 2310 600 2366 in
621 2315 806 2387 gratia
831 2321 1218 2390 praeveniente
1240 2327 1523 2383 auxilium
1551 2344 1657 2385 ex-

285 2397 483 2481 citans
509 2391 805 2454 diversum
833 2399 905 2455 ab
946 2402 1060 2459 alio
1099 2406 1319 2463 auxilio
1363 2416 1650 2480 movente,

284 2473 348 2561 et
386 2470 700 2565 adjuvante
731 2499 745 2533 :
773 2480 923 2551 quod
951 2482 1146 2540 minus
1177 2493 1324 2544 recte
1350 2487 1650 2553 diceretur,

284 2568 339 2606 si
362 2568 561 2610 omnis
579 2559 767 2628 gratia
784 2569 930 2618 esset
949 2566 1137 2621 solum
1159 2570 1430 2635 excitans,
1451 2577 1506 2628 et
1527 2588 1656 2629 mo·-

287 2634 498 2724 raliter
540 2654 798 2708 movenS,
848 2651 904 2700 et
951 2648 1181 2704 nullum
1217 2648 1453 2708 daretur
1483 2648 1654 2710 ‘aliud

286 2714 584 2804 auxilium
631 2720 928 2780 efficaciter
980 2728 1232 2795 trahem,
1283 2736 1339 2787 et
1390 2749 1650 2791 movens,

282 2794 483 2850 Sensit
545 2813 682 2873 ergo
733 2804 1052 2862 Concilium
1092 2852 1104 2874 ,
1150 2808 1277 2866 dari
1327 2812 1656 2887 hujusmodi

282 2876 600 2947 auxilium,
630 2882 800 2956 idque
835 2902 966 2943 cum
994 2891 1234 2949 Calvino
1262 2893 1534 2952 adversus
1559 2899 1659 2953 Pe-

235 3019 238 3022 l
284 2957 559 3030 lagianos
613 2967 927 3036 supposuit,
971 2976 1027 3025 et
1052 2969 1261 3028 deinde
1290 2977 1559 3046 processit
1585 2976 1656 3033 ad

282 3038 638 3177 saggatrgctigim
686 3047 1051 3105 concordiam
1088 3051 1256 3126 hujus
1292 3057 1497 3113 auxilii
1525 3073 1656 3114 cum

311 3135 332 3172 ι
418 3135 445 3174 ι·
571 3165 585 3177 .
1438 3144 1442 3148 ’
1519 3135 1522 3140 “

364 3200 544 3273 Cujus
569 3204 906 3277 conjecturae
934 3218 1143 3281 praeter
1188 3214 1458 3272 hactenus
1483 3216 1650 3284 dicta,

283 3276 510 3351 duplex
528 3284 687 3339 aliud
703 3290 950 3361 occurrit
965 3292 1246 3350 motivum
1266 3296 1405 3352 satis
1426 3313 1649 3372 urgens.

69 3399 208 3450 vega.
283 3362 572 3450 Primum,
603 3366 737 3436 quia
758 3368 1017 3427 Andreas
1060 3372 1132 3431 de
1159 3377 1310 3450 Vega
1335 3377 1656 3452 Theologus

283 3439 536 3533 Ordinis
578 3443 889 3518 seraphici,
916 3451 1012 3522 qui
1042 3452 1175 3509 huic
1195 3455 1435 3512 Concilii
1462 3455 1656 3514 deter-

282 3525 608 3581 minationi
656 3523 938 3598 interfuit,
971 3533 1029 3589 id
1056 3536 1377 3594 clarissime
1416 3544 1655 3596 testatur

279 3604 381 3661 lib.
412 3606 470 3671 6,
494 3608 554 3660 in
577 3606 818 3676 Trident.
844 3629 964 3685 cap.
995 3616 1046 3682 6,
1078 3615 1177 3672 ubi
1195 3618 1275 3673 ait
1300 3639 1313 3674 :
1344 3620 1534 3676 «Illud
1561 3638 1655 3678 se·

285 3709 313 3738 u
361 3687 542 3755 rio,et
556 3705 766 3764 magna
781 3696 1097 3754 attentione
1112 3697 1182 3754 ad
1191 3700 1529 3758 vertendum
1544 3710 1648 3772 est,

276 3791 307 3820 α
351 3768 649 3860 duplicem
675 3776 985 3834 asseruisse
1007 3781 1204 3837 Patres
1224 3781 1288 3838 in
1309 3785 1345 3838 5
1365 3800 1486 3857 cap.
1517 3801 1653 3859 gra-

287 3873 316 3902 «
364 3857 533 3942 tiam,
553 3869 666 3925 qua
689 3854 1054 3929 disponimur
1076 3861 1146 3918 ad
1162 3863 1647 3939 justificationem,

282 3954 313 3986 α
359 3939 740 4004 excitantem,
759 3943 816 3995 et
834 3939 1221 4014 adjuvantem.
1250 3948 1471 4005 Excitat
1494 3966 1654 4007 nam-

271 4036 302 4062 «
346 4014 636 4102 que-Deus
652 4019 945 4077 vocatione
964 4038 1067 4079 sua
1094 4033 1307 4094 sancta,
1339 4032 1396 4085 et
1423 4030 1653 4086 illumi-

274 4117 306 4144 «
347 4099 611 4163 natione,
663 4103 723 4152 ut
768 4116 1091 4178 surgamus
1117 4122 1148 4162 a
1176 4114 1416 4179 peccato.
1461 4114 1654 4184 Neque

277 4204 306 4232 a
352 4187 664 4239 contentus
681 4184 948 4253 excitare,
979 4188 1227 4260 quadam
1262 4192 1429 4249 nobis
1455 4193 1652 4268 ignota

275 4286 304 4316 α
349 4279 466 4322 sua
490 4265 726 4322 virtutis
764 4269 1163 4341 applicatione,
1206 4277 1262 4329 et
1298 4280 1507 4332 nostrae
1547 4292 1652 4334 vo-

277 4367 307 4396 «
355 4344 607 4401 luntatis
672 4348 919 4406 mirifica
983 4351 1361 4411 inclinatione
1384 4398 1397 4421 ,
1451 4360 1510 4412 et
1554 4355 1652 4412 in-

280 4450 310 4480 «
357 4425 617 4486 flexione
644 4428 891 4505 benigne
919 4441 1024 4491 nos
1044 4434 1294 4509 adjuvat,
1322 4441 1383 4491 ut
1407 4452 1649 4494 consen-

281 4532 312 4560 «
363 4508 587 4567 tiamus
609 4555 625 4580 ,
671 4517 728 4569 et
762 4513 1096 4571 obediamus
1125 4517 1407 4574 vocationi
1437 4535 1570 4576 suae.
1619 4539 1645 4572 n

274 4589 441 4655 Quid
467 4591 632 4648 aliud
670 4600 757 4651 est
800 4597 994 4671 ignota
1032 4599 1144 4654 illa
1175 4598 1391 4655 divinas
1417 4600 1653 4657 virtutis

275 4673 601 4746 applioetio
647 4692 681 4733 a
721 4679 989 4735 Patribus
1034 4686 1265 4746 asserta,
1303 4684 1360 4736 et
1395 4696 1427 4736 a
1464 4682 1653 4756 gratia

275 4753 581 4813 excitante
607 4756 895 4827 distincta,
919 4775 1092 4832 quam
1114 4761 1398 4817 auxilium
1420 4762 1653 4819 efficaci-

275 4842 375 4893 ter
402 4837 768 4896 voluntatem
788 4833 1045 4898 nostram
1071 4841 1363 4898 inclinans
1377 4845 1404 4898 P
1417 4844 1530 4899 ¹Vel
1555 4842 1650 4899 ubi

282 4916 634 4974 Adversarii
662 4919 973 4978 admittunt
1000 4923 1146 4980 hanc
1171 4938 1384 4980 novam
1405 4924 1653 4996 applica·

285 5003 517 5059 tionem
538 5015 574 5057 a
597 5003 790 5075 gratia
810 5010 1062 5070 vocante,
1085 5009 1141 5061 et
1159 5004 1442 5062 excitante
1462 5002 1653 5061 diver-

279 5092 453 5149 sam?
503 5087 755 5145 Authori
781 5086 953 5144 modo
980 5087 1157 5143 relato
1182 5083 1483 5143 concordat
1512 5085 1653 5141 Cor-

1790 638 1977 694 nelius
2020 641 2243 695 Mussus
2282 638 2535 713 ejusdem
2563 635 2856 709 Seraphici
2884 634 3136 698 OrdiniS,
3174 646 3324 713 cornel

1788 722 1845 774 et
1869 719 2160 791 quietiam
2188 720 2366 776 astitit
2391 717 2644 776 Concilio
2672 738 2685 772 ε
2712 732 2847 772 nam
2870 715 2965 769 lib.
2997 717 3048 771 2.
3081 716 3144 769 de
3165 698 3331 738 ΜΝΞ

1755 856 1762 864 ,
1787 799 1983 857 divina
2008 802 2260 869 historia,
2286 819 2405 873 cap.
2435 802 2516 865 16,
2538 799 2617 855 ait
2639 798 2962 856 :Moventur
2982 796 3145 853 aDco

1788 884 1976 937 omnia
1996 891 2263 961 umquam
2291 901 2327 938 α
2349 884 2531 955 primo
2566 887 2806 936 movente
2828 880 2845 931 ζ·
2865 878 3006 957 quod
3035 881 3146 933 nisi

1792 964 1901 1034 ipse
1935 971 2146 1019 moveat
2177 966 2354 1037 prius,
2386 963 2530 1017 nihil
2568 963 2794 1016 omnino
2831 966 3043 1014 moveat
3090 961 3150 1013 in

1788 1046 2048 1100 universa
2074 1052 2301 1100 naturai.
2334 1043 2510 1100 Motio
2532 1047 2723 1098 autem
2748 1040 2965 1113 praevia>
2983 1039 3146 1097 omni

1791 1130 2011 1182 naturae
2031 1124 2354 1182 communis
2383 1123 2576 1195 nequit
2604 1138 2725 1178 esse
2752 1121 2929 1178 motio
2956 1120 3144 1177 solum

1790 1204 2061 1271 moralis,
2080 1205 2170 1261 vel
2188 1221 2413 1267 vocans,
2435 1205 2522 1260 vel
2540 1203 2812 1266 excitauS,
2838 1202 2929 1257 vel
2961 1200 3147 1272 inspi—

1794 1302 1946 1363 rans„
1965 1287 2133 1361 hujus
2146 1288 2356 1360 quippe
2373 1288 2566 1359 plures
2588 1292 2807 1342 naturae
2821 1288 2953 1339 sunt
2986 1283 3146 1339 inca-

1792 1384 1953 1441 paces
1967 1393 1981 1436 ;
1999 1368 2098 1425 sed
2114 1367 2276 1425 debet
2290 1384 2411 1426 esse
2427 1369 2710 1441 impulsus
2723 1365 2917 1422 efficax
2938 1380 3145 1436 quam-

1792 1450 1933 1506 libet
1958 1452 2235 1507 virtutem
2266 1456 2514 1507 creatam
2541 1447 2860 1521 operationi
2901 1448 3148 1520 conjun—

1789 1547 1946 1605 gens.
1975 1532 2307 1593 Secundum,
2327 1537 2383 1588 et
2398 1530 2583 1587 adhuc
2603 1529 2899 1603 urgentius
2914 1528 3147 1602 signum

1790 1616 1892 1677 est,
1942 1612 2217 1684 quoniam
2263 1611 2649 1668 catechismus
2694 1607 2946 1682 ejusdem
3000 1608 3146 1665 sacri

1791 1692 2031 1748 Concilii
2062 1690 2285 1749 decreto
2301 1708 2333 1747 a
2349 1692 2493 1747 viris
2515 1689 2973 1763 sapientissimis,
2994 1694 3149 1746 ante-

1790 1778 1963 1846 quam
1976 1773 2301 1847 hujusmodi
2318 1772 2718 1830 controversiae
2732 1771 2882 1826 inter
2895 1771 3147 1827 Thomis·

1790 1858 1895 1917 tas,
1920 1859 2188 1909 eteorum
2212 1852 2583 1908 Adversarios
2622 1856 2811 1908 ortum
2853 1850 3147 1906 duxissent

1790 1930 1992 1997 editus»,
2023 1937 2079 1988 et
2106 1949 2137 1988 a
2164 1932 2409 1988 summis
2450 1929 2821 1987 Pontificibus
2851 1931 2952 1986 Pio
2996 1932 3061 1995 V,
3094 1933 3148 1985 et

1791 2013 2066 2086 Gregorio
2106 2015 2234 2068 XIII
2285 2010 2644 2085 approbatuS,
2676 2016 2730 2066 et
2772 2012 2833 2065 in
2884 2009 3149 2081 pluribus

1792 2092 2063 2147 Conciliis
2087 2090 2545 2148 provincialibus
2567 2095 2839 2162 receptuS,
2864 2089 3004 2144 satis
3029 2105 3150 2144 ma-

1791 2173 1998 2230 nifeste
2023 2172 2181 2230 docet
2208 2173 2598 2229 necessitatem
2623 2171 2826 2227 auxilii
2849 2170 3148 2227 efficaciter

1791 2255 2096 2319 moventiS,
2130 2270 2192 2310 ac
2217 2252 2471 2308 distincti
2502 2251 2571 2308 ab
2598 2252 2758 2308 omni
2787 2251 2973 2325 gratia
2999 2251 3150 2307 exci-

1793 2339 1967 2399 tante,
1998 2335 2088 2389 vel
2111 2335 2299 2390 solum
2328 2333 2624 2388 moraliter
2654 2332 2962 2398 alliciente,
3003 2346 3149 2403 qua-

1792 2416 1903 2471 lem
1931 2411 2258 2470 Adversarii
2286 2412 2617 2468 admittunt.
2645 2414 2787 2466 Nam
2822 2413 2835 2466 l
2864 2417 3014 2484 part.
3040 2410 3146 2466 inl

1790 2494 1950 2551 Fidei
1967 2493 2203 2548 articulo
2225 2511 2379 2548 nuni.
2409 2494 2499 2557 22,
2526 2490 2685 2548 docet
2712 2511 2724 2545 ε
2755 2514 2779 2543 «
2813 2494 2937 2547 Non
2958 2492 3145 2546 solum

1798 2598 1821 2627 u
1867 2577 2056 2630 autem
2085 2576 2231 2629 Deus
2272 2572 2539 2628 universa
2581 2587 2707 2643 quae
2745 2576 2896 2636 sunt,
2947 2570 3149 2641 provi-

1798 2675 1822 2706 α
1864 2651 2057 2709 dentia
2107 2669 2210 2708 sua
2262 2657 2468 2717 tuetur,
2520 2656 2687 2722 atque
2733 2648 3104 2705 administrat
3135 2673 3146 2714 ;

1798 2756 1823 2786 α
1867 2749 2069 2789 verum
2123 2733 2296 2789 etiam
2347 2748 2472 2805 quae
2519 2735 2842 2795 moventur,
2874 2734 2931 2785 et
2972 2735 3148 2803 agunt

1798 2836 1822 2866 α
1867 2813 2101 2886 aliquid,
2132 2814 2337 2870 intima
2363 2814 2577 2869 virtute
2605 2810 2674 2866 ad
2706 2816 2947 2876 motum,
2981 2816 3149 2884 atque

1797 2919 1823 2949 α
1866 2896 2145 2953 actionem
2178 2898 2258 2952 ita
2285 2895 2549 2968 impellit,
2599 2900 2660 2948 ut
2702 2893 2968 2965 quamvis
3009 2908 3148 2949 cau-

1798 3000 1825 3029 «
1866 2993 2060 3033 sarum
2090 2976 2468 3034 secundarum
2496 2974 2860 3032 efficientiam
2883 2989 3000 3030 non
3030 2973 3147 3028 im-

1798 3081 1823 3112 «
1867 3058 2055 3130 pediat
2078 3102 2091 3125 ,
2136 3058 2450 3131 praeveniat
2485 3061 2713 3122 tamem
2744 3072 2872 3112 cum
2902 3057 3023 3128 ejus
3049 3071 3147 3112 oc-

1797 3164 1823 3194 «
1865 3131 2181 3196 cultissima
2205 3140 2292 3195 vis
2333 3138 2402 3195 ad
2435 3139 2663 3212 singula
2711 3138 3037 3209 pertineat,
3089 3142 3145 3191 et

1797 3243 1822 3273 α
1864 3219 2344 3293 quemadmodum
2366 3219 2603 3292 Sapiens
2620 3224 2873 3281 testatur,
2902 3218 3144 3290 attingat

1797 3326 1823 3357 α
1865 3321 1898 3360 a
1925 3302 2039 3360 fine
2077 3320 2254 3376 usque
2281 3302 2349 3359 ad
2389 3301 2567 3358 finem
2598 3301 2839 3365 fortiter,
2871 3304 2927 3355 et
2948 3298 3147 3370 dispo-

1798 3405 1823 3436 «
1867 3390 1965 3440 nat
1991 3386 2191 3441 omnia
2210 3384 2484 3440 suaviter.
2513 3402 2538 3433 ι)
2572 3380 2677 3436 Ubi
2705 3381 3026 3437 clarissime
3054 3395 3145 3435 as-

1789 3464 2017 3533 seritur,
2064 3465 2348 3522 auxilium
2378 3462 2661 3535 praevium
2699 3477 2769 3517 ex
2805 3475 2864 3515 se
2903 3459 3097 3515 efficax
3135 3481 3146 3513 ε

1791 3559 1927 3599 nam
1955 3561 2024 3601 ex
2048 3553 2168 3602 'una
2193 3551 2350 3617 parte
2369 3542 2598 3606 dicitur,
2623 3539 2772 3613 quod
2802 3539 3053 3610 impellit
3078 3537 3148 3594 ad

1789 3632 2031 3691 motum,
2063 3631 2119 3682 et
2139 3626 2439 3689 actionem,
2467 3629 2632 3694 atque
2655 3620 2782 3676 ideo
2806 3620 2956 3691 ipsos
2980 3625 3150 3677 ante-

1789 3706 1939 3763 cedit
1958 3713 2122 3763 :etex
2135 3707 2250 3763 alia
2261 3705 2488 3769 dicitur,
2505 3702 2654 3776 quod
2679 3700 2927 3773 impellit
2948 3703 3148 3757 omnia

1787 3802 1915 3858 quae
1942 3791 2118 3859 agunt
2145 3783 2363 3857 aliquid
2379 3808 2393 3850 ;
2422 3782 2778 3854 subindeque
2802 3780 3000 3853 nequit
3027 3797 3148 3838 esse

1788 3868 1910 3923 sola
1926 3866 2162 3931 vocatio,
2188 3867 2279 3921 vel
2295 3864 2619 3937 inspiratio,
2639 3879 2769 3919 cum
2794 3863 2960 3935 hujus
2978 3862 3149 3933 plura

1789 3949 2015 4023 agentia
2028 3948 2145 4005 sint
2165 3947 2457 4020 incapacia
2478 3951 2592 4002 :est
2614 3946 2789 4021 igitur
2812 3944 2969 4001 aliud
2987 3945 3150 4000 auxi-

1790 4029 1934 4085 lium
1955 4027 2251 4086 efficaciter
2292 4042 2529 4084 movens
2556 4025 2627 4082 ad
2653 4023 3032 4098 operandum.
3070 4025 3150 4079 De

1786 4127 1897 4183 quo
1920 4112 2156 4170 ‘tandem
2178 4112 2401 4178 asserit,
2430 4108 2579 4183 quod
2609 4124 2725 4166 non
2755 4106 2997 4180 impedit
3019 4123 3148 4163 cau·

1786 4208 1983 4248 sarum
2018 4192 2399 4249 secundarum
2448 4190 2712 4264 proprias
2758 4188 3140 4261 operationes.

1787 4274 2005 4339 Quibus
2025 4274 2218 4331 verbis
2241 4274 2559 4331 Concilium
2583 4271 2992 4329 Tridentinum
3014 4270 3146 4326 imi-

1787 4360 1959 4421 tatur,
1992 4359 2046 4410 et
2072 4355 2239 4410 tacite
2284 4354 2532 4410 occurrit
2572 4352 2872 4418 haereticiS,
2896 4352 2995 4424 qui
3043 4367 3147 4424 per

1788 4434 2114 4509 hujusmodi
2135 4435 2421 4491 auxilium
2436 4450 2507 4492 ex
2521 4450 2581 4492 se
2596 4433 2792 4492 efficax
2816 4432 3147 4490 asserebant

1788 4515 2111 4572 libertatem
2143 4513 2434 4587 impediri,
2464 4530 2526 4571 ac
2548 4515 2940 4572 necessitatem
2977 4512 3144 4569 abso-

1789 4597 1968 4652 lutam
1997 4595 2224 4653 inferri.

1760 4720 1766 4726 .
1858 4679 1988 4734 212.
2035 4679 2118 4733 Ex
2141 4677 2214 4733 iis
2241 4676 2390 4733 haud
2413 4676 2648 4735 obscure
2673 4682 2923 4741 constat,
2967 4691 3141 4748 quam

1788 4772 1992 4830 parum
2034 4757 2356 4813 Concilium
2403 4756 2811 4814 Tridentinum
2853 4756 3141 4813 Adversa-

1790 4837 1893 4893 riis
1919 4836 2124 4901 faveat,
2144 4842 2200 4893 et
2230 4853 2401 4909 quam
2424 4843 2617 4908 aperte
2641 4843 2748 4894 stet
2777 4853 2879 4909 pro
2904 4839 2968 4892 D.
3018 4839 3139 4892 Au-

1785 4918 2033 4994 gustini,
2065 4924 2121 4975 et
2147 4918 2576 4976 Thomistarum
2617 4919 2921 4976 sententia.
2974 4918 3137 4974 Unde

1787 5000 1954 5057 facile
1996 5004 2081 5057 est
2118 5000 2446 5057 testimonia
2485 4999 2650 5056 nobis
2689 5000 2902 5074 objecta
2938 5000 3139 5072 expla-

1788 5093 1950 5136 nare.
1979 5078 2085 5137 Sed
2114 5080 2276 5151 prius
2295 5077 2536 5140 observa
2562 5083 2737 5135 totam
2760 5078 3138 5136 Adversariu-
