<?xml version="1.0" encoding="UTF-8"?>
<!DOCTYPE html PUBLIC "-//W3C//DTD XHTML 1.0 Transitional//EN"
    "http://www.w3.org/TR/xhtml1/DTD/xhtml1-transitional.dtd">
<html xmlns="http://www.w3.org/1999/xhtml" xml:lang="en" lang="en">
 <head>
  <title>
</title>
<meta http-equiv="Content-Type" content="text/html;charset=utf-8" />
  <meta name='ocr-system' content='tesseract 3.04.00' />
  <meta name='ocr-capabilities' content='ocr_page ocr_carea ocr_par ocr_line ocrx_word'/>
</head>
<body>
  <div class='ocr_page' id='page_1' title='image "./collegiisalmant00carmgoog_0196.png"; bbox 0 0 3647 5753; ppageno 0'>
   <div class='ocr_carea' id='block_1_1' title="bbox 511 431 616 487">
    <p class='ocr_par' dir='ltr' id='par_1_1' title="bbox 511 431 616 487">
     <span class='ocr_line' id='line_1_1' title="bbox 511 431 616 487; baseline 0 -1"><span class='ocrx_word' id='word_1_1' title='bbox 511 431 616 487; x_wconf 83' lang='lat'>174</span> 
     </span>
    </p>
   </div>
   <div class='ocr_carea' id='block_1_2' title="bbox 435 604 1877 1331">
    <p class='ocr_par' dir='ltr' id='par_1_2' title="bbox 435 604 1877 1331">
     <span class='ocr_line' id='line_1_2' title="bbox 508 604 1864 690; baseline 0.009 -31"><span class='ocrx_word' id='word_1_2' title='bbox 508 604 686 661; x_wconf 84' lang='lat' dir='ltr'>tradit</span> <span class='ocrx_word' id='word_1_3' title='bbox 719 606 774 661; x_wconf 89' lang='lat' dir='ltr'>S.</span> <span class='ocrx_word' id='word_1_4' title='bbox 809 607 1010 663; x_wconf 89' lang='lat' dir='ltr'>Doctor</span> <span class='ocrx_word' id='word_1_5' title='bbox 1039 609 1159 666; x_wconf 90' lang='lat' dir='ltr'>loco</span> <span class='ocrx_word' id='word_1_6' title='bbox 1178 627 1352 684; x_wconf 91' lang='lat' dir='ltr'>supra</span> <span class='ocrx_word' id='word_1_7' title='bbox 1377 612 1546 690; x_wconf 86' lang='lat' dir='ltr'>citato</span> <span class='ocrx_word' id='word_1_8' title='bbox 1572 631 1644 669; x_wconf 72' lang='lat' dir='ltr'>ex</span> <span class='ocrx_word' id='word_1_9' title='bbox 1670 616 1689 670; x_wconf 93' lang='lat' dir='ltr'>l</span> <span class='ocrx_word' id='word_1_10' title='bbox 1710 623 1864 688; x_wconf 80' lang='lat' dir='ltr'>part.</span> 
     </span>
     <span class='ocr_line' id='line_1_3' title="bbox 516 689 1866 769; baseline 0.01 -28"><span class='ocrx_word' id='word_1_11' title='bbox 516 694 699 759; x_wconf 55' lang='lat' dir='ltr'>quaest.</span> <span class='ocrx_word' id='word_1_12' title='bbox 730 689 820 755; x_wconf 87' lang='lat'>83,</span> <span class='ocrx_word' id='word_1_13' title='bbox 859 694 915 745; x_wconf 94' lang='lat' dir='ltr'>et</span> <span class='ocrx_word' id='word_1_14' title='bbox 954 689 1018 746; x_wconf 90' lang='lat' dir='ltr'>in</span> <span class='ocrx_word' id='word_1_15' title='bbox 1058 692 1327 749; x_wconf 88' lang='lat' dir='ltr'>omnibus</span> <span class='ocrx_word' id='word_1_16' title='bbox 1373 696 1510 752; x_wconf 79' lang='lat' dir='ltr'>locis</span> <span class='ocrx_word' id='word_1_17' title='bbox 1528 696 1715 753; x_wconf 89' lang='lat' dir='ltr'>citatis</span> <span class='ocrx_word' id='word_1_18' title='bbox 1758 700 1866 769; x_wconf 73' lang='lat'>§2-</span> 
     </span>
     <span class='ocr_line' id='line_1_4' title="bbox 508 768 1874 836; baseline 0.012 -16"><span class='ocrx_word' id='word_1_19' title='bbox 508 768 810 823; x_wconf 84' lang='lat' dir='ltr'>Auxilium</span> <span class='ocrx_word' id='word_1_20' title='bbox 839 775 1029 827; x_wconf 89' lang='lat' dir='ltr'>autem</span> <span class='ocrx_word' id='word_1_21' title='bbox 1052 772 1122 829; x_wconf 91' lang='lat' dir='ltr'>ab</span> <span class='ocrx_word' id='word_1_22' title='bbox 1156 773 1470 833; x_wconf 90' lang='lat' dir='ltr'>intrinseco</span> <span class='ocrx_word' id='word_1_23' title='bbox 1513 777 1708 836; x_wconf 85' lang='lat' dir='ltr'>efficax</span> <span class='ocrx_word' id='word_1_24' title='bbox 1753 794 1874 835; x_wconf 90' lang='lat' dir='ltr'>non</span> 
     </span>
     <span class='ocr_line' id='line_1_5' title="bbox 509 846 1875 929; baseline 0.01 -28"><span class='ocrx_word' id='word_1_25' title='bbox 509 846 861 905; x_wconf 84' lang='lat' dir='ltr'>determinat</span> <span class='ocrx_word' id='word_1_26' title='bbox 880 849 1360 913; x_wconf 82' lang='lat' dir='ltr'>determinatione</span> <span class='ocrx_word' id='word_1_27' title='bbox 1388 872 1490 929; x_wconf 90' lang='lat' dir='ltr'>per</span> <span class='ocrx_word' id='word_1_28' title='bbox 1511 857 1746 915; x_wconf 89' lang='lat' dir='ltr'>modum</span> <span class='ocrx_word' id='word_1_29' title='bbox 1761 858 1875 916; x_wconf 81' lang='lat' dir='ltr'>for-</span> 
     </span>
     <span class='ocr_line' id='line_1_6' title="bbox 514 925 1873 998; baseline 0.011 -15"><span class='ocrx_word' id='word_1_30' title='bbox 514 925 644 997; x_wconf 62' lang='lat' dir='ltr'>mas,</span> <span class='ocrx_word' id='word_1_31' title='bbox 677 936 733 986; x_wconf 89' lang='lat' dir='ltr'>et</span> <span class='ocrx_word' id='word_1_32' title='bbox 785 936 1004 988; x_wconf 73' lang='lat' dir='ltr'>naturas</span> <span class='ocrx_word' id='word_1_33' title='bbox 1043 950 1159 992; x_wconf 89' lang='lat' dir='ltr'>non</span> <span class='ocrx_word' id='word_1_34' title='bbox 1202 936 1586 996; x_wconf 80' lang='lat' dir='ltr'>indifferentis</span> <span class='ocrx_word' id='word_1_35' title='bbox 1636 941 1701 996; x_wconf 90' lang='lat' dir='ltr'>in</span> <span class='ocrx_word' id='word_1_36' title='bbox 1747 947 1873 998; x_wconf 89' lang='lat' dir='ltr'>actu</span> 
     </span>
     <span class='ocr_line' id='line_1_7' title="bbox 531 1011 1876 1084; baseline 0.01 -19"><span class='ocrx_word' id='word_1_37' title='bbox 531 1011 756 1084; x_wconf 89' lang='lat' dir='ltr'>primo;</span> <span class='ocrx_word' id='word_1_38' title='bbox 786 1011 883 1068; x_wconf 88' lang='lat' dir='ltr'>sed</span> <span class='ocrx_word' id='word_1_39' title='bbox 900 1011 1246 1072; x_wconf 81' lang='lat' dir='ltr'>determinat</span> <span class='ocrx_word' id='word_1_40' title='bbox 1273 1016 1754 1078; x_wconf 88' lang='lat' dir='ltr'>determinatione</span> <span class='ocrx_word' id='word_1_41' title='bbox 1780 1037 1876 1078; x_wconf 90' lang='lat' dir='ltr'>ac-</span> 
     </span>
     <span class='ocr_line' id='line_1_8' title="bbox 435 1090 1877 1174; baseline 0.009 -28"><span class='ocrx_word' id='word_1_42' title='bbox 435 1127 440 1134; x_wconf 80' lang='lat'><strong>·</strong></span> <span class='ocrx_word' id='word_1_43' title='bbox 523 1097 614 1147; x_wconf 89' lang='lat' dir='ltr'>tus</span> <span class='ocrx_word' id='word_1_44' title='bbox 639 1090 892 1158; x_wconf 87' lang='lat' dir='ltr'>secundi,</span> <span class='ocrx_word' id='word_1_45' title='bbox 924 1094 1299 1168; x_wconf 87' lang='lat' dir='ltr'>relinquendo</span> <span class='ocrx_word' id='word_1_46' title='bbox 1322 1104 1653 1171; x_wconf 88' lang='lat' dir='ltr'>potestatem</span> <span class='ocrx_word' id='word_1_47' title='bbox 1677 1101 1877 1174; x_wconf 89' lang='lat' dir='ltr'>proxi-</span> 
     </span>
     <span class='ocr_line' id='line_1_9' title="bbox 522 1170 1876 1244; baseline 0.01 -18"><span class='ocrx_word' id='word_1_48' title='bbox 522 1187 684 1227; x_wconf 88' lang='lat' dir='ltr'>mam</span> <span class='ocrx_word' id='word_1_49' title='bbox 707 1170 775 1227; x_wconf 89' lang='lat' dir='ltr'>ad</span> <span class='ocrx_word' id='word_1_50' title='bbox 798 1174 1120 1244; x_wconf 90' lang='lat' dir='ltr'>oppositum</span> <span class='ocrx_word' id='word_1_51' title='bbox 1143 1176 1206 1232; x_wconf 91' lang='lat' dir='ltr'>in</span> <span class='ocrx_word' id='word_1_52' title='bbox 1245 1193 1413 1234; x_wconf 91' lang='lat' dir='ltr'>sensu</span> <span class='ocrx_word' id='word_1_53' title='bbox 1461 1179 1648 1238; x_wconf 87' lang='lat' dir='ltr'>diviso</span> <span class='ocrx_word' id='word_1_54' title='bbox 1680 1203 1694 1237; x_wconf 75' lang='lat' dir='ltr'><strong><em>z</em></strong></span> <span class='ocrx_word' id='word_1_55' title='bbox 1725 1181 1876 1239; x_wconf 88' lang='lat' dir='ltr'>unde</span> 
     </span>
     <span class='ocr_line' id='line_1_10' title="bbox 516 1250 1871 1331; baseline 0.01 -24"><span class='ocrx_word' id='word_1_56' title='bbox 516 1266 635 1308; x_wconf 90' lang='lat' dir='ltr'>non</span> <span class='ocrx_word' id='word_1_57' title='bbox 680 1250 901 1308; x_wconf 86' lang='lat' dir='ltr'>inducit</span> <span class='ocrx_word' id='word_1_58' title='bbox 951 1254 1479 1318; x_wconf 85' lang='lat' dir='ltr'>immutabilitatem</span> <span class='ocrx_word' id='word_1_59' title='bbox 1531 1261 1871 1331; x_wconf 86' lang='lat' dir='ltr'>absolutam,</span> 
     </span>
    </p>
   </div>
   <div class='ocr_carea' id='block_1_3' title="bbox 516 1330 1878 1484">
    <p class='ocr_par' dir='ltr' id='par_1_3' title="bbox 516 1330 1878 1484">
     <span class='ocr_line' id='line_1_11' title="bbox 516 1330 1878 1410; baseline 0.011 -23"><span class='ocrx_word' id='word_1_60' title='bbox 516 1330 616 1388; x_wconf 90' lang='lat' dir='ltr'>sed</span> <span class='ocrx_word' id='word_1_61' title='bbox 630 1331 817 1388; x_wconf 89' lang='lat' dir='ltr'>solum</span> <span class='ocrx_word' id='word_1_62' title='bbox 837 1334 1150 1391; x_wconf 89' lang='lat' dir='ltr'>secundum</span> <span class='ocrx_word' id='word_1_63' title='bbox 1172 1337 1328 1410; x_wconf 89' lang='lat' dir='ltr'>quid,</span> <span class='ocrx_word' id='word_1_64' title='bbox 1360 1342 1499 1397; x_wconf 90' lang='lat' dir='ltr'>etin</span> <span class='ocrx_word' id='word_1_65' title='bbox 1526 1357 1695 1398; x_wconf 90' lang='lat' dir='ltr'>sensu</span> <span class='ocrx_word' id='word_1_66' title='bbox 1716 1341 1878 1401; x_wconf 84' lang='lat' dir='ltr'>com-</span> 
     </span>
     <span class='ocr_line' id='line_1_12' title="bbox 519 1411 722 1484; baseline 0.005 -18"><span class='ocrx_word' id='word_1_67' title='bbox 519 1411 722 1484; x_wconf 76' lang='lat' dir='ltr'>posito,</span> 
     </span>
    </p>
   </div>
   <div class='ocr_carea' id='block_1_4' title="bbox 299 1491 1879 1646">
    <p class='ocr_par' dir='ltr' id='par_1_4' title="bbox 299 1491 1879 1646">
     <span class='ocr_line' id='line_1_13' title="bbox 299 1491 1879 1577; baseline 0.008 -31"><span class='ocrx_word' id='word_1_68' title='bbox 299 1511 507 1563; x_wconf 61' lang='lat' dir='ltr'>aequar—</span> <span class='ocrx_word' id='word_1_69' title='bbox 594 1491 681 1547; x_wconf 89' lang='lat' dir='ltr'>Ad</span> <span class='ocrx_word' id='word_1_70' title='bbox 729 1500 987 1566; x_wconf 78' lang='lat' dir='ltr'>quartum</span> <span class='ocrx_word' id='word_1_71' title='bbox 1035 1504 1273 1572; x_wconf 89' lang='lat' dir='ltr'>negatur</span> <span class='ocrx_word' id='word_1_72' title='bbox 1320 1507 1695 1576; x_wconf 89' lang='lat' dir='ltr'>assumptum,</span> <span class='ocrx_word' id='word_1_73' title='bbox 1727 1504 1879 1577; x_wconf 91' lang='lat' dir='ltr'>quod</span> 
     </span>
     <span class='ocr_line' id='line_1_14' title="bbox 355 1565 1875 1646; baseline 0.009 -19"><span class='ocrx_word' id='word_1_74' title='bbox 355 1565 454 1603; x_wconf 60' lang='grc' dir='ltr'>ΜΨ·</span> <span class='ocrx_word' id='word_1_75' title='bbox 523 1587 642 1628; x_wconf 88' lang='lat' dir='ltr'>non</span> <span class='ocrx_word' id='word_1_76' title='bbox 666 1573 868 1646; x_wconf 91' lang='lat' dir='ltr'>probat</span> <span class='ocrx_word' id='word_1_77' title='bbox 909 1574 1139 1634; x_wconf 90' lang='lat' dir='ltr'>inducta</span> <span class='ocrx_word' id='word_1_78' title='bbox 1158 1581 1222 1636; x_wconf 91' lang='lat' dir='ltr'>D.</span> <span class='ocrx_word' id='word_1_79' title='bbox 1255 1580 1490 1640; x_wconf 81' lang='lat' dir='ltr'>Thomae</span> <span class='ocrx_word' id='word_1_80' title='bbox 1514 1584 1830 1641; x_wconf 85' lang='lat' dir='ltr'>authoritas</span> <span class='ocrx_word' id='word_1_81' title='bbox 1862 1606 1875 1641; x_wconf 75' lang='grc' dir='ltr'><strong>ε</strong></span> 
     </span>
    </p>
   </div>
   <div class='ocr_carea' id='block_1_5' title="bbox 513 1656 1886 4398">
    <p class='ocr_par' dir='ltr' id='par_1_5' title="bbox 513 1656 1884 2600">
     <span class='ocr_line' id='line_1_15' title="bbox 521 1656 1879 1732; baseline 0.01 -23"><span class='ocrx_word' id='word_1_82' title='bbox 521 1669 660 1710; x_wconf 89' lang='lat' dir='ltr'>nam</span> <span class='ocrx_word' id='word_1_83' title='bbox 701 1656 981 1728; x_wconf 90' lang='lat' dir='ltr'>particula</span> <span class='ocrx_word' id='word_1_84' title='bbox 1008 1662 1159 1732; x_wconf 74' lang='lat' dir='ltr'>quia,</span> <span class='ocrx_word' id='word_1_85' title='bbox 1204 1677 1320 1719; x_wconf 90' lang='lat' dir='ltr'>non</span> <span class='ocrx_word' id='word_1_86' title='bbox 1365 1669 1451 1720; x_wconf 89' lang='lat' dir='ltr'>est</span> <span class='ocrx_word' id='word_1_87' title='bbox 1489 1666 1768 1724; x_wconf 90' lang='lat' dir='ltr'>sumenda</span> <span class='ocrx_word' id='word_1_88' title='bbox 1814 1666 1879 1723; x_wconf 92' lang='lat' dir='ltr'>in</span> 
     </span>
     <span class='ocr_line' id='line_1_16' title="bbox 513 1740 1879 1816; baseline 0.01 -24"><span class='ocrx_word' id='word_1_89' title='bbox 513 1752 686 1794; x_wconf 81' lang='lat' dir='ltr'>sensu</span> <span class='ocrx_word' id='word_1_90' title='bbox 725 1740 956 1806; x_wconf 88' lang='lat' dir='ltr'>causali,</span> <span class='ocrx_word' id='word_1_91' title='bbox 985 1740 1083 1798; x_wconf 90' lang='lat' dir='ltr'>sed</span> <span class='ocrx_word' id='word_1_92' title='bbox 1107 1743 1168 1798; x_wconf 90' lang='lat' dir='ltr'>in</span> <span class='ocrx_word' id='word_1_93' title='bbox 1194 1759 1363 1801; x_wconf 88' lang='lat' dir='ltr'>sensu</span> <span class='ocrx_word' id='word_1_94' title='bbox 1386 1746 1626 1816; x_wconf 90' lang='lat' dir='ltr'>illativo,</span> <span class='ocrx_word' id='word_1_95' title='bbox 1657 1749 1796 1805; x_wconf 91' lang='lat' dir='ltr'>etin</span> <span class='ocrx_word' id='word_1_96' title='bbox 1819 1750 1879 1806; x_wconf 82' lang='lat' dir='ltr'>vi</span> 
     </span>
     <span class='ocr_line' id='line_1_17' title="bbox 529 1821 1874 1899; baseline 0.01 -27"><span class='ocrx_word' id='word_1_97' title='bbox 529 1821 947 1890; x_wconf 69' lang='lat' dir='ltr'>consequentiae</span> <span class='ocrx_word' id='word_1_98' title='bbox 1001 1842 1014 1877; x_wconf 75' lang='lat' dir='ltr'><em>z</em></span> <span class='ocrx_word' id='word_1_99' title='bbox 1066 1824 1280 1896; x_wconf 90' lang='lat' dir='ltr'>optime</span> <span class='ocrx_word' id='word_1_100' title='bbox 1335 1827 1546 1899; x_wconf 88' lang='lat' dir='ltr'>quippe</span> <span class='ocrx_word' id='word_1_101' title='bbox 1603 1828 1874 1895; x_wconf 83' lang='lat' dir='ltr'>infertur,</span> 
     </span>
     <span class='ocr_line' id='line_1_18' title="bbox 519 1897 1883 1978; baseline 0.011 -26"><span class='ocrx_word' id='word_1_102' title='bbox 519 1897 667 1972; x_wconf 90' lang='lat' dir='ltr'>quod</span> <span class='ocrx_word' id='word_1_103' title='bbox 694 1900 742 1955; x_wconf 90' lang='lat' dir='ltr'>si</span> <span class='ocrx_word' id='word_1_104' title='bbox 792 1900 964 1959; x_wconf 90' lang='lat' dir='ltr'>homo</span> <span class='ocrx_word' id='word_1_105' title='bbox 1002 1906 1287 1962; x_wconf 87' lang='lat' dir='ltr'>consentit</span> <span class='ocrx_word' id='word_1_106' title='bbox 1313 1909 1616 1978; x_wconf 83' lang='lat' dir='ltr'>vocationi,</span> <span class='ocrx_word' id='word_1_107' title='bbox 1665 1910 1775 1966; x_wconf 90' lang='lat' dir='ltr'>ista</span> <span class='ocrx_word' id='word_1_108' title='bbox 1806 1912 1883 1967; x_wconf 87' lang='lat' dir='ltr'>sit</span> 
     </span>
     <span class='ocr_line' id='line_1_19' title="bbox 528 1977 1881 2052; baseline 0.01 -17"><span class='ocrx_word' id='word_1_109' title='bbox 528 1977 742 2049; x_wconf 80' lang='lat' dir='ltr'>efficax,</span> <span class='ocrx_word' id='word_1_110' title='bbox 776 1984 1039 2052; x_wconf 82' lang='lat' dir='ltr'>quamvis</span> <span class='ocrx_word' id='word_1_111' title='bbox 1069 1985 1286 2043; x_wconf 83' lang='lat' dir='ltr'>vocatio</span> <span class='ocrx_word' id='word_1_112' title='bbox 1307 2003 1424 2044; x_wconf 93' lang='lat' dir='ltr'>non</span> <span class='ocrx_word' id='word_1_113' title='bbox 1449 1988 1654 2047; x_wconf 88' lang='lat' dir='ltr'>habeat</span> <span class='ocrx_word' id='word_1_114' title='bbox 1681 2007 1715 2047; x_wconf 90' lang='lat' dir='ltr'>a</span> <span class='ocrx_word' id='word_1_115' title='bbox 1740 2007 1881 2048; x_wconf 90' lang='lat' dir='ltr'>con-</span> 
     </span>
     <span class='ocr_line' id='line_1_20' title="bbox 520 2059 1884 2130; baseline 0.011 -16"><span class='ocrx_word' id='word_1_116' title='bbox 520 2074 696 2115; x_wconf 87' lang='lat' dir='ltr'>sensu</span> <span class='ocrx_word' id='word_1_117' title='bbox 727 2059 1051 2130; x_wconf 87' lang='lat' dir='ltr'>efficaciam,</span> <span class='ocrx_word' id='word_1_118' title='bbox 1101 2064 1198 2122; x_wconf 90' lang='lat' dir='ltr'>sed</span> <span class='ocrx_word' id='word_1_119' title='bbox 1242 2083 1276 2123; x_wconf 91' lang='lat' dir='ltr'>e</span> <span class='ocrx_word' id='word_1_120' title='bbox 1325 2084 1619 2128; x_wconf 84' lang='lat' dir='ltr'>convers0.</span> <span class='ocrx_word' id='word_1_121' title='bbox 1670 2073 1741 2128; x_wconf 87' lang='lat' dir='ltr'>Et</span> <span class='ocrx_word' id='word_1_122' title='bbox 1778 2073 1884 2129; x_wconf 89' lang='lat' dir='ltr'>hoc</span> 
     </span>
     <span class='ocr_line' id='line_1_21' title="bbox 520 2141 1875 2219; baseline 0.011 -25"><span class='ocrx_word' id='word_1_123' title='bbox 520 2145 681 2212; x_wconf 90' lang='lat' dir='ltr'>pacto</span> <span class='ocrx_word' id='word_1_124' title='bbox 702 2141 756 2196; x_wconf 88' lang='lat' dir='ltr'>S.</span> <span class='ocrx_word' id='word_1_125' title='bbox 791 2141 993 2199; x_wconf 91' lang='lat' dir='ltr'>Doctor</span> <span class='ocrx_word' id='word_1_126' title='bbox 1020 2144 1081 2200; x_wconf 90' lang='lat' dir='ltr'>in</span> <span class='ocrx_word' id='word_1_127' title='bbox 1102 2152 1295 2219; x_wconf 81' lang='lat' dir='ltr'>quaest.</span> <span class='ocrx_word' id='word_1_128' title='bbox 1313 2149 1348 2203; x_wconf 79' lang='lat'>2</span> <span class='ocrx_word' id='word_1_129' title='bbox 1374 2147 1444 2206; x_wconf 90' lang='lat' dir='ltr'>de</span> <span class='ocrx_word' id='word_1_130' title='bbox 1464 2152 1736 2218; x_wconf 84' lang='lat' dir='ltr'>veritate,</span> <span class='ocrx_word' id='word_1_131' title='bbox 1768 2157 1875 2209; x_wconf 86' lang='lat' dir='ltr'>art.</span> 
     </span>
     <span class='ocr_line' id='line_1_22' title="bbox 525 2221 1883 2301; baseline 0.013 -28"><span class='ocrx_word' id='word_1_132' title='bbox 525 2221 863 2293; x_wconf 83' lang='lat' dir='ltr'>14,exponit</span> <span class='ocrx_word' id='word_1_133' title='bbox 891 2224 1196 2301; x_wconf 82' lang='lat' dir='ltr'>origenem</span> <span class='ocrx_word' id='word_1_134' title='bbox 1237 2237 1626 2288; x_wconf 85' lang='lat' dir='ltr'>asserentem:</span> <span class='ocrx_word' id='word_1_135' title='bbox 1663 2255 1689 2285; x_wconf 90' lang='lat'>«</span> <span class='ocrx_word' id='word_1_136' title='bbox 1737 2234 1883 2298; x_wconf 90' lang='lat' dir='ltr'>Quia</span> 
     </span>
     <span class='ocr_line' id='line_1_23' title="bbox 528 2298 1876 2380; baseline 0.013 -27"><span class='ocrx_word' id='word_1_137' title='bbox 528 2320 554 2350; x_wconf 83' lang='lat'>«</span> <span class='ocrx_word' id='word_1_138' title='bbox 600 2298 860 2357; x_wconf 81' lang='lat' dir='ltr'>futurum</span> <span class='ocrx_word' id='word_1_139' title='bbox 889 2309 973 2359; x_wconf 87' lang='lat' dir='ltr'>est</span> <span class='ocrx_word' id='word_1_140' title='bbox 1012 2305 1252 2380; x_wconf 89' lang='lat' dir='ltr'>aliquid,</span> <span class='ocrx_word' id='word_1_141' title='bbox 1286 2305 1412 2366; x_wconf 88' lang='lat' dir='ltr'>ideo</span> <span class='ocrx_word' id='word_1_142' title='bbox 1436 2311 1614 2368; x_wconf 90' lang='lat' dir='ltr'>scitur</span> <span class='ocrx_word' id='word_1_143' title='bbox 1641 2328 1673 2368; x_wconf 91' lang='lat' dir='ltr'>a</span> <span class='ocrx_word' id='word_1_144' title='bbox 1695 2315 1808 2370; x_wconf 91' lang='lat' dir='ltr'>Deo</span> <span class='ocrx_word' id='word_1_145' title='bbox 1829 2333 1876 2369; x_wconf 75' lang='lat' dir='ltr'>t»</span> 
     </span>
     <span class='ocr_line' id='line_1_24' title="bbox 518 2378 1882 2461; baseline 0.012 -28"><span class='ocrx_word' id='word_1_146' title='bbox 518 2383 577 2434; x_wconf 90' lang='lat' dir='ltr'>et</span> <span class='ocrx_word' id='word_1_147' title='bbox 595 2378 760 2436; x_wconf 88' lang='lat' dir='ltr'>dicit:</span> <span class='ocrx_word' id='word_1_148' title='bbox 790 2403 814 2433; x_wconf 87' lang='lat'>«</span> <span class='ocrx_word' id='word_1_149' title='bbox 840 2382 942 2439; x_wconf 88' lang='lat' dir='ltr'>hoc</span> <span class='ocrx_word' id='word_1_150' title='bbox 965 2385 1406 2461; x_wconf 87' lang='lat' dir='ltr'>intelligendum</span> <span class='ocrx_word' id='word_1_151' title='bbox 1428 2406 1549 2448; x_wconf 84' lang='lat' dir='ltr'>esse</span> <span class='ocrx_word' id='word_1_152' title='bbox 1568 2390 1882 2449; x_wconf 88' lang='lat' dir='ltr'>secundum</span> 
     </span>
     <span class='ocr_line' id='line_1_25' title="bbox 525 2468 1883 2536; baseline 0.014 -25"><span class='ocrx_word' id='word_1_153' title='bbox 525 2479 551 2509; x_wconf 76' lang='grc' dir='ltr'><strong>α</strong></span> <span class='ocrx_word' id='word_1_154' title='bbox 592 2475 819 2516; x_wconf 87' lang='lat' dir='ltr'>causam</span> <span class='ocrx_word' id='word_1_155' title='bbox 836 2468 1267 2536; x_wconf 79' lang='lat' dir='ltr'>consequentiae,</span> <span class='ocrx_word' id='word_1_156' title='bbox 1289 2485 1406 2526; x_wconf 88' lang='lat' dir='ltr'>non</span> <span class='ocrx_word' id='word_1_157' title='bbox 1421 2472 1883 2530; x_wconf 85' lang='lat' dir='ltr'>secundumcau-</span> 
     </span>
     <span class='ocr_line' id='line_1_26' title="bbox 528 2541 1049 2600; baseline 0.013 -11"><span class='ocrx_word' id='word_1_158' title='bbox 528 2558 554 2589; x_wconf 76' lang='grc' dir='ltr'><strong>α</strong></span> <span class='ocrx_word' id='word_1_159' title='bbox 595 2554 718 2594; x_wconf 88' lang='lat' dir='ltr'>sam</span> <span class='ocrx_word' id='word_1_160' title='bbox 746 2541 988 2600; x_wconf 88' lang='lat' dir='ltr'>essendi.</span> <span class='ocrx_word' id='word_1_161' title='bbox 1023 2564 1049 2596; x_wconf 84' lang='lat'><strong>»</strong></span> 
     </span>
    </p>

    <p class='ocr_par' dir='ltr' id='par_1_6' title="bbox 520 2625 1886 4398">
     <span class='ocr_line' id='line_1_27' title="bbox 602 2625 1884 2710; baseline 0.014 -32"><span class='ocrx_word' id='word_1_162' title='bbox 602 2625 689 2680; x_wconf 88' lang='lat' dir='ltr'>Ad</span> <span class='ocrx_word' id='word_1_163' title='bbox 716 2630 968 2700; x_wconf 81' lang='lat' dir='ltr'>quintum</span> <span class='ocrx_word' id='word_1_164' title='bbox 991 2647 1266 2705; x_wconf 85' lang='lat' dir='ltr'>negamus</span> <span class='ocrx_word' id='word_1_165' title='bbox 1294 2637 1592 2710; x_wconf 85' lang='lat' dir='ltr'>majorem.</span> <span class='ocrx_word' id='word_1_166' title='bbox 1615 2639 1685 2693; x_wconf 88' lang='lat' dir='ltr'>Et</span> <span class='ocrx_word' id='word_1_167' title='bbox 1704 2638 1774 2695; x_wconf 90' lang='lat' dir='ltr'>ad</span> <span class='ocrx_word' id='word_1_168' title='bbox 1796 2640 1884 2696; x_wconf 91' lang='lat' dir='ltr'>in-</span> 
     </span>
     <span class='ocr_line' id='line_1_28' title="bbox 525 2707 1879 2791; baseline 0.015 -36"><span class='ocrx_word' id='word_1_169' title='bbox 525 2707 745 2760; x_wconf 88' lang='lat' dir='ltr'>sertum</span> <span class='ocrx_word' id='word_1_170' title='bbox 792 2708 1186 2767; x_wconf 89' lang='lat' dir='ltr'>testimonium</span> <span class='ocrx_word' id='word_1_171' title='bbox 1242 2715 1616 2786; x_wconf 87' lang='lat' dir='ltr'>respondetur</span> <span class='ocrx_word' id='word_1_172' title='bbox 1670 2719 1879 2791; x_wconf 90' lang='lat' dir='ltr'>primo,</span> 
     </span>
     <span class='ocr_line' id='line_1_29' title="bbox 528 2783 1882 2870; baseline 0.013 -33"><span class='ocrx_word' id='word_1_173' title='bbox 528 2783 584 2838; x_wconf 89' lang='lat' dir='ltr'>S.</span> <span class='ocrx_word' id='word_1_174' title='bbox 619 2786 916 2843; x_wconf 88' lang='lat' dir='ltr'>Doctorem</span> <span class='ocrx_word' id='word_1_175' title='bbox 943 2805 1010 2845; x_wconf 93' lang='lat' dir='ltr'>eo</span> <span class='ocrx_word' id='word_1_176' title='bbox 1037 2791 1158 2848; x_wconf 90' lang='lat' dir='ltr'>loco</span> <span class='ocrx_word' id='word_1_177' title='bbox 1178 2807 1443 2866; x_wconf 84' lang='lat' dir='ltr'>expresse</span> <span class='ocrx_word' id='word_1_178' title='bbox 1483 2795 1700 2866; x_wconf 83' lang='lat' dir='ltr'>docere,</span> <span class='ocrx_word' id='word_1_179' title='bbox 1732 2798 1882 2870; x_wconf 92' lang='lat' dir='ltr'>quod</span> 
     </span>
     <span class='ocr_line' id='line_1_30' title="bbox 529 2863 1876 2942; baseline 0.013 -23"><span class='ocrx_word' id='word_1_180' title='bbox 529 2863 953 2937; x_wconf 77' lang='lat' dir='ltr'>praedestinatio</span> <span class='ocrx_word' id='word_1_181' title='bbox 979 2874 1063 2926; x_wconf 91' lang='lat' dir='ltr'>est</span> <span class='ocrx_word' id='word_1_182' title='bbox 1082 2878 1252 2942; x_wconf 90' lang='lat' dir='ltr'>certa,</span> <span class='ocrx_word' id='word_1_183' title='bbox 1280 2874 1622 2934; x_wconf 86' lang='lat' dir='ltr'>certitudine</span> <span class='ocrx_word' id='word_1_184' title='bbox 1644 2894 1762 2935; x_wconf 89' lang='lat' dir='ltr'>non</span> <span class='ocrx_word' id='word_1_185' title='bbox 1787 2895 1876 2937; x_wconf 90' lang='lat' dir='ltr'>so-</span> 
     </span>
     <span class='ocr_line' id='line_1_31' title="bbox 528 2947 1881 3019; baseline 0.013 -19"><span class='ocrx_word' id='word_1_186' title='bbox 528 2947 642 3001; x_wconf 90' lang='lat' dir='ltr'>lius</span> <span class='ocrx_word' id='word_1_187' title='bbox 686 2949 1075 3018; x_wconf 79' lang='lat' dir='ltr'>praescientiae,</span> <span class='ocrx_word' id='word_1_188' title='bbox 1124 2952 1221 3009; x_wconf 90' lang='lat' dir='ltr'>sed</span> <span class='ocrx_word' id='word_1_189' title='bbox 1260 2955 1435 3012; x_wconf 85' lang='lat' dir='ltr'>etiam</span> <span class='ocrx_word' id='word_1_190' title='bbox 1483 2959 1881 3019; x_wconf 85' lang='lat' dir='ltr'>causalitatis:</span> 
     </span>
     <span class='ocr_line' id='line_1_32' title="bbox 525 3026 1885 3106; baseline 0.013 -26"><span class='ocrx_word' id='word_1_191' title='bbox 525 3026 674 3099; x_wconf 89' lang='lat' dir='ltr'>quod</span> <span class='ocrx_word' id='word_1_192' title='bbox 716 3026 1003 3085; x_wconf 83' lang='lat' dir='ltr'>verificari</span> <span class='ocrx_word' id='word_1_193' title='bbox 1045 3033 1259 3104; x_wconf 90' lang='lat' dir='ltr'>nequit,</span> <span class='ocrx_word' id='word_1_194' title='bbox 1305 3035 1419 3091; x_wconf 91' lang='lat' dir='ltr'>nisi</span> <span class='ocrx_word' id='word_1_195' title='bbox 1466 3038 1705 3106; x_wconf 81' lang='lat' dir='ltr'>auxilia,</span> <span class='ocrx_word' id='word_1_196' title='bbox 1761 3041 1885 3098; x_wconf 90' lang='lat' dir='ltr'>sive</span> 
     </span>
     <span class='ocr_line' id='line_1_33' title="bbox 529 3108 1886 3184; baseline 0.013 -22"><span class='ocrx_word' id='word_1_197' title='bbox 529 3108 721 3164; x_wconf 89' lang='lat' dir='ltr'>media</span> <span class='ocrx_word' id='word_1_198' title='bbox 733 3124 834 3181; x_wconf 89' lang='lat' dir='ltr'>per</span> <span class='ocrx_word' id='word_1_199' title='bbox 847 3125 971 3182; x_wconf 85' lang='lat' dir='ltr'>quae</span> <span class='ocrx_word' id='word_1_200' title='bbox 992 3111 1414 3184; x_wconf 82' lang='lat' dir='ltr'>praedestinatio</span> <span class='ocrx_word' id='word_1_201' title='bbox 1425 3117 1735 3176; x_wconf 88' lang='lat' dir='ltr'>mandatur</span> <span class='ocrx_word' id='word_1_202' title='bbox 1756 3137 1886 3179; x_wconf 86' lang='lat' dir='ltr'>exe·</span> 
     </span>
     <span class='ocr_line' id='line_1_34' title="bbox 522 3187 1884 3265; baseline 0.012 -24"><span class='ocrx_word' id='word_1_203' title='bbox 522 3187 806 3260; x_wconf 87' lang='lat' dir='ltr'>quutioni,</span> <span class='ocrx_word' id='word_1_204' title='bbox 832 3190 949 3245; x_wconf 87' lang='lat' dir='ltr'>sint</span> <span class='ocrx_word' id='word_1_205' title='bbox 970 3189 1041 3246; x_wconf 91' lang='lat' dir='ltr'>ab</span> <span class='ocrx_word' id='word_1_206' title='bbox 1082 3192 1393 3252; x_wconf 88' lang='lat' dir='ltr'>intrinseco</span> <span class='ocrx_word' id='word_1_207' title='bbox 1417 3196 1679 3265; x_wconf 87' lang='lat' dir='ltr'>efficacia,</span> <span class='ocrx_word' id='word_1_208' title='bbox 1713 3207 1776 3257; x_wconf 89' lang='lat' dir='ltr'>ut</span> <span class='ocrx_word' id='word_1_209' title='bbox 1812 3217 1884 3259; x_wconf 81' lang='lat' dir='ltr'>ex</span> 
     </span>
     <span class='ocr_line' id='line_1_35' title="bbox 524 3265 1878 3351; baseline 0.01 -28"><span class='ocrx_word' id='word_1_210' title='bbox 524 3265 726 3323; x_wconf 89' lang='lat' dir='ltr'>eodem</span> <span class='ocrx_word' id='word_1_211' title='bbox 773 3269 827 3324; x_wconf 90' lang='lat' dir='ltr'>S.</span> <span class='ocrx_word' id='word_1_212' title='bbox 878 3271 1114 3328; x_wconf 89' lang='lat' dir='ltr'>Doctore</span> <span class='ocrx_word' id='word_1_213' title='bbox 1159 3274 1515 3332; x_wconf 85' lang='lat' dir='ltr'>ostendimus</span> <span class='ocrx_word' id='word_1_214' title='bbox 1559 3294 1734 3350; x_wconf 89' lang='lat' dir='ltr'>supra</span> <span class='ocrx_word' id='word_1_215' title='bbox 1765 3283 1878 3351; x_wconf 68' lang='lat'>§5-</span> 
     </span>
     <span class='ocr_line' id='line_1_36' title="bbox 523 3350 1884 3431; baseline 0.012 -28"><span class='ocrx_word' id='word_1_216' title='bbox 523 3350 639 3405; x_wconf 89' lang='lat' dir='ltr'>Nec</span> <span class='ocrx_word' id='word_1_217' title='bbox 662 3351 984 3421; x_wconf 90' lang='lat' dir='ltr'>oppositum</span> <span class='ocrx_word' id='word_1_218' title='bbox 1031 3352 1189 3412; x_wconf 90' lang='lat' dir='ltr'>docet</span> <span class='ocrx_word' id='word_1_219' title='bbox 1216 3355 1277 3411; x_wconf 88' lang='lat' dir='ltr'>in</span> <span class='ocrx_word' id='word_1_220' title='bbox 1304 3357 1516 3425; x_wconf 82' lang='lat' dir='ltr'>verbis,</span> <span class='ocrx_word' id='word_1_221' title='bbox 1561 3375 1686 3431; x_wconf 69' lang='lat' dir='ltr'>quae</span> <span class='ocrx_word' id='word_1_222' title='bbox 1719 3361 1884 3420; x_wconf 90' lang='lat' dir='ltr'>nobis</span> 
     </span>
     <span class='ocr_line' id='line_1_37' title="bbox 524 3428 1883 3515; baseline 0.011 -31"><span class='ocrx_word' id='word_1_223' title='bbox 524 3428 875 3505; x_wconf 83' lang='lat' dir='ltr'>objiciuntur</span> <span class='ocrx_word' id='word_1_224' title='bbox 907 3456 920 3500; x_wconf 86' lang='lat'>;</span> <span class='ocrx_word' id='word_1_225' title='bbox 947 3450 1082 3490; x_wconf 88' lang='lat' dir='ltr'>nam</span> <span class='ocrx_word' id='word_1_226' title='bbox 1104 3434 1185 3491; x_wconf 91' lang='lat' dir='ltr'>ibi</span> <span class='ocrx_word' id='word_1_227' title='bbox 1226 3438 1549 3496; x_wconf 86' lang='lat' dir='ltr'>considerat</span> <span class='ocrx_word' id='word_1_228' title='bbox 1575 3439 1687 3497; x_wconf 89' lang='lat' dir='ltr'>duo</span> <span class='ocrx_word' id='word_1_229' title='bbox 1716 3443 1883 3515; x_wconf 88' lang='lat' dir='ltr'>prin-</span> 
     </span>
     <span class='ocr_line' id='line_1_38' title="bbox 524 3511 1885 3592; baseline 0.01 -25"><span class='ocrx_word' id='word_1_230' title='bbox 524 3511 694 3584; x_wconf 89' lang='lat' dir='ltr'>cipia,</span> <span class='ocrx_word' id='word_1_231' title='bbox 725 3528 850 3585; x_wconf 83' lang='lat' dir='ltr'>quae</span> <span class='ocrx_word' id='word_1_232' title='bbox 875 3521 1223 3573; x_wconf 88' lang='lat' dir='ltr'>concurrunt</span> <span class='ocrx_word' id='word_1_233' title='bbox 1267 3518 1337 3575; x_wconf 90' lang='lat' dir='ltr'>ad</span> <span class='ocrx_word' id='word_1_234' title='bbox 1366 3521 1781 3592; x_wconf 89' lang='lat' dir='ltr'>assequendum</span> <span class='ocrx_word' id='word_1_235' title='bbox 1809 3523 1885 3580; x_wconf 86' lang='lat' dir='ltr'>fi-</span> 
     </span>
     <span class='ocr_line' id='line_1_39' title="bbox 524 3592 1882 3666; baseline 0.011 -18"><span class='ocrx_word' id='word_1_236' title='bbox 524 3608 658 3650; x_wconf 90' lang='lat' dir='ltr'>nem</span> <span class='ocrx_word' id='word_1_237' title='bbox 705 3592 1259 3666; x_wconf 74' lang='lat' dir='ltr'>praedestinationiS,</span> <span class='ocrx_word' id='word_1_238' title='bbox 1305 3600 1589 3658; x_wconf 89' lang='lat' dir='ltr'>nimirum</span> <span class='ocrx_word' id='word_1_239' title='bbox 1632 3603 1882 3662; x_wconf 91' lang='lat' dir='ltr'>liberum</span> 
     </span>
     <span class='ocr_line' id='line_1_40' title="bbox 525 3673 1884 3757; baseline 0.011 -28"><span class='ocrx_word' id='word_1_240' title='bbox 525 3673 856 3744; x_wconf 87' lang='lat' dir='ltr'>arbitrium,</span> <span class='ocrx_word' id='word_1_241' title='bbox 883 3682 939 3734; x_wconf 90' lang='lat' dir='ltr'>et</span> <span class='ocrx_word' id='word_1_242' title='bbox 956 3678 1315 3751; x_wconf 79' lang='lat' dir='ltr'>gratiamzet</span> <span class='ocrx_word' id='word_1_243' title='bbox 1359 3680 1514 3751; x_wconf 90' lang='lat' dir='ltr'>dicit,</span> <span class='ocrx_word' id='word_1_244' title='bbox 1559 3686 1707 3757; x_wconf 90' lang='lat' dir='ltr'>quod</span> <span class='ocrx_word' id='word_1_245' title='bbox 1754 3688 1884 3744; x_wconf 89' lang='lat' dir='ltr'>licet</span> 
     </span>
     <span class='ocr_line' id='line_1_41' title="bbox 526 3753 1879 3834; baseline 0.012 -26"><span class='ocrx_word' id='word_1_246' title='bbox 526 3753 777 3812; x_wconf 89' lang='lat' dir='ltr'>liberum</span> <span class='ocrx_word' id='word_1_247' title='bbox 794 3756 1103 3814; x_wconf 87' lang='lat' dir='ltr'>arbitrium</span> <span class='ocrx_word' id='word_1_248' title='bbox 1132 3761 1307 3832; x_wconf 88' lang='lat' dir='ltr'>possit</span> <span class='ocrx_word' id='word_1_249' title='bbox 1326 3761 1565 3822; x_wconf 86' lang='lat' dir='ltr'>deficere</span> <span class='ocrx_word' id='word_1_250' title='bbox 1592 3781 1625 3821; x_wconf 86' lang='lat' dir='ltr'>a</span> <span class='ocrx_word' id='word_1_251' title='bbox 1662 3768 1845 3824; x_wconf 86' lang='lat' dir='ltr'>salute</span> <span class='ocrx_word' id='word_1_252' title='bbox 1863 3790 1879 3834; x_wconf 81' lang='lat'><em>3</em></span> 
     </span>
     <span class='ocr_line' id='line_1_42' title="bbox 527 3836 1883 3920; baseline 0.01 -28"><span class='ocrx_word' id='word_1_253' title='bbox 527 3836 916 3895; x_wconf 89' lang='lat' dir='ltr'>nihilominus</span> <span class='ocrx_word' id='word_1_254' title='bbox 937 3841 1085 3896; x_wconf 92' lang='lat' dir='ltr'>Deus</span> <span class='ocrx_word' id='word_1_255' title='bbox 1109 3840 1342 3899; x_wconf 87' lang='lat' dir='ltr'>adhibet</span> <span class='ocrx_word' id='word_1_256' title='bbox 1368 3849 1448 3910; x_wconf 88' lang='lat' dir='ltr'>tot</span> <span class='ocrx_word' id='word_1_257' title='bbox 1465 3847 1665 3920; x_wconf 85' lang='lat' dir='ltr'>gratiae</span> <span class='ocrx_word' id='word_1_258' title='bbox 1691 3848 1883 3905; x_wconf 88' lang='lat' dir='ltr'>admi-</span> 
     </span>
     <span class='ocr_line' id='line_1_43' title="bbox 527 3918 1883 3995; baseline 0.01 -23"><span class='ocrx_word' id='word_1_259' title='bbox 527 3918 744 3984; x_wconf 80' lang='lat' dir='ltr'>nicula,</span> <span class='ocrx_word' id='word_1_260' title='bbox 771 3924 830 3974; x_wconf 90' lang='lat' dir='ltr'>ut</span> <span class='ocrx_word' id='word_1_261' title='bbox 856 3935 984 3975; x_wconf 92' lang='lat' dir='ltr'>eam</span> <span class='ocrx_word' id='word_1_262' title='bbox 1008 3920 1241 3978; x_wconf 88' lang='lat' dir='ltr'>tandem</span> <span class='ocrx_word' id='word_1_263' title='bbox 1264 3938 1380 3979; x_wconf 91' lang='lat' dir='ltr'>non</span> <span class='ocrx_word' id='word_1_264' title='bbox 1420 3925 1683 3995; x_wconf 83' lang='lat' dir='ltr'>amittat:</span> <span class='ocrx_word' id='word_1_265' title='bbox 1728 3928 1883 3986; x_wconf 90' lang='lat' dir='ltr'>inter</span> 
     </span>
     <span class='ocr_line' id='line_1_44' title="bbox 525 4000 1883 4083; baseline 0.01 -28"><span class='ocrx_word' id='word_1_266' title='bbox 525 4000 644 4057; x_wconf 79' lang='lat' dir='ltr'>haec</span> <span class='ocrx_word' id='word_1_267' title='bbox 670 4006 859 4058; x_wconf 90' lang='lat' dir='ltr'>autem</span> <span class='ocrx_word' id='word_1_268' title='bbox 889 4001 1241 4060; x_wconf 87' lang='lat' dir='ltr'>adminicula</span> <span class='ocrx_word' id='word_1_269' title='bbox 1269 4007 1551 4079; x_wconf 62' lang='lat' dir='ltr'>praecipue</span> <span class='ocrx_word' id='word_1_270' title='bbox 1582 4016 1883 4083; x_wconf 88' lang='lat' dir='ltr'>computa-</span> 
     </span>
     <span class='ocr_line' id='line_1_45' title="bbox 524 4083 1883 4158; baseline 0.01 -22"><span class='ocrx_word' id='word_1_271' title='bbox 524 4086 620 4139; x_wconf 91' lang='lat' dir='ltr'>tur</span> <span class='ocrx_word' id='word_1_272' title='bbox 641 4083 926 4139; x_wconf 88' lang='lat' dir='ltr'>auxilium</span> <span class='ocrx_word' id='word_1_273' title='bbox 954 4084 1165 4151; x_wconf 81' lang='lat' dir='ltr'>efficax,</span> <span class='ocrx_word' id='word_1_274' title='bbox 1196 4087 1348 4158; x_wconf 89' lang='lat' dir='ltr'>quod</span> <span class='ocrx_word' id='word_1_275' title='bbox 1395 4089 1527 4145; x_wconf 86' lang='lat' dir='ltr'>facit</span> <span class='ocrx_word' id='word_1_276' title='bbox 1553 4090 1883 4149; x_wconf 81' lang='lat' dir='ltr'>infallibili-</span> 
     </span>
     <span class='ocr_line' id='line_1_46' title="bbox 520 4164 1880 4236; baseline 0.01 -18"><span class='ocrx_word' id='word_1_277' title='bbox 520 4167 608 4219; x_wconf 90' lang='lat' dir='ltr'>ter</span> <span class='ocrx_word' id='word_1_278' title='bbox 623 4178 1007 4236; x_wconf 88' lang='lat' dir='ltr'>perseverare.</span> <span class='ocrx_word' id='word_1_279' title='bbox 1024 4164 1188 4223; x_wconf 90' lang='lat' dir='ltr'>Unde</span> <span class='ocrx_word' id='word_1_280' title='bbox 1198 4171 1373 4224; x_wconf 88' lang='lat' dir='ltr'>totam</span> <span class='ocrx_word' id='word_1_281' title='bbox 1393 4168 1880 4231; x_wconf 80' lang='lat' dir='ltr'>defectibilitatem</span> 
     </span>
     <span class='ocr_line' id='line_1_47' title="bbox 523 4242 1880 4328; baseline 0.009 -29"><span class='ocrx_word' id='word_1_282' title='bbox 523 4242 701 4300; x_wconf 80' lang='lat' dir='ltr'>refert</span> <span class='ocrx_word' id='word_1_283' title='bbox 728 4244 791 4299; x_wconf 93' lang='lat' dir='ltr'>in</span> <span class='ocrx_word' id='word_1_284' title='bbox 812 4243 1062 4302; x_wconf 90' lang='lat' dir='ltr'>liberum</span> <span class='ocrx_word' id='word_1_285' title='bbox 1102 4245 1431 4315; x_wconf 85' lang='lat' dir='ltr'>arbitrium,</span> <span class='ocrx_word' id='word_1_286' title='bbox 1483 4267 1601 4308; x_wconf 90' lang='lat' dir='ltr'>non</span> <span class='ocrx_word' id='word_1_287' title='bbox 1640 4252 1705 4307; x_wconf 93' lang='lat' dir='ltr'>in</span> <span class='ocrx_word' id='word_1_288' title='bbox 1742 4270 1880 4328; x_wconf 89' lang='lat' dir='ltr'>gra-</span> 
     </span>
     <span class='ocr_line' id='line_1_48' title="bbox 523 4323 1876 4398; baseline 0.01 -20"><span class='ocrx_word' id='word_1_289' title='bbox 523 4323 665 4380; x_wconf 88' lang='lat' dir='ltr'>tiam</span> <span class='ocrx_word' id='word_1_290' title='bbox 699 4330 792 4381; x_wconf 84' lang='lat' dir='ltr'>:et</span> <span class='ocrx_word' id='word_1_291' title='bbox 831 4326 912 4381; x_wconf 93' lang='lat' dir='ltr'>sic</span> <span class='ocrx_word' id='word_1_292' title='bbox 948 4332 1069 4398; x_wconf 90' lang='lat' dir='ltr'>post</span> <span class='ocrx_word' id='word_1_293' title='bbox 1109 4326 1286 4385; x_wconf 89' lang='lat' dir='ltr'>verba</span> <span class='ocrx_word' id='word_1_294' title='bbox 1326 4331 1506 4388; x_wconf 89' lang='lat' dir='ltr'>relata</span> <span class='ocrx_word' id='word_1_295' title='bbox 1549 4334 1876 4392; x_wconf 86' lang='lat' dir='ltr'>concludit:</span> 
     </span>
    </p>
   </div>
   <div class='ocr_carea' id='block_1_6' title="bbox 303 4405 1879 4488">
    <p class='ocr_par' dir='ltr' id='par_1_7' title="bbox 303 4405 1879 4488">
     <span class='ocr_line' id='line_1_49' title="bbox 303 4405 1879 4488; baseline 0.01 -32"><span class='ocrx_word' id='word_1_296' title='bbox 303 4422 556 4469; x_wconf 57' lang='lat' dir='ltr'>numm«</span> <span class='ocrx_word' id='word_1_297' title='bbox 598 4407 657 4461; x_wconf 90' lang='lat' dir='ltr'>Si</span> <span class='ocrx_word' id='word_1_298' title='bbox 704 4422 838 4482; x_wconf 89' lang='lat' dir='ltr'>ergo</span> <span class='ocrx_word' id='word_1_299' title='bbox 875 4405 1300 4466; x_wconf 88' lang='lat' dir='ltr'>consideremus</span> <span class='ocrx_word' id='word_1_300' title='bbox 1338 4412 1581 4470; x_wconf 91' lang='lat' dir='ltr'>salutem</span> <span class='ocrx_word' id='word_1_301' title='bbox 1622 4420 1879 4488; x_wconf 87' lang='lat' dir='ltr'>respectu</span> 
     </span>
    </p>
   </div>
   <div class='ocr_carea' id='block_1_7' title="bbox 524 4489 1879 4726">
    <p class='ocr_par' dir='ltr' id='par_1_8' title="bbox 524 4489 1879 4726">
     <span class='ocr_line' id='line_1_50' title="bbox 529 4489 1873 4565; baseline 0.012 -29"><span class='ocrx_word' id='word_1_302' title='bbox 529 4506 555 4537; x_wconf 74' lang='grc' dir='ltr'>(ι</span> <span class='ocrx_word' id='word_1_303' title='bbox 596 4502 776 4544; x_wconf 82' lang='lat' dir='ltr'>causae</span> <span class='ocrx_word' id='word_1_304' title='bbox 808 4490 1100 4562; x_wconf 81' lang='lat' dir='ltr'>proximae,</span> <span class='ocrx_word' id='word_1_305' title='bbox 1133 4489 1346 4549; x_wconf 90' lang='lat' dir='ltr'>scilicet</span> <span class='ocrx_word' id='word_1_306' title='bbox 1396 4491 1567 4549; x_wconf 90' lang='lat' dir='ltr'>liberi</span> <span class='ocrx_word' id='word_1_307' title='bbox 1623 4494 1873 4565; x_wconf 86' lang='lat' dir='ltr'>arbitrii,</span> 
     </span>
     <span class='ocr_line' id='line_1_51' title="bbox 525 4568 1873 4645; baseline 0.01 -26"><span class='ocrx_word' id='word_1_308' title='bbox 525 4589 554 4619; x_wconf 74' lang='grc' dir='ltr'>α</span> <span class='ocrx_word' id='word_1_309' title='bbox 595 4568 1018 4640; x_wconf 72' lang='lat' dir='ltr'>praedestinatio</span> <span class='ocrx_word' id='word_1_310' title='bbox 1070 4585 1185 4628; x_wconf 90' lang='lat' dir='ltr'>non</span> <span class='ocrx_word' id='word_1_311' title='bbox 1231 4570 1399 4628; x_wconf 84' lang='lat' dir='ltr'>habet</span> <span class='ocrx_word' id='word_1_312' title='bbox 1447 4575 1873 4645; x_wconf 89' lang='lat' dir='ltr'>certitudinem,</span> 
     </span>
     <span class='ocr_line' id='line_1_52' title="bbox 524 4648 1879 4726; baseline 0.011 -26"><span class='ocrx_word' id='word_1_313' title='bbox 524 4670 551 4701; x_wconf 89' lang='lat'>«</span> <span class='ocrx_word' id='word_1_314' title='bbox 592 4648 691 4707; x_wconf 89' lang='lat' dir='ltr'>sed</span> <span class='ocrx_word' id='word_1_315' title='bbox 710 4652 1192 4726; x_wconf 82' lang='lat' dir='ltr'>contingentiam:</span> <span class='ocrx_word' id='word_1_316' title='bbox 1217 4659 1470 4726; x_wconf 89' lang='lat' dir='ltr'>respectu</span> <span class='ocrx_word' id='word_1_317' title='bbox 1487 4661 1676 4713; x_wconf 90' lang='lat' dir='ltr'>autem</span> <span class='ocrx_word' id='word_1_318' title='bbox 1698 4673 1879 4716; x_wconf 70' lang='lat' dir='ltr'>causas</span> 
     </span>
    </p>
   </div>
   <div class='ocr_carea' id='block_1_8' title="bbox 435 4730 1877 4807">
    <p class='ocr_par' dir='ltr' id='par_1_9' title="bbox 435 4730 1877 4807">
     <span class='ocr_line' id='line_1_53' title="bbox 435 4730 1877 4807; baseline 0.011 -27"><span class='ocrx_word' id='word_1_319' title='bbox 435 4804 442 4807; x_wconf 10' lang='grc' dir='ltr'>ἡ</span> <span class='ocrx_word' id='word_1_320' title='bbox 525 4752 552 4781; x_wconf 75' lang='grc' dir='ltr'>α</span> <span class='ocrx_word' id='word_1_321' title='bbox 596 4730 819 4802; x_wconf 61' lang='lat' dir='ltr'>primae,</span> <span class='ocrx_word' id='word_1_322' title='bbox 841 4747 966 4804; x_wconf 84' lang='lat' dir='ltr'>quae</span> <span class='ocrx_word' id='word_1_323' title='bbox 985 4736 1069 4790; x_wconf 90' lang='lat' dir='ltr'>est</span> <span class='ocrx_word' id='word_1_324' title='bbox 1091 4732 1530 4806; x_wconf 76' lang='lat' dir='ltr'>praedestinatio,</span> <span class='ocrx_word' id='word_1_325' title='bbox 1556 4735 1724 4794; x_wconf 87' lang='lat' dir='ltr'>habet</span> <span class='ocrx_word' id='word_1_326' title='bbox 1750 4754 1877 4795; x_wconf 90' lang='lat' dir='ltr'>cer-</span> 
     </span>
    </p>
   </div>
   <div class='ocr_carea' id='block_1_9' title="bbox 516 4809 1879 5134">
    <p class='ocr_par' dir='ltr' id='par_1_10' title="bbox 524 4809 974 4870">
     <span class='ocr_line' id='line_1_54' title="bbox 524 4809 974 4870; baseline 0.02 -8"><span class='ocrx_word' id='word_1_327' title='bbox 524 4831 550 4861; x_wconf 78' lang='lat'><em>«</em></span> <span class='ocrx_word' id='word_1_328' title='bbox 593 4809 920 4870; x_wconf 89' lang='lat' dir='ltr'>titudinem.</span> <span class='ocrx_word' id='word_1_329' title='bbox 949 4832 974 4864; x_wconf 85' lang='lat'><strong>»</strong></span> 
     </span>
    </p>

    <p class='ocr_par' dir='ltr' id='par_1_11' title="bbox 516 4892 1879 5134">
     <span class='ocr_line' id='line_1_55' title="bbox 591 4892 1877 4965; baseline 0.009 -19"><span class='ocrx_word' id='word_1_330' title='bbox 591 4892 986 4965; x_wconf 88' lang='lat' dir='ltr'>Respondetur</span> <span class='ocrx_word' id='word_1_331' title='bbox 1012 4898 1279 4965; x_wconf 88' lang='lat' dir='ltr'>secundo,</span> <span class='ocrx_word' id='word_1_332' title='bbox 1309 4900 1367 4954; x_wconf 92' lang='lat' dir='ltr'><strong>S.</strong></span> <span class='ocrx_word' id='word_1_333' title='bbox 1392 4900 1689 4957; x_wconf 87' lang='lat' dir='ltr'>Doctorem</span> <span class='ocrx_word' id='word_1_334' title='bbox 1716 4917 1877 4958; x_wconf 87' lang='lat' dir='ltr'>com-</span> 
     </span>
     <span class='ocr_line' id='line_1_56' title="bbox 517 4973 1879 5048; baseline 0.007 -19"><span class='ocrx_word' id='word_1_335' title='bbox 517 4987 720 5043; x_wconf 89' lang='lat' dir='ltr'>parare</span> <span class='ocrx_word' id='word_1_336' title='bbox 743 4973 992 5032; x_wconf 91' lang='lat' dir='ltr'>liberum</span> <span class='ocrx_word' id='word_1_337' title='bbox 1015 4976 1324 5035; x_wconf 84' lang='lat' dir='ltr'>arbitrium</span> <span class='ocrx_word' id='word_1_338' title='bbox 1344 4994 1460 5036; x_wconf 91' lang='lat' dir='ltr'>non</span> <span class='ocrx_word' id='word_1_339' title='bbox 1481 4996 1609 5036; x_wconf 90' lang='lat' dir='ltr'>cum</span> <span class='ocrx_word' id='word_1_340' title='bbox 1632 4981 1759 5048; x_wconf 86' lang='lat' dir='ltr'>isto,</span> <span class='ocrx_word' id='word_1_341' title='bbox 1779 4987 1879 5038; x_wconf 91' lang='lat' dir='ltr'>aut</span> 
     </span>
     <span class='ocr_line' id='line_1_57' title="bbox 516 5052 1877 5134; baseline 0.01 -28"><span class='ocrx_word' id='word_1_342' title='bbox 516 5052 619 5108; x_wconf 86' lang='lat' dir='ltr'>illo</span> <span class='ocrx_word' id='word_1_343' title='bbox 639 5057 759 5109; x_wconf 88' lang='lat' dir='ltr'>actu</span> <span class='ocrx_word' id='word_1_344' title='bbox 786 5055 1149 5127; x_wconf 86' lang='lat' dir='ltr'>particulari,</span> <span class='ocrx_word' id='word_1_345' title='bbox 1182 5059 1279 5116; x_wconf 89' lang='lat' dir='ltr'>sed</span> <span class='ocrx_word' id='word_1_346' title='bbox 1307 5075 1436 5116; x_wconf 88' lang='lat' dir='ltr'>cum</span> <span class='ocrx_word' id='word_1_347' title='bbox 1466 5058 1583 5118; x_wconf 87' lang='lat' dir='ltr'>fine</span> <span class='ocrx_word' id='word_1_348' title='bbox 1628 5061 1877 5134; x_wconf 84' lang='lat' dir='ltr'>praedes·</span> 
     </span>
    </p>
   </div>
   <div class='ocr_carea' id='block_1_10' title="bbox 1532 441 2319 505">
    <p class='ocr_par' dir='ltr' id='par_1_12' title="bbox 1532 441 2319 505">
     <span class='ocr_line' id='line_1_58' title="bbox 1532 441 2319 505; baseline 0.011 -10"><span class='ocrx_word' id='word_1_349' title='bbox 1532 441 1627 498; x_wconf 84' lang='lat' dir='ltr'>DE</span> <span class='ocrx_word' id='word_1_350' title='bbox 1665 443 1938 500; x_wconf 77' lang='lat' dir='ltr'>GRATIA</span> <span class='ocrx_word' id='word_1_351' title='bbox 1977 446 2319 505; x_wconf 80' lang='lat' dir='ltr'><strong>EFFICACI.</strong></span> 
     </span>
    </p>
   </div>
   <div class='ocr_carea' id='block_1_11' title="bbox 2000 615 3377 3997">
    <p class='ocr_par' dir='ltr' id='par_1_13' title="bbox 2000 615 3372 1974">
     <span class='ocr_line' id='line_1_59' title="bbox 2001 615 3364 693; baseline -0.001 -20"><span class='ocrx_word' id='word_1_352' title='bbox 2001 617 2323 686; x_wconf 74' lang='lat' dir='ltr'>tinationiS,</span> <span class='ocrx_word' id='word_1_353' title='bbox 2348 620 2448 693; x_wconf 91' lang='lat' dir='ltr'>qui</span> <span class='ocrx_word' id='word_1_354' title='bbox 2491 625 2577 677; x_wconf 91' lang='lat' dir='ltr'>est</span> <span class='ocrx_word' id='word_1_355' title='bbox 2618 619 2941 693; x_wconf 86' lang='lat' dir='ltr'>assequutio</span> <span class='ocrx_word' id='word_1_356' title='bbox 2984 618 3201 693; x_wconf 83' lang='lat' dir='ltr'>gloriae.</span> <span class='ocrx_word' id='word_1_357' title='bbox 3227 615 3364 672; x_wconf 85' lang='lat' dir='ltr'>Effi-</span> 
     </span>
     <span class='ocr_line' id='line_1_60' title="bbox 2000 699 3364 775; baseline -0.001 -20"><span class='ocrx_word' id='word_1_358' title='bbox 2000 699 2154 756; x_wconf 89' lang='lat' dir='ltr'>cacia</span> <span class='ocrx_word' id='word_1_359' title='bbox 2179 706 2368 757; x_wconf 91' lang='lat' dir='ltr'>autem</span> <span class='ocrx_word' id='word_1_360' title='bbox 2393 700 2729 758; x_wconf 81' lang='lat' dir='ltr'>infallibilis</span> <span class='ocrx_word' id='word_1_361' title='bbox 2772 707 3025 775; x_wconf 90' lang='lat' dir='ltr'>respectu</span> <span class='ocrx_word' id='word_1_362' title='bbox 3047 715 3364 772; x_wconf 89' lang='lat' dir='ltr'>consequu-</span> 
     </span>
     <span class='ocr_line' id='line_1_61' title="bbox 2002 780 3364 855; baseline 0 -20"><span class='ocrx_word' id='word_1_363' title='bbox 2002 780 2178 838; x_wconf 83' lang='lat' dir='ltr'>tionis</span> <span class='ocrx_word' id='word_1_364' title='bbox 2218 781 2473 855; x_wconf 77' lang='lat' dir='ltr'>praedicti</span> <span class='ocrx_word' id='word_1_365' title='bbox 2515 782 2649 839; x_wconf 88' lang='lat' dir='ltr'>finis</span> <span class='ocrx_word' id='word_1_366' title='bbox 2690 798 2807 839; x_wconf 92' lang='lat' dir='ltr'>non</span> <span class='ocrx_word' id='word_1_367' title='bbox 2854 782 3174 847; x_wconf 84' lang='lat' dir='ltr'>invenitur,</span> <span class='ocrx_word' id='word_1_368' title='bbox 3205 794 3364 836; x_wconf 89' lang='lat' dir='ltr'>com-</span> 
     </span>
     <span class='ocr_line' id='line_1_62' title="bbox 2002 861 3360 943; baseline 0 -24"><span class='ocrx_word' id='word_1_369' title='bbox 2002 864 2259 922; x_wconf 90' lang='lat' dir='ltr'>muniter</span> <span class='ocrx_word' id='word_1_370' title='bbox 2300 865 2581 943; x_wconf 79' lang='lat' dir='ltr'>loquendo</span> <span class='ocrx_word' id='word_1_371' title='bbox 2623 865 2686 921; x_wconf 90' lang='lat' dir='ltr'>in</span> <span class='ocrx_word' id='word_1_372' title='bbox 2732 880 2849 921; x_wconf 91' lang='lat' dir='ltr'>uno</span> <span class='ocrx_word' id='word_1_373' title='bbox 2884 863 3096 936; x_wconf 87' lang='lat' dir='ltr'>aliquo,</span> <span class='ocrx_word' id='word_1_374' title='bbox 3129 863 3193 918; x_wconf 91' lang='lat' dir='ltr'>in</span> <span class='ocrx_word' id='word_1_375' title='bbox 3233 861 3360 929; x_wconf 78' lang='lat' dir='ltr'>isto,</span> 
     </span>
     <span class='ocr_line' id='line_1_63' title="bbox 2003 942 3367 1019; baseline -0.001 -21"><span class='ocrx_word' id='word_1_376' title='bbox 2003 944 2096 1001; x_wconf 84' lang='lat' dir='ltr'>vel</span> <span class='ocrx_word' id='word_1_377' title='bbox 2165 944 2268 1001; x_wconf 88' lang='lat' dir='ltr'>illo</span> <span class='ocrx_word' id='word_1_378' title='bbox 2320 946 2538 1003; x_wconf 84' lang='lat' dir='ltr'>auxilio</span> <span class='ocrx_word' id='word_1_379' title='bbox 2590 944 2959 1019; x_wconf 88' lang='lat' dir='ltr'>particulari;</span> <span class='ocrx_word' id='word_1_380' title='bbox 3000 942 3100 999; x_wconf 90' lang='lat' dir='ltr'>sed</span> <span class='ocrx_word' id='word_1_381' title='bbox 3146 942 3212 1000; x_wconf 92' lang='lat' dir='ltr'>in</span> <span class='ocrx_word' id='word_1_382' title='bbox 3252 946 3367 998; x_wconf 86' lang='lat' dir='ltr'>tota</span> 
     </span>
     <span class='ocr_line' id='line_1_64' title="bbox 2004 1024 3366 1096; baseline -0.001 -16"><span class='ocrx_word' id='word_1_383' title='bbox 2004 1024 2335 1083; x_wconf 88' lang='lat' dir='ltr'>collectione</span> <span class='ocrx_word' id='word_1_384' title='bbox 2372 1026 2639 1083; x_wconf 88' lang='lat' dir='ltr'>omnium</span> <span class='ocrx_word' id='word_1_385' title='bbox 2668 1026 3042 1090; x_wconf 85' lang='lat' dir='ltr'>auxiliorum,</span> <span class='ocrx_word' id='word_1_386' title='bbox 3069 1038 3194 1096; x_wconf 84' lang='lat' dir='ltr'>quae</span> <span class='ocrx_word' id='word_1_387' title='bbox 3232 1028 3366 1078; x_wconf 90' lang='lat' dir='ltr'>sunt</span> 
     </span>
     <span class='ocr_line' id='line_1_65' title="bbox 2007 1103 3371 1178; baseline 0 -19"><span class='ocrx_word' id='word_1_388' title='bbox 2007 1105 2186 1177; x_wconf 90' lang='lat' dir='ltr'>ipsius</span> <span class='ocrx_word' id='word_1_389' title='bbox 2232 1104 2748 1178; x_wconf 66' lang='lat' dir='ltr'>praedestinationis</span> <span class='ocrx_word' id='word_1_390' title='bbox 2792 1106 3051 1171; x_wconf 79' lang='lat' dir='ltr'>effectus3</span> <span class='ocrx_word' id='word_1_391' title='bbox 3099 1103 3371 1177; x_wconf 86' lang='lat' dir='ltr'>quamvis</span> 
     </span>
     <span class='ocr_line' id='line_1_66' title="bbox 2007 1183 3367 1260; baseline -0.001 -19"><span class='ocrx_word' id='word_1_392' title='bbox 2007 1186 2450 1260; x_wconf 88' lang='lat' dir='ltr'>unumquodque</span> <span class='ocrx_word' id='word_1_393' title='bbox 2477 1188 2762 1244; x_wconf 84' lang='lat' dir='ltr'>auxilium</span> <span class='ocrx_word' id='word_1_394' title='bbox 2802 1186 3000 1244; x_wconf 83' lang='lat' dir='ltr'>efficax</span> <span class='ocrx_word' id='word_1_395' title='bbox 3045 1183 3253 1242; x_wconf 84' lang='lat' dir='ltr'>habeat</span> <span class='ocrx_word' id='word_1_396' title='bbox 3296 1198 3367 1241; x_wconf 89' lang='lat' dir='ltr'>ex</span> 
     </span>
     <span class='ocr_line' id='line_1_67' title="bbox 2006 1266 3368 1341; baseline -0.001 -19"><span class='ocrx_word' id='word_1_397' title='bbox 2006 1282 2067 1323; x_wconf 90' lang='lat' dir='ltr'>se</span> <span class='ocrx_word' id='word_1_398' title='bbox 2104 1266 2408 1325; x_wconf 88' lang='lat' dir='ltr'>efficaciam</span> <span class='ocrx_word' id='word_1_399' title='bbox 2455 1267 2525 1325; x_wconf 90' lang='lat' dir='ltr'>ad</span> <span class='ocrx_word' id='word_1_400' title='bbox 2571 1273 2757 1325; x_wconf 90' lang='lat' dir='ltr'>actum</span> <span class='ocrx_word' id='word_1_401' title='bbox 2805 1268 3228 1341; x_wconf 89' lang='lat' dir='ltr'>particularem,</span> <span class='ocrx_word' id='word_1_402' title='bbox 3274 1266 3368 1322; x_wconf 84' lang='lat' dir='ltr'>cui</span> 
     </span>
     <span class='ocr_line' id='line_1_68' title="bbox 2007 1346 3365 1420; baseline 0 -18"><span class='ocrx_word' id='word_1_403' title='bbox 2007 1346 2282 1404; x_wconf 89' lang='lat' dir='ltr'>deservit.</span> <span class='ocrx_word' id='word_1_404' title='bbox 2312 1348 2479 1407; x_wconf 90' lang='lat' dir='ltr'>Unde</span> <span class='ocrx_word' id='word_1_405' title='bbox 2498 1350 2716 1406; x_wconf 89' lang='lat' dir='ltr'>mirum</span> <span class='ocrx_word' id='word_1_406' title='bbox 2746 1365 2863 1406; x_wconf 92' lang='lat' dir='ltr'>non</span> <span class='ocrx_word' id='word_1_407' title='bbox 2902 1353 3006 1416; x_wconf 90' lang='lat' dir='ltr'>est,</span> <span class='ocrx_word' id='word_1_408' title='bbox 3049 1347 3200 1420; x_wconf 90' lang='lat' dir='ltr'>quod</span> <span class='ocrx_word' id='word_1_409' title='bbox 3243 1362 3365 1404; x_wconf 87' lang='lat' dir='ltr'>res-</span> 
     </span>
     <span class='ocr_line' id='line_1_69' title="bbox 2009 1429 3371 1504; baseline -0.002 -17"><span class='ocrx_word' id='word_1_410' title='bbox 2009 1435 2169 1502; x_wconf 86' lang='lat' dir='ltr'>pectu</span> <span class='ocrx_word' id='word_1_411' title='bbox 2198 1429 2331 1487; x_wconf 82' lang='lat' dir='ltr'>finis</span> <span class='ocrx_word' id='word_1_412' title='bbox 2383 1430 2902 1504; x_wconf 69' lang='lat' dir='ltr'>praedestinationis</span> <span class='ocrx_word' id='word_1_413' title='bbox 2937 1432 2991 1487; x_wconf 88' lang='lat' dir='ltr'><strong>S.</strong></span> <span class='ocrx_word' id='word_1_414' title='bbox 3036 1431 3243 1486; x_wconf 89' lang='lat' dir='ltr'>Doctor</span> <span class='ocrx_word' id='word_1_415' title='bbox 3287 1433 3371 1485; x_wconf 85' lang='lat' dir='ltr'>tot</span> 
     </span>
     <span class='ocr_line' id='line_1_70' title="bbox 2009 1509 3368 1585; baseline -0.001 -18"><span class='ocrx_word' id='word_1_416' title='bbox 2009 1511 2388 1585; x_wconf 83' lang='lat' dir='ltr'>assignaverit</span> <span class='ocrx_word' id='word_1_417' title='bbox 2438 1512 2813 1580; x_wconf 87' lang='lat' dir='ltr'>adminicula,</span> <span class='ocrx_word' id='word_1_418' title='bbox 2839 1517 2894 1568; x_wconf 90' lang='lat' dir='ltr'>et</span> <span class='ocrx_word' id='word_1_419' title='bbox 2921 1517 3099 1568; x_wconf 89' lang='lat' dir='ltr'>totam</span> <span class='ocrx_word' id='word_1_420' title='bbox 3139 1509 3368 1567; x_wconf 90' lang='lat' dir='ltr'>certitu·</span> 
     </span>
     <span class='ocr_line' id='line_1_71' title="bbox 2009 1590 3369 1665; baseline -0.001 -18"><span class='ocrx_word' id='word_1_421' title='bbox 2009 1591 2206 1648; x_wconf 88' lang='lat' dir='ltr'>dinem</span> <span class='ocrx_word' id='word_1_422' title='bbox 2229 1593 2747 1665; x_wconf 82' lang='lat' dir='ltr'>praedestinationis</span> <span class='ocrx_word' id='word_1_423' title='bbox 2790 1610 2907 1651; x_wconf 88' lang='lat' dir='ltr'>non</span> <span class='ocrx_word' id='word_1_424' title='bbox 2957 1591 3254 1649; x_wconf 84' lang='lat' dir='ltr'>reduxerit</span> <span class='ocrx_word' id='word_1_425' title='bbox 3298 1590 3369 1648; x_wconf 87' lang='lat' dir='ltr'>ad</span> 
     </span>
     <span class='ocr_line' id='line_1_72' title="bbox 2012 1673 3372 1734; baseline -0.001 -3"><span class='ocrx_word' id='word_1_426' title='bbox 2012 1676 2246 1731; x_wconf 90' lang='lat' dir='ltr'>unicum</span> <span class='ocrx_word' id='word_1_427' title='bbox 2274 1676 2766 1734; x_wconf 86' lang='lat' dir='ltr'>auxilium.Modo</span> <span class='ocrx_word' id='word_1_428' title='bbox 2780 1691 2919 1734; x_wconf 88' lang='lat' dir='ltr'>vero</span> <span class='ocrx_word' id='word_1_429' title='bbox 2940 1673 3372 1732; x_wconf 87' lang='lat' dir='ltr'>consideramus</span> 
     </span>
     <span class='ocr_line' id='line_1_73' title="bbox 2010 1755 3368 1830; baseline -0.001 -19"><span class='ocrx_word' id='word_1_430' title='bbox 2010 1756 2293 1812; x_wconf 85' lang='lat' dir='ltr'>auxilium</span> <span class='ocrx_word' id='word_1_431' title='bbox 2315 1756 2509 1813; x_wconf 85' lang='lat' dir='ltr'>efficax</span> <span class='ocrx_word' id='word_1_432' title='bbox 2532 1759 2843 1830; x_wconf 87' lang='lat' dir='ltr'>respective</span> <span class='ocrx_word' id='word_1_433' title='bbox 2862 1757 2933 1814; x_wconf 89' lang='lat' dir='ltr'>ad</span> <span class='ocrx_word' id='word_1_434' title='bbox 2962 1755 3368 1829; x_wconf 88' lang='lat' dir='ltr'>particularem</span> 
     </span>
     <span class='ocr_line' id='line_1_74' title="bbox 2011 1835 3370 1911; baseline -0.001 -18"><span class='ocrx_word' id='word_1_435' title='bbox 2011 1837 2422 1909; x_wconf 89' lang='lat' dir='ltr'>operationem,</span> <span class='ocrx_word' id='word_1_436' title='bbox 2456 1854 2559 1911; x_wconf 92' lang='lat' dir='ltr'>pro</span> <span class='ocrx_word' id='word_1_437' title='bbox 2579 1854 2688 1911; x_wconf 90' lang='lat' dir='ltr'>qua</span> <span class='ocrx_word' id='word_1_438' title='bbox 2717 1844 2777 1893; x_wconf 90' lang='lat' dir='ltr'>ut</span> <span class='ocrx_word' id='word_1_439' title='bbox 2799 1839 3062 1910; x_wconf 81' lang='lat' dir='ltr'>proxime</span> <span class='ocrx_word' id='word_1_440' title='bbox 3088 1835 3370 1892; x_wconf 88' lang='lat' dir='ltr'>elicienda</span> 
     </span>
     <span class='ocr_line' id='line_1_75' title="bbox 2010 1916 2325 1974; baseline 0.003 -1"><span class='ocrx_word' id='word_1_441' title='bbox 2010 1916 2325 1974; x_wconf 83' lang='lat' dir='ltr'>confertur.</span> 
     </span>
    </p>

    <p class='ocr_par' dir='ltr' id='par_1_14' title="bbox 2010 1997 3377 3997">
     <span class='ocr_line' id='line_1_76' title="bbox 2086 1997 3365 2073; baseline -0.001 -20"><span class='ocrx_word' id='word_1_442' title='bbox 2086 1998 2170 2054; x_wconf 81' lang='lat' dir='ltr'>Ex</span> <span class='ocrx_word' id='word_1_443' title='bbox 2191 1997 2263 2053; x_wconf 91' lang='lat' dir='ltr'>iis</span> <span class='ocrx_word' id='word_1_444' title='bbox 2309 1998 2506 2073; x_wconf 90' lang='lat' dir='ltr'>liquet,</span> <span class='ocrx_word' id='word_1_445' title='bbox 2540 1998 2689 2055; x_wconf 89' lang='lat' dir='ltr'>nihil</span> <span class='ocrx_word' id='word_1_446' title='bbox 2739 2014 2860 2055; x_wconf 91' lang='lat' dir='ltr'>esse</span> <span class='ocrx_word' id='word_1_447' title='bbox 2913 1998 2976 2053; x_wconf 91' lang='lat' dir='ltr'>in</span> <span class='ocrx_word' id='word_1_448' title='bbox 3003 1998 3060 2051; x_wconf 93' lang='lat' dir='ltr'><strong>S.</strong></span> <span class='ocrx_word' id='word_1_449' title='bbox 3110 1997 3365 2060; x_wconf 89' lang='lat' dir='ltr'>Doctore,</span> 
     </span>
     <span class='ocr_line' id='line_1_77' title="bbox 2010 2075 3370 2153; baseline -0.001 -21"><span class='ocrx_word' id='word_1_450' title='bbox 2010 2076 2159 2151; x_wconf 87' lang='lat' dir='ltr'>quod</span> <span class='ocrx_word' id='word_1_451' title='bbox 2175 2078 2429 2136; x_wconf 75' lang='lat' dir='ltr'>adversae</span> <span class='ocrx_word' id='word_1_452' title='bbox 2443 2080 2705 2153; x_wconf 88' lang='lat' dir='ltr'>opinioni</span> <span class='ocrx_word' id='word_1_453' title='bbox 2723 2078 3006 2136; x_wconf 81' lang='lat' dir='ltr'>faveat.Et</span> <span class='ocrx_word' id='word_1_454' title='bbox 3028 2075 3292 2150; x_wconf 89' lang='lat' dir='ltr'>quamvis</span> <span class='ocrx_word' id='word_1_455' title='bbox 3308 2076 3370 2131; x_wconf 89' lang='lat' dir='ltr'>in</span> 
     </span>
     <span class='ocr_line' id='line_1_78' title="bbox 2012 2153 3366 2229; baseline -0.001 -17"><span class='ocrx_word' id='word_1_456' title='bbox 2012 2153 2138 2224; x_wconf 84' lang='lat' dir='ltr'>isto,</span> <span class='ocrx_word' id='word_1_457' title='bbox 2170 2163 2267 2214; x_wconf 91' lang='lat' dir='ltr'>aut</span> <span class='ocrx_word' id='word_1_458' title='bbox 2296 2158 2397 2216; x_wconf 89' lang='lat' dir='ltr'>illo</span> <span class='ocrx_word' id='word_1_459' title='bbox 2429 2161 2551 2217; x_wconf 90' lang='lat' dir='ltr'>loco</span> <span class='ocrx_word' id='word_1_460' title='bbox 2580 2159 2776 2215; x_wconf 91' lang='lat' dir='ltr'>minus</span> <span class='ocrx_word' id='word_1_461' title='bbox 2816 2160 2972 2214; x_wconf 89' lang='lat' dir='ltr'>clare</span> <span class='ocrx_word' id='word_1_462' title='bbox 3017 2158 3366 2229; x_wconf 90' lang='lat' dir='ltr'>loqueretur,</span> 
     </span>
     <span class='ocr_line' id='line_1_79' title="bbox 2013 2237 3369 2314; baseline -0.002 -19"><span class='ocrx_word' id='word_1_463' title='bbox 2013 2240 2104 2296; x_wconf 84' lang='lat' dir='ltr'>vel</span> <span class='ocrx_word' id='word_1_464' title='bbox 2126 2239 2190 2295; x_wconf 87' lang='lat' dir='ltr'>in</span> <span class='ocrx_word' id='word_1_465' title='bbox 2210 2241 2561 2297; x_wconf 88' lang='lat' dir='ltr'>contrariam</span> <span class='ocrx_word' id='word_1_466' title='bbox 2605 2247 2824 2314; x_wconf 89' lang='lat' dir='ltr'>partem</span> <span class='ocrx_word' id='word_1_467' title='bbox 2851 2238 3147 2296; x_wconf 83' lang='lat' dir='ltr'>videretur</span> <span class='ocrx_word' id='word_1_468' title='bbox 3198 2237 3369 2294; x_wconf 89' lang='lat' dir='ltr'>incli-</span> 
     </span>
     <span class='ocr_line' id='line_1_80' title="bbox 2014 2320 3368 2388; baseline -0.001 -13"><span class='ocrx_word' id='word_1_469' title='bbox 2014 2335 2187 2388; x_wconf 73' lang='lat' dir='ltr'>nare:</span> <span class='ocrx_word' id='word_1_470' title='bbox 2219 2321 2606 2378; x_wconf 90' lang='lat' dir='ltr'>nihilominus</span> <span class='ocrx_word' id='word_1_471' title='bbox 2645 2320 3025 2377; x_wconf 89' lang='lat' dir='ltr'>dubitandum</span> <span class='ocrx_word' id='word_1_472' title='bbox 3063 2334 3180 2375; x_wconf 90' lang='lat' dir='ltr'>non</span> <span class='ocrx_word' id='word_1_473' title='bbox 3224 2323 3368 2381; x_wconf 88' lang='lat' dir='ltr'>erat,</span> 
     </span>
     <span class='ocr_line' id='line_1_81' title="bbox 2013 2399 3369 2473; baseline -0.001 -17"><span class='ocrx_word' id='word_1_474' title='bbox 2013 2399 2161 2473; x_wconf 85' lang='lat' dir='ltr'>quod</span> <span class='ocrx_word' id='word_1_475' title='bbox 2188 2404 2444 2458; x_wconf 91' lang='lat' dir='ltr'>nostram</span> <span class='ocrx_word' id='word_1_476' title='bbox 2479 2403 2825 2459; x_wconf 89' lang='lat' dir='ltr'>sententiam</span> <span class='ocrx_word' id='word_1_477' title='bbox 2855 2406 3061 2466; x_wconf 91' lang='lat' dir='ltr'>teneat,</span> <span class='ocrx_word' id='word_1_478' title='bbox 3092 2405 3150 2456; x_wconf 90' lang='lat' dir='ltr'>et</span> <span class='ocrx_word' id='word_1_479' title='bbox 3175 2412 3369 2471; x_wconf 89' lang='lat' dir='ltr'>prose·</span> 
     </span>
     <span class='ocr_line' id='line_1_82' title="bbox 2012 2480 3368 2568; baseline -0.001 -32"><span class='ocrx_word' id='word_1_480' title='bbox 2012 2487 2236 2554; x_wconf 89' lang='lat' dir='ltr'>quatur.</span> <span class='ocrx_word' id='word_1_481' title='bbox 2264 2482 2408 2547; x_wconf 90' lang='lat' dir='ltr'>Quia</span> <span class='ocrx_word' id='word_1_482' title='bbox 2454 2499 2620 2540; x_wconf 84' lang='lat' dir='ltr'>mens</span> <span class='ocrx_word' id='word_1_483' title='bbox 2659 2483 2899 2556; x_wconf 86' lang='lat' dir='ltr'>alicujus</span> <span class='ocrx_word' id='word_1_484' title='bbox 2951 2480 3205 2538; x_wconf 89' lang='lat' dir='ltr'>Doctoris</span> <span class='ocrx_word' id='word_1_485' title='bbox 3252 2494 3368 2568; x_wconf 78' lang='lat' dir='ltr'>non</span> 
     </span>
     <span class='ocr_line' id='line_1_83' title="bbox 2014 2558 3369 2633; baseline -0.002 -17"><span class='ocrx_word' id='word_1_486' title='bbox 2014 2566 2130 2618; x_wconf 88' lang='lat' dir='ltr'>tam</span> <span class='ocrx_word' id='word_1_487' title='bbox 2155 2562 2458 2618; x_wconf 90' lang='lat' dir='ltr'>innotescit</span> <span class='ocrx_word' id='word_1_488' title='bbox 2478 2578 2548 2620; x_wconf 89' lang='lat' dir='ltr'>ex</span> <span class='ocrx_word' id='word_1_489' title='bbox 2590 2564 2716 2629; x_wconf 91' lang='lat' dir='ltr'>isto,</span> <span class='ocrx_word' id='word_1_490' title='bbox 2743 2569 2839 2619; x_wconf 90' lang='lat' dir='ltr'>aut</span> <span class='ocrx_word' id='word_1_491' title='bbox 2886 2563 2989 2618; x_wconf 88' lang='lat' dir='ltr'>illo</span> <span class='ocrx_word' id='word_1_492' title='bbox 3034 2558 3369 2633; x_wconf 81' lang='lat' dir='ltr'>particulari</span> 
     </span>
     <span class='ocr_line' id='line_1_84' title="bbox 2014 2640 3371 2715; baseline -0.001 -18"><span class='ocrx_word' id='word_1_493' title='bbox 2014 2642 2156 2709; x_wconf 93' lang='lat' dir='ltr'>loco,</span> <span class='ocrx_word' id='word_1_494' title='bbox 2180 2658 2352 2715; x_wconf 89' lang='lat' dir='ltr'>quam</span> <span class='ocrx_word' id='word_1_495' title='bbox 2384 2658 2455 2699; x_wconf 87' lang='lat' dir='ltr'>ex</span> <span class='ocrx_word' id='word_1_496' title='bbox 2480 2648 2745 2702; x_wconf 82' lang='lat' dir='ltr'>contextu</span> <span class='ocrx_word' id='word_1_497' title='bbox 2774 2644 2945 2701; x_wconf 91' lang='lat' dir='ltr'>totius</span> <span class='ocrx_word' id='word_1_498' title='bbox 2972 2640 3266 2706; x_wconf 80' lang='lat' dir='ltr'>doctrinae,</span> <span class='ocrx_word' id='word_1_499' title='bbox 3316 2644 3371 2696; x_wconf 90' lang='lat' dir='ltr'>et</span> 
     </span>
     <span class='ocr_line' id='line_1_85' title="bbox 2014 2720 3370 2798; baseline -0.002 -17"><span class='ocrx_word' id='word_1_500' title='bbox 2014 2739 2084 2781; x_wconf 85' lang='lat' dir='ltr'>ex</span> <span class='ocrx_word' id='word_1_501' title='bbox 2108 2724 2425 2797; x_wconf 57' lang='lat' dir='ltr'>principiis</span> <span class='ocrx_word' id='word_1_502' title='bbox 2456 2742 2584 2798; x_wconf 82' lang='lat' dir='ltr'>quae</span> <span class='ocrx_word' id='word_1_503' title='bbox 2611 2726 2773 2782; x_wconf 90' lang='lat' dir='ltr'>omni</span> <span class='ocrx_word' id='word_1_504' title='bbox 2801 2725 2976 2782; x_wconf 90' lang='lat' dir='ltr'>dubio</span> <span class='ocrx_word' id='word_1_505' title='bbox 3022 2723 3217 2797; x_wconf 78' lang='lat' dir='ltr'>procul</span> <span class='ocrx_word' id='word_1_506' title='bbox 3265 2720 3370 2778; x_wconf 88' lang='lat' dir='ltr'>fir-</span> 
     </span>
     <span class='ocr_line' id='line_1_86' title="bbox 2014 2803 3372 2880; baseline -0.003 -19"><span class='ocrx_word' id='word_1_507' title='bbox 2014 2811 2155 2874; x_wconf 88' lang='lat' dir='ltr'>mat,</span> <span class='ocrx_word' id='word_1_508' title='bbox 2187 2811 2242 2863; x_wconf 91' lang='lat' dir='ltr'>et</span> <span class='ocrx_word' id='word_1_509' title='bbox 2267 2821 2337 2863; x_wconf 88' lang='lat' dir='ltr'>ex</span> <span class='ocrx_word' id='word_1_510' title='bbox 2367 2806 2574 2880; x_wconf 86' lang='lat' dir='ltr'>quibus</span> <span class='ocrx_word' id='word_1_511' title='bbox 2602 2806 2671 2864; x_wconf 94' lang='lat' dir='ltr'>ad</span> <span class='ocrx_word' id='word_1_512' title='bbox 2716 2822 2918 2863; x_wconf 90' lang='lat' dir='ltr'>omnes</span> <span class='ocrx_word' id='word_1_513' title='bbox 2961 2821 3093 2861; x_wconf 88' lang='lat' dir='ltr'>suas</span> <span class='ocrx_word' id='word_1_514' title='bbox 3137 2803 3372 2861; x_wconf 88' lang='lat' dir='ltr'>conclu-</span> 
     </span>
     <span class='ocr_line' id='line_1_87' title="bbox 2012 2887 3368 2960; baseline -0.001 -17"><span class='ocrx_word' id='word_1_515' title='bbox 2012 2888 2205 2944; x_wconf 88' lang='lat' dir='ltr'>siones</span> <span class='ocrx_word' id='word_1_516' title='bbox 2248 2889 2632 2945; x_wconf 88' lang='lat' dir='ltr'>communiter</span> <span class='ocrx_word' id='word_1_517' title='bbox 2661 2887 2932 2960; x_wconf 89' lang='lat' dir='ltr'>procedit.</span> <span class='ocrx_word' id='word_1_518' title='bbox 2988 2889 3116 2943; x_wconf 83' lang='lat' dir='ltr'>Haec</span> <span class='ocrx_word' id='word_1_519' title='bbox 3157 2890 3368 2950; x_wconf 89' lang='lat' dir='ltr'>autem,</span> 
     </span>
     <span class='ocr_line' id='line_1_88' title="bbox 2013 2965 3375 3032; baseline 0.001 -10"><span class='ocrx_word' id='word_1_520' title='bbox 2013 2968 2063 3023; x_wconf 91' lang='lat' dir='ltr'>si</span> <span class='ocrx_word' id='word_1_521' title='bbox 2103 2969 2166 3023; x_wconf 91' lang='lat' dir='ltr'>in</span> <span class='ocrx_word' id='word_1_522' title='bbox 2194 2970 2256 3023; x_wconf 93' lang='lat' dir='ltr'><strong>D.</strong></span> <span class='ocrx_word' id='word_1_523' title='bbox 2290 2968 2509 3026; x_wconf 89' lang='lat' dir='ltr'>Thoma</span> <span class='ocrx_word' id='word_1_524' title='bbox 2536 2968 2732 3025; x_wconf 88' lang='lat' dir='ltr'>sedulo</span> <span class='ocrx_word' id='word_1_525' title='bbox 2746 2968 3200 3032; x_wconf 89' lang='lat' dir='ltr'>considerentur,</span> <span class='ocrx_word' id='word_1_526' title='bbox 3233 2965 3375 3023; x_wconf 90' lang='lat' dir='ltr'>adeo</span> 
     </span>
     <span class='ocr_line' id='line_1_89' title="bbox 2014 3047 3375 3107; baseline -0.003 0"><span class='ocrx_word' id='word_1_527' title='bbox 2014 3049 2320 3107; x_wconf 83' lang='lat' dir='ltr'>manifeste</span> <span class='ocrx_word' id='word_1_528' title='bbox 2347 3052 2619 3107; x_wconf 83' lang='lat' dir='ltr'>evincunt</span> <span class='ocrx_word' id='word_1_529' title='bbox 2647 3051 3039 3107; x_wconf 89' lang='lat' dir='ltr'>necessitatem</span> <span class='ocrx_word' id='word_1_530' title='bbox 3068 3047 3275 3105; x_wconf 87' lang='lat' dir='ltr'>auxilii</span> <span class='ocrx_word' id='word_1_531' title='bbox 3302 3063 3375 3105; x_wconf 86' lang='lat' dir='ltr'>ex</span> 
     </span>
     <span class='ocr_line' id='line_1_90' title="bbox 2014 3131 3375 3199; baseline 0 -11"><span class='ocrx_word' id='word_1_532' title='bbox 2014 3148 2075 3190; x_wconf 88' lang='lat' dir='ltr'>se</span> <span class='ocrx_word' id='word_1_533' title='bbox 2098 3131 2353 3199; x_wconf 85' lang='lat' dir='ltr'>efficacis,</span> <span class='ocrx_word' id='word_1_534' title='bbox 2404 3137 2461 3189; x_wconf 92' lang='lat' dir='ltr'>et</span> <span class='ocrx_word' id='word_1_535' title='bbox 2485 3133 2567 3189; x_wconf 90' lang='lat' dir='ltr'>sic</span> <span class='ocrx_word' id='word_1_536' title='bbox 2599 3133 2793 3189; x_wconf 88' lang='lat' dir='ltr'>stricte</span> <span class='ocrx_word' id='word_1_537' title='bbox 2831 3148 2961 3189; x_wconf 90' lang='lat' dir='ltr'>cum</span> <span class='ocrx_word' id='word_1_538' title='bbox 3007 3147 3076 3188; x_wconf 91' lang='lat' dir='ltr'>eo</span> <span class='ocrx_word' id='word_1_539' title='bbox 3126 3146 3375 3188; x_wconf 89' lang='lat' dir='ltr'>connec-</span> 
     </span>
     <span class='ocr_line' id='line_1_91' title="bbox 2014 3216 3372 3290; baseline 0 -19"><span class='ocrx_word' id='word_1_540' title='bbox 2014 3221 2235 3283; x_wconf 90' lang='lat' dir='ltr'>tuntur,</span> <span class='ocrx_word' id='word_1_541' title='bbox 2268 3221 2329 3272; x_wconf 91' lang='lat' dir='ltr'>ut</span> <span class='ocrx_word' id='word_1_542' title='bbox 2369 3217 2492 3290; x_wconf 90' lang='lat' dir='ltr'>ipso</span> <span class='ocrx_word' id='word_1_543' title='bbox 2520 3233 2637 3274; x_wconf 90' lang='lat' dir='ltr'>non</span> <span class='ocrx_word' id='word_1_544' title='bbox 2662 3232 2944 3282; x_wconf 88' lang='lat' dir='ltr'>concesso,</span> <span class='ocrx_word' id='word_1_545' title='bbox 2976 3216 3082 3271; x_wconf 88' lang='lat' dir='ltr'>illa</span> <span class='ocrx_word' id='word_1_546' title='bbox 3112 3230 3372 3272; x_wconf 85' lang='lat' dir='ltr'>necessa-</span> 
     </span>
     <span class='ocr_line' id='line_1_92' title="bbox 2016 3295 3377 3369; baseline -0.001 -17"><span class='ocrx_word' id='word_1_547' title='bbox 2016 3298 2103 3354; x_wconf 90' lang='lat' dir='ltr'>rio</span> <span class='ocrx_word' id='word_1_548' title='bbox 2119 3301 2320 3353; x_wconf 88' lang='lat' dir='ltr'>nutent</span> <span class='ocrx_word' id='word_1_549' title='bbox 2337 3321 2353 3364; x_wconf 80' lang='lat'>3</span> <span class='ocrx_word' id='word_1_550' title='bbox 2377 3301 2433 3353; x_wconf 91' lang='lat' dir='ltr'>et</span> <span class='ocrx_word' id='word_1_551' title='bbox 2452 3313 2519 3355; x_wconf 94' lang='lat' dir='ltr'>eo</span> <span class='ocrx_word' id='word_1_552' title='bbox 2531 3297 2820 3362; x_wconf 91' lang='lat' dir='ltr'>convulso,</span> <span class='ocrx_word' id='word_1_553' title='bbox 2844 3295 3130 3369; x_wconf 87' lang='lat' dir='ltr'>prosterni</span> <span class='ocrx_word' id='word_1_554' title='bbox 3151 3309 3377 3352; x_wconf 86' lang='lat' dir='ltr'>necesse</span> 
     </span>
     <span class='ocr_line' id='line_1_93' title="bbox 2013 3374 3377 3452; baseline -0.002 -20"><span class='ocrx_word' id='word_1_555' title='bbox 2013 3378 2086 3432; x_wconf 90' lang='lat' dir='ltr'>sit</span> <span class='ocrx_word' id='word_1_556' title='bbox 2114 3377 2397 3450; x_wconf 88' lang='lat' dir='ltr'>principia</span> <span class='ocrx_word' id='word_1_557' title='bbox 2442 3394 2565 3450; x_wconf 84' lang='lat' dir='ltr'>quae</span> <span class='ocrx_word' id='word_1_558' title='bbox 2590 3378 2893 3452; x_wconf 88' lang='lat' dir='ltr'>Angelicus</span> <span class='ocrx_word' id='word_1_559' title='bbox 2938 3379 3138 3433; x_wconf 89' lang='lat' dir='ltr'>Doctor</span> <span class='ocrx_word' id='word_1_560' title='bbox 3175 3374 3377 3431; x_wconf 86' lang='lat' dir='ltr'>statuit</span> 
     </span>
     <span class='ocr_line' id='line_1_94' title="bbox 2013 3456 3374 3547; baseline -0.001 -33"><span class='ocrx_word' id='word_1_561' title='bbox 2013 3459 2078 3515; x_wconf 91' lang='lat' dir='ltr'>in</span> <span class='ocrx_word' id='word_1_562' title='bbox 2099 3460 2341 3516; x_wconf 88' lang='lat' dir='ltr'>materia</span> <span class='ocrx_word' id='word_1_563' title='bbox 2361 3458 2432 3516; x_wconf 92' lang='lat' dir='ltr'>de</span> <span class='ocrx_word' id='word_1_564' title='bbox 2451 3460 2707 3525; x_wconf 90' lang='lat' dir='ltr'>scientia,</span> <span class='ocrx_word' id='word_1_565' title='bbox 2733 3465 2787 3516; x_wconf 93' lang='lat' dir='ltr'>et</span> <span class='ocrx_word' id='word_1_566' title='bbox 2814 3460 3112 3517; x_wconf 85' lang='lat' dir='ltr'>voluntate</span> <span class='ocrx_word' id='word_1_567' title='bbox 3153 3458 3272 3522; x_wconf 89' lang='lat' dir='ltr'>Dei,</span> <span class='ocrx_word' id='word_1_568' title='bbox 3303 3456 3374 3547; x_wconf 70' lang='lat' dir='ltr'>de</span> 
     </span>
     <span class='ocr_line' id='line_1_95' title="bbox 2016 3537 3375 3627; baseline -0.003 -33"><span class='ocrx_word' id='word_1_569' title='bbox 2016 3537 2536 3612; x_wconf 85' lang='lat' dir='ltr'>praedestinatione‚</span> <span class='ocrx_word' id='word_1_570' title='bbox 2579 3545 2637 3596; x_wconf 90' lang='lat' dir='ltr'>et</span> <span class='ocrx_word' id='word_1_571' title='bbox 2686 3540 2749 3595; x_wconf 92' lang='lat' dir='ltr'>in</span> <span class='ocrx_word' id='word_1_572' title='bbox 2790 3539 2923 3594; x_wconf 88' lang='lat' dir='ltr'>aliis</span> <span class='ocrx_word' id='word_1_573' title='bbox 2964 3543 3375 3627; x_wconf 79' lang='lat' dir='ltr'>controversus</span> 
     </span>
     <span class='ocr_line' id='line_1_96' title="bbox 2013 3617 3376 3693; baseline -0.001 -20"><span class='ocrx_word' id='word_1_574' title='bbox 2013 3618 2403 3693; x_wconf 83' lang='lat' dir='ltr'>Theologicis:</span> <span class='ocrx_word' id='word_1_575' title='bbox 2434 3619 2582 3692; x_wconf 90' lang='lat' dir='ltr'>quod</span> <span class='ocrx_word' id='word_1_576' title='bbox 2610 3626 2802 3676; x_wconf 87' lang='lat' dir='ltr'>tamen</span> <span class='ocrx_word' id='word_1_577' title='bbox 2846 3619 3043 3674; x_wconf 89' lang='lat' dir='ltr'>nullus</span> <span class='ocrx_word' id='word_1_578' title='bbox 3081 3617 3376 3691; x_wconf 79' lang='lat' dir='ltr'>legitimus</span> 
     </span>
     <span class='ocr_line' id='line_1_97' title="bbox 2013 3696 3374 3787; baseline -0.001 -34"><span class='ocrx_word' id='word_1_579' title='bbox 2013 3701 2077 3755; x_wconf 92' lang='lat' dir='ltr'><strong>D.</strong></span> <span class='ocrx_word' id='word_1_580' title='bbox 2104 3699 2336 3756; x_wconf 82' lang='lat' dir='ltr'>Thomae</span> <span class='ocrx_word' id='word_1_581' title='bbox 2358 3699 2668 3773; x_wconf 89' lang='lat' dir='ltr'>discipulus</span> <span class='ocrx_word' id='word_1_582' title='bbox 2708 3702 3014 3773; x_wconf 87' lang='lat' dir='ltr'>permittet.</span> <span class='ocrx_word' id='word_1_583' title='bbox 3057 3696 3374 3787; x_wconf 73' lang='lat' dir='ltr'>Videantur</span> 
     </span>
     <span class='ocr_line' id='line_1_98' title="bbox 2013 3776 3370 3852; baseline -0.002 -18"><span class='ocrx_word' id='word_1_584' title='bbox 2013 3794 2185 3852; x_wconf 87' lang='lat' dir='ltr'>supra</span> <span class='ocrx_word' id='word_1_585' title='bbox 2211 3779 2358 3836; x_wconf 90' lang='lat' dir='ltr'>dicta</span> <span class='ocrx_word' id='word_1_586' title='bbox 2378 3784 2409 3849; x_wconf 65' lang='grc' dir='ltr'>ξ</span> <span class='ocrx_word' id='word_1_587' title='bbox 2430 3782 2465 3835; x_wconf 81' lang='grc'>2</span> <span class='ocrx_word' id='word_1_588' title='bbox 2490 3786 2546 3838; x_wconf 90' lang='lat' dir='ltr'>et</span> <span class='ocrx_word' id='word_1_589' title='bbox 2571 3782 2711 3852; x_wconf 80' lang='lat' dir='ltr'>disp.</span> <span class='ocrx_word' id='word_1_590' title='bbox 2754 3784 2798 3845; x_wconf 90' lang='lat'>1,</span> <span class='ocrx_word' id='word_1_591' title='bbox 2827 3800 2876 3836; x_wconf 85' lang='lat' dir='ltr'>c.</span> <span class='ocrx_word' id='word_1_592' title='bbox 2898 3783 2953 3845; x_wconf 89' lang='lat'>7,</span> <span class='ocrx_word' id='word_1_593' title='bbox 2980 3783 3011 3848; x_wconf 69' lang='grc' dir='ltr'>ξ)</span> <span class='ocrx_word' id='word_1_594' title='bbox 3039 3780 3074 3833; x_wconf 78' lang='grc'>2</span> <span class='ocrx_word' id='word_1_595' title='bbox 3100 3783 3157 3835; x_wconf 91' lang='lat' dir='ltr'>et</span> <span class='ocrx_word' id='word_1_596' title='bbox 3184 3778 3237 3840; x_wconf 88' lang='grc'>3,</span> <span class='ocrx_word' id='word_1_597' title='bbox 3272 3776 3370 3831; x_wconf 79' lang='lat' dir='ltr'>ubi</span> 
     </span>
     <span class='ocr_line' id='line_1_99' title="bbox 2012 3856 3375 3934; baseline -0.001 -20"><span class='ocrx_word' id='word_1_598' title='bbox 2012 3858 2432 3917; x_wconf 87' lang='lat' dir='ltr'>declaravimus</span> <span class='ocrx_word' id='word_1_599' title='bbox 2457 3862 2555 3934; x_wconf 87' lang='lat' dir='ltr'>qui</span> <span class='ocrx_word' id='word_1_600' title='bbox 2583 3861 2853 3919; x_wconf 89' lang='lat' dir='ltr'>censendi</span> <span class='ocrx_word' id='word_1_601' title='bbox 2870 3862 2986 3916; x_wconf 91' lang='lat' dir='ltr'>sint</span> <span class='ocrx_word' id='word_1_602' title='bbox 3012 3856 3375 3914; x_wconf 87' lang='lat' dir='ltr'>subscribere</span> 
     </span>
     <span class='ocr_line' id='line_1_100' title="bbox 2012 3941 2365 3997; baseline 0.014 -4"><span class='ocrx_word' id='word_1_603' title='bbox 2012 3941 2080 3995; x_wconf 94' lang='lat' dir='ltr'><strong>D.</strong></span> <span class='ocrx_word' id='word_1_604' title='bbox 2111 3941 2365 3997; x_wconf 84' lang='lat' dir='ltr'>Thomae.</span> 
     </span>
    </p>
   </div>
   <div class='ocr_carea' id='block_1_12' title="bbox 2579 4110 2795 4181">
    <p class='ocr_par' dir='ltr' id='par_1_15' title="bbox 2579 4110 2795 4181">
     <span class='ocr_line' id='line_1_101' title="bbox 2579 4110 2795 4181; baseline -0.005 -16"><span class='ocrx_word' id='word_1_605' title='bbox 2579 4115 2611 4181; x_wconf 69' lang='grc' dir='ltr'><strong>ς</strong></span> <span class='ocrx_word' id='word_1_606' title='bbox 2651 4110 2795 4166; x_wconf 82' lang='lat' dir='ltr'>xm.</span> 
     </span>
    </p>
   </div>
   <div class='ocr_carea' id='block_1_13' title="bbox 2072 4260 3313 4419">
    <p class='ocr_par' dir='ltr' id='par_1_16' title="bbox 2072 4260 3313 4419">
     <span class='ocr_line' id='line_1_102' title="bbox 2072 4260 3313 4341; baseline -0.003 -20"><span class='ocrx_word' id='word_1_607' title='bbox 2072 4264 2336 4322; x_wconf 77' lang='lat' dir='ltr'>Dimitur</span> <span class='ocrx_word' id='word_1_608' title='bbox 2359 4264 2780 4337; x_wconf 78' lang='lat' dir='ltr'>[undamentum</span> <span class='ocrx_word' id='word_1_609' title='bbox 2806 4264 3059 4341; x_wconf 79' lang='lat' dir='ltr'>quintum</span> <span class='ocrx_word' id='word_1_610' title='bbox 3073 4260 3313 4317; x_wconf 64' lang='lat' dir='ltr'>adverse</span> 
     </span>
     <span class='ocr_line' id='line_1_103' title="bbox 2208 4342 3263 4419; baseline -0.002 -17"><span class='ocrx_word' id='word_1_611' title='bbox 2208 4348 2483 4419; x_wconf 75' lang='lat' dir='ltr'>opinionis</span> <span class='ocrx_word' id='word_1_612' title='bbox 2508 4365 2542 4402; x_wconf 86' lang='lat' dir='ltr'>a</span> <span class='ocrx_word' id='word_1_613' title='bbox 2562 4350 2776 4403; x_wconf 80' lang='lat' dir='ltr'>ratione</span> <span class='ocrx_word' id='word_1_614' title='bbox 2797 4342 3158 4417; x_wconf 77' lang='lat' dir='ltr'>desumptum.</span> <span class='ocrx_word' id='word_1_615' title='bbox 3256 4414 3263 4419; x_wconf 86' lang='lat'><strong>.</strong></span> 
     </span>
    </p>
   </div>
   <div class='ocr_carea' id='block_1_14' title="bbox 2083 4496 3609 4575">
    <p class='ocr_par' dir='ltr' id='par_1_17' title="bbox 2083 4496 3609 4575">
     <span class='ocr_line' id='line_1_104' title="bbox 2083 4496 3609 4575; baseline 0 -20"><span class='ocrx_word' id='word_1_616' title='bbox 2083 4501 2214 4557; x_wconf 80' lang='lat'><strong>251.</strong></span> <span class='ocrx_word' id='word_1_617' title='bbox 2257 4500 2467 4573; x_wconf 87' lang='lat' dir='ltr'>Aliqua</span> <span class='ocrx_word' id='word_1_618' title='bbox 2492 4504 2850 4575; x_wconf 89' lang='lat' dir='ltr'>argumenta,</span> <span class='ocrx_word' id='word_1_619' title='bbox 2893 4496 3101 4570; x_wconf 85' lang='lat' dir='ltr'>quibus</span> <span class='ocrx_word' id='word_1_620' title='bbox 3140 4496 3367 4555; x_wconf 82' lang='lat' dir='ltr'>Adver-</span> <span class='ocrx_word' id='word_1_621' title='bbox 3384 4521 3609 4573; x_wconf 57' lang='lat' dir='ltr'>quium„</span> 
     </span>
    </p>
   </div>
   <div class='ocr_carea' id='block_1_15' title="bbox 3410 2898 3543 2942">
    <p class='ocr_par' dir='ltr' id='par_1_18' title="bbox 3410 2898 3543 2942">
     <span class='ocr_line' id='line_1_105' title="bbox 3410 2898 3543 2942; baseline 0.015 -2"><span class='ocrx_word' id='word_1_622' title='bbox 3410 2898 3543 2942; x_wconf 74' lang='lat' dir='ltr'>Nota.</span> 
     </span>
    </p>
   </div>
   <div class='ocr_carea' id='block_1_16' title="bbox 2008 4572 3570 4656">
    <p class='ocr_par' dir='ltr' id='par_1_19' title="bbox 2008 4572 3570 4656">
     <span class='ocr_line' id='line_1_106' title="bbox 2008 4572 3570 4656; baseline 0.001 -20"><span class='ocrx_word' id='word_1_623' title='bbox 2008 4580 2149 4637; x_wconf 85' lang='lat' dir='ltr'>sarii</span> <span class='ocrx_word' id='word_1_624' title='bbox 2172 4580 2516 4656; x_wconf 89' lang='lat' dir='ltr'>impugnant</span> <span class='ocrx_word' id='word_1_625' title='bbox 2536 4586 2793 4639; x_wconf 88' lang='lat' dir='ltr'>nostram</span> <span class='ocrx_word' id='word_1_626' title='bbox 2822 4578 3217 4645; x_wconf 85' lang='lat' dir='ltr'>assertionem,</span> <span class='ocrx_word' id='word_1_627' title='bbox 3240 4595 3369 4651; x_wconf 89' lang='lat' dir='ltr'>pro-</span> <span class='ocrx_word' id='word_1_628' title='bbox 3436 4572 3570 4616; x_wconf 62' lang='lat'>&#39;¹³⁰⁶&#39;</span> 
     </span>
    </p>
   </div>
   <div class='ocr_carea' id='block_1_17' title="bbox 2005 4657 3377 5057">
    <p class='ocr_par' dir='ltr' id='par_1_20' title="bbox 2005 4657 3377 5057">
     <span class='ocr_line' id='line_1_107' title="bbox 2009 4657 3359 4732; baseline -0.002 -15"><span class='ocrx_word' id='word_1_629' title='bbox 2009 4659 2323 4732; x_wconf 86' lang='lat' dir='ltr'>posuimus,</span> <span class='ocrx_word' id='word_1_630' title='bbox 2353 4665 2410 4717; x_wconf 91' lang='lat' dir='ltr'>et</span> <span class='ocrx_word' id='word_1_631' title='bbox 2434 4659 2712 4715; x_wconf 89' lang='lat' dir='ltr'>diluimus</span> <span class='ocrx_word' id='word_1_632' title='bbox 2738 4660 2883 4732; x_wconf 77' lang='lat' dir='ltr'>disp.</span> <span class='ocrx_word' id='word_1_633' title='bbox 2919 4660 2974 4724; x_wconf 83' lang='lat'>5,</span> <span class='ocrx_word' id='word_1_634' title='bbox 3000 4657 3129 4715; x_wconf 83' lang='lat' dir='ltr'>dub.</span> <span class='ocrx_word' id='word_1_635' title='bbox 3158 4658 3195 4712; x_wconf 88' lang='grc'>6</span> <span class='ocrx_word' id='word_1_636' title='bbox 3220 4681 3236 4725; x_wconf 88' lang='lat'>;</span> <span class='ocrx_word' id='word_1_637' title='bbox 3264 4674 3359 4714; x_wconf 90' lang='lat' dir='ltr'>su-</span> 
     </span>
     <span class='ocr_line' id='line_1_108' title="bbox 2008 4741 3370 4815; baseline -0.001 -17"><span class='ocrx_word' id='word_1_638' title='bbox 2008 4748 2246 4815; x_wconf 89' lang='lat' dir='ltr'>persunt</span> <span class='ocrx_word' id='word_1_639' title='bbox 2271 4748 2466 4800; x_wconf 90' lang='lat' dir='ltr'>tamen</span> <span class='ocrx_word' id='word_1_640' title='bbox 2494 4743 2626 4809; x_wconf 89' lang='lat' dir='ltr'>alia,</span> <span class='ocrx_word' id='word_1_641' title='bbox 2656 4741 2865 4815; x_wconf 88' lang='lat' dir='ltr'>quibus</span> <span class='ocrx_word' id='word_1_642' title='bbox 2911 4746 3134 4813; x_wconf 90' lang='lat' dir='ltr'>oportet</span> <span class='ocrx_word' id='word_1_643' title='bbox 3167 4756 3370 4797; x_wconf 88' lang='lat' dir='ltr'>occur-</span> 
     </span>
     <span class='ocr_line' id='line_1_109' title="bbox 2008 4822 3372 4901; baseline 0 -21"><span class='ocrx_word' id='word_1_644' title='bbox 2008 4840 2154 4883; x_wconf 88' lang='lat' dir='ltr'>rere.</span> <span class='ocrx_word' id='word_1_645' title='bbox 2182 4825 2461 4899; x_wconf 86' lang='lat' dir='ltr'>Arguitur</span> <span class='ocrx_word' id='word_1_646' title='bbox 2486 4841 2623 4901; x_wconf 87' lang='lat' dir='ltr'>ergo</span> <span class='ocrx_word' id='word_1_647' title='bbox 2649 4825 2851 4898; x_wconf 87' lang='lat' dir='ltr'>quinto</span> <span class='ocrx_word' id='word_1_648' title='bbox 2904 4822 3180 4879; x_wconf 86' lang='lat' dir='ltr'>adversus</span> <span class='ocrx_word' id='word_1_649' title='bbox 3231 4838 3372 4897; x_wconf 88' lang='lat' dir='ltr'>gra-</span> 
     </span>
     <span class='ocr_line' id='line_1_110' title="bbox 2007 4902 3377 4976; baseline 0.001 -17"><span class='ocrx_word' id='word_1_650' title='bbox 2007 4904 2149 4962; x_wconf 88' lang='lat' dir='ltr'>tiam</span> <span class='ocrx_word' id='word_1_651' title='bbox 2195 4920 2267 4961; x_wconf 88' lang='lat' dir='ltr'>ex</span> <span class='ocrx_word' id='word_1_652' title='bbox 2299 4921 2360 4962; x_wconf 88' lang='lat' dir='ltr'>se</span> <span class='ocrx_word' id='word_1_653' title='bbox 2417 4904 2697 4962; x_wconf 87' lang='lat' dir='ltr'>efficacem</span> <span class='ocrx_word' id='word_1_654' title='bbox 2750 4903 3010 4976; x_wconf 90' lang='lat' dir='ltr'>sequenti</span> <span class='ocrx_word' id='word_1_655' title='bbox 3057 4902 3319 4959; x_wconf 87' lang='lat' dir='ltr'>discursu</span> <span class='ocrx_word' id='word_1_656' title='bbox 3356 4925 3377 4960; x_wconf 74' lang='lat' dir='ltr'>r</span> 
     </span>
     <span class='ocr_line' id='line_1_111' title="bbox 2005 4981 3374 5057; baseline -0.001 -17"><span class='ocrx_word' id='word_1_657' title='bbox 2005 4984 2281 5057; x_wconf 88' lang='lat' dir='ltr'>quoniam</span> <span class='ocrx_word' id='word_1_658' title='bbox 2328 4985 2511 5056; x_wconf 90' lang='lat' dir='ltr'>posito</span> <span class='ocrx_word' id='word_1_659' title='bbox 2553 5001 2621 5042; x_wconf 91' lang='lat' dir='ltr'>eo</span> <span class='ocrx_word' id='word_1_660' title='bbox 2669 4984 2922 5048; x_wconf 84' lang='lat' dir='ltr'>auxilio,</span> <span class='ocrx_word' id='word_1_661' title='bbox 2978 4981 3128 5055; x_wconf 87' lang='lat' dir='ltr'>quod</span> <span class='ocrx_word' id='word_1_662' title='bbox 3174 4981 3374 5039; x_wconf 82' lang='lat' dir='ltr'>efficax</span> 
     </span>
    </p>
   </div>
   <div class='ocr_carea' id='block_1_18' title="bbox 3188 5148 3375 5215">
    <p class='ocr_par' dir='ltr' id='par_1_21' title="bbox 3188 5148 3375 5215">
     <span class='ocr_line' id='line_1_112' title="bbox 3188 5148 3375 5215; baseline -0.016 -15"><span class='ocrx_word' id='word_1_663' title='bbox 3188 5148 3375 5215; x_wconf 84' lang='lat' dir='ltr'>potest</span> 
     </span>
    </p>
   </div>
   <div class='ocr_carea' id='block_1_19' title="bbox 3428 4632 3549 4666">
    <p class='ocr_par' dir='ltr' id='par_1_22' title="bbox 3428 4632 3549 4666">
     <span class='ocr_line' id='line_1_113' title="bbox 3428 4632 3549 4666; baseline 0.008 -1"><span class='ocrx_word' id='word_1_664' title='bbox 3428 4632 3549 4666; x_wconf 66' lang='lat' dir='ltr'>vum.</span> 
     </span>
    </p>
   </div>
   <div class='ocr_carea' id='block_1_20' title="bbox 2007 5062 3445 5138">
    <p class='ocr_par' dir='ltr' id='par_1_23' title="bbox 2007 5062 3445 5138">
     <span class='ocr_line' id='line_1_114' title="bbox 2007 5062 3445 5138; baseline -0.005 -18"><span class='ocrx_word' id='word_1_665' title='bbox 2007 5065 2381 5137; x_wconf 86' lang='lat' dir='ltr'>appellamus,</span> <span class='ocrx_word' id='word_1_666' title='bbox 2410 5071 2589 5138; x_wconf 88' lang='lat' dir='ltr'>potest</span> <span class='ocrx_word' id='word_1_667' title='bbox 2602 5066 2869 5122; x_wconf 86' lang='lat' dir='ltr'>voluntas</span> <span class='ocrx_word' id='word_1_668' title='bbox 2882 5062 3189 5120; x_wconf 87' lang='lat' dir='ltr'>dissentire</span> <span class='ocrx_word' id='word_1_669' title='bbox 3206 5077 3381 5137; x_wconf 87' lang='lat' dir='ltr'>:ergo</span> <span class='ocrx_word' id='word_1_670' title='bbox 3436 5107 3445 5113; x_wconf 90' lang='lat'><strong>.</strong></span> 
     </span>
    </p>
   </div>
  </div>
 </body>
</html>
