3647 5753
64 4148 231 4206 Duplex

45 4199 230 4251 objectio

54 4253 227 4342 ’ἔῖξὲἓὲῑ

74 4347 220 4392 tentia.

1279 369 1457 444 msp'.
1501 388 1568 456 v,
1614 388 1780 447 nun.
1827 389 2134 451 UNICUM.
3025 397 3136 451 787·

273 545 729 620 glorificationis,
764 557 824 607 ut
858 570 1033 626 supra
1059 556 1408 630 explicatum
1433 565 1535 617 est.
1569 561 1638 615 Et

274 627 506 701 quidem
535 633 681 704 quod
713 649 829 691 non
856 636 1145 694 tribuatur
1185 640 1411 697 homini
1452 641 1639 716 gloria

273 711 599 770 essentialis
639 718 871 787 praecise
900 719 1217 777 secundum
1256 724 1635 795 quantitatem

271 791 588 862 charitatiS,
617 796 678 852 in
700 814 812 870 qua
835 800 1099 873 resurgit,
1128 817 1190 857 ac
1218 803 1461 874 proinde
1487 801 1637 877 quod

273 890 377 933 nec
404 879 467 932 D.
501 878 705 935 Thom.
738 880 841 938 hoc
864 881 1127 949 intendit,
1152 900 1223 942 ex
1251 901 1318 942 eo
1338 886 1638 943 evidenter

274 964 525 1031 apparet,
551 960 700 1033 quod
739 964 789 1019 si
832 972 953 1037 post
995 967 1419 1037 reparationem
1450 968 1637 1039 ipsam

274 1041 481 1098 habeat
518 1043 691 1101 homo
717 1052 904 1103 actum
932 1049 1247 1117 charitatiS,
1282 1055 1380 1106 aut
1417 1051 1637 1107 contri-

272 1128 450 1186 tionis
476 1130 714 1204 majoris
742 1132 1104 1202 intensionis„
1135 1151 1309 1207 quam
1347 1136 1422 1191 sit
1451 1136 1638 1210 gratia

274 1213 397 1278 illa,
422 1217 479 1271 et
497 1214 764 1280 charitas,
786 1232 957 1288 quam
982 1218 1043 1273 in
1066 1218 1432 1290 reparatione
1452 1220 1638 1292 acqui-

275 1293 430 1363 sivit,
464 1311 582 1352 non
612 1296 838 1369 praecise
858 1298 1169 1355 secundum
1198 1299 1367 1373 hujus
1392 1299 1638 1356 charita·

276 1375 368 1441 tis,
412 1381 466 1432 et
504 1379 720 1452 gratiae,
765 1378 861 1435 sed
906 1381 1222 1439 secundum
1269 1383 1431 1439 illius
1458 1389 1632 1452 actuS,

271 1473 442 1530 quem
472 1466 663 1533 postea
684 1461 902 1529 habuit,
933 1466 1335 1538 quantitatem,
1368 1473 1425 1525 et
1452 1467 1639 1525 inten-

267 1540 491 1596 sionem
511 1541 712 1615 gloriae
742 1543 804 1599 in
832 1546 992 1601 omni
1024 1547 1299 1619 opinione
1324 1565 1624 1622 conseque·

268 1626 381 1677 tur.
408 1624 535 1679 Non
558 1621 737 1696 igitur
755 1623 940 1697 gloria
961 1628 1285 1685 essentialis
1305 1645 1639 1703 correspon-

267 1700 363 1759 det
389 1701 676 1771 charitati,
707 1709 763 1761 et
782 1706 1054 1778 gratiam,
1078 1724 1208 1764 cum
1236 1727 1349 1782 qua
1378 1711 1551 1768 homo
1573 1711 1638 1767 in

274 1782 637 1855 reparatione
676 1783 798 1855 ipsa
827 1785 1163 1854 invenitur;
1193 1790 1290 1846 sed
1329 1790 1383 1847 ei
1427 1792 1632 1863 potius,

271 1882 400 1922 cum
446 1882 558 1938 qua
598 1865 660 1922 in
710 1867 948 1923 instanti
985 1871 1205 1937 mortiS,
1237 1888 1337 1930 seu
1359 1871 1639 1947 glorifica-

271 1948 449 2005 tionis
478 1949 786 2021 reperitur.

344 2031 510 2087 Unde
538 2048 638 2104 per
679 2031 756 2096 id,
788 2033 933 2104 quod
979 2036 1173 2092 statim
1216 2035 1391 2103 addit,
1421 2036 1639 2093 scilicet

266 2112 416 2184 quod
458 2113 527 2171 de
552 2114 821 2188 operibus
857 2117 919 2174 in
948 2119 1139 2191 prima
1166 2118 1444 2180 charitate
1472 2120 1637 2176 factis

267 2196 472 2253 habeat
496 2199 681 2273 majus
706 2199 982 2274 gaudium
1011 2201 1194 2274 quoad
1220 2202 1524 2274 praemium
1550 2219 1637 2259 ac-

268 2276 548 2335 cidentale
574 2288 801 2352 spectat,
833 2299 1005 2355 quam
1048 2284 1118 2340 de
1158 2284 1248 2339 his
1286 2300 1412 2356 quaa
1456 2285 1518 2340 in
1544 2301 1638 2342 se-

271 2359 457 2415 cunda
482 2362 778 2430 charitate,
811 2370 867 2421 et
895 2373 1016 2437 post
1046 2368 1471 2439 reparationem
1499 2372 1639 2423 sunt

273 2439 437 2504 facta,
469 2446 692 2498 tantum
734 2446 858 2499 vult
887 2448 1087 2502 Doctor
1116 2451 1258 2520 Ang.
1293 2447 1638 2505 constituere

273 2520 585 2579 discrimen
628 2525 781 2582 inter
823 2527 1129 2598 praemium
1177 2528 1522 2585 accidentale
1566 2544 1636 2584 ex

274 2619 389 2659 una
411 2611 591 2676 parte,
622 2612 679 2662 et
703 2610 1007 2666 essentiale
1026 2626 1097 2666 ex
1120 2610 1232 2666 alia
1254 2636 1267 2673 ·,
1299 2613 1435 2684 quia
1464 2612 1638 2667 nimi-

273 2702 403 2744 rum
435 2689 736 2759 praemium
777 2691 1079 2747 essentiale
1125 2708 1244 2749 non
1292 2695 1493 2750 crescit
1536 2709 1638 2766 per

268 2766 391 2832 hoc,
417 2768 567 2840 quod
596 2768 657 2824 in
681 2770 808 2835 isto,
836 2776 932 2826 aut
963 2770 1020 2826 in
1046 2772 1150 2828 illo
1170 2779 1340 2840 statu,
1366 2791 1496 2830 cum
1521 2773 1630 2843 his,

267 2851 365 2903 aut
387 2849 505 2905 illis
526 2851 972 2908 circumstantiis
992 2867 1163 2926 opera
1186 2854 1308 2928 ipsa
1336 2856 1636 2914 meritoria

266 2927 429 2997 fiant,
458 2930 557 2988 sed
588 2934 816 3005 praecise
837 2931 1001 3005 juxta
1024 2950 1358 2994 mensuram
1386 2938 1635 2994 charita·

266 3011 371 3079 tis3
394 3028 554 3070 secus
584 3019 776 3072 tamen
801 3015 1105 3088 praemium
1135 3017 1500 3085 accidentale,
1529 3019 1636 3074 hoc

264 3092 422 3148 enim
454 3109 570 3151 non
596 3096 782 3151 solum
812 3110 882 3151 ex
909 3096 1207 3164 charitate,
1233 3098 1331 3153 sed
1358 3099 1535 3154 etiam
1562 3112 1634 3153 ex

264 3171 395 3229 aliis
428 3174 873 3231 circumstantiis
913 3177 1193 3232 accrescit.
1229 3177 1393 3234 Unde
1420 3177 1490 3235 de
1516 3177 1634 3233 eis-

261 3252 393 3311 dem
435 3256 703 3328 operibus
749 3271 878 3312 cum
917 3254 1116 3311 eadem
1160 3256 1441 3314 charitate
1471 3258 1635 3313 factis

263 3334 493 3391 habebit
521 3336 694 3393 homo
720 3336 910 3408 majus
953 3336 1230 3409 gaudium
1258 3336 1627 3404 accidentale,

261 3415 311 3469 si
341 3414 510 3470 faciat
530 3431 596 3471 ea
623 3422 755 3473 ante
783 3418 1056 3473 amissam
1082 3418 1335 3491 primam
1357 3418 1626 3492 gratiam,

262 3497 407 3552 etin
428 3503 577 3554 statu
598 3498 942 3556 innocentiae
971 3500 1352 3573 baptismalis,
1385 3516 1558 3574 quam
1580 3500 1630 3556 si

263 3582 385 3648 post
428 3577 595 3650 hujus
641 3580 1034 3646 amissionem,
1079 3586 1138 3636 et
1178 3581 1624 3653 reparationem,

262 3676 325 3718 ac
353 3660 415 3715 in
437 3665 585 3716 statu
610 3663 961 3733 poenitentiae
990 3664 1092 3720 illa
1122 3662 1361 3728 fecisset,
1397 3663 1631 3736 praecise

259 3757 330 3798 ex
374 3740 701 3797 differentia
738 3748 919 3800 status
953 3765 966 3799 ε
1009 3760 1146 3800 nam
1188 3744 1310 3810 hoc,
1355 3743 1504 3816 quod
1545 3748 1630 3801 est

259 3821 451 3895 prima
498 3822 601 3877 illa
647 3838 822 3894 opera
868 3822 1066 3882 fecisse
1105 3822 1337 3896 qnando
1366 3824 1626 3881 nondum

258 3903 433 3960 homo
462 3905 641 3959 Deum
668 3902 1008 3972 offenderat,
1034 3920 1134 3960 nec
1158 3904 1211 3960 ei
1235 3905 1414 3961 factus
1442 3906 1629 3964 fuerat

260 3985 552 4051 inimicuS,
584 3984 879 4059 gaudium,
920 3992 975 4044 et
1017 3987 1322 4061 praemium
1365 3987 1629 4047 acciden-

259 4067 375 4124 tale
398 4065 686 4139 quoddam
714 4066 848 4122 erit.
1457 4058 1466 4065 ’

343 4147 425 4202 18.
458 4145 544 4201 Ad
566 4163 650 4212 ea,
675 4163 801 4220 qua)
826 4149 887 4203 in
914 4148 1171 4204 favorem
1196 4149 1382 4205 tertiae
1400 4156 1626 4209 senten·

261 4226 355 4284 tiae
384 4227 829 4295 adducebantur,
863 4244 978 4284 non
1008 4234 1229 4301 oportet
1258 4230 1620 4304 respondere,

259 4309 567 4383 suppositis
607 4309 698 4366 his
734 4327 858 4384 quae
883 4317 1081 4368 contra
1107 4311 1350 4369 eandem
1389 4319 1625 4371 senten-

259 4391 400 4447 tiam
419 4433 432 4457 ,
490 4395 547 4447 et
597 4390 660 4446 in
707 4390 1046 4463 probatione
1098 4397 1309 4449 nostrae
1364 4394 1626 4454 secundae

258 4471 591 4530 assertionis
613 4469 780 4538 dicta,
807 4477 862 4530 et
889 4472 1123 4545 probata
1145 4476 1267 4548 jam
1294 4492 1469 4550 supra
1493 4479 1624 4534 reli-

256 4554 505 4627 quimus.
540 4554 635 4607 Est
676 4559 869 4610 tamen
911 4553 1093 4611 adhuc
1133 4554 1344 4627 duplex
1384 4556 1622 4632 objectio

254 4650 359 4708 pro
394 4634 514 4698 illa,
545 4632 751 4706 quibus
791 4639 1012 4706 oportet
1049 4635 1391 4694 satisfacere.
1425 4638 1621 4696 Prima

252 4714 574 4774 desumitur
612 4730 682 4771 ex
736 4717 802 4771 D.
857 4715 1062 4772 Thom.
1121 4718 1182 4771 in
1228 4717 1283 4782 3,
1337 4718 1465 4776 dist.
1523 4722 1616 4788 31,

253 4804 435 4875 quaest.
468 4799 513 4863 l,
539 4803 647 4852 art.
670 4798 725 4862 4,
752 4798 1065 4874 quaestiunc.
1086 4798 1121 4853 3
1148 4796 1222 4854 ad
1254 4800 1309 4864 2,
1337 4797 1435 4854 ubi
1458 4798 1615 4870 dicit,

250 4878 401 4954 quod
431 4877 764 4951 poenitentia
808 4877 1055 4934 restituit
1080 4877 1281 4934 omnia
1316 4878 1486 4946 bona,
1517 4899 1618 4940 seu

252 4961 460 5019 merita
507 4957 849 5016 mortificata
895 4975 996 5030 per
1032 4965 1341 5031 peccatum.
1373 4960 1472 5018 sed
1502 4978 1621 5021 non

250 5046 470 5116 oportet
513 5038 661 5112 quod
703 5039 962 5095 restituat
988 5039 1246 5113 aequalia.
1280 5040 1428 5098 Hinc
1456 5042 1616 5100 enim

1772 563 2035 621 concludi
2073 563 2320 632 videtur,
2353 565 2502 639 quod
2550 566 2758 623 merita
2798 564 3141 623 mortificata

1773 659 1877 717 per
1903 650 2193 717 peccatum
2222 664 2338 705 non
2366 653 2708 720 reparentur
2748 648 2812 703 in
2848 648 3139 720 integrum

1773 740 1876 797 per
1895 725 2335 799 subsequentem
2364 728 2784 800 poenitentiam‚
2815 733 2875 783 ut
2896 726 3140 784 adstruit

1770 811 1975 878 quarta
2012 809 2317 875 sententia,
2368 809 2460 866 cui
2506 808 2991 882 subscripsimus;
3040 806 3139 865 sed

1767 887 1932 962 juxta
1985 890 2418 962 proportionem
2467 890 2851 954 contritioniS,
2911 890 2974 946 in
3026 904 3140 962 qua

1773 974 2029 1042 peccator
2068 987 2101 1027 a
2146 977 2368 1045 peccato
2419 971 2685 1046 resurgit,
2720 976 2780 1027 ut
2819 970 2990 1028 tertia
3036 970 3141 1027 illa

1772 1052 1970 1124 opinio
1995 1054 2310 1112 constituit.
2339 1053 2594 1113 Secunda
2636 1070 2773 1111 vero
2817 1054 3069 1110 sumitur
3111 1070 3144 1110 a

1773 1135 1998 1193 ratione
2015 1160 2030 1204 ;
2076 1153 2213 1194 nam
2242 1139 2390 1194 Deus
2415 1138 2496 1194 sic
2524 1153 2627 1194 nos
2655 1138 2851 1195 visitat
2880 1153 2981 1210 per
3005 1152 3143 1211 gra-

1771 1216 1866 1272 tiae
1908 1215 2284 1296 infusionem,
2334 1217 2479 1274 sicut
2526 1233 2660 1274 eum
2708 1218 2971 1282 colimus,
3021 1215 3151 1273 sive

1770 1298 1920 1371 quod
1963 1298 2118 1355 idem
2162 1304 2266 1365 est,
2322 1300 2469 1356 sicut
2510 1316 2615 1358 nos
2661 1299 3042 1371 disponimus,
3087 1304 3145 1355 et

1774 1395 2165 1453 praeparamus
2188 1380 2260 1437 ad
2282 1379 2631 1455 adjutorium
2657 1382 2819 1437 illius
2838 1405 2852 1447 ;
2877 1386 2961 1437 est
2981 1377 3143 1436 enim

1771 1461 1996 1528 decens,
2028 1466 2083 1518 et
2124 1461 2339 1518 rationi
2385 1468 2855 1527 consentaneum,
2894 1466 2955 1516 ut
2993 1462 3146 1515 Deus

1772 1558 1879 1598 nos
1917 1540 2147 1615 adjuvet
2177 1542 2341 1615 juxta
2383 1549 2594 1600 nostrae
2623 1541 2940 1600 voluntatis
2967 1554 3144 1597 cona-

1772 1628 1897 1680 tum
1924 1627 1980 1680 et
2018 1624 2478 1695 cooperationem
2513 1645 2525 1680 :
2555 1624 2693 1697 quia
2721 1624 2786 1680 in
2826 1625 2930 1680 hoc
2970 1619 3147 1678 modo

1772 1704 1961 1761 divini
1990 1721 2296 1762 concursus
2321 1712 2378 1763 et
2409 1707 2667 1762 salvatur
2701 1705 2938 1779 justitias
2967 1704 3134 1771 ratic,

1771 1791 1829 1843 et
1853 1788 2133 1844 excitatur
2160 1788 2332 1846 homo
2360 1787 2429 1845 ad
2453 1788 2778 1861 pellendam
2805 1786 3086 1844 desidiam
3122 1808 3135 1842 z

1772 1886 1902 1927 cum
1927 1870 2098 1927 homo
2125 1870 2374 1945 resurgit
2401 1887 2433 1927 a
2460 1871 2628 1943 culpa
2651 1871 2712 1926 in
2740 1869 2962 1927 minori
3000 1884 3140 1927 con-

1770 1952 2030 2017 tritione,
2062 1968 2116 2009 v.
2148 1968 2202 2026 g.
2236 1956 2298 2008 ut
2340 1952 2612 2024 quinque,
2666 1968 2784 2009 non
2831 1949 2982 2008 redit
3024 1954 3142 2008 tota

1770 2035 1958 2109 gratia
1997 2034 2234 2108 antiqua
2275 2035 2461 2092 adhuc
2494 2035 2813 2101 moraliter,
2839 2040 2896 2091 et
2923 2034 2986 2089 in
3009 2034 3142 2106 jure

1773 2116 1988 2181 habita,
2021 2117 2118 2174 sed
2144 2120 2332 2176 solum
2356 2125 2418 2176 ut
2444 2118 2670 2183 decem;
2700 2118 2833 2190 quia
2860 2117 2962 2174 ille
2984 2122 3140 2173 actus

1771 2207 1828 2258 et
1852 2207 1939 2257 est
1964 2200 2261 2274 dispositio
2288 2201 2523 2276 physica
2550 2200 2619 2257 ad
2647 2201 2900 2273 quinque
2925 2200 3141 2275 gradus

1771 2281 1972 2354 gratiae
2017 2281 2248 2355 physice
2293 2280 2689 2355 assequendOS‚
2734 2285 2791 2337 et
2837 2279 3139 2352 dispositio

1772 2362 2014 2419 moralis
2059 2363 2129 2419 ad
2168 2362 2407 2419 totidem
2446 2362 2656 2437 gradus
2683 2376 2754 2418 ex
2781 2362 2968 2435 gratia
2995 2362 3138 2419 olim

1773 2441 2115 2502 mortificata
2157 2460 2258 2517 per
2296 2446 2522 2516 culpam
2564 2444 2866 2499 moraliter
2906 2458 3140 2515 compa-

1773 2521 2018 2590 randos;
2063 2525 2168 2582 hoc
2198 2524 2357 2581 enim
2388 2528 2545 2597 pacto
2571 2524 2829 2580 salvatur
2855 2522 3140 2595 aequitatis

1774 2604 1940 2668 ratio,
1971 2622 2144 2678 quam
2168 2609 2347 2662 Deum
2377 2604 2439 2660 in
2462 2603 2786 2677 adjuvando
2812 2610 3137 2662 creaturam
3199 2664 3202 2667 ,

1770 2699 2004 2742 servare
2024 2685 2202 2743 decet.

1846 2767 1976 2823 Haec
2001 2772 2195 2824 tamen
2217 2766 2385 2824 facile
2402 2765 2743 2824 enodantur.
2771 2767 2858 2822 Ad
2881 2767 3133 2840 primam
3148 2789 3339 2834 omum.

3215 2845 3283 2885 tur

3173 2890 3331 2944 prime.

1769 2847 1930 2907 enim
1977 2848 2355 2926 objectionem
2403 2848 2798 2923 respondetur,
2845 2848 3136 2922 poeniten-

1769 2931 1911 2987 tiam
1955 2946 2222 3005 reparare
2262 2931 2460 2989 omnia
2500 2932 2709 2988 merita
2757 2930 3136 3003 praecedentia

1769 3013 2088 3078 moraliter,
2136 3027 2254 3069 non
2302 3016 2495 3068 tamen
2537 3012 2797 3084 physice;
2843 3011 2980 3081 quia
3020 3011 3134 3066 nisi

1768 3093 1976 3165 aliquis
2012 3094 2205 3149 eliciat
2247 3098 2411 3148 extra
2449 3091 2606 3146 viam
2635 3089 3134 3146 ferventissimum

1765 3172 2064 3228 charitatis
2091 3177 2298 3236 actum,
2329 3186 2441 3244 quo
2466 3184 2527 3225 se
2555 3168 2625 3224 ad
2660 3169 2859 3244 gratiae
2910 3168 3136 3226 amissae

1769 3254 2152 3326 receptionem
2174 3251 2458 3325 disponat,
2478 3266 2777 3325 nunquam
2801 3251 2967 3307 illam
2988 3268 3136 3310 asse·

1765 3341 1972 3410 quetur
1999 3336 2249 3410 physice.
2278 3338 2470 3408 Neque
2497 3333 2632 3392 huic
2661 3333 2936 3392 doctrinae
2963 3351 3135 3408 oppo-

1766 3418 1929 3473 nitur
1967 3418 2033 3472 D.
2063 3415 2266 3472 Thom.
2300 3415 2422 3473 loco
2470 3415 2535 3472 in
2573 3413 2889 3489 objectione
2929 3416 3129 3483 citato;

1764 3497 2039 3571 quoniam
2060 3497 2249 3554 solum
2272 3497 2414 3562 vult,
2437 3512 2554 3554 non
2574 3513 2697 3554 esse
2721 3497 3127 3563 necessarium,

1764 3576 1915 3653 quod
1954 3577 2292 3651 poenitentia
2333 3584 2560 3650 reparet
2607 3579 2672 3635 in
2720 3579 2842 3651 ipso
2890 3579 3132 3635 instanti

1756 3661 2184 3735 justificationis
2226 3660 2475 3736 gratiam
2522 3660 2901 3734 deperditam,
2941 3662 3024 3719 ita
3073 3668 3133 3718 ut

1763 3743 1938 3800 homo
1991 3747 2249 3816 resurgat
2296 3741 2529 3815 physice
2576 3741 2640 3798 in
2686 3743 2893 3814 aequali
2947 3741 3130 3817 gradu

1761 3824 1961 3898 gratiae
1986 3840 2117 3880 cum
2142 3822 2323 3898 gradu
2351 3823 2647 3895 deperdito
2675 3839 2776 3896 per
2804 3832 3126 3896 peccatum;

1760 3906 2029 3980 quamvis
2069 3921 2252 3978 neque
2276 3905 2335 3962 id
2374 3906 2450 3962 sit
2478 3905 2856 3979 impossibile,
2888 3906 2986 3964 sed
3014 3907 3129 3964 ali-

1760 3986 1990 4061 quando
2015 3987 2326 4061 contingat,
2355 3993 2417 4043 ut
2456 3988 2616 4044 illius
2654 3988 2883 4044 literam
2914 3989 3127 4062 legenti

1760 4068 2059 4128 constabit.
2093 4068 2258 4126 Unde
2285 4068 2392 4127 hoc
2410 4071 2596 4126 solum
2621 4069 2888 4136 intendit,
2915 4069 3129 4127 videli-

1758 4156 1848 4208 cet
1893 4167 2009 4208 non
2055 4165 2178 4206 esse
2225 4151 2631 4216 necessarium,
2685 4158 2744 4207 ut
2781 4151 2971 4225 gratia
3016 4168 3128 4224 qua

1759 4235 2018 4305 peccator
2045 4232 2292 4306 resurgit
2319 4247 2422 4304 per
2449 4231 2868 4303 poenitentiam,
2889 4233 2966 4288 sit
2987 4234 3127 4307 phy-

1757 4314 1872 4370 sice
1897 4312 2131 4385 aequalis
2156 4312 2373 4387 gratiae,
2400 4312 2572 4385 q‘uam
2601 4327 2703 4384 per
2724 4314 2954 4385 culpam
2983 4315 3126 4370 ami-

1756 4394 1849 4451 sit.
1883 4391 2044 4458 Quod
2089 4398 2298 4450 nostrae
2341 4391 2694 4450 conclusioni
2737 4394 2986 4452 minime
3019 4395 3124 4452 ad-

1757 4480 2043 4532 versatur.

1840 4559 1924 4613 19.
1950 4555 2036 4611 Ad
2056 4555 2365 4613 secundam
2387 4554 2764 4629 objectionem
2787 4555 3115 4629 dicendum,
3136 4570 3324 4618 Diluitur

1753 4642 1935 4696 Deum
1959 4635 2270 4694 infundere
2291 4635 2454 4694 nobis
2468 4636 2715 4710 gratiam
2739 4638 2971 4712 physice
2989 4657 3120 4699 cum
3135 4622 3337 4668 Μαι

1756 4718 2127 4794 proportione
2153 4716 2224 4774 ad
2254 4717 2640 4775 intensionem
2683 4724 2838 4776 actus
2878 4724 3117 4792 amoris,

1753 4815 1854 4858 seu
1880 4799 2263 4864 contritionis,
2281 4815 2395 4871 quo
2415 4799 2486 4856 ad
2507 4799 2673 4855 illam
2696 4801 3122 4874 suscipiendam

1754 4879 2155 4955 disponimur;
2186 4877 2249 4933 in
2278 4878 2492 4952 hocque
2516 4880 2740 4936 servari
2768 4882 3115 4954 aequitatem,

1753 4981 1878 5038 quae
1923 4961 2226 5021 intercedit
2272 4962 2424 5020 inter
2483 4979 2823 5021 concursum
2874 4968 3015 5034 Dei,
3065 4974 3123 5026 et

1752 5049 2048 5103 creaturae.
2093 5045 2172 5101 De
2208 5042 2396 5116 gratia
2448 5059 2584 5101 vero
2629 5041 2975 5102 mortificata
3019 5063 3122 5120 per
