3647 5753
1466 421 1646 478 DISP.
1689 423 1759 489 11,
1802 425 1968 483 DUD.
2022 428 2093 483 V:
3075 437 3187 494 397

319 604 450 658 quae
489 603 608 643 non
652 589 840 645 solum
890 594 1181 647 removeat
1228 596 1537 664 peccatum,
1590 593 1691 650 sed

322 669 501 724 etiam
543 670 805 726 restituat
842 670 1140 728 hominem
1177 671 1247 727 ad
1286 689 1420 729 eum
1450 680 1684 744 statum,

321 755 379 805 et
415 749 846 822 perfectionem,
878 769 1002 823 quae
1038 758 1170 810 ante
1194 758 1484 826 peccatum
1512 755 1691 814 habe-

112 865 282 918 Triplex
322 829 438 888 bat.
467 831 603 887 Alia
629 830 1150 904 imperfectissima,
1181 850 1308 907 quse
1333 836 1520 892 solum
1558 835 1691 893 des-

129 916 284 977 peecqu
324 917 478 969 truat
505 911 740 985 aliquod
780 914 1003 970 malum
1025 929 1096 970 ex
1126 921 1346 987 peccato
1371 922 1684 984 causatum,

135 978 285 1063 ξῗηῖἶξ.
323 999 551 1067 utputa
590 1010 841 1067 poenam,
874 999 971 1050 aut
1019 995 1395 1068 poenalitateS,
1450 1013 1574 1070 quai
1617 997 1689 1054 ad

162 1068 241 1112 δίο·
325 1081 615 1148 peccatum
655 1069 1103 1147 consequuntur.
1133 1076 1264 1132 Alia
1290 1076 1536 1151 denique
1563 1095 1690 1135 me-

324 1154 439 1223 dia,
461 1161 516 1212 et
536 1156 696 1213 velut
719 1155 965 1227 perfecta
986 1156 1050 1211 in
1068 1156 1289 1212 ratione
1306 1157 1683 1224 remissioni3‚

323 1252 452 1308 qnae
473 1234 735 1292 videlicet
758 1251 876 1292 non
905 1236 1164 1293 restituat
1183 1237 1383 1294 omnia
1411 1236 1560 1294 bona
1586 1255 1689 1311 per

327 1321 617 1391 peccatum
659 1317 886 1385 amissa,
919 1317 1176 1375 destruat
1215 1324 1407 1376 tamen
1430 1336 1602 1377 omne
1627 1320 1688 1376 id
1741 1345 1743 1348 ·

325 1398 477 1471 quod
500 1397 667 1456 habet
683 1414 879 1455 veram
905 1401 1189 1456 rationem
1216 1402 1442 1473 peccati,
1464 1406 1518 1458 et
1538 1401 1688 1474 quod

327 1480 625 1537 hominem
648 1484 997 1553 peccatorem
1020 1479 1377 1549 denominat,
1403 1487 1458 1538 et
1483 1483 1690 1539 consti-

326 1561 455 1617 tuit.
502 1561 764 1617 Primam
806 1566 997 1617 autem
1023 1577 1094 1618 ex
1135 1561 1207 1616 iis
1251 1562 1688 1619 remissionibus

325 1643 705 1715 supponimus
776 1643 1018 1700 omnino
1082 1643 1502 1716 impossibilem
1567 1661 1689 1703 esse

327 1722 536 1795 absque
572 1724 976 1781 immutatione
1004 1726 1317 1783 intrinseca
1346 1727 1684 1799 peccatoris;

328 1805 509 1863 immo
536 1805 746 1878 absque
779 1807 1068 1864 infusione
1093 1810 1290 1881 gratias
1324 1807 1689 1865 sanctifican-

332 1886 423 1942 tis.
451 1889 597 1943 Nam
627 1903 756 1943 cum
779 1887 932 1943 inter
960 1889 1074 1944 alia
1097 1888 1244 1945 bena
1269 1905 1369 1961 per
1397 1895 1687 1962 peccatum

326 1969 553 2024 exclusa
587 1972 946 2040 computetur
973 1969 1099 2040 ipsa
1122 1970 1326 2043 gratia,
1360 1970 1689 2043 implicato-

331 2047 481 2103 rium
508 2052 609 2110 est,
641 2048 789 2121 quod
817 2050 1094 2121 peccatori
1124 2049 1452 2106 remittatur
1491 2066 1689 2122 pecca-

330 2135 450 2184 tum
481 2129 819 2187 remissione
862 2135 1166 2203 reparante
1194 2130 1392 2187 omnia
1426 2133 1600 2198 mala,
1633 2135 1689 2187 et

333 2209 660 2266 restituente
680 2211 878 2267 omnia
900 2210 1048 2268 bona
1068 2235 1082 2279 ;
1106 2217 1163 2269 et
1182 2211 1330 2284 quod
1359 2211 1547 2269 denuo
1569 2228 1687 2269 non

331 2285 701 2361 consequatur
730 2292 977 2365 gratiam
1004 2291 1477 2357 sanctificantem,
1508 2297 1565 2348 et
1590 2293 1688 2348 in·-

334 2370 573 2428 trinsece
599 2373 931 2429 innovetur.
974 2373 1295 2430 Secundam
1332 2373 1508 2430 etiarn
1548 2391 1688 2447 sup-

336 2453 602 2522 ponimus
641 2452 968 2525 possibilem
1009 2470 1130 2511 esse
1171 2454 1379 2527 absque
1406 2455 1687 2510 immuta-

338 2531 489 2588 tione
527 2533 837 2591 intrinseca
881 2535 1225 2607 peccatoris3
1271 2536 1435 2591 nulla
1479 2534 1687 2608 quippe

344 2614 716 2686 repugnantia
751 2619 979 2685 apparet
1022 2614 1085 2670 in
1123 2630 1208 2681 eo,
1238 2613 1390 2687 quod
1428 2617 1576 2671 Deus
1616 2613 1686 2670 ab

334 2694 649 2752 extrinseco
663 2695 938 2754 condonet
957 2712 1023 2753 v.
1046 2713 1099 2770 g.
1130 2713 1377 2770 poenam,
1402 2713 1574 2770 quam
1599 2696 1687 2752 in-

335 2773 526 2847 fligere
545 2774 884 2844 decreverat,
914 2783 971 2833 et
996 2793 1169 2849 quarn
1198 2782 1485 2849 peccatum
1514 2792 1585 2834 ex
1624 2790 1684 2833 se

332 2857 674 2915 merebatur.
707 2861 845 2917 Tota
866 2875 1001 2934 ergo
1029 2859 1328 2916 difficultas
1355 2859 1686 2921 devolvitur

331 2941 399 2997 ad
441 2943 731 3008 ultimum,
775 2947 832 3000 et
855 2942 1275 3015 quodammodo
1303 2942 1561 2999 medium
1592 2958 1686 2998 re-

332 3024 620 3081 missionis
659 3025 917 3092 modum‚
962 3043 1075 3098 quo
1099 3025 1316 3082 scilicet
1355 3024 1419 3080 fit
1455 3025 1686 3098 praecise

328 3103 631 3161 destructio
651 3107 790 3180 ejuS,
809 3105 957 3179 quod
985 3120 1185 3162 veram
1210 3104 1379 3161 habet
1400 3105 1685 3162 rationem

330 3186 570 3257 peccati3
599 3191 656 3243 et
682 3186 752 3243 de
772 3187 877 3243 hoc
903 3187 1274 3260 inquirimuS,
1306 3202 1381 3242 an
1409 3184 1538 3242 fieri
1581 3202 1687 3242 va-

283 3318 287 3320 ,
331 3268 440 3323 leat
460 3284 604 3341 pure
626 3267 696 3323 ab
710 3269 1051 3334 extrinseco,
1070 3273 1126 3325 et
1141 3267 1350 3339 absque
1370 3267 1687 3324 intrinseca

330 3351 636 3424 peccatoris
652 3351 986 3419 mutatione,
1001 3353 1123 3409 sive
1146 3356 1205 3407 ut
1224 3352 1324 3408 alii
1349 3352 1681 3423 loquuntur,

328 3431 538 3504 absque
590 3431 881 3490 infusione
930 3434 1332 3507 cujuscumque
1376 3430 1535 3498 doni,
1592 3431 1685 3488 vel

321 3515 539 3588 gratiae.

403 3598 528 3651 143.
556 3597 669 3653 Pro
689 3596 775 3669 cuj
784 3612 847 3651 us
867 3596 1151 3654 decisione
1167 3594 1398 3650 tandem
1420 3593 1680 3660 observa,

322 3677 622 3732 neminem
678 3691 906 3750 negare,
962 3676 1112 3750 quod
1157 3675 1228 3733 ad
1282 3674 1686 3731 remissionem

322 3757 534 3829 peccati
572 3757 803 3830 aliquod
841 3774 1021 3832 genus
1058 3758 1256 3832 gratim
1293 3755 1684 3822 desideretur;

320 3853 457 3893 nam
498 3853 634 3893 cum
676 3838 886 3895 ablatio
927 3839 1133 3912 peccati
1161 3836 1237 3892 sit
1261 3836 1547 3909 quoddam
1583 3834 1690 3891 bo-

320 3933 483 3983 num,
533 3922 590 3973 et
628 3917 971 3975 beneficium
1013 3917 1289 3992 peccatori
1339 3915 1683 3981 indebitum,

319 3999 524 4071 nequit
566 4013 684 4055 non
711 4015 833 4056 esse
863 4000 1068 4073 gratia,
1099 3999 1302 4055 saltem
1343 3999 1683 4062 extrinseca,

316 4079 467 4151 quod
494 4082 647 4135 Deus
674 4084 962 4151 peccatum
998 4080 1274 4137 remittat.
1304 4077 1411 4135 Sed
1439 4077 1687 4133 difficul-

318 4167 408 4218 tas
432 4164 542 4228 est‚
575 4175 650 4215 an
677 4159 1032 4216 desideretur
1059 4160 1234 4217 etiam
1261 4159 1446 4233 gratia
1467 4158 1689 4214 intrin-

317 4258 462 4310 seca,
482 4241 611 4297 sive
628 4240 953 4296 inhaerens?
975 4242 1103 4297 Haec
1125 4246 1315 4298 autem
1336 4238 1644 4311 estduplex
1672 4259 1686 4294 z

320 4325 438 4382 alia
482 4323 818 4390 habituum,
861 4329 919 4381 et
955 4331 1320 4396 permanenS,
1352 4338 1476 4396 quae
1517 4320 1688 4378 afficit

321 4406 661 4466 immediate
699 4405 1078 4464 substantiam
1121 4405 1331 4463 animm
1362 4429 1376 4463 z
1408 4406 1523 4462 alia
1549 4418 1689 4461 vero

321 4487 581 4555 actualis,
606 4492 660 4543 et
682 4488 989 4553 transiens,
1014 4503 1141 4560 quae
1164 4486 1333 4543 afficit
1354 4484 1691 4541 immediate

322 4569 609 4642 potentias
646 4569 987 4641 operativae,
1019 4582 1116 4624 eas
1140 4566 1440 4634 elevando,
1470 4571 1527 4623 et
1555 4581 1691 4638 pro-

324 4647 615 4707 movendo
658 4646 729 4704 ad
768 4648 1021 4721 aliquam
1061 4646 1474 4720 operationem,
1519 4652 1582 4702 ut
1619 4661 1692 4702 ex

327 4732 585 4805 professo
622 4731 1006 4802 explicuimus
1044 4736 1289 4785 tractatu
1321 4729 1546 4802 praeced.
1576 4731 1690 4802 sere

125 4819 298 4877 functus
320 4831 420 4887 per
458 4819 655 4868 totum.
701 4812 853 4884 Ergo
891 4811 952 4867 in
996 4809 1260 4884 praesenti
1301 4808 1474 4866 dubio
1501 4810 1690 4866 solum

124 4868 297 4965 fflffi}
328 4891 867 4958 determinabimus,
915 4908 990 4948 an
1018 4890 1089 4948 ad
1118 4891 1519 4947 remissionem
1561 4905 1691 4963 pec-

122 4967 436 5065 “Qun-cati
466 4971 801 5047 requiratur
822 4971 1354 5045 indispensabiliter
1372 4970 1693 5028 communi-

329 5056 481 5115 catio
508 5056 750 5131 alicujus
773 5055 973 5129 gratiae
999 5054 1357 5121 inhaerentiS,
1392 5068 1492 5126 per
1517 5067 1691 5126 quam

131 3626 231 3668 Nota
247 3628 284 3669 5.

1827 598 2000 656 homo
2022 600 2333 660 intrinsece
2352 602 2714 670 immutatur,
2746 603 3132 662 abstrahendo
3154 621 3191 662 a

1827 678 2153 738 conditione
2203 683 2487 754 praedictae
2538 686 2758 759 gratiae.
2808 687 2875 741 In
2924 685 3189 758 sequenti

1826 775 1965 817 vero
1990 760 2336 830 decidemus,
2361 781 2623 838 quamam
2645 766 2830 840 gratia
2847 765 2919 821 ad
2939 765 3191 823 destruc·

1829 842 2045 899 tionem
2069 846 2275 915 peccati
2294 844 2664 903 desideretur.
2683 849 2766 902 Ex
2780 847 2987 919 quibus
3002 848 3191 904 omni·

1826 921 1934 978 bus
1960 930 2197 981 manent
2221 927 2489 999 explicati
2512 927 2712 983 titulus
2734 927 2902 1000 hujus
2922 927 3105 994 dubii,
3129 932 3188 985 et

1825 1002 2215 1075 dispositionis
2241 1005 2382 1063 ordo
2409 1006 2478 1063 ad
2500 1007 2812 1079 sequentia.
2849 1007 2949 1063 His
2971 1024 3189 1079 suppo-

1822 1085 1974 1141 sitis.

2433 1273 2465 1339 ς
2508 1271 2576 1325 11.

1823 1416 2079 1490 Refertur
2117 1419 2374 1489 neyativa
2414 1415 2489 1473 D.
2539 1415 2588 1472 T
2584 1418 2751 1473 Itomae
2788 1419 3094 1484 sente-mua,
3133 1426 3185 1473 et

2083 1500 2246 1554 unice
2262 1557 2265 1560 ,
2271 1498 2629 1570 fundamento
2655 1500 2926 1554 munitur.

1908 1646 2029 1702 144.
2077 1645 2392 1702 Dicendum
2436 1650 2536 1714 est,
2580 1644 2999 1718 impossibilem
3039 1659 3179 1708 esse.
3209 1655 3396 1698 conom-

1826 1724 2009 1781 adhuc
2042 1740 2142 1797 per
2167 1731 2480 1797 respectum
2511 1726 2580 1781 ad
2603 1726 2915 1798 potentiam
2946 1725 3045 1781 Dei
3076 1724 3184 1783 ab·
3249 1704 3331 1747 ⁵¹⁰·

1822 1805 2091 1870 solutam,
2121 1804 2519 1861 remissionem
2538 1806 2744 1877 peccati
2769 1805 3030 1861 mortalis
3053 1821 3188 1879 per-

1822 1885 2058 1951 sonaliS,
2086 1885 2296 1959 absque
2322 1886 2635 1942 intrinseca
2660 1881 2965 1959 peccatoris
2992 1893 3186 1944 muta-
3199 1885 3410 1977 Pf‘ss’fffflf

1826 1967 1999 2024 tione.
2032 1970 2114 2023 Ita
2139 1970 2203 2023 D.
2236 1968 2440 2023 Thom.
2471 1970 2533 2022 in
2555 1971 2803 2040 praesenti
2829 1976 2937 2025 art.
2990 1971 3045 2037 2,
3079 1944 3254 2026 uhi⁰¹
3304 1965 3314 1976 ”
3390 1964 3402 1975 ’

1822 2050 2131 2116 concludit,
2189 2068 2299 2106 non
2344 2067 2498 2123 posse
2545 2051 2783 2120 intelliqi
2816 2054 3189 2108 remissionem

1817 2133 2046 2203 peceati,
2078 2133 2129 2186 si
2154 2149 2263 2186 non
2287 2131 2434 2186 adsit
2460 2132 2670 2203 infusio
2695 2135 2885 2202 qratioe
2905 2152 2923 2184 .·
2949 2137 3004 2188 et
3033 2132 3187 2188 idem

1823 2211 2107 2285 significat
2145 2214 2180 2268 3
2201 2222 2352 2286 part.
2394 2221 2578 2289 quaest.
2621 2215 2709 2280 80,
2740 2221 2848 2269 art.
2893 2215 2928 2268 2
2966 2222 3016 2267 et
3043 2215 3102 2268 in
3128 2215 3185 2278 4,

1822 2294 1951 2349 dist.
1995 2296 2052 2358 7,
2086 2301 2270 2370 quoest.
2323 2294 2367 2359 1,
2394 2301 2505 2350 art.
2536 2295 2590 2361 3,
2616 2296 2929 2371 qumi-iuno.
2971 2294 2989 2348 l
3023 2294 3098 2348 ad
3122 2295 3180 2360 ’2,

1822 2381 1881 2433 et
1920 2382 2100 2453 qiccest.
2145 2377 2216 2430 528
2255 2376 2318 2430 cle
2358 2379 2517 2431 verit.
2560 2383 2673 2431 art.
2702 2378 2757 2430 2.
2803 2374 3019 2439 Quibus
3053 2376 3193 2432 locis

1823 2455 1965 2513 adeo
1991 2460 2186 2528 aperte
2207 2460 2399 2512 tuetur
2420 2457 2795 2513 assertionem
2821 2461 3097 2521 nostram,
3127 2460 3190 2511 ut

1825 2552 2060 2609 prorsus
2109 2535 2371 2593 excludat
2430 2537 2621 2592 varias
2686 2535 3193 2608 interpretationes

1822 2616 2332 2675 Adversariorum.
2378 2621 2525 2674 Nam
2553 2617 2701 2690 quod
2742 2618 2920 2690 aliqui
2951 2632 3193 2689 respon-

1822 2699 1979 2766 dent,
2012 2701 2068 2757 S.
2102 2702 2401 2758 Doctorem
2430 2701 2586 2772 loqui
2617 2701 2850 2772 praecise
2875 2698 3191 2756 secundum

1823 2781 2274 2856 providentiam,
2323 2787 2379 2838 et
2431 2782 2748 2853 potentiam
2802 2781 3189 2847 ordinariam,
3239 2790 3243 2794 ’

1822 2864 1990 2922 facile
2019 2863 2335 2931 refellitur3
2365 2864 2642 2937 quoniam
2672 2862 2729 2919 id
2757 2862 2905 2936 quod
2935 2868 3021 2920 est
3045 2863 3195 2920 sim-

1823 2945 2048 3019 pliciter
2072 2944 2362 3017 possibile,
2397 2945 2602 3000 saltem
2636 2959 2735 3015 per
2765 2950 3082 3017 respectum
3123 2944 3194 3000 ad

1825 3029 2140 3100 potentiam
2164 3026 2506 3091 absolutam,
2528 3026 2660 3082 licet
2674 3025 2742 3081 de
2765 3026 2910 3082 facto
2927 3041 3044 3082 non
3065 3040 3196 3081 eve-

1822 3109 1946 3165 niat
1960 3107 2272 3165 secundum
2290 3107 2604 3180 potentiam
2622 3106 3005 3172 ordinariam,
3026 3107 3195 3165 intel·

1822 3188 1926 3262 ligi
1967 3188 2183 3260 optime
2211 3192 2424 3261 potest;
2466 3202 2568 3242 ens
2595 3188 2806 3259 quippe
2846 3188 3043 3260 nequit
3071 3202 3196 3244 non

1820 3284 1945 3326 esse
1989 3284 2214 3335 verum,
2272 3274 2328 3323 et
2378 3266 2750 3340 intelligibile
2803 3287 2815 3322 ε
2868 3283 3005 3341 ergo
3060 3282 3192 3322 cnm

1823 3348 1889 3404 D.
1938 3348 2189 3405 Thomas
2241 3347 2505 3413 affirmet,
2566 3346 2815 3420 intelligi
2865 3363 2983 3403 non
3032 3362 3195 3419 posse

1826 3429 2224 3485 remissionem
2255 3426 2463 3498 peceati
2494 3424 2702 3496 absque
2732 3427 3025 3483 infusione
3051 3442 3194 3499 gra-

1826 3510 1937 3577 tiae,
1966 3509 2215 3581 profecto
2237 3506 2493 3579 loquitur
2522 3522 2640 3562 non
2659 3507 2847 3563 solum
2876 3504 3193 3562 secundum

1825 3589 2250 3662 providentiam
2291 3584 2675 3652 ordinariam,
2707 3584 2805 3641 sed
2836 3601 2937 3658 per
2967 3600 3193 3658 respec-

1821 3675 1946 3725 tum
1987 3667 2161 3724 etiam
2211 3664 2281 3721 ad
2331 3664 2647 3737 potentiam
2701 3665 2800 3721 Dei
2842 3664 3188 3731 absolutam,

1821 3751 1945 3806 sive
1991 3748 2061 3806 ad
2116 3746 2552 3820 possibilitatem
2603 3745 2686 3802 rei
2740 3744 3054 3802 secundum
3107 3762 3187 3803 se.

1823 3829 1982 3896 Quod
2025 3835 2215 3886 autem
2237 3826 2340 3883 alii
2369 3825 2587 3891 dicunt,
2621 3827 2676 3883 S.
2710 3828 3009 3883 Doctorem
3032 3826 3189 3899 loqui
3230 3835 3354 3878 varia

1822 3909 1893 3969 de
1941 3909 2274 3968 necessitate
2317 3907 2516 3981 gratias
2556 3906 2619 3963 in
2660 3922 2782 3963 esse
2819 3908 3035 3981 gratiae,
3066 3922 3191 3980 quae
3219 3883 3387 3985 5322?

1823 3992 2098 4064 importat
2136 3990 2517 4048 extrinsecam
2561 3988 3028 4046 benevolentiam
3065 3990 3185 4059 Dei,
3230 3982 3385 4077 fflgffissj

1823 4092 1943 4133 non
1970 4091 2108 4132 vero
2136 4074 2199 4131 in
2221 4089 2342 4131 esse
2360 4072 2655 4146 qualitatis
2677 4073 2988 4129 intrinsece
3004 4072 3193 4129 inhae-

1826 4156 2023 4223 rentiS,
2069 4154 2396 4212 evidentius
2432 4152 2614 4210 adhuc
2643 4154 3004 4220 confutatur;
3045 4169 3193 4226 quo-

1827 4236 1986 4292 niam
2005 4235 2222 4292 infusio
2242 4234 2441 4310 gratiae
2458 4250 2575 4292 non
2589 4239 2671 4291 est
2688 4249 2848 4290 mera
2865 4233 3187 4306 acceptatiO,

1825 4320 1921 4373 aut
1948 4316 2348 4373 benevolentia
2374 4314 2713 4379 extrinseca,
2745 4313 2844 4370 sed
2871 4312 3187 4385 productiO,

1823 4403 1881 4455 et
1923 4396 2366 4454 communicatio
2402 4394 2642 4468 alicujus
2681 4392 2818 4449 doni
2858 4393 2928 4469 in
2955 4394 3192 4452 homine

1827 4478 2055 4550 recepti,
2101 4483 2164 4533 ut
2207 4477 2345 4533 satis
2389 4491 2461 4532 ex
2498 4491 2560 4531 se
2605 4473 2782 4546 liquet
2824 4495 2837 4529 z
2885 4490 3021 4549 ergo
3061 4490 3192 4532 cum

1825 4561 1884 4615 S.
1915 4561 2116 4616 Doctor
2131 4564 2367 4624 asserat,
2386 4571 2504 4613 non
2528 4571 2689 4628 posse
2705 4556 2954 4631 intelligi
2981 4556 3191 4629 peccati

1827 4640 2229 4698 remissionem
2258 4638 2465 4712 absque
2493 4636 2787 4694 infusione
2809 4639 3026 4711 gratiae,
3056 4654 3194 4710 pro-

1826 4720 2095 4779 culdubio
2131 4721 2330 4795 gratiae
2358 4719 2594 4777 nomine
2624 4719 3047 4794 non-intelligit
3086 4735 3195 4777 ex-

1826 4804 2133 4861 trinsecam
2177 4801 2277 4858 Dei
2307 4800 2791 4868 benevolentiam,
2824 4801 2920 4858 sed
2949 4800 3213 4877 alicujus·

1825 4886 1966 4944 doni
1987 4883 2289 4942 intrinseci
2316 4883 2917 4941 communicationem.
2941 4885 3194 4941 Praeser-

1828 4970 1932 5025 tim
1954 4984 2084 5024 cum
2114 4966 2178 5022 in
2200 4964 2573 5038 responsione
2601 4965 2671 5021 ad
2707 4967 2752 5032 l,
2779 4965 2929 5022 dicat
2957 4987 2969 5022 ε
3013 4964 3193 5023 Homo

1823 5057 1942 5124 post
1966 5054 2245 5123 peccatum
2265 5064 2375 5102 non
2392 5053 2568 5120 potest
2592 5064 2701 5103 esse
2727 5050 2844 5103 sine
2864 5048 3047 5121 culpa,
3080 5049 3194 5103 nisi
