<?xml version="1.0" encoding="UTF-8"?>
<!DOCTYPE html PUBLIC "-//W3C//DTD XHTML 1.0 Transitional//EN"
    "http://www.w3.org/TR/xhtml1/DTD/xhtml1-transitional.dtd">
<html xmlns="http://www.w3.org/1999/xhtml" xml:lang="en" lang="en">
 <head>
  <title>
</title>
<meta http-equiv="Content-Type" content="text/html;charset=utf-8" />
  <meta name='ocr-system' content='tesseract 3.04.00' />
  <meta name='ocr-capabilities' content='ocr_page ocr_carea ocr_par ocr_line ocrx_word'/>
</head>
<body>
  <div class='ocr_page' id='page_1' title='image "./collegiisalmant00carmgoog_0511.png"; bbox 0 0 3647 5753; ppageno 0'>
   <div class='ocr_carea' id='block_1_1' title="bbox 75 2566 242 2711">
    <p class='ocr_par' dir='ltr' id='par_1_1' title="bbox 75 2566 242 2711">
     <span class='ocr_line' id='line_1_1' title="bbox 75 2566 221 2626; baseline 0.014 -16"><span class='ocrx_word' id='word_1_1' title='bbox 75 2566 221 2626; x_wconf 52' lang='lat' dir='ltr'>alajot</span> 
     </span>
     <span class='ocr_line' id='line_1_2' title="bbox 77 2628 242 2676; baseline -0.018 -1"><span class='ocrx_word' id='word_1_2' title='bbox 77 2628 242 2676; x_wconf 52' lang='lat' dir='ltr'>mfflp</span> 
     </span>
     <span class='ocr_line' id='line_1_3' title="bbox 81 2674 214 2711; baseline 0.023 -2"><span class='ocrx_word' id='word_1_3' title='bbox 81 2674 214 2711; x_wconf 72' lang='lat' dir='ltr'>nano.</span> 
     </span>
    </p>
   </div>
   <div class='ocr_carea' id='block_1_2' title="bbox 1452 379 2120 447">
    <p class='ocr_par' dir='ltr' id='par_1_2' title="bbox 1452 379 2120 447">
     <span class='ocr_line' id='line_1_4' title="bbox 1452 379 2120 447; baseline 0.016 -15"><span class='ocrx_word' id='word_1_4' title='bbox 1452 379 1631 434; x_wconf 85' lang='lat' dir='ltr'>DISP.</span> <span class='ocrx_word' id='word_1_5' title='bbox 1675 382 1744 447; x_wconf 91' lang='lat'>11,</span> <span class='ocrx_word' id='word_1_6' title='bbox 1788 383 1952 440; x_wconf 89' lang='lat' dir='ltr'><strong>DUB.</strong></span> <span class='ocrx_word' id='word_1_7' title='bbox 1999 386 2120 443; x_wconf 85' lang='lat' dir='ltr'><strong>VII.</strong></span> 
     </span>
    </p>
   </div>
   <div class='ocr_carea' id='block_1_3' title="bbox 274 540 1638 625">
    <p class='ocr_par' dir='ltr' id='par_1_3' title="bbox 274 540 1638 625">
     <span class='ocr_line' id='line_1_5' title="bbox 274 540 1638 625; baseline 0.011 -32"><span class='ocrx_word' id='word_1_8' title='bbox 274 540 707 613; x_wconf 89' lang='lat' dir='ltr'>providentiam</span> <span class='ocrx_word' id='word_1_9' title='bbox 731 545 949 603; x_wconf 82' lang='lat' dir='ltr'>auferri</span> <span class='ocrx_word' id='word_1_10' title='bbox 967 545 1175 621; x_wconf 89' lang='lat' dir='ltr'>absque</span> <span class='ocrx_word' id='word_1_11' title='bbox 1192 548 1483 606; x_wconf 85' lang='lat' dir='ltr'>infusione</span> <span class='ocrx_word' id='word_1_12' title='bbox 1502 567 1638 625; x_wconf 91' lang='lat' dir='ltr'>gra-</span> 
     </span>
    </p>
   </div>
   <div class='ocr_carea' id='block_1_4' title="bbox 269 622 1647 703">
    <p class='ocr_par' dir='ltr' id='par_1_4' title="bbox 269 622 1647 703">
     <span class='ocr_line' id='line_1_6' title="bbox 269 622 1647 703; baseline 0.008 -25"><span class='ocrx_word' id='word_1_13' title='bbox 269 622 372 679; x_wconf 81' lang='lat' dir='ltr'>tiae</span> <span class='ocrx_word' id='word_1_14' title='bbox 417 628 900 697; x_wconf 87' lang='lat' dir='ltr'>supernaturalis.</span> <span class='ocrx_word' id='word_1_15' title='bbox 944 628 1108 687; x_wconf 88' lang='lat' dir='ltr'>Unde</span> <span class='ocrx_word' id='word_1_16' title='bbox 1141 632 1322 688; x_wconf 88' lang='lat' dir='ltr'>elucet</span> <span class='ocrx_word' id='word_1_17' title='bbox 1355 639 1647 703; x_wconf 64' lang='lat' dir='ltr'>quantum¹</span> 
     </span>
    </p>
   </div>
   <div class='ocr_carea' id='block_1_5' title="bbox 244 705 1638 5166">
    <p class='ocr_par' dir='ltr' id='par_1_5' title="bbox 265 705 1638 2559">
     <span class='ocr_line' id='line_1_7' title="bbox 271 705 1638 785; baseline 0.005 -24"><span class='ocrx_word' id='word_1_18' title='bbox 271 705 341 761; x_wconf 87' lang='lat' dir='ltr'>in</span> <span class='ocrx_word' id='word_1_19' title='bbox 389 706 494 763; x_wconf 90' lang='lat' dir='ltr'>hac</span> <span class='ocrx_word' id='word_1_20' title='bbox 540 713 702 780; x_wconf 89' lang='lat' dir='ltr'>parte</span> <span class='ocrx_word' id='word_1_21' title='bbox 730 715 927 766; x_wconf 90' lang='lat' dir='ltr'>nostra</span> <span class='ocrx_word' id='word_1_22' title='bbox 952 712 1235 767; x_wconf 89' lang='lat' dir='ltr'>sententia</span> <span class='ocrx_word' id='word_1_23' title='bbox 1264 714 1638 785; x_wconf 73' lang='lat' dir='ltr'>praeemineat</span> 
     </span>
     <span class='ocr_line' id='line_1_8' title="bbox 269 784 1637 867; baseline 0.007 -26"><span class='ocrx_word' id='word_1_24' title='bbox 269 784 528 843; x_wconf 61' lang='lat' dir='ltr'>adversas</span> <span class='ocrx_word' id='word_1_25' title='bbox 541 812 555 855; x_wconf 90' lang='lat'>;</span> <span class='ocrx_word' id='word_1_26' title='bbox 573 789 708 861; x_wconf 91' lang='lat' dir='ltr'>quia</span> <span class='ocrx_word' id='word_1_27' title='bbox 731 806 836 847; x_wconf 90' lang='lat' dir='ltr'>nos</span> <span class='ocrx_word' id='word_1_28' title='bbox 856 791 1070 864; x_wconf 90' lang='lat' dir='ltr'>optime</span> <span class='ocrx_word' id='word_1_29' title='bbox 1083 794 1481 865; x_wconf 88' lang='lat' dir='ltr'><strong>componimus</strong></span> <span class='ocrx_word' id='word_1_30' title='bbox 1497 811 1637 867; x_wconf 83' lang='lat' dir='ltr'>prae·</span> 
     </span>
     <span class='ocr_line' id='line_1_9' title="bbox 266 872 1628 945; baseline 0.006 -20"><span class='ocrx_word' id='word_1_31' title='bbox 266 877 491 928; x_wconf 81' lang='lat' dir='ltr'>sentem</span> <span class='ocrx_word' id='word_1_32' title='bbox 523 872 1103 945; x_wconf 82' lang='lat' dir='ltr'>providentiam-cum</span> <span class='ocrx_word' id='word_1_33' title='bbox 1146 877 1371 932; x_wconf 91' lang='lat' dir='ltr'>naturis</span> <span class='ocrx_word' id='word_1_34' title='bbox 1413 894 1628 944; x_wconf 90' lang='lat' dir='ltr'>rerum,</span> 
     </span>
     <span class='ocr_line' id='line_1_10' title="bbox 266 950 1635 1030; baseline 0.004 -22"><span class='ocrx_word' id='word_1_35' title='bbox 266 950 413 1009; x_wconf 89' lang='lat' dir='ltr'>dum</span> <span class='ocrx_word' id='word_1_36' title='bbox 440 952 686 1010; x_wconf 80' lang='lat' dir='ltr'><strong>dicimus</strong></span> <span class='ocrx_word' id='word_1_37' title='bbox 714 970 888 1011; x_wconf 90' lang='lat' dir='ltr'>omne</span> <span class='ocrx_word' id='word_1_38' title='bbox 916 963 1203 1027; x_wconf 90' lang='lat' dir='ltr'>peccatum</span> <span class='ocrx_word' id='word_1_39' title='bbox 1249 973 1424 1030; x_wconf 90' lang='lat' dir='ltr'>grave</span> <span class='ocrx_word' id='word_1_40' title='bbox 1450 957 1635 1014; x_wconf 84' lang='lat' dir='ltr'>offen-</span> 
     </span>
     <span class='ocr_line' id='line_1_11' title="bbox 265 1035 1634 1109; baseline 0.004 -18"><span class='ocrx_word' id='word_1_41' title='bbox 265 1035 407 1093; x_wconf 87' lang='lat' dir='ltr'>dere</span> <span class='ocrx_word' id='word_1_42' title='bbox 448 1038 627 1092; x_wconf 92' lang='lat' dir='ltr'>Deum</span> <span class='ocrx_word' id='word_1_43' title='bbox 667 1039 1167 1109; x_wconf 84' lang='lat' dir='ltr'>supernaturalem</span> <span class='ocrx_word' id='word_1_44' title='bbox 1210 1039 1532 1104; x_wconf 78' lang='lat' dir='ltr'>authorem,</span> <span class='ocrx_word' id='word_1_45' title='bbox 1572 1057 1634 1097; x_wconf 89' lang='lat' dir='ltr'>ac</span> 
     </span>
     <span class='ocr_line' id='line_1_12' title="bbox 269 1117 1634 1194; baseline 0.004 -21"><span class='ocrx_word' id='word_1_46' title='bbox 269 1117 518 1192; x_wconf 84' lang='lat' dir='ltr'>proinde</span> <span class='ocrx_word' id='word_1_47' title='bbox 564 1133 682 1175; x_wconf 91' lang='lat' dir='ltr'>non</span> <span class='ocrx_word' id='word_1_48' title='bbox 731 1134 891 1191; x_wconf 90' lang='lat' dir='ltr'>posse</span> <span class='ocrx_word' id='word_1_49' title='bbox 943 1118 1125 1176; x_wconf 93' lang='lat' dir='ltr'>deleri</span> <span class='ocrx_word' id='word_1_50' title='bbox 1173 1119 1380 1194; x_wconf 87' lang='lat' dir='ltr'>absque</span> <span class='ocrx_word' id='word_1_51' title='bbox 1415 1122 1634 1180; x_wconf 84' lang='lat' dir='ltr'>auxilio</span> 
     </span>
     <span class='ocr_line' id='line_1_13' title="bbox 270 1199 1632 1273; baseline 0.004 -19"><span class='ocrx_word' id='word_1_52' title='bbox 270 1199 704 1271; x_wconf 78' lang='lat' dir='ltr'>supernaturali</span> <span class='ocrx_word' id='word_1_53' title='bbox 744 1221 757 1255; x_wconf 90' lang='lat'><strong>:</strong></span> <span class='ocrx_word' id='word_1_54' title='bbox 788 1200 877 1255; x_wconf 93' lang='lat' dir='ltr'>cui</span> <span class='ocrx_word' id='word_1_55' title='bbox 906 1200 1182 1273; x_wconf 28' lang='lat' dir='ltr'>doc-trinae</span> <span class='ocrx_word' id='word_1_56' title='bbox 1225 1202 1468 1258; x_wconf 89' lang='lat' dir='ltr'>omnino</span> <span class='ocrx_word' id='word_1_57' title='bbox 1492 1219 1632 1259; x_wconf 90' lang='lat' dir='ltr'>con-</span> 
     </span>
     <span class='ocr_line' id='line_1_14' title="bbox 272 1279 1630 1354; baseline 0.002 -20"><span class='ocrx_word' id='word_1_58' title='bbox 272 1283 443 1336; x_wconf 91' lang='lat' dir='ltr'>sonat</span> <span class='ocrx_word' id='word_1_59' title='bbox 473 1280 571 1335; x_wconf 92' lang='lat' dir='ltr'>Dei</span> <span class='ocrx_word' id='word_1_60' title='bbox 602 1279 979 1351; x_wconf 85' lang='lat' dir='ltr'>providentia,</span> <span class='ocrx_word' id='word_1_61' title='bbox 1012 1297 1139 1353; x_wconf 78' lang='lat' dir='ltr'>quae</span> <span class='ocrx_word' id='word_1_62' title='bbox 1168 1281 1313 1337; x_wconf 88' lang='lat' dir='ltr'>illud</span> <span class='ocrx_word' id='word_1_63' title='bbox 1344 1287 1630 1354; x_wconf 88' lang='lat' dir='ltr'>peccatum</span> 
     </span>
     <span class='ocr_line' id='line_1_15' title="bbox 273 1361 1630 1434; baseline 0.003 -18"><span class='ocrx_word' id='word_1_64' title='bbox 273 1376 576 1433; x_wconf 90' lang='lat' dir='ltr'>nunquam</span> <span class='ocrx_word' id='word_1_65' title='bbox 608 1361 845 1417; x_wconf 87' lang='lat' dir='ltr'>remittit</span> <span class='ocrx_word' id='word_1_66' title='bbox 873 1362 1084 1434; x_wconf 83' lang='lat' dir='ltr'>absque</span> <span class='ocrx_word' id='word_1_67' title='bbox 1111 1363 1211 1419; x_wconf 86' lang='lat' dir='ltr'>tali</span> <span class='ocrx_word' id='word_1_68' title='bbox 1242 1365 1482 1421; x_wconf 86' lang='lat' dir='ltr'>auxilio.</span> <span class='ocrx_word' id='word_1_69' title='bbox 1513 1364 1630 1420; x_wconf 85' lang='lat' dir='ltr'>Ad-</span> 
     </span>
     <span class='ocr_line' id='line_1_16' title="bbox 274 1441 1630 1518; baseline 0.004 -20"><span class='ocrx_word' id='word_1_70' title='bbox 274 1441 522 1498; x_wconf 78' lang='lat' dir='ltr'>versarii</span> <span class='ocrx_word' id='word_1_71' title='bbox 552 1448 737 1499; x_wconf 88' lang='lat' dir='ltr'>autem</span> <span class='ocrx_word' id='word_1_72' title='bbox 758 1459 835 1499; x_wconf 80' lang='lat' dir='ltr'>ex</span> <span class='ocrx_word' id='word_1_73' title='bbox 865 1460 975 1500; x_wconf 89' lang='lat' dir='ltr'>una</span> <span class='ocrx_word' id='word_1_74' title='bbox 1021 1450 1182 1517; x_wconf 90' lang='lat' dir='ltr'>parte</span> <span class='ocrx_word' id='word_1_75' title='bbox 1220 1442 1434 1509; x_wconf 91' lang='lat' dir='ltr'>dicunt,</span> <span class='ocrx_word' id='word_1_76' title='bbox 1469 1462 1630 1518; x_wconf 91' lang='lat' dir='ltr'>posse</span> 
     </span>
     <span class='ocr_line' id='line_1_17' title="bbox 275 1522 1629 1599; baseline 0.003 -20"><span class='ocrx_word' id='word_1_77' title='bbox 275 1522 589 1580; x_wconf 89' lang='lat' dir='ltr'>secundum</span> <span class='ocrx_word' id='word_1_78' title='bbox 638 1532 974 1597; x_wconf 69' lang='lat' dir='ltr'>praesentem</span> <span class='ocrx_word' id='word_1_79' title='bbox 1032 1524 1452 1599; x_wconf 86' lang='lat' dir='ltr'>providentiam</span> <span class='ocrx_word' id='word_1_80' title='bbox 1501 1525 1629 1583; x_wconf 91' lang='lat' dir='ltr'>dari</span> 
     </span>
     <span class='ocr_line' id='line_1_18' title="bbox 272 1604 1628 1680; baseline 0.002 -20"><span class='ocrx_word' id='word_1_81' title='bbox 272 1604 464 1677; x_wconf 90' lang='lat' dir='ltr'>aliqua</span> <span class='ocrx_word' id='word_1_82' title='bbox 492 1610 712 1677; x_wconf 86' lang='lat' dir='ltr'>peccata</span> <span class='ocrx_word' id='word_1_83' title='bbox 750 1606 968 1680; x_wconf 88' lang='lat' dir='ltr'>gravia,</span> <span class='ocrx_word' id='word_1_84' title='bbox 995 1622 1121 1679; x_wconf 79' lang='lat' dir='ltr'>quae</span> <span class='ocrx_word' id='word_1_85' title='bbox 1162 1623 1193 1663; x_wconf 91' lang='lat' dir='ltr'>a</span> <span class='ocrx_word' id='word_1_86' title='bbox 1236 1608 1347 1663; x_wconf 92' lang='lat' dir='ltr'>Deo</span> <span class='ocrx_word' id='word_1_87' title='bbox 1376 1606 1491 1664; x_wconf 88' lang='lat' dir='ltr'>fine</span> <span class='ocrx_word' id='word_1_88' title='bbox 1529 1625 1628 1663; x_wconf 91' lang='lat' dir='ltr'>su-</span> 
     </span>
     <span class='ocr_line' id='line_1_19' title="bbox 274 1686 1629 1763; baseline 0.005 -21"><span class='ocrx_word' id='word_1_89' title='bbox 274 1686 630 1760; x_wconf 90' lang='lat' dir='ltr'>pernaturali</span> <span class='ocrx_word' id='word_1_90' title='bbox 659 1703 775 1744; x_wconf 92' lang='lat' dir='ltr'>non</span> <span class='ocrx_word' id='word_1_91' title='bbox 805 1695 1085 1752; x_wconf 81' lang='lat' dir='ltr'>avertant,</span> <span class='ocrx_word' id='word_1_92' title='bbox 1117 1693 1174 1746; x_wconf 93' lang='lat' dir='ltr'>et</span> <span class='ocrx_word' id='word_1_93' title='bbox 1218 1706 1344 1762; x_wconf 78' lang='lat' dir='ltr'>quae</span> <span class='ocrx_word' id='word_1_94' title='bbox 1387 1690 1629 1763; x_wconf 88' lang='lat' dir='ltr'>proinde</span> 
     </span>
     <span class='ocr_line' id='line_1_20' title="bbox 269 1771 1628 1842; baseline 0.004 -18"><span class='ocrx_word' id='word_1_95' title='bbox 269 1784 341 1825; x_wconf 83' lang='lat' dir='ltr'>ex</span> <span class='ocrx_word' id='word_1_96' title='bbox 368 1776 574 1825; x_wconf 89' lang='lat' dir='ltr'>natura</span> <span class='ocrx_word' id='word_1_97' title='bbox 600 1786 703 1827; x_wconf 90' lang='lat' dir='ltr'>sua</span> <span class='ocrx_word' id='word_1_98' title='bbox 733 1775 956 1842; x_wconf 84' lang='lat' dir='ltr'>possent</span> <span class='ocrx_word' id='word_1_99' title='bbox 996 1771 1137 1828; x_wconf 88' lang='lat' dir='ltr'>citra</span> <span class='ocrx_word' id='word_1_100' title='bbox 1165 1787 1336 1828; x_wconf 91' lang='lat' dir='ltr'>omne</span> <span class='ocrx_word' id='word_1_101' title='bbox 1376 1773 1628 1829; x_wconf 90' lang='lat' dir='ltr'>miracu-</span> 
     </span>
     <span class='ocr_line' id='line_1_21' title="bbox 275 1849 1630 1927; baseline 0.005 -22"><span class='ocrx_word' id='word_1_102' title='bbox 275 1849 398 1906; x_wconf 87' lang='lat' dir='ltr'>lum</span> <span class='ocrx_word' id='word_1_103' title='bbox 428 1850 634 1925; x_wconf 86' lang='lat' dir='ltr'>absque</span> <span class='ocrx_word' id='word_1_104' title='bbox 659 1853 845 1927; x_wconf 88' lang='lat' dir='ltr'>gratia</span> <span class='ocrx_word' id='word_1_105' title='bbox 883 1853 1308 1925; x_wconf 85' lang='lat' dir='ltr'>supernaturali</span> <span class='ocrx_word' id='word_1_106' title='bbox 1338 1852 1544 1918; x_wconf 89' lang='lat' dir='ltr'>deleri;</span> <span class='ocrx_word' id='word_1_107' title='bbox 1572 1860 1630 1912; x_wconf 91' lang='lat' dir='ltr'>et</span> 
     </span>
     <span class='ocr_line' id='line_1_22' title="bbox 274 1933 1627 2008; baseline 0.004 -20"><span class='ocrx_word' id='word_1_108' title='bbox 274 1948 345 1989; x_wconf 83' lang='lat' dir='ltr'>ex</span> <span class='ocrx_word' id='word_1_109' title='bbox 371 1934 487 1990; x_wconf 91' lang='lat' dir='ltr'>alia</span> <span class='ocrx_word' id='word_1_110' title='bbox 510 1939 670 2007; x_wconf 89' lang='lat' dir='ltr'>parte</span> <span class='ocrx_word' id='word_1_111' title='bbox 704 1933 902 1991; x_wconf 88' lang='lat' dir='ltr'>dicunt</span> <span class='ocrx_word' id='word_1_112' title='bbox 926 1935 1082 2007; x_wconf 90' lang='lat' dir='ltr'>(quia</span> <span class='ocrx_word' id='word_1_113' title='bbox 1109 1935 1431 2008; x_wconf 87' lang='lat' dir='ltr'>oppositum</span> <span class='ocrx_word' id='word_1_114' title='bbox 1467 1938 1627 1995; x_wconf 82' lang='lat' dir='ltr'>salva</span> 
     </span>
     <span class='ocr_line' id='line_1_23' title="bbox 271 2013 1624 2090; baseline 0.004 -19"><span class='ocrx_word' id='word_1_115' title='bbox 271 2013 381 2072; x_wconf 88' lang='lat' dir='ltr'>fide</span> <span class='ocrx_word' id='word_1_116' title='bbox 404 2016 591 2073; x_wconf 88' lang='lat' dir='ltr'>dicere</span> <span class='ocrx_word' id='word_1_117' title='bbox 620 2032 736 2073; x_wconf 91' lang='lat' dir='ltr'>non</span> <span class='ocrx_word' id='word_1_118' title='bbox 782 2019 1035 2088; x_wconf 89' lang='lat' dir='ltr'>possunt)</span> <span class='ocrx_word' id='word_1_119' title='bbox 1064 2018 1294 2073; x_wconf 89' lang='lat' dir='ltr'>nullum</span> <span class='ocrx_word' id='word_1_120' title='bbox 1338 2025 1624 2090; x_wconf 86' lang='lat' dir='ltr'>peccatum</span> 
     </span>
     <span class='ocr_line' id='line_1_24' title="bbox 268 2094 1626 2170; baseline 0.003 -18"><span class='ocrx_word' id='word_1_121' title='bbox 268 2094 337 2153; x_wconf 90' lang='lat' dir='ltr'>de</span> <span class='ocrx_word' id='word_1_122' title='bbox 357 2097 517 2166; x_wconf 80' lang='lat' dir='ltr'>facto,</span> <span class='ocrx_word' id='word_1_123' title='bbox 543 2102 598 2154; x_wconf 91' lang='lat' dir='ltr'>et</span> <span class='ocrx_word' id='word_1_124' title='bbox 617 2096 931 2153; x_wconf 89' lang='lat' dir='ltr'>secundum</span> <span class='ocrx_word' id='word_1_125' title='bbox 950 2103 1285 2170; x_wconf 81' lang='lat' dir='ltr'>praesentem</span> <span class='ocrx_word' id='word_1_126' title='bbox 1312 2098 1626 2170; x_wconf 89' lang='lat' dir='ltr'>providen-</span> 
     </span>
     <span class='ocr_line' id='line_1_25' title="bbox 269 2179 1626 2253; baseline 0.004 -21"><span class='ocrx_word' id='word_1_127' title='bbox 269 2179 407 2235; x_wconf 88' lang='lat' dir='ltr'>tiam</span> <span class='ocrx_word' id='word_1_128' title='bbox 450 2180 668 2237; x_wconf 79' lang='lat' dir='ltr'>auferri</span> <span class='ocrx_word' id='word_1_129' title='bbox 710 2195 870 2253; x_wconf 90' lang='lat' dir='ltr'>posse</span> <span class='ocrx_word' id='word_1_130' title='bbox 921 2179 1130 2252; x_wconf 84' lang='lat' dir='ltr'>absque</span> <span class='ocrx_word' id='word_1_131' title='bbox 1169 2183 1626 2252; x_wconf 86' lang='lat' dir='ltr'>supernaturalis</span> 
     </span>
     <span class='ocr_line' id='line_1_26' title="bbox 273 2260 1626 2334; baseline 0.001 -19"><span class='ocrx_word' id='word_1_132' title='bbox 273 2262 464 2334; x_wconf 82' lang='lat' dir='ltr'>gratiae</span> <span class='ocrx_word' id='word_1_133' title='bbox 480 2261 791 2318; x_wconf 84' lang='lat' dir='ltr'>infusione.</span> <span class='ocrx_word' id='word_1_134' title='bbox 812 2263 858 2315; x_wconf 69' lang='lat'>13</span> <span class='ocrx_word' id='word_1_135' title='bbox 864 2260 973 2317; x_wconf 90' lang='lat' dir='ltr'>nde</span> <span class='ocrx_word' id='word_1_136' title='bbox 994 2260 1443 2317; x_wconf 76' lang='lat' dir='ltr'>discordantiam</span> <span class='ocrx_word' id='word_1_137' title='bbox 1468 2264 1626 2319; x_wconf 88' lang='lat' dir='ltr'>cons-</span> 
     </span>
     <span class='ocr_line' id='line_1_27' title="bbox 273 2341 1624 2413; baseline 0.003 -18"><span class='ocrx_word' id='word_1_138' title='bbox 273 2341 485 2405; x_wconf 83' lang='lat' dir='ltr'>tituunt</span> <span class='ocrx_word' id='word_1_139' title='bbox 517 2343 665 2397; x_wconf 90' lang='lat' dir='ltr'>inter</span> <span class='ocrx_word' id='word_1_140' title='bbox 693 2348 925 2397; x_wconf 88' lang='lat' dir='ltr'>naturas</span> <span class='ocrx_word' id='word_1_141' title='bbox 957 2357 1172 2406; x_wconf 91' lang='lat' dir='ltr'>rerum,</span> <span class='ocrx_word' id='word_1_142' title='bbox 1206 2348 1259 2397; x_wconf 90' lang='lat' dir='ltr'>et</span> <span class='ocrx_word' id='word_1_143' title='bbox 1288 2349 1624 2413; x_wconf 78' lang='lat' dir='ltr'>praesentem</span> 
     </span>
     <span class='ocr_line' id='line_1_28' title="bbox 275 2421 1625 2495; baseline 0.003 -18"><span class='ocrx_word' id='word_1_144' title='bbox 275 2421 731 2495; x_wconf 85' lang='lat' dir='ltr'>providentiam;</span> <span class='ocrx_word' id='word_1_145' title='bbox 760 2428 815 2477; x_wconf 90' lang='lat' dir='ltr'>et</span> <span class='ocrx_word' id='word_1_146' title='bbox 859 2421 1005 2477; x_wconf 91' lang='lat' dir='ltr'>hanc</span> <span class='ocrx_word' id='word_1_147' title='bbox 1041 2438 1170 2478; x_wconf 90' lang='lat' dir='ltr'>cum</span> <span class='ocrx_word' id='word_1_148' title='bbox 1217 2422 1336 2477; x_wconf 91' lang='lat' dir='ltr'>illis</span> <span class='ocrx_word' id='word_1_149' title='bbox 1379 2422 1625 2481; x_wconf 90' lang='lat' dir='ltr'>minime</span> 
     </span>
     <span class='ocr_line' id='line_1_29' title="bbox 275 2502 603 2559; baseline 0 -1"><span class='ocrx_word' id='word_1_150' title='bbox 275 2502 603 2559; x_wconf 89' lang='lat' dir='ltr'>conciliant.</span> 
     </span>
    </p>

    <p class='ocr_par' dir='ltr' id='par_1_6' title="bbox 244 2583 1624 5084">
     <span class='ocr_line' id='line_1_30' title="bbox 346 2583 1624 2643; baseline 0.001 -3"><span class='ocrx_word' id='word_1_151' title='bbox 346 2583 732 2643; x_wconf 81' lang='lat' dir='ltr'>confirmatur</span> <span class='ocrx_word' id='word_1_152' title='bbox 758 2583 1098 2642; x_wconf 89' lang='lat' dir='ltr'>occurrendo</span> <span class='ocrx_word' id='word_1_153' title='bbox 1118 2584 1489 2643; x_wconf 83' lang='lat' dir='ltr'>simultacitae</span> <span class='ocrx_word' id='word_1_154' title='bbox 1508 2585 1624 2642; x_wconf 88' lang='lat' dir='ltr'>cui-</span> 
     </span>
     <span class='ocr_line' id='line_1_31' title="bbox 274 2664 1622 2741; baseline 0.003 -21"><span class='ocrx_word' id='word_1_155' title='bbox 274 2664 405 2722; x_wconf 86' lang='lat' dir='ltr'>dam</span> <span class='ocrx_word' id='word_1_156' title='bbox 430 2665 758 2739; x_wconf 88' lang='lat' dir='ltr'>objectioni;</span> <span class='ocrx_word' id='word_1_157' title='bbox 783 2681 916 2721; x_wconf 90' lang='lat' dir='ltr'>nam</span> <span class='ocrx_word' id='word_1_158' title='bbox 941 2666 1066 2723; x_wconf 90' lang='lat' dir='ltr'>ideo</span> <span class='ocrx_word' id='word_1_159' title='bbox 1088 2667 1217 2722; x_wconf 88' lang='lat' dir='ltr'>licet</span> <span class='ocrx_word' id='word_1_160' title='bbox 1240 2667 1409 2724; x_wconf 91' lang='lat' dir='ltr'>homo</span> <span class='ocrx_word' id='word_1_161' title='bbox 1430 2668 1622 2741; x_wconf 88' lang='lat' dir='ltr'>lapsus</span> 
     </span>
     <span class='ocr_line' id='line_1_32' title="bbox 270 2745 1619 2820; baseline 0.003 -19"><span class='ocrx_word' id='word_1_162' title='bbox 270 2745 476 2802; x_wconf 91' lang='lat' dir='ltr'>habeat</span> <span class='ocrx_word' id='word_1_163' title='bbox 502 2745 727 2803; x_wconf 90' lang='lat' dir='ltr'>easdem</span> <span class='ocrx_word' id='word_1_164' title='bbox 750 2747 920 2805; x_wconf 88' lang='lat' dir='ltr'>vires.</span> <span class='ocrx_word' id='word_1_165' title='bbox 950 2764 1088 2820; x_wconf 90' lang='lat' dir='ltr'>quas</span> <span class='ocrx_word' id='word_1_166' title='bbox 1117 2746 1351 2803; x_wconf 90' lang='lat' dir='ltr'>haberet</span> <span class='ocrx_word' id='word_1_167' title='bbox 1380 2748 1441 2804; x_wconf 91' lang='lat' dir='ltr'>in</span> <span class='ocrx_word' id='word_1_168' title='bbox 1470 2754 1619 2805; x_wconf 90' lang='lat' dir='ltr'>statu</span> 
     </span>
     <span class='ocr_line' id='line_1_33' title="bbox 268 2831 1622 2906; baseline 0.003 -21"><span class='ocrx_word' id='word_1_169' title='bbox 268 2846 565 2905; x_wconf 91' lang='lat' dir='ltr'>purorum,</span> <span class='ocrx_word' id='word_1_170' title='bbox 592 2834 647 2886; x_wconf 91' lang='lat' dir='ltr'>et</span> <span class='ocrx_word' id='word_1_171' title='bbox 667 2835 1075 2903; x_wconf 87' lang='lat' dir='ltr'>consequenter</span> <span class='ocrx_word' id='word_1_172' title='bbox 1097 2832 1358 2903; x_wconf 81' lang='lat' dir='ltr'>quamvis</span> <span class='ocrx_word' id='word_1_173' title='bbox 1378 2831 1622 2906; x_wconf 83' lang='lat' dir='ltr'>gaudeat</span> 
     </span>
     <span class='ocr_line' id='line_1_34' title="bbox 263 2907 1617 2987; baseline 0.001 -18"><span class='ocrx_word' id='word_1_174' title='bbox 263 2912 460 2969; x_wconf 88' lang='lat' dir='ltr'>eadem</span> <span class='ocrx_word' id='word_1_175' title='bbox 490 2911 743 2985; x_wconf 85' lang='lat' dir='ltr'>potentia</span> <span class='ocrx_word' id='word_1_176' title='bbox 767 2907 1119 2966; x_wconf 87' lang='lat' dir='ltr'>antecedenti</span> <span class='ocrx_word' id='word_1_177' title='bbox 1150 2910 1217 2967; x_wconf 90' lang='lat' dir='ltr'>ad</span> <span class='ocrx_word' id='word_1_178' title='bbox 1260 2911 1617 2987; x_wconf 90' lang='lat' dir='ltr'>diligendum</span> 
     </span>
     <span class='ocr_line' id='line_1_35' title="bbox 266 2991 1619 3068; baseline 0.001 -18"><span class='ocrx_word' id='word_1_179' title='bbox 266 3009 463 3050; x_wconf 90' lang='lat' dir='ltr'>amore</span> <span class='ocrx_word' id='word_1_180' title='bbox 486 2991 738 3050; x_wconf 90' lang='lat' dir='ltr'>naturali</span> <span class='ocrx_word' id='word_1_181' title='bbox 763 2993 941 3048; x_wconf 86' lang='lat' dir='ltr'>Deum</span> <span class='ocrx_word' id='word_1_182' title='bbox 960 2992 1231 3048; x_wconf 85' lang='lat' dir='ltr'>ultimum</span> <span class='ocrx_word' id='word_1_183' title='bbox 1249 2992 1424 3050; x_wconf 86' lang='lat' dir='ltr'>finem</span> <span class='ocrx_word' id='word_1_184' title='bbox 1446 3011 1619 3068; x_wconf 87' lang='lat' dir='ltr'>super</span> 
     </span>
     <span class='ocr_line' id='line_1_36' title="bbox 262 3071 1613 3147; baseline 0 -16"><span class='ocrx_word' id='word_1_185' title='bbox 262 3073 481 3142; x_wconf 89' lang='lat' dir='ltr'>omnia,</span> <span class='ocrx_word' id='word_1_186' title='bbox 513 3089 625 3146; x_wconf 89' lang='lat' dir='ltr'>qua</span> <span class='ocrx_word' id='word_1_187' title='bbox 668 3071 949 3147; x_wconf 85' lang='lat' dir='ltr'>gaudebat</span> <span class='ocrx_word' id='word_1_188' title='bbox 996 3073 1057 3128; x_wconf 90' lang='lat' dir='ltr'>in</span> <span class='ocrx_word' id='word_1_189' title='bbox 1104 3078 1250 3128; x_wconf 89' lang='lat' dir='ltr'>statu</span> <span class='ocrx_word' id='word_1_190' title='bbox 1301 3090 1613 3146; x_wconf 90' lang='lat' dir='ltr'>purorum;</span> 
     </span>
     <span class='ocr_line' id='line_1_37' title="bbox 261 3153 1616 3228; baseline 0 -18"><span class='ocrx_word' id='word_1_191' title='bbox 261 3153 649 3210; x_wconf 90' lang='lat' dir='ltr'>nihilominus</span> <span class='ocrx_word' id='word_1_192' title='bbox 664 3169 780 3209; x_wconf 97' lang='lat' dir='ltr'>non</span> <span class='ocrx_word' id='word_1_193' title='bbox 793 3158 971 3225; x_wconf 89' lang='lat' dir='ltr'>potest</span> <span class='ocrx_word' id='word_1_194' title='bbox 989 3153 1237 3225; x_wconf 88' lang='lat' dir='ltr'>potentia</span> <span class='ocrx_word' id='word_1_195' title='bbox 1251 3156 1616 3228; x_wconf 87' lang='lat' dir='ltr'>consequenti</span> 
     </span>
     <span class='ocr_line' id='line_1_38' title="bbox 257 3233 1617 3307; baseline 0.001 -17"><span class='ocrx_word' id='word_1_196' title='bbox 257 3233 594 3307; x_wconf 76' lang='lat' dir='ltr'>praedictum</span> <span class='ocrx_word' id='word_1_197' title='bbox 625 3249 881 3290; x_wconf 90' lang='lat' dir='ltr'>amorem</span> <span class='ocrx_word' id='word_1_198' title='bbox 928 3233 1153 3294; x_wconf 88' lang='lat' dir='ltr'>elicere;</span> <span class='ocrx_word' id='word_1_199' title='bbox 1181 3234 1317 3305; x_wconf 86' lang='lat' dir='ltr'>quia</span> <span class='ocrx_word' id='word_1_200' title='bbox 1356 3233 1427 3291; x_wconf 92' lang='lat' dir='ltr'>de</span> <span class='ocrx_word' id='word_1_201' title='bbox 1474 3235 1617 3292; x_wconf 85' lang='lat' dir='ltr'>facto</span> 
     </span>
     <span class='ocr_line' id='line_1_39' title="bbox 257 3313 1618 3380; baseline 0.001 -10"><span class='ocrx_word' id='word_1_202' title='bbox 257 3314 431 3371; x_wconf 88' lang='lat' dir='ltr'>habet</span> <span class='ocrx_word' id='word_1_203' title='bbox 471 3314 833 3371; x_wconf 82' lang='lat' dir='ltr'>aversionem</span> <span class='ocrx_word' id='word_1_204' title='bbox 875 3328 907 3368; x_wconf 90' lang='lat' dir='ltr'>a</span> <span class='ocrx_word' id='word_1_205' title='bbox 953 3315 1065 3368; x_wconf 90' lang='lat' dir='ltr'>Deo</span> <span class='ocrx_word' id='word_1_206' title='bbox 1113 3314 1369 3380; x_wconf 86' lang='lat' dir='ltr'>authore,</span> <span class='ocrx_word' id='word_1_207' title='bbox 1400 3319 1454 3371; x_wconf 90' lang='lat' dir='ltr'>et</span> <span class='ocrx_word' id='word_1_208' title='bbox 1501 3313 1618 3371; x_wconf 88' lang='lat' dir='ltr'>fine</span> 
     </span>
     <span class='ocr_line' id='line_1_40' title="bbox 256 3395 1618 3473; baseline -0.001 -20"><span class='ocrx_word' id='word_1_209' title='bbox 256 3397 685 3470; x_wconf 88' lang='lat' dir='ltr'>supernaturali</span> <span class='ocrx_word' id='word_1_210' title='bbox 721 3410 925 3469; x_wconf 90' lang='lat' dir='ltr'>:quam</span> <span class='ocrx_word' id='word_1_211' title='bbox 948 3395 1307 3473; x_wconf 79' lang='lat' dir='ltr'>aversionem</span> <span class='ocrx_word' id='word_1_212' title='bbox 1338 3412 1440 3452; x_wconf 92' lang='lat' dir='ltr'>nec</span> <span class='ocrx_word' id='word_1_213' title='bbox 1466 3397 1618 3453; x_wconf 87' lang='lat' dir='ltr'>valet</span> 
     </span>
     <span class='ocr_line' id='line_1_41' title="bbox 256 3478 1613 3550; baseline 0 -16"><span class='ocrx_word' id='word_1_214' title='bbox 256 3494 389 3534; x_wconf 90' lang='lat' dir='ltr'>cum</span> <span class='ocrx_word' id='word_1_215' title='bbox 432 3478 536 3534; x_wconf 88' lang='lat' dir='ltr'>illo</span> <span class='ocrx_word' id='word_1_216' title='bbox 576 3494 771 3535; x_wconf 89' lang='lat' dir='ltr'>amore</span> <span class='ocrx_word' id='word_1_217' title='bbox 798 3492 1157 3549; x_wconf 90' lang='lat' dir='ltr'>componere,</span> <span class='ocrx_word' id='word_1_218' title='bbox 1187 3492 1286 3533; x_wconf 88' lang='lat' dir='ltr'>nec</span> <span class='ocrx_word' id='word_1_219' title='bbox 1317 3494 1418 3550; x_wconf 89' lang='lat' dir='ltr'>per</span> <span class='ocrx_word' id='word_1_220' title='bbox 1446 3478 1613 3534; x_wconf 91' lang='lat' dir='ltr'>illum</span> 
     </span>
     <span class='ocr_line' id='line_1_42' title="bbox 255 3557 1615 3624; baseline -0.003 -8"><span class='ocrx_word' id='word_1_221' title='bbox 255 3575 517 3616; x_wconf 87' lang='lat' dir='ltr'>amorem</span> <span class='ocrx_word' id='word_1_222' title='bbox 561 3557 880 3624; x_wconf 85' lang='lat' dir='ltr'>excludere,</span> <span class='ocrx_word' id='word_1_223' title='bbox 926 3563 988 3613; x_wconf 91' lang='lat' dir='ltr'>ut</span> <span class='ocrx_word' id='word_1_224' title='bbox 1034 3559 1146 3614; x_wconf 90' lang='lat' dir='ltr'>late</span> <span class='ocrx_word' id='word_1_225' title='bbox 1194 3557 1615 3614; x_wconf 86' lang='lat' dir='ltr'>declaravimus</span> 
     </span>
     <span class='ocr_line' id='line_1_43' title="bbox 253 3641 1614 3712; baseline -0.004 -12"><span class='ocrx_word' id='word_1_226' title='bbox 253 3642 379 3700; x_wconf 89' lang='lat' dir='ltr'>loco</span> <span class='ocrx_word' id='word_1_227' title='bbox 425 3656 598 3712; x_wconf 88' lang='lat' dir='ltr'>supra</span> <span class='ocrx_word' id='word_1_228' title='bbox 642 3641 831 3704; x_wconf 88' lang='lat' dir='ltr'>citato,</span> <span class='ocrx_word' id='word_1_229' title='bbox 880 3641 1005 3696; x_wconf 81' lang='lat' dir='ltr'>dub.</span> <span class='ocrx_word' id='word_1_230' title='bbox 1037 3643 1096 3695; x_wconf 89' lang='grc'>4.</span> <span class='ocrx_word' id='word_1_231' title='bbox 1138 3641 1194 3696; x_wconf 90' lang='lat' dir='ltr'>Si</span> <span class='ocrx_word' id='word_1_232' title='bbox 1239 3646 1429 3696; x_wconf 86' lang='lat' dir='ltr'>autem</span> <span class='ocrx_word' id='word_1_233' title='bbox 1470 3645 1614 3697; x_wconf 91' lang='lat' dir='ltr'>esset</span> 
     </span>
     <span class='ocr_line' id='line_1_44' title="bbox 253 3723 1615 3796; baseline -0.004 -14"><span class='ocrx_word' id='word_1_234' title='bbox 253 3731 493 3782; x_wconf 83' lang='lat' dir='ltr'>aversus</span> <span class='ocrx_word' id='word_1_235' title='bbox 516 3724 752 3796; x_wconf 81' lang='lat' dir='ltr'>praecise</span> <span class='ocrx_word' id='word_1_236' title='bbox 768 3740 799 3779; x_wconf 88' lang='lat' dir='ltr'>a</span> <span class='ocrx_word' id='word_1_237' title='bbox 816 3726 928 3780; x_wconf 91' lang='lat' dir='ltr'>Deo</span> <span class='ocrx_word' id='word_1_238' title='bbox 944 3723 1181 3779; x_wconf 88' lang='lat' dir='ltr'>authore</span> <span class='ocrx_word' id='word_1_239' title='bbox 1197 3723 1467 3788; x_wconf 87' lang='lat' dir='ltr'>naturali,</span> <span class='ocrx_word' id='word_1_240' title='bbox 1492 3738 1615 3794; x_wconf 91' lang='lat' dir='ltr'>pos-</span> 
     </span>
     <span class='ocr_line' id='line_1_45' title="bbox 248 3803 1614 3879; baseline -0.002 -17"><span class='ocrx_word' id='word_1_241' title='bbox 248 3812 334 3863; x_wconf 88' lang='lat' dir='ltr'>set</span> <span class='ocrx_word' id='word_1_242' title='bbox 363 3823 465 3879; x_wconf 90' lang='lat' dir='ltr'>per</span> <span class='ocrx_word' id='word_1_243' title='bbox 493 3803 724 3862; x_wconf 89' lang='lat' dir='ltr'>easdem</span> <span class='ocrx_word' id='word_1_244' title='bbox 754 3806 906 3862; x_wconf 84' lang='lat' dir='ltr'>vires</span> <span class='ocrx_word' id='word_1_245' title='bbox 945 3811 1000 3862; x_wconf 87' lang='lat' dir='ltr'>et</span> <span class='ocrx_word' id='word_1_246' title='bbox 1027 3807 1205 3862; x_wconf 89' lang='lat' dir='ltr'>Deum</span> <span class='ocrx_word' id='word_1_247' title='bbox 1234 3804 1411 3860; x_wconf 87' lang='lat' dir='ltr'>finem</span> <span class='ocrx_word' id='word_1_248' title='bbox 1440 3809 1614 3860; x_wconf 91' lang='lat' dir='ltr'>natu-</span> 
     </span>
     <span class='ocr_line' id='line_1_46' title="bbox 250 3885 1610 3960; baseline -0.002 -17"><span class='ocrx_word' id='word_1_249' title='bbox 250 3888 437 3943; x_wconf 89' lang='lat' dir='ltr'>ralem</span> <span class='ocrx_word' id='word_1_250' title='bbox 485 3885 744 3960; x_wconf 87' lang='lat' dir='ltr'>diligere,</span> <span class='ocrx_word' id='word_1_251' title='bbox 788 3891 845 3942; x_wconf 89' lang='lat' dir='ltr'>et</span> <span class='ocrx_word' id='word_1_252' title='bbox 889 3887 1205 3960; x_wconf 85' lang='lat' dir='ltr'>oppositam</span> <span class='ocrx_word' id='word_1_253' title='bbox 1249 3885 1610 3941; x_wconf 78' lang='lat' dir='ltr'>aversionem</span> 
     </span>
     <span class='ocr_line' id='line_1_47' title="bbox 249 3964 1613 4034; baseline -0.003 -9"><span class='ocrx_word' id='word_1_254' title='bbox 249 3967 595 4034; x_wconf 84' lang='lat' dir='ltr'>excludere;</span> <span class='ocrx_word' id='word_1_255' title='bbox 641 3985 776 4024; x_wconf 88' lang='lat' dir='ltr'>nam</span> <span class='ocrx_word' id='word_1_256' title='bbox 814 3985 975 4025; x_wconf 90' lang='lat' dir='ltr'>amor</span> <span class='ocrx_word' id='word_1_257' title='bbox 1017 3968 1116 4023; x_wconf 92' lang='lat' dir='ltr'>Dei</span> <span class='ocrx_word' id='word_1_258' title='bbox 1159 3966 1439 4023; x_wconf 88' lang='lat' dir='ltr'>naturalis</span> <span class='ocrx_word' id='word_1_259' title='bbox 1480 3964 1613 4021; x_wconf 87' lang='lat' dir='ltr'>finis</span> 
     </span>
     <span class='ocr_line' id='line_1_48' title="bbox 247 4046 1609 4104; baseline -0.001 -1"><span class='ocrx_word' id='word_1_260' title='bbox 247 4046 536 4103; x_wconf 85' lang='lat' dir='ltr'>sufficiens</span> <span class='ocrx_word' id='word_1_261' title='bbox 574 4054 656 4104; x_wconf 92' lang='lat' dir='ltr'>est</span> <span class='ocrx_word' id='word_1_262' title='bbox 696 4048 764 4104; x_wconf 82' lang='lat' dir='ltr'>ad</span> <span class='ocrx_word' id='word_1_263' title='bbox 804 4046 1205 4104; x_wconf 86' lang='lat' dir='ltr'>destruendam</span> <span class='ocrx_word' id='word_1_264' title='bbox 1248 4046 1609 4102; x_wconf 86' lang='lat' dir='ltr'>aversionem</span> 
     </span>
     <span class='ocr_line' id='line_1_49' title="bbox 250 4126 1613 4194; baseline -0.002 -9"><span class='ocrx_word' id='word_1_265' title='bbox 250 4143 284 4185; x_wconf 87' lang='lat' dir='ltr'>a</span> <span class='ocrx_word' id='word_1_266' title='bbox 324 4130 440 4184; x_wconf 90' lang='lat' dir='ltr'>Deo</span> <span class='ocrx_word' id='word_1_267' title='bbox 489 4126 603 4184; x_wconf 88' lang='lat' dir='ltr'>fine</span> <span class='ocrx_word' id='word_1_268' title='bbox 638 4128 888 4184; x_wconf 88' lang='lat' dir='ltr'>naturali</span> <span class='ocrx_word' id='word_1_269' title='bbox 920 4151 934 4194; x_wconf 94' lang='lat'>;</span> <span class='ocrx_word' id='word_1_270' title='bbox 974 4127 1116 4184; x_wconf 92' lang='lat' dir='ltr'>sicut</span> <span class='ocrx_word' id='word_1_271' title='bbox 1163 4132 1316 4183; x_wconf 90' lang='lat' dir='ltr'>actus</span> <span class='ocrx_word' id='word_1_272' title='bbox 1361 4126 1613 4182; x_wconf 72' lang='lat' dir='ltr'>scientim</span> 
     </span>
     <span class='ocr_line' id='line_1_50' title="bbox 252 4206 1610 4265; baseline -0.002 0"><span class='ocrx_word' id='word_1_273' title='bbox 252 4208 539 4265; x_wconf 87' lang='lat' dir='ltr'>naturalis</span> <span class='ocrx_word' id='word_1_274' title='bbox 592 4209 793 4265; x_wconf 90' lang='lat' dir='ltr'>sufficit</span> <span class='ocrx_word' id='word_1_275' title='bbox 845 4208 913 4264; x_wconf 93' lang='lat' dir='ltr'>ad</span> <span class='ocrx_word' id='word_1_276' title='bbox 974 4206 1293 4264; x_wconf 90' lang='lat' dir='ltr'>tollendum</span> <span class='ocrx_word' id='word_1_277' title='bbox 1349 4222 1610 4263; x_wconf 92' lang='lat' dir='ltr'>errorem</span> 
     </span>
     <span class='ocr_line' id='line_1_51' title="bbox 249 4285 1610 4363; baseline -0.004 -16"><span class='ocrx_word' id='word_1_278' title='bbox 249 4289 597 4363; x_wconf 90' lang='lat' dir='ltr'>oppositum.</span> <span class='ocrx_word' id='word_1_279' title='bbox 624 4290 692 4343; x_wconf 88' lang='lat' dir='ltr'>Et</span> <span class='ocrx_word' id='word_1_280' title='bbox 711 4291 790 4345; x_wconf 90' lang='lat' dir='ltr'>sic</span> <span class='ocrx_word' id='word_1_281' title='bbox 813 4305 927 4346; x_wconf 92' lang='lat' dir='ltr'>non</span> <span class='ocrx_word' id='word_1_282' title='bbox 949 4290 1136 4346; x_wconf 89' lang='lat' dir='ltr'>solum</span> <span class='ocrx_word' id='word_1_283' title='bbox 1154 4293 1298 4344; x_wconf 87' lang='lat' dir='ltr'>esset</span> <span class='ocrx_word' id='word_1_284' title='bbox 1319 4294 1519 4360; x_wconf 88' lang='lat' dir='ltr'>potens</span> <span class='ocrx_word' id='word_1_285' title='bbox 1540 4285 1610 4343; x_wconf 90' lang='lat' dir='ltr'>ad</span> 
     </span>
     <span class='ocr_line' id='line_1_52' title="bbox 250 4367 1610 4441; baseline -0.001 -15"><span class='ocrx_word' id='word_1_286' title='bbox 250 4384 512 4426; x_wconf 90' lang='lat' dir='ltr'>amorem</span> <span class='ocrx_word' id='word_1_287' title='bbox 561 4367 871 4424; x_wconf 87' lang='lat' dir='ltr'>secundum</span> <span class='ocrx_word' id='word_1_288' title='bbox 899 4385 977 4434; x_wconf 89' lang='lat' dir='ltr'>se,</span> <span class='ocrx_word' id='word_1_289' title='bbox 1009 4373 1064 4425; x_wconf 87' lang='lat' dir='ltr'>et</span> <span class='ocrx_word' id='word_1_290' title='bbox 1105 4368 1353 4441; x_wconf 87' lang='lat' dir='ltr'>potentia</span> <span class='ocrx_word' id='word_1_291' title='bbox 1383 4374 1610 4424; x_wconf 81' lang='lat' dir='ltr'>antece·-</span> 
     </span>
     <span class='ocr_line' id='line_1_53' title="bbox 248 4447 1609 4516; baseline 0 -11"><span class='ocrx_word' id='word_1_292' title='bbox 248 4449 442 4516; x_wconf 84' lang='lat' dir='ltr'>denti;</span> <span class='ocrx_word' id='word_1_293' title='bbox 466 4447 565 4505; x_wconf 91' lang='lat' dir='ltr'>sed</span> <span class='ocrx_word' id='word_1_294' title='bbox 587 4448 760 4504; x_wconf 88' lang='lat' dir='ltr'>etiam</span> <span class='ocrx_word' id='word_1_295' title='bbox 786 4448 854 4505; x_wconf 92' lang='lat' dir='ltr'>ad</span> <span class='ocrx_word' id='word_1_296' title='bbox 878 4465 1133 4505; x_wconf 89' lang='lat' dir='ltr'>amorem</span> <span class='ocrx_word' id='word_1_297' title='bbox 1159 4454 1219 4504; x_wconf 92' lang='lat' dir='ltr'>ut</span> <span class='ocrx_word' id='word_1_298' title='bbox 1238 4448 1484 4505; x_wconf 84' lang='lat' dir='ltr'>exercite</span> <span class='ocrx_word' id='word_1_299' title='bbox 1505 4465 1609 4505; x_wconf 87' lang='lat' dir='ltr'>ex-</span> 
     </span>
     <span class='ocr_line' id='line_1_54' title="bbox 249 4528 1610 4603; baseline -0.001 -18"><span class='ocrx_word' id='word_1_300' title='bbox 249 4530 561 4603; x_wconf 89' lang='lat' dir='ltr'>pellentem</span> <span class='ocrx_word' id='word_1_301' title='bbox 609 4528 969 4586; x_wconf 87' lang='lat' dir='ltr'>aversionem</span> <span class='ocrx_word' id='word_1_302' title='bbox 1017 4530 1353 4602; x_wconf 81' lang='lat' dir='ltr'>oppositam,</span> <span class='ocrx_word' id='word_1_303' title='bbox 1405 4534 1460 4585; x_wconf 90' lang='lat' dir='ltr'>et</span> <span class='ocrx_word' id='word_1_304' title='bbox 1507 4544 1610 4600; x_wconf 87' lang='lat' dir='ltr'>po·-</span> 
     </span>
     <span class='ocr_line' id='line_1_55' title="bbox 246 4608 1609 4682; baseline -0.002 -14"><span class='ocrx_word' id='word_1_305' title='bbox 246 4610 429 4668; x_wconf 85' lang='lat' dir='ltr'>tentia</span> <span class='ocrx_word' id='word_1_306' title='bbox 468 4610 866 4681; x_wconf 85' lang='lat' dir='ltr'>consequenti;</span> <span class='ocrx_word' id='word_1_307' title='bbox 899 4614 1065 4682; x_wconf 89' lang='lat' dir='ltr'>atque</span> <span class='ocrx_word' id='word_1_308' title='bbox 1093 4608 1220 4667; x_wconf 90' lang='lat' dir='ltr'>ideo</span> <span class='ocrx_word' id='word_1_309' title='bbox 1250 4615 1434 4682; x_wconf 91' lang='lat' dir='ltr'>posset</span> <span class='ocrx_word' id='word_1_310' title='bbox 1460 4610 1609 4665; x_wconf 86' lang='lat' dir='ltr'>viri-</span> 
     </span>
     <span class='ocr_line' id='line_1_56' title="bbox 248 4687 1607 4747; baseline -0.001 0"><span class='ocrx_word' id='word_1_311' title='bbox 248 4689 354 4747; x_wconf 89' lang='lat' dir='ltr'>bus</span> <span class='ocrx_word' id='word_1_312' title='bbox 401 4687 766 4746; x_wconf 88' lang='lat' dir='ltr'>naturalibus</span> <span class='ocrx_word' id='word_1_313' title='bbox 809 4690 1110 4747; x_wconf 83' lang='lat' dir='ltr'>excludere</span> <span class='ocrx_word' id='word_1_314' title='bbox 1155 4706 1186 4745; x_wconf 89' lang='lat' dir='ltr'>a</span> <span class='ocrx_word' id='word_1_315' title='bbox 1226 4707 1285 4746; x_wconf 90' lang='lat' dir='ltr'>se</span> <span class='ocrx_word' id='word_1_316' title='bbox 1321 4692 1607 4747; x_wconf 88' lang='lat' dir='ltr'>maculam</span> 
     </span>
     <span class='ocr_line' id='line_1_57' title="bbox 250 4769 1606 4843; baseline -0.001 -18"><span class='ocrx_word' id='word_1_317' title='bbox 250 4771 457 4843; x_wconf 87' lang='lat' dir='ltr'>peccati</span> <span class='ocrx_word' id='word_1_318' title='bbox 501 4774 700 4825; x_wconf 90' lang='lat' dir='ltr'>contra</span> <span class='ocrx_word' id='word_1_319' title='bbox 727 4772 907 4825; x_wconf 90' lang='lat' dir='ltr'>Deum</span> <span class='ocrx_word' id='word_1_320' title='bbox 951 4769 1253 4826; x_wconf 86' lang='lat' dir='ltr'>authorem</span> <span class='ocrx_word' id='word_1_321' title='bbox 1283 4771 1606 4826; x_wconf 88' lang='lat' dir='ltr'>naturalem</span> 
     </span>
     <span class='ocr_line' id='line_1_58' title="bbox 246 4848 1609 4924; baseline -0.002 -17"><span class='ocrx_word' id='word_1_322' title='bbox 246 4849 558 4907; x_wconf 88' lang='lat' dir='ltr'>commissi.</span> <span class='ocrx_word' id='word_1_323' title='bbox 595 4851 736 4904; x_wconf 89' lang='lat' dir='ltr'>Cum</span> <span class='ocrx_word' id='word_1_324' title='bbox 758 4865 861 4924; x_wconf 90' lang='lat' dir='ltr'>ego</span> <span class='ocrx_word' id='word_1_325' title='bbox 899 4850 1093 4922; x_wconf 90' lang='lat' dir='ltr'>plures</span> <span class='ocrx_word' id='word_1_326' title='bbox 1121 4848 1353 4906; x_wconf 90' lang='lat' dir='ltr'>barbari</span> <span class='ocrx_word' id='word_1_327' title='bbox 1382 4853 1516 4913; x_wconf 89' lang='lat' dir='ltr'>sint,</span> <span class='ocrx_word' id='word_1_328' title='bbox 1549 4853 1609 4904; x_wconf 89' lang='lat' dir='ltr'>ut</span> 
     </span>
     <span class='ocr_line' id='line_1_59' title="bbox 244 4929 1609 5003; baseline 0.001 -18"><span class='ocrx_word' id='word_1_329' title='bbox 244 4929 584 4986; x_wconf 82' lang='lat' dir='ltr'>Adversarii</span> <span class='ocrx_word' id='word_1_330' title='bbox 613 4934 940 4996; x_wconf 86' lang='lat' dir='ltr'>autumant,</span> <span class='ocrx_word' id='word_1_331' title='bbox 967 4930 1153 4986; x_wconf 89' lang='lat' dir='ltr'>aversi</span> <span class='ocrx_word' id='word_1_332' title='bbox 1186 4931 1413 5003; x_wconf 81' lang='lat' dir='ltr'>praecise</span> <span class='ocrx_word' id='word_1_333' title='bbox 1441 4946 1472 4986; x_wconf 91' lang='lat' dir='ltr'>a</span> <span class='ocrx_word' id='word_1_334' title='bbox 1496 4931 1609 4986; x_wconf 93' lang='lat' dir='ltr'>Deo</span> 
     </span>
     <span class='ocr_line' id='line_1_60' title="bbox 247 5010 1604 5084; baseline -0.001 -17"><span class='ocrx_word' id='word_1_335' title='bbox 247 5010 487 5068; x_wconf 84' lang='lat' dir='ltr'>authore</span> <span class='ocrx_word' id='word_1_336' title='bbox 529 5011 806 5077; x_wconf 90' lang='lat' dir='ltr'>naturali,</span> <span class='ocrx_word' id='word_1_337' title='bbox 843 5011 1103 5083; x_wconf 91' lang='lat' dir='ltr'>sequitur</span> <span class='ocrx_word' id='word_1_338' title='bbox 1141 5011 1289 5084; x_wconf 90' lang='lat' dir='ltr'>quod</span> <span class='ocrx_word' id='word_1_339' title='bbox 1334 5010 1404 5068; x_wconf 90' lang='lat' dir='ltr'>de</span> <span class='ocrx_word' id='word_1_340' title='bbox 1440 5011 1604 5077; x_wconf 87' lang='lat' dir='ltr'>fact0,</span> 
     </span>
    </p>

    <p class='ocr_par' dir='ltr' id='par_1_7' title="bbox 396 5091 1394 5166">
     <span class='ocr_line' id='line_1_61' title="bbox 396 5091 1394 5166; baseline 0.002 -16"><span class='ocrx_word' id='word_1_341' title='bbox 396 5091 684 5151; x_wconf 82' lang='lat' dir='ltr'>Salmant.</span> <span class='ocrx_word' id='word_1_342' title='bbox 721 5091 886 5152; x_wconf 78' lang='lat' dir='ltr'>Curs.</span> <span class='ocrx_word' id='word_1_343' title='bbox 912 5094 1133 5166; x_wconf 63' lang='lat' dir='ltr'>theolog.</span> <span class='ocrx_word' id='word_1_344' title='bbox 1160 5100 1291 5151; x_wconf 77' lang='lat' dir='ltr'>tom.</span> <span class='ocrx_word' id='word_1_345' title='bbox 1323 5092 1394 5152; x_wconf 86' lang='lat' dir='ltr'>X.</span> 
     </span>
    </p>
   </div>
   <div class='ocr_carea' id='block_1_6' title="bbox 3021 403 3133 458">
    <p class='ocr_par' dir='ltr' id='par_1_8' title="bbox 3021 403 3133 458">
     <span class='ocr_line' id='line_1_62' title="bbox 3021 403 3133 458; baseline 0 0"><span class='ocrx_word' id='word_1_346' title='bbox 3021 403 3133 458; x_wconf 86' lang='grc'>489</span> 
     </span>
    </p>
   </div>
   <div class='ocr_carea' id='block_1_7' title="bbox 1766 556 3128 1041">
    <p class='ocr_par' dir='ltr' id='par_1_9' title="bbox 1766 556 3128 1041">
     <span class='ocr_line' id='line_1_63' title="bbox 1770 556 3128 641; baseline 0.014 -32"><span class='ocrx_word' id='word_1_347' title='bbox 1770 559 1828 610; x_wconf 91' lang='lat' dir='ltr'>et</span> <span class='ocrx_word' id='word_1_348' title='bbox 1853 556 2166 616; x_wconf 89' lang='lat' dir='ltr'>secundum</span> <span class='ocrx_word' id='word_1_349' title='bbox 2208 562 2378 625; x_wconf 81' lang='lat' dir='ltr'>vires.</span> <span class='ocrx_word' id='word_1_350' title='bbox 2410 580 2548 636; x_wconf 90' lang='lat' dir='ltr'>quas</span> <span class='ocrx_word' id='word_1_351' title='bbox 2583 565 2745 639; x_wconf 85' lang='lat' dir='ltr'>juxta</span> <span class='ocrx_word' id='word_1_352' title='bbox 2789 578 3128 641; x_wconf 66' lang='lat' dir='ltr'>praesentem</span> 
     </span>
     <span class='ocr_line' id='line_1_64' title="bbox 1771 636 3128 719; baseline 0.015 -29"><span class='ocrx_word' id='word_1_353' title='bbox 1771 636 2190 707; x_wconf 81' lang='lat' dir='ltr'>providentiam</span> <span class='ocrx_word' id='word_1_354' title='bbox 2235 643 2459 710; x_wconf 91' lang='lat' dir='ltr'>habent,</span> <span class='ocrx_word' id='word_1_355' title='bbox 2512 647 2728 719; x_wconf 91' lang='lat' dir='ltr'>possint</span> <span class='ocrx_word' id='word_1_356' title='bbox 2773 651 3044 708; x_wconf 89' lang='lat' dir='ltr'>mundari</span> <span class='ocrx_word' id='word_1_357' title='bbox 3095 670 3128 709; x_wconf 89' lang='lat' dir='ltr'>a</span> 
     </span>
     <span class='ocr_line' id='line_1_65' title="bbox 1771 721 3126 802; baseline 0.012 -29"><span class='ocrx_word' id='word_1_358' title='bbox 1771 725 1993 790; x_wconf 88' lang='lat' dir='ltr'>peccato</span> <span class='ocrx_word' id='word_1_359' title='bbox 2046 721 2258 795; x_wconf 90' lang='lat' dir='ltr'>absque</span> <span class='ocrx_word' id='word_1_360' title='bbox 2311 727 2497 799; x_wconf 91' lang='lat' dir='ltr'>gratia</span> <span class='ocrx_word' id='word_1_361' title='bbox 2548 734 2976 802; x_wconf 89' lang='lat' dir='ltr'>supernaturali</span> <span class='ocrx_word' id='word_1_362' title='bbox 3009 757 3024 801; x_wconf 93' lang='lat'>;</span> <span class='ocrx_word' id='word_1_363' title='bbox 3072 739 3126 789; x_wconf 81' lang='lat' dir='ltr'>et</span> 
     </span>
     <span class='ocr_line' id='line_1_66' title="bbox 1767 807 3118 880; baseline 0.013 -27"><span class='ocrx_word' id='word_1_364' title='bbox 1767 808 2179 873; x_wconf 88' lang='lat' dir='ltr'>consequenter</span> <span class='ocrx_word' id='word_1_365' title='bbox 2203 807 2417 877; x_wconf 87' lang='lat' dir='ltr'>possint</span> <span class='ocrx_word' id='word_1_366' title='bbox 2437 810 2704 865; x_wconf 86' lang='lat' dir='ltr'>constitui</span> <span class='ocrx_word' id='word_1_367' title='bbox 2736 811 2797 865; x_wconf 90' lang='lat' dir='ltr'>in</span> <span class='ocrx_word' id='word_1_368' title='bbox 2821 813 2920 867; x_wconf 90' lang='lat' dir='ltr'>tali</span> <span class='ocrx_word' id='word_1_369' title='bbox 2950 819 3118 880; x_wconf 87' lang='lat' dir='ltr'>statu,</span> 
     </span>
     <span class='ocr_line' id='line_1_67' title="bbox 1770 880 3116 967; baseline 0.012 -32"><span class='ocrx_word' id='word_1_370' title='bbox 1770 880 1832 936; x_wconf 92' lang='lat' dir='ltr'>in</span> <span class='ocrx_word' id='word_1_371' title='bbox 1859 899 1969 954; x_wconf 88' lang='lat' dir='ltr'>quo</span> <span class='ocrx_word' id='word_1_372' title='bbox 1990 900 2092 940; x_wconf 90' lang='lat' dir='ltr'>nec</span> <span class='ocrx_word' id='word_1_373' title='bbox 2120 894 2402 956; x_wconf 88' lang='lat' dir='ltr'>peccatum</span> <span class='ocrx_word' id='word_1_374' title='bbox 2425 889 2687 959; x_wconf 86' lang='lat' dir='ltr'>habeant,</span> <span class='ocrx_word' id='word_1_375' title='bbox 2719 907 2821 947; x_wconf 90' lang='lat' dir='ltr'>nec</span> <span class='ocrx_word' id='word_1_376' title='bbox 2846 896 3116 967; x_wconf 81' lang='lat' dir='ltr'>gratiam,</span> 
     </span>
     <span class='ocr_line' id='line_1_68' title="bbox 1766 959 2707 1041; baseline 0.014 -27"><span class='ocrx_word' id='word_1_377' title='bbox 1766 959 1864 1016; x_wconf 90' lang='lat' dir='ltr'>sed</span> <span class='ocrx_word' id='word_1_378' title='bbox 1894 962 2092 1018; x_wconf 91' lang='lat' dir='ltr'>sintin</span> <span class='ocrx_word' id='word_1_379' title='bbox 2113 971 2260 1021; x_wconf 91' lang='lat' dir='ltr'>statu</span> <span class='ocrx_word' id='word_1_380' title='bbox 2290 973 2509 1024; x_wconf 61' lang='lat' dir='ltr'>natura?</span> <span class='ocrx_word' id='word_1_381' title='bbox 2533 986 2707 1041; x_wconf 63' lang='lat' dir='ltr'>puras.</span> 
     </span>
    </p>
   </div>
   <div class='ocr_carea' id='block_1_8' title="bbox 1765 1042 3337 1288">
    <p class='ocr_par' dir='ltr' id='par_1_10' title="bbox 1765 1042 3337 1288">
     <span class='ocr_line' id='line_1_69' title="bbox 1840 1042 3337 1170; baseline 0.01 -76"><span class='ocrx_word' id='word_1_382' title='bbox 1840 1042 1968 1098; x_wconf 80' lang='lat'><strong>268.</strong></span> <span class='ocrx_word' id='word_1_383' title='bbox 2013 1044 2171 1107; x_wconf 90' lang='lat' dir='ltr'>Quod</span> <span class='ocrx_word' id='word_1_384' title='bbox 2217 1047 2419 1103; x_wconf 92' lang='lat' dir='ltr'>sicum</span> <span class='ocrx_word' id='word_1_385' title='bbox 2466 1050 2665 1106; x_wconf 92' lang='lat' dir='ltr'>eodem</span> <span class='ocrx_word' id='word_1_386' title='bbox 2708 1053 2900 1108; x_wconf 87' lang='lat' dir='ltr'>Curiel</span> <span class='ocrx_word' id='word_1_387' title='bbox 2942 1052 3337 1170; x_wconf 45' lang='lat' dir='ltr'>dieas&#39;ffifffflfff‘</span> 
     </span>
     <span class='ocr_line' id='line_1_70' title="bbox 1765 1168 3309 1288; baseline 0.013 -33"><span class='ocrx_word' id='word_1_388' title='bbox 1765 1202 2090 1260; x_wconf 87' lang='lat' dir='ltr'>mitteretur</span> <span class='ocrx_word' id='word_1_389' title='bbox 2120 1215 2425 1278; x_wconf 86' lang='lat' dir='ltr'>peccatum,</span> <span class='ocrx_word' id='word_1_390' title='bbox 2459 1212 2598 1284; x_wconf 91' lang='lat' dir='ltr'>quin</span> <span class='ocrx_word' id='word_1_391' title='bbox 2625 1215 2810 1286; x_wconf 89' lang='lat' dir='ltr'>gratia</span> <span class='ocrx_word' id='word_1_392' title='bbox 2836 1231 3119 1288; x_wconf 87' lang='lat' dir='ltr'>superna·</span> <span class='ocrx_word' id='word_1_393' title='bbox 3136 1168 3309 1262; x_wconf 39' lang='lat'>¹³53&amp;-</span> 
     </span>
    </p>
   </div>
   <div class='ocr_carea' id='block_1_9' title="bbox 1767 1123 3119 1207">
    <p class='ocr_par' dir='ltr' id='par_1_11' title="bbox 1767 1123 3119 1207">
     <span class='ocr_line' id='line_1_71' title="bbox 1767 1123 3119 1207; baseline 0.012 -32"><span class='ocrx_word' id='word_1_394' title='bbox 1767 1123 1946 1179; x_wconf 91' lang='lat' dir='ltr'>Deum</span> <span class='ocrx_word' id='word_1_395' title='bbox 1976 1124 2046 1181; x_wconf 91' lang='lat' dir='ltr'>de</span> <span class='ocrx_word' id='word_1_396' title='bbox 2068 1125 2211 1184; x_wconf 81' lang='lat' dir='ltr'>facto</span> <span class='ocrx_word' id='word_1_397' title='bbox 2237 1127 2598 1203; x_wconf 89' lang='lat' dir='ltr'>disposuisse,</span> <span class='ocrx_word' id='word_1_398' title='bbox 2626 1138 2688 1187; x_wconf 91' lang='lat' dir='ltr'>ut</span> <span class='ocrx_word' id='word_1_399' title='bbox 2712 1150 3005 1207; x_wconf 90' lang='lat' dir='ltr'>nunquam</span> <span class='ocrx_word' id='word_1_400' title='bbox 3026 1151 3119 1191; x_wconf 92' lang='lat' dir='ltr'>re-</span> 
     </span>
    </p>
   </div>
   <div class='ocr_carea' id='block_1_10' title="bbox 1750 1285 3123 3230">
    <p class='ocr_par' dir='ltr' id='par_1_12' title="bbox 1750 1285 3123 3230">
     <span class='ocr_line' id='line_1_72' title="bbox 1766 1285 3117 1370; baseline 0.01 -32"><span class='ocrx_word' id='word_1_401' title='bbox 1766 1285 1969 1341; x_wconf 90' lang='lat' dir='ltr'>turalis</span> <span class='ocrx_word' id='word_1_402' title='bbox 2007 1288 2181 1344; x_wconf 88' lang='lat' dir='ltr'>simul</span> <span class='ocrx_word' id='word_1_403' title='bbox 2229 1290 2662 1349; x_wconf 85' lang='lat' dir='ltr'>infunderetur:</span> <span class='ocrx_word' id='word_1_404' title='bbox 2690 1300 2812 1351; x_wconf 90' lang='lat' dir='ltr'>tum</span> <span class='ocrx_word' id='word_1_405' title='bbox 2855 1298 2990 1370; x_wconf 89' lang='lat' dir='ltr'>quia</span> <span class='ocrx_word' id='word_1_406' title='bbox 3015 1296 3117 1352; x_wconf 87' lang='lat' dir='ltr'>de-</span> 
     </span>
     <span class='ocr_line' id='line_1_73' title="bbox 1762 1368 3120 1452; baseline 0.009 -30"><span class='ocrx_word' id='word_1_407' title='bbox 1762 1368 1960 1431; x_wconf 89' lang='lat' dir='ltr'>crevit,</span> <span class='ocrx_word' id='word_1_408' title='bbox 1988 1385 2060 1427; x_wconf 91' lang='lat' dir='ltr'>ne</span> <span class='ocrx_word' id='word_1_409' title='bbox 2088 1371 2259 1429; x_wconf 90' lang='lat' dir='ltr'>homo</span> <span class='ocrx_word' id='word_1_410' title='bbox 2285 1373 2354 1430; x_wconf 90' lang='lat' dir='ltr'>de</span> <span class='ocrx_word' id='word_1_411' title='bbox 2381 1373 2527 1432; x_wconf 83' lang='lat' dir='ltr'>facto</span> <span class='ocrx_word' id='word_1_412' title='bbox 2548 1383 2764 1433; x_wconf 88' lang='lat' dir='ltr'>careret</span> <span class='ocrx_word' id='word_1_413' title='bbox 2789 1379 2974 1452; x_wconf 88' lang='lat' dir='ltr'>gratia</span> <span class='ocrx_word' id='word_1_414' title='bbox 3005 1378 3120 1435; x_wconf 91' lang='lat' dir='ltr'>nisi</span> 
     </span>
     <span class='ocr_line' id='line_1_74' title="bbox 1763 1446 3122 1527; baseline 0.01 -25"><span class='ocrx_word' id='word_1_415' title='bbox 1763 1446 1835 1502; x_wconf 92' lang='lat' dir='ltr'>ob</span> <span class='ocrx_word' id='word_1_416' title='bbox 1862 1465 2023 1505; x_wconf 90' lang='lat' dir='ltr'>suam</span> <span class='ocrx_word' id='word_1_417' title='bbox 2054 1452 2277 1524; x_wconf 88' lang='lat' dir='ltr'>culpam</span> <span class='ocrx_word' id='word_1_418' title='bbox 2295 1481 2308 1520; x_wconf 68' lang='grc' dir='ltr'><strong><em>ς</em></strong></span> <span class='ocrx_word' id='word_1_419' title='bbox 2340 1458 2461 1509; x_wconf 93' lang='lat' dir='ltr'>tum</span> <span class='ocrx_word' id='word_1_420' title='bbox 2491 1456 2625 1527; x_wconf 92' lang='lat' dir='ltr'>quia</span> <span class='ocrx_word' id='word_1_421' title='bbox 2653 1458 2901 1514; x_wconf 87' lang='lat' dir='ltr'>elevavit</span> <span class='ocrx_word' id='word_1_422' title='bbox 2929 1459 3122 1514; x_wconf 90' lang='lat' dir='ltr'>homi-</span> 
     </span>
     <span class='ocr_line' id='line_1_75' title="bbox 1765 1528 3123 1605; baseline 0.009 -23"><span class='ocrx_word' id='word_1_423' title='bbox 1765 1542 1899 1583; x_wconf 91' lang='lat' dir='ltr'>nem</span> <span class='ocrx_word' id='word_1_424' title='bbox 1927 1528 1995 1584; x_wconf 94' lang='lat' dir='ltr'>ad</span> <span class='ocrx_word' id='word_1_425' title='bbox 2018 1528 2189 1586; x_wconf 85' lang='lat' dir='ltr'>finem</span> <span class='ocrx_word' id='word_1_426' title='bbox 2213 1536 2733 1605; x_wconf 89' lang='lat' dir='ltr'>supernaturalem,</span> <span class='ocrx_word' id='word_1_427' title='bbox 2762 1540 2850 1594; x_wconf 92' lang='lat' dir='ltr'>cui</span> <span class='ocrx_word' id='word_1_428' title='bbox 2876 1554 3123 1596; x_wconf 86' lang='lat' dir='ltr'>conver-</span> 
     </span>
     <span class='ocr_line' id='line_1_76' title="bbox 1761 1609 3118 1693; baseline 0.011 -30"><span class='ocrx_word' id='word_1_429' title='bbox 1761 1609 1847 1665; x_wconf 91' lang='lat' dir='ltr'>sio</span> <span class='ocrx_word' id='word_1_430' title='bbox 1878 1626 1976 1681; x_wconf 93' lang='lat' dir='ltr'>per</span> <span class='ocrx_word' id='word_1_431' title='bbox 2019 1614 2266 1685; x_wconf 78' lang='lat' dir='ltr'>gratiam</span> <span class='ocrx_word' id='word_1_432' title='bbox 2307 1622 2389 1671; x_wconf 92' lang='lat' dir='ltr'>est</span> <span class='ocrx_word' id='word_1_433' title='bbox 2437 1619 2619 1692; x_wconf 90' lang='lat' dir='ltr'>magis</span> <span class='ocrx_word' id='word_1_434' title='bbox 2666 1622 3118 1693; x_wconf 86' lang='lat' dir='ltr'>proportionata,</span> 
     </span>
     <span class='ocr_line' id='line_1_77' title="bbox 1760 1696 3114 1776; baseline 0.011 -31"><span class='ocrx_word' id='word_1_435' title='bbox 1760 1706 1931 1762; x_wconf 90' lang='lat' dir='ltr'>quam</span> <span class='ocrx_word' id='word_1_436' title='bbox 1962 1696 2258 1753; x_wconf 89' lang='lat' dir='ltr'>conversio</span> <span class='ocrx_word' id='word_1_437' title='bbox 2286 1713 2384 1768; x_wconf 91' lang='lat' dir='ltr'>per</span> <span class='ocrx_word' id='word_1_438' title='bbox 2413 1705 2701 1757; x_wconf 89' lang='lat' dir='ltr'>naturam.</span> <span class='ocrx_word' id='word_1_439' title='bbox 2738 1701 2816 1765; x_wconf 83' lang='lat' dir='ltr'>Id,</span> <span class='ocrx_word' id='word_1_440' title='bbox 2852 1703 3114 1776; x_wconf 90' lang='lat' dir='ltr'>inquam,</span> 
     </span>
     <span class='ocr_line' id='line_1_78' title="bbox 1760 1770 3118 1841; baseline 0.011 -16"><span class='ocrx_word' id='word_1_441' title='bbox 1760 1771 1809 1825; x_wconf 90' lang='lat' dir='ltr'>si</span> <span class='ocrx_word' id='word_1_442' title='bbox 1851 1770 2088 1838; x_wconf 89' lang='lat' dir='ltr'>dicatur,</span> <span class='ocrx_word' id='word_1_443' title='bbox 2138 1776 2423 1834; x_wconf 80' lang='lat' dir='ltr'>refellitur</span> <span class='ocrx_word' id='word_1_444' title='bbox 2462 1796 2533 1836; x_wconf 86' lang='lat' dir='ltr'>ex</span> <span class='ocrx_word' id='word_1_445' title='bbox 2578 1780 2763 1837; x_wconf 86' lang='lat' dir='ltr'>dictis.</span> <span class='ocrx_word' id='word_1_446' title='bbox 2811 1785 2956 1839; x_wconf 88' lang='lat' dir='ltr'>Nam</span> <span class='ocrx_word' id='word_1_447' title='bbox 2999 1784 3118 1841; x_wconf 68' lang='lat' dir='ltr'>hmo</span> 
     </span>
     <span class='ocr_line' id='line_1_79' title="bbox 1763 1856 3113 1935; baseline 0.012 -28"><span class='ocrx_word' id='word_1_448' title='bbox 1763 1856 2056 1926; x_wconf 90' lang='lat' dir='ltr'>responsio</span> <span class='ocrx_word' id='word_1_449' title='bbox 2076 1857 2262 1913; x_wconf 90' lang='lat' dir='ltr'>solum</span> <span class='ocrx_word' id='word_1_450' title='bbox 2291 1862 2492 1926; x_wconf 84' lang='lat' dir='ltr'>salvat,</span> <span class='ocrx_word' id='word_1_451' title='bbox 2519 1862 2666 1935; x_wconf 90' lang='lat' dir='ltr'>quod</span> <span class='ocrx_word' id='word_1_452' title='bbox 2690 1863 2752 1917; x_wconf 93' lang='lat' dir='ltr'>in</span> <span class='ocrx_word' id='word_1_453' title='bbox 2767 1863 2966 1921; x_wconf 90' lang='lat' dir='ltr'>eodem</span> <span class='ocrx_word' id='word_1_454' title='bbox 2990 1867 3113 1923; x_wconf 84' lang='lat' dir='ltr'>ins·</span> 
     </span>
     <span class='ocr_line' id='line_1_80' title="bbox 1760 1936 3110 2020; baseline 0.013 -31"><span class='ocrx_word' id='word_1_455' title='bbox 1760 1936 1937 2001; x_wconf 88' lang='lat' dir='ltr'>tanti,</span> <span class='ocrx_word' id='word_1_456' title='bbox 1990 1937 2050 1992; x_wconf 92' lang='lat' dir='ltr'>in</span> <span class='ocrx_word' id='word_1_457' title='bbox 2095 1956 2206 2011; x_wconf 92' lang='lat' dir='ltr'>quo</span> <span class='ocrx_word' id='word_1_458' title='bbox 2251 1940 2424 1998; x_wconf 92' lang='lat' dir='ltr'>homo</span> <span class='ocrx_word' id='word_1_459' title='bbox 2469 1944 2717 2000; x_wconf 82' lang='lat' dir='ltr'>existens</span> <span class='ocrx_word' id='word_1_460' title='bbox 2764 1946 2826 2001; x_wconf 93' lang='lat' dir='ltr'>in</span> <span class='ocrx_word' id='word_1_461' title='bbox 2886 1957 3110 2020; x_wconf 87' lang='lat' dir='ltr'>peccato</span> 
     </span>
     <span class='ocr_line' id='line_1_81' title="bbox 1760 2016 3114 2096; baseline 0.013 -26"><span class='ocrx_word' id='word_1_462' title='bbox 1760 2016 2038 2073; x_wconf 87' lang='lat' dir='ltr'>habituali</span> <span class='ocrx_word' id='word_1_463' title='bbox 2079 2023 2384 2078; x_wconf 89' lang='lat' dir='ltr'>commisso</span> <span class='ocrx_word' id='word_1_464' title='bbox 2425 2026 2652 2096; x_wconf 69' lang='lat' dir='ltr'>praecise</span> <span class='ocrx_word' id='word_1_465' title='bbox 2689 2034 2888 2085; x_wconf 87' lang='lat' dir='ltr'>contra</span> <span class='ocrx_word' id='word_1_466' title='bbox 2935 2034 3114 2088; x_wconf 91' lang='lat' dir='ltr'>Deum</span> 
     </span>
     <span class='ocr_line' id='line_1_82' title="bbox 1760 2099 3112 2170; baseline 0.013 -17"><span class='ocrx_word' id='word_1_467' title='bbox 1760 2099 2059 2156; x_wconf 90' lang='lat' dir='ltr'>authorem</span> <span class='ocrx_word' id='word_1_468' title='bbox 2103 2109 2341 2169; x_wconf 67' lang='lat' dir='ltr'>naturas,</span> <span class='ocrx_word' id='word_1_469' title='bbox 2373 2106 2603 2162; x_wconf 90' lang='lat' dir='ltr'>eliceret</span> <span class='ocrx_word' id='word_1_470' title='bbox 2641 2106 2711 2163; x_wconf 91' lang='lat' dir='ltr'>de</span> <span class='ocrx_word' id='word_1_471' title='bbox 2740 2108 2882 2167; x_wconf 82' lang='lat' dir='ltr'>facto</span> <span class='ocrx_word' id='word_1_472' title='bbox 2925 2120 3112 2170; x_wconf 87' lang='lat' dir='ltr'>actum</span> 
     </span>
     <span class='ocr_line' id='line_1_83' title="bbox 1761 2182 3114 2261; baseline 0.012 -26"><span class='ocrx_word' id='word_1_473' title='bbox 1761 2182 1973 2237; x_wconf 89' lang='lat' dir='ltr'>amoris</span> <span class='ocrx_word' id='word_1_474' title='bbox 2022 2185 2304 2240; x_wconf 90' lang='lat' dir='ltr'>naturalis</span> <span class='ocrx_word' id='word_1_475' title='bbox 2342 2201 2475 2261; x_wconf 88' lang='lat' dir='ltr'>erga</span> <span class='ocrx_word' id='word_1_476' title='bbox 2511 2190 2689 2244; x_wconf 91' lang='lat' dir='ltr'>Deum</span> <span class='ocrx_word' id='word_1_477' title='bbox 2727 2188 2901 2247; x_wconf 87' lang='lat' dir='ltr'>finem</span> <span class='ocrx_word' id='word_1_478' title='bbox 2945 2201 3114 2250; x_wconf 89' lang='lat' dir='ltr'>natu-</span> 
     </span>
     <span class='ocr_line' id='line_1_84' title="bbox 1762 2262 3113 2342; baseline 0.012 -26"><span class='ocrx_word' id='word_1_479' title='bbox 1762 2262 1963 2323; x_wconf 88' lang='lat' dir='ltr'>ralem,</span> <span class='ocrx_word' id='word_1_480' title='bbox 1994 2264 2168 2320; x_wconf 88' lang='lat' dir='ltr'>simul</span> <span class='ocrx_word' id='word_1_481' title='bbox 2196 2266 2468 2339; x_wconf 79' lang='lat' dir='ltr'>reciperet</span> <span class='ocrx_word' id='word_1_482' title='bbox 2488 2270 2733 2342; x_wconf 85' lang='lat' dir='ltr'>gratiam</span> <span class='ocrx_word' id='word_1_483' title='bbox 2760 2271 3113 2332; x_wconf 88' lang='lat' dir='ltr'>habitualem</span> 
     </span>
     <span class='ocr_line' id='line_1_85' title="bbox 1757 2341 3116 2423; baseline 0.011 -27"><span class='ocrx_word' id='word_1_484' title='bbox 1757 2341 2245 2403; x_wconf 81' lang='lat' dir='ltr'>sanctificantem:</span> <span class='ocrx_word' id='word_1_485' title='bbox 2294 2348 2540 2405; x_wconf 91' lang='lat' dir='ltr'>minime</span> <span class='ocrx_word' id='word_1_486' title='bbox 2584 2366 2738 2413; x_wconf 82' lang='lat' dir='ltr'>vero,</span> <span class='ocrx_word' id='word_1_487' title='bbox 2789 2353 2938 2423; x_wconf 91' lang='lat' dir='ltr'>quod</span> <span class='ocrx_word' id='word_1_488' title='bbox 2984 2353 3116 2412; x_wconf 91' lang='lat' dir='ltr'>des-</span> 
     </span>
     <span class='ocr_line' id='line_1_86' title="bbox 1759 2426 3115 2508; baseline 0.013 -30"><span class='ocrx_word' id='word_1_489' title='bbox 1759 2426 1962 2482; x_wconf 88' lang='lat' dir='ltr'>tructio</span> <span class='ocrx_word' id='word_1_490' title='bbox 1992 2428 2198 2498; x_wconf 85' lang='lat' dir='ltr'>peccati</span> <span class='ocrx_word' id='word_1_491' title='bbox 2247 2429 2426 2495; x_wconf 90' lang='lat' dir='ltr'>illius,</span> <span class='ocrx_word' id='word_1_492' title='bbox 2459 2431 2522 2486; x_wconf 90' lang='lat' dir='ltr'>in</span> <span class='ocrx_word' id='word_1_493' title='bbox 2562 2448 2674 2504; x_wconf 90' lang='lat' dir='ltr'>quo</span> <span class='ocrx_word' id='word_1_494' title='bbox 2717 2434 2886 2491; x_wconf 92' lang='lat' dir='ltr'>homo</span> <span class='ocrx_word' id='word_1_495' title='bbox 2934 2453 3115 2508; x_wconf 83' lang='lat' dir='ltr'>praee-</span> 
     </span>
     <span class='ocr_line' id='line_1_87' title="bbox 1755 2504 3107 2587; baseline 0.01 -29"><span class='ocrx_word' id='word_1_496' title='bbox 1755 2504 2020 2571; x_wconf 84' lang='lat' dir='ltr'>xistebat,</span> <span class='ocrx_word' id='word_1_497' title='bbox 2043 2523 2159 2564; x_wconf 90' lang='lat' dir='ltr'>non</span> <span class='ocrx_word' id='word_1_498' title='bbox 2182 2506 2342 2565; x_wconf 87' lang='lat' dir='ltr'>fieret</span> <span class='ocrx_word' id='word_1_499' title='bbox 2364 2526 2464 2582; x_wconf 91' lang='lat' dir='ltr'>per</span> <span class='ocrx_word' id='word_1_500' title='bbox 2480 2518 2736 2569; x_wconf 91' lang='lat' dir='ltr'>amorem</span> <span class='ocrx_word' id='word_1_501' title='bbox 2762 2516 3107 2587; x_wconf 86' lang='lat' dir='ltr'>naturalem,</span> 
     </span>
     <span class='ocr_line' id='line_1_88' title="bbox 1755 2588 3110 2668; baseline 0.009 -25"><span class='ocrx_word' id='word_1_502' title='bbox 1755 2592 1811 2643; x_wconf 91' lang='lat' dir='ltr'>et</span> <span class='ocrx_word' id='word_1_503' title='bbox 1856 2588 2310 2661; x_wconf 87' lang='lat' dir='ltr'>independenter</span> <span class='ocrx_word' id='word_1_504' title='bbox 2357 2608 2387 2647; x_wconf 91' lang='lat' dir='ltr'>a</span> <span class='ocrx_word' id='word_1_505' title='bbox 2431 2593 2617 2666; x_wconf 91' lang='lat' dir='ltr'>gratia</span> <span class='ocrx_word' id='word_1_506' title='bbox 2661 2600 3110 2668; x_wconf 88' lang='lat' dir='ltr'>supernaturali,</span> 
     </span>
     <span class='ocr_line' id='line_1_89' title="bbox 1755 2669 3114 2752; baseline 0.01 -28"><span class='ocrx_word' id='word_1_507' title='bbox 1755 2673 2028 2743; x_wconf 88' lang='lat' dir='ltr'>tanquam</span> <span class='ocrx_word' id='word_1_508' title='bbox 2058 2686 2089 2726; x_wconf 93' lang='lat' dir='ltr'>a</span> <span class='ocrx_word' id='word_1_509' title='bbox 2127 2669 2316 2729; x_wconf 81' lang='lat' dir='ltr'>forma</span> <span class='ocrx_word' id='word_1_510' title='bbox 2350 2693 2362 2728; x_wconf 75' lang='grc' dir='ltr'><strong><em>ε</em></strong></span> <span class='ocrx_word' id='word_1_511' title='bbox 2392 2673 2488 2729; x_wconf 88' lang='lat' dir='ltr'>sed</span> <span class='ocrx_word' id='word_1_512' title='bbox 2517 2674 2634 2731; x_wconf 86' lang='lat' dir='ltr'>haec</span> <span class='ocrx_word' id='word_1_513' title='bbox 2673 2678 2952 2748; x_wconf 88' lang='lat' dir='ltr'>posterior</span> <span class='ocrx_word' id='word_1_514' title='bbox 2982 2697 3114 2752; x_wconf 93' lang='lat' dir='ltr'>pars</span> 
     </span>
     <span class='ocr_line' id='line_1_90' title="bbox 1754 2750 3115 2829; baseline 0.009 -24"><span class='ocrx_word' id='word_1_515' title='bbox 1754 2750 2027 2808; x_wconf 90' lang='lat' dir='ltr'>sustineri</span> <span class='ocrx_word' id='word_1_516' title='bbox 2052 2766 2169 2807; x_wconf 95' lang='lat' dir='ltr'>non</span> <span class='ocrx_word' id='word_1_517' title='bbox 2193 2752 2344 2808; x_wconf 89' lang='lat' dir='ltr'>valet</span> <span class='ocrx_word' id='word_1_518' title='bbox 2372 2774 2384 2808; x_wconf 89' lang='lat'>:</span> <span class='ocrx_word' id='word_1_519' title='bbox 2414 2769 2549 2829; x_wconf 89' lang='lat' dir='ltr'>ergo</span> <span class='ocrx_word' id='word_1_520' title='bbox 2572 2772 2673 2812; x_wconf 91' lang='lat' dir='ltr'>nec</span> <span class='ocrx_word' id='word_1_521' title='bbox 2702 2758 2966 2829; x_wconf 79' lang='lat' dir='ltr'>praedicta</span> <span class='ocrx_word' id='word_1_522' title='bbox 2994 2777 3115 2818; x_wconf 89' lang='lat' dir='ltr'>res-</span> 
     </span>
     <span class='ocr_line' id='line_1_91' title="bbox 1754 2830 3114 2911; baseline 0.009 -24"><span class='ocrx_word' id='word_1_523' title='bbox 1754 2831 1977 2904; x_wconf 91' lang='lat' dir='ltr'>ponsio.</span> <span class='ocrx_word' id='word_1_524' title='bbox 2008 2830 2292 2891; x_wconf 82' lang='lat' dir='ltr'>Probatur</span> <span class='ocrx_word' id='word_1_525' title='bbox 2321 2834 2505 2908; x_wconf 83' lang='lat' dir='ltr'>major</span> <span class='ocrx_word' id='word_1_526' title='bbox 2539 2857 2551 2892; x_wconf 75' lang='lat' dir='ltr'><strong><em>z</em></strong></span> <span class='ocrx_word' id='word_1_527' title='bbox 2580 2842 2701 2894; x_wconf 91' lang='lat' dir='ltr'>tum</span> <span class='ocrx_word' id='word_1_528' title='bbox 2730 2839 2863 2911; x_wconf 91' lang='lat' dir='ltr'>quia</span> <span class='ocrx_word' id='word_1_529' title='bbox 2893 2840 3022 2898; x_wconf 88' lang='lat' dir='ltr'>licet</span> <span class='ocrx_word' id='word_1_530' title='bbox 3050 2843 3114 2899; x_wconf 90' lang='lat' dir='ltr'>in</span> 
     </span>
     <span class='ocr_line' id='line_1_92' title="bbox 1752 2911 3114 2988; baseline 0.008 -20"><span class='ocrx_word' id='word_1_531' title='bbox 1752 2911 1951 2968; x_wconf 89' lang='lat' dir='ltr'>eodem</span> <span class='ocrx_word' id='word_1_532' title='bbox 1976 2913 2236 2976; x_wconf 86' lang='lat' dir='ltr'>instanti,</span> <span class='ocrx_word' id='word_1_533' title='bbox 2268 2914 2330 2970; x_wconf 90' lang='lat' dir='ltr'>in</span> <span class='ocrx_word' id='word_1_534' title='bbox 2352 2931 2462 2987; x_wconf 91' lang='lat' dir='ltr'>quo</span> <span class='ocrx_word' id='word_1_535' title='bbox 2485 2924 2793 2988; x_wconf 89' lang='lat' dir='ltr'>poneretur</span> <span class='ocrx_word' id='word_1_536' title='bbox 2816 2936 2979 2978; x_wconf 88' lang='lat' dir='ltr'>amor</span> <span class='ocrx_word' id='word_1_537' title='bbox 3007 2939 3114 2979; x_wconf 91' lang='lat' dir='ltr'>na-</span> 
     </span>
     <span class='ocr_line' id='line_1_93' title="bbox 1753 2992 3111 3063; baseline 0.01 -16"><span class='ocrx_word' id='word_1_538' title='bbox 1753 2992 1959 3048; x_wconf 88' lang='lat' dir='ltr'>turalis</span> <span class='ocrx_word' id='word_1_539' title='bbox 1988 2993 2086 3050; x_wconf 90' lang='lat' dir='ltr'>Dei</span> <span class='ocrx_word' id='word_1_540' title='bbox 2117 2994 2309 3050; x_wconf 91' lang='lat' dir='ltr'>ultimi</span> <span class='ocrx_word' id='word_1_541' title='bbox 2334 2993 2483 3063; x_wconf 86' lang='lat' dir='ltr'>finis,</span> <span class='ocrx_word' id='word_1_542' title='bbox 2511 2998 2915 3057; x_wconf 85' lang='lat' dir='ltr'>infunderetur</span> <span class='ocrx_word' id='word_1_543' title='bbox 2936 3003 3111 3060; x_wconf 89' lang='lat' dir='ltr'>etiam</span> 
     </span>
     <span class='ocr_line' id='line_1_94' title="bbox 1750 3073 3116 3153; baseline 0.008 -25"><span class='ocrx_word' id='word_1_544' title='bbox 1750 3074 1933 3147; x_wconf 90' lang='lat' dir='ltr'>gratia</span> <span class='ocrx_word' id='word_1_545' title='bbox 1958 3073 2344 3135; x_wconf 85' lang='lat' dir='ltr'>sanctificans;</span> <span class='ocrx_word' id='word_1_546' title='bbox 2372 3076 2757 3134; x_wconf 89' lang='lat' dir='ltr'>nihilominus</span> <span class='ocrx_word' id='word_1_547' title='bbox 2787 3082 2945 3153; x_wconf 90' lang='lat' dir='ltr'>prior</span> <span class='ocrx_word' id='word_1_548' title='bbox 2970 3089 3116 3139; x_wconf 91' lang='lat' dir='ltr'>esset</span> 
     </span>
     <span class='ocr_line' id='line_1_95' title="bbox 1752 3154 3114 3230; baseline 0.007 -20"><span class='ocrx_word' id='word_1_549' title='bbox 1752 3170 1917 3211; x_wconf 91' lang='lat' dir='ltr'>amor</span> <span class='ocrx_word' id='word_1_550' title='bbox 1940 3154 2056 3219; x_wconf 92' lang='lat' dir='ltr'>ille,</span> <span class='ocrx_word' id='word_1_551' title='bbox 2083 3171 2254 3228; x_wconf 92' lang='lat' dir='ltr'>quam</span> <span class='ocrx_word' id='word_1_552' title='bbox 2275 3157 2479 3228; x_wconf 90' lang='lat' dir='ltr'>gratia,</span> <span class='ocrx_word' id='word_1_553' title='bbox 2506 3159 2788 3230; x_wconf 88' lang='lat' dir='ltr'>siquidem</span> <span class='ocrx_word' id='word_1_554' title='bbox 2813 3160 2883 3217; x_wconf 90' lang='lat' dir='ltr'>ab</span> <span class='ocrx_word' id='word_1_555' title='bbox 2904 3177 2970 3217; x_wconf 91' lang='lat' dir='ltr'>ea</span> <span class='ocrx_word' id='word_1_556' title='bbox 2996 3178 3114 3220; x_wconf 91' lang='lat' dir='ltr'>non</span> 
     </span>
    </p>
   </div>
   <div class='ocr_carea' id='block_1_11' title="bbox 1738 3233 3113 3307">
    <p class='ocr_par' dir='ltr' id='par_1_13' title="bbox 1738 3233 3113 3307">
     <span class='ocr_line' id='line_1_96' title="bbox 1738 3233 3113 3307; baseline 0.007 -19"><span class='ocrx_word' id='word_1_557' title='bbox 1738 3233 2029 3305; x_wconf 46' lang='lat' dir='ltr'>‘dependet</span> <span class='ocrx_word' id='word_1_558' title='bbox 2057 3255 2069 3288; x_wconf 92' lang='lat'><strong>:</strong></span> <span class='ocrx_word' id='word_1_559' title='bbox 2092 3233 2190 3290; x_wconf 91' lang='lat' dir='ltr'>sed</span> <span class='ocrx_word' id='word_1_560' title='bbox 2215 3234 2515 3307; x_wconf 82' lang='lat' dir='ltr'>praedictus</span> <span class='ocrx_word' id='word_1_561' title='bbox 2536 3253 2700 3295; x_wconf 89' lang='lat' dir='ltr'>amor</span> <span class='ocrx_word' id='word_1_562' title='bbox 2722 3245 2804 3296; x_wconf 88' lang='lat' dir='ltr'>est</span> <span class='ocrx_word' id='word_1_563' title='bbox 2828 3239 3113 3297; x_wconf 86' lang='lat' dir='ltr'>sufficiens</span> 
     </span>
    </p>
   </div>
   <div class='ocr_carea' id='block_1_12' title="bbox 1741 3311 3162 5091">
    <p class='ocr_par' dir='ltr' id='par_1_14' title="bbox 1741 3311 3162 5091">
     <span class='ocr_line' id='line_1_97' title="bbox 1751 3311 3111 3377; baseline 0.007 -9"><span class='ocrx_word' id='word_1_564' title='bbox 1751 3312 1821 3368; x_wconf 90' lang='lat' dir='ltr'>ad</span> <span class='ocrx_word' id='word_1_565' title='bbox 1851 3311 2257 3369; x_wconf 90' lang='lat' dir='ltr'>destruendam</span> <span class='ocrx_word' id='word_1_566' title='bbox 2306 3315 2669 3373; x_wconf 87' lang='lat' dir='ltr'>aversionem</span> <span class='ocrx_word' id='word_1_567' title='bbox 2700 3334 2732 3374; x_wconf 90' lang='lat' dir='ltr'>a</span> <span class='ocrx_word' id='word_1_568' title='bbox 2762 3319 2874 3375; x_wconf 92' lang='lat' dir='ltr'>Deo</span> <span class='ocrx_word' id='word_1_569' title='bbox 2903 3319 3111 3377; x_wconf 89' lang='lat' dir='ltr'>ultimo</span> 
     </span>
     <span class='ocr_line' id='line_1_98' title="bbox 1750 3394 3113 3473; baseline 0.006 -24"><span class='ocrx_word' id='word_1_570' title='bbox 1750 3394 1865 3450; x_wconf 87' lang='lat' dir='ltr'>fine</span> <span class='ocrx_word' id='word_1_571' title='bbox 1894 3395 2167 3458; x_wconf 89' lang='lat' dir='ltr'>naturali,</span> <span class='ocrx_word' id='word_1_572' title='bbox 2203 3395 2265 3450; x_wconf 89' lang='lat' dir='ltr'>in</span> <span class='ocrx_word' id='word_1_573' title='bbox 2305 3412 2417 3468; x_wconf 90' lang='lat' dir='ltr'>qua</span> <span class='ocrx_word' id='word_1_574' title='bbox 2446 3402 2669 3454; x_wconf 88' lang='lat' dir='ltr'>tantum</span> <span class='ocrx_word' id='word_1_575' title='bbox 2700 3399 2874 3457; x_wconf 91' lang='lat' dir='ltr'>homo</span> <span class='ocrx_word' id='word_1_576' title='bbox 2900 3418 3113 3473; x_wconf 91' lang='lat' dir='ltr'>suppo-</span> 
     </span>
     <span class='ocr_line' id='line_1_99' title="bbox 1749 3474 3108 3550; baseline 0.005 -21"><span class='ocrx_word' id='word_1_577' title='bbox 1749 3475 1913 3530; x_wconf 91' lang='lat' dir='ltr'>nitur</span> <span class='ocrx_word' id='word_1_578' title='bbox 1958 3474 2332 3546; x_wconf 67' lang='lat' dir='ltr'>praeexistere,</span> <span class='ocrx_word' id='word_1_579' title='bbox 2364 3491 2492 3531; x_wconf 90' lang='lat' dir='ltr'>cum</span> <span class='ocrx_word' id='word_1_580' title='bbox 2539 3479 2848 3550; x_wconf 89' lang='lat' dir='ltr'>opponitur</span> <span class='ocrx_word' id='word_1_581' title='bbox 2894 3480 3108 3537; x_wconf 88' lang='lat' dir='ltr'>directe</span> 
     </span>
     <span class='ocr_line' id='line_1_100' title="bbox 1749 3555 3109 3631; baseline 0.006 -21"><span class='ocrx_word' id='word_1_582' title='bbox 1749 3555 2079 3629; x_wconf 87' lang='lat' dir='ltr'>hujusmodi</span> <span class='ocrx_word' id='word_1_583' title='bbox 2130 3555 2419 3612; x_wconf 87' lang='lat' dir='ltr'>aversioni</span> <span class='ocrx_word' id='word_1_584' title='bbox 2453 3578 2466 3612; x_wconf 74' lang='grc' dir='ltr'><strong><em>ε</em></strong></span> <span class='ocrx_word' id='word_1_585' title='bbox 2495 3573 2632 3631; x_wconf 86' lang='lat' dir='ltr'>ergo</span> <span class='ocrx_word' id='word_1_586' title='bbox 2660 3560 2791 3616; x_wconf 90' lang='lat' dir='ltr'>licet</span> <span class='ocrx_word' id='word_1_587' title='bbox 2820 3561 2882 3617; x_wconf 91' lang='lat' dir='ltr'>in</span> <span class='ocrx_word' id='word_1_588' title='bbox 2909 3561 3109 3619; x_wconf 90' lang='lat' dir='ltr'>eodem</span> 
     </span>
     <span class='ocr_line' id='line_1_101' title="bbox 1749 3637 3108 3715; baseline 0.005 -24"><span class='ocrx_word' id='word_1_589' title='bbox 1749 3637 1988 3692; x_wconf 90' lang='lat' dir='ltr'>instanti</span> <span class='ocrx_word' id='word_1_590' title='bbox 2031 3642 2437 3693; x_wconf 90' lang='lat' dir='ltr'>concurrerent</span> <span class='ocrx_word' id='word_1_591' title='bbox 2479 3653 2660 3704; x_wconf 90' lang='lat' dir='ltr'>amor,</span> <span class='ocrx_word' id='word_1_592' title='bbox 2693 3646 2748 3696; x_wconf 93' lang='lat' dir='ltr'>et</span> <span class='ocrx_word' id='word_1_593' title='bbox 2773 3645 2983 3715; x_wconf 85' lang='lat' dir='ltr'>gratia:</span> <span class='ocrx_word' id='word_1_594' title='bbox 3013 3643 3108 3699; x_wconf 89' lang='lat' dir='ltr'>ni-</span> 
     </span>
     <span class='ocr_line' id='line_1_102' title="bbox 1748 3716 3103 3790; baseline 0.007 -18"><span class='ocrx_word' id='word_1_595' title='bbox 1748 3717 2067 3773; x_wconf 91' lang='lat' dir='ltr'>hilominus</span> <span class='ocrx_word' id='word_1_596' title='bbox 2094 3716 2400 3775; x_wconf 89' lang='lat' dir='ltr'>destructio</span> <span class='ocrx_word' id='word_1_597' title='bbox 2436 3721 2642 3790; x_wconf 87' lang='lat' dir='ltr'>peccati</span> <span class='ocrx_word' id='word_1_598' title='bbox 2684 3728 2885 3779; x_wconf 89' lang='lat' dir='ltr'>contra</span> <span class='ocrx_word' id='word_1_599' title='bbox 2926 3726 3103 3781; x_wconf 90' lang='lat' dir='ltr'>Deum</span> 
     </span>
     <span class='ocr_line' id='line_1_103' title="bbox 1749 3798 3106 3878; baseline 0.008 -24"><span class='ocrx_word' id='word_1_600' title='bbox 1749 3799 2073 3855; x_wconf 90' lang='lat' dir='ltr'>naturalem</span> <span class='ocrx_word' id='word_1_601' title='bbox 2099 3798 2292 3860; x_wconf 88' lang='lat' dir='ltr'>finem,</span> <span class='ocrx_word' id='word_1_602' title='bbox 2314 3805 2371 3857; x_wconf 91' lang='lat' dir='ltr'>et</span> <span class='ocrx_word' id='word_1_603' title='bbox 2389 3802 2708 3866; x_wconf 86' lang='lat' dir='ltr'>authorem,</span> <span class='ocrx_word' id='word_1_604' title='bbox 2738 3805 2922 3878; x_wconf 88' lang='lat' dir='ltr'>potius</span> <span class='ocrx_word' id='word_1_605' title='bbox 2943 3804 3106 3865; x_wconf 86' lang='lat' dir='ltr'>fieret</span> 
     </span>
     <span class='ocr_line' id='line_1_104' title="bbox 1747 3883 3103 3960; baseline 0.005 -23"><span class='ocrx_word' id='word_1_606' title='bbox 1747 3896 1852 3953; x_wconf 90' lang='lat' dir='ltr'>per</span> <span class='ocrx_word' id='word_1_607' title='bbox 1878 3896 2134 3937; x_wconf 91' lang='lat' dir='ltr'>amorem</span> <span class='ocrx_word' id='word_1_608' title='bbox 2181 3883 2525 3949; x_wconf 88' lang='lat' dir='ltr'>naturalem,</span> <span class='ocrx_word' id='word_1_609' title='bbox 2557 3899 2729 3956; x_wconf 90' lang='lat' dir='ltr'>quam</span> <span class='ocrx_word' id='word_1_610' title='bbox 2774 3902 2872 3958; x_wconf 91' lang='lat' dir='ltr'>per</span> <span class='ocrx_word' id='word_1_611' title='bbox 2899 3904 3103 3960; x_wconf 91' lang='lat' dir='ltr'>super-</span> 
     </span>
     <span class='ocr_line' id='line_1_105' title="bbox 1747 3961 3103 4039; baseline 0.007 -23"><span class='ocrx_word' id='word_1_612' title='bbox 1747 3961 2070 4016; x_wconf 88' lang='lat' dir='ltr'>naturalem</span> <span class='ocrx_word' id='word_1_613' title='bbox 2080 3961 2323 4034; x_wconf 88' lang='lat' dir='ltr'>gratiam</span> <span class='ocrx_word' id='word_1_614' title='bbox 2336 4004 2346 4015; x_wconf 94' lang='lat'>.</span> <span class='ocrx_word' id='word_1_615' title='bbox 2361 3962 2506 4018; x_wconf 90' lang='lat' dir='ltr'>Tum</span> <span class='ocrx_word' id='word_1_616' title='bbox 2523 3963 2860 4039; x_wconf 91' lang='lat' dir='ltr'>etiam,quia</span> <span class='ocrx_word' id='word_1_617' title='bbox 2875 3968 3103 4039; x_wconf 88' lang='lat' dir='ltr'>quando</span> 
     </span>
     <span class='ocr_line' id='line_1_106' title="bbox 1746 4041 3102 4117; baseline 0.006 -20"><span class='ocrx_word' id='word_1_618' title='bbox 1746 4046 2096 4098; x_wconf 89' lang='lat' dir='ltr'>concurrunt</span> <span class='ocrx_word' id='word_1_619' title='bbox 2142 4041 2265 4097; x_wconf 82' lang='lat' dir='ltr'>duae</span> <span class='ocrx_word' id='word_1_620' title='bbox 2296 4041 2513 4107; x_wconf 68' lang='lat' dir='ltr'>formae,</span> <span class='ocrx_word' id='word_1_621' title='bbox 2555 4048 2651 4100; x_wconf 91' lang='lat' dir='ltr'>aut</span> <span class='ocrx_word' id='word_1_622' title='bbox 2694 4046 2854 4117; x_wconf 88' lang='lat' dir='ltr'>quasi</span> <span class='ocrx_word' id='word_1_623' title='bbox 2902 4047 3102 4106; x_wconf 80' lang='lat' dir='ltr'>formae</span> 
     </span>
     <span class='ocr_line' id='line_1_107' title="bbox 1747 4122 3103 4195; baseline 0.006 -17"><span class='ocrx_word' id='word_1_624' title='bbox 1747 4122 1918 4178; x_wconf 89' lang='lat' dir='ltr'>alicui</span> <span class='ocrx_word' id='word_1_625' title='bbox 1945 4122 2236 4178; x_wconf 90' lang='lat' dir='ltr'>contrario</span> <span class='ocrx_word' id='word_1_626' title='bbox 2262 4123 2554 4195; x_wconf 72' lang='lat' dir='ltr'>oppositae,</span> <span class='ocrx_word' id='word_1_627' title='bbox 2587 4127 2943 4183; x_wconf 89' lang='lat' dir='ltr'>contrarium</span> <span class='ocrx_word' id='word_1_628' title='bbox 2973 4129 3103 4186; x_wconf 89' lang='lat' dir='ltr'>des-</span> 
     </span>
     <span class='ocr_line' id='line_1_108' title="bbox 1746 4202 3104 4279; baseline 0.007 -22"><span class='ocrx_word' id='word_1_629' title='bbox 1746 4203 1960 4258; x_wconf 90' lang='lat' dir='ltr'>truitur</span> <span class='ocrx_word' id='word_1_630' title='bbox 1990 4218 2089 4275; x_wconf 93' lang='lat' dir='ltr'>per</span> <span class='ocrx_word' id='word_1_631' title='bbox 2112 4202 2274 4257; x_wconf 87' lang='lat' dir='ltr'>illam</span> <span class='ocrx_word' id='word_1_632' title='bbox 2305 4203 2572 4269; x_wconf 88' lang='lat' dir='ltr'>formam,</span> <span class='ocrx_word' id='word_1_633' title='bbox 2597 4220 2769 4276; x_wconf 90' lang='lat' dir='ltr'>quam</span> <span class='ocrx_word' id='word_1_634' title='bbox 2795 4224 2894 4279; x_wconf 91' lang='lat' dir='ltr'>per</span> <span class='ocrx_word' id='word_1_635' title='bbox 2920 4225 2980 4266; x_wconf 90' lang='lat' dir='ltr'>se</span> <span class='ocrx_word' id='word_1_636' title='bbox 3002 4226 3104 4267; x_wconf 87' lang='lat' dir='ltr'>ex—</span> 
     </span>
     <span class='ocr_line' id='line_1_109' title="bbox 1747 4281 3106 4362; baseline 0.007 -24"><span class='ocrx_word' id='word_1_637' title='bbox 1747 4282 1921 4353; x_wconf 89' lang='lat' dir='ltr'>poscit</span> <span class='ocrx_word' id='word_1_638' title='bbox 1948 4281 2016 4338; x_wconf 89' lang='lat' dir='ltr'>ad</span> <span class='ocrx_word' id='word_1_639' title='bbox 2046 4283 2133 4338; x_wconf 88' lang='lat' dir='ltr'>sui</span> <span class='ocrx_word' id='word_1_640' title='bbox 2164 4282 2628 4343; x_wconf 76' lang='lat' dir='ltr'>destructionem:</span> <span class='ocrx_word' id='word_1_641' title='bbox 2661 4299 2777 4340; x_wconf 92' lang='lat' dir='ltr'>non</span> <span class='ocrx_word' id='word_1_642' title='bbox 2827 4304 2964 4345; x_wconf 87' lang='lat' dir='ltr'>vero</span> <span class='ocrx_word' id='word_1_643' title='bbox 3006 4306 3106 4362; x_wconf 87' lang='lat' dir='ltr'>per</span> 
     </span>
     <span class='ocr_line' id='line_1_110' title="bbox 1746 4361 3104 4434; baseline 0.008 -19"><span class='ocrx_word' id='word_1_644' title='bbox 1746 4361 2134 4433; x_wconf 62' lang='lat' dir='ltr'>illam‚‚quam</span> <span class='ocrx_word' id='word_1_645' title='bbox 2179 4378 2281 4434; x_wconf 89' lang='lat' dir='ltr'>per</span> <span class='ocrx_word' id='word_1_646' title='bbox 2319 4378 2378 4418; x_wconf 93' lang='lat' dir='ltr'>se</span> <span class='ocrx_word' id='word_1_647' title='bbox 2419 4361 2488 4417; x_wconf 93' lang='lat' dir='ltr'>ad</span> <span class='ocrx_word' id='word_1_648' title='bbox 2529 4363 2616 4418; x_wconf 91' lang='lat' dir='ltr'>sui</span> <span class='ocrx_word' id='word_1_649' title='bbox 2660 4363 3104 4426; x_wconf 89' lang='lat' dir='ltr'>destructionem</span> 
     </span>
     <span class='ocr_line' id='line_1_111' title="bbox 1745 4442 3105 4513; baseline 0.008 -18"><span class='ocrx_word' id='word_1_650' title='bbox 1745 4455 1863 4497; x_wconf 96' lang='lat' dir='ltr'>non</span> <span class='ocrx_word' id='word_1_651' title='bbox 1907 4442 2175 4513; x_wconf 85' lang='lat' dir='ltr'>exposcit,</span> <span class='ocrx_word' id='word_1_652' title='bbox 2208 4442 2472 4513; x_wconf 89' lang='lat' dir='ltr'>quamvis</span> <span class='ocrx_word' id='word_1_653' title='bbox 2519 4446 2652 4499; x_wconf 89' lang='lat' dir='ltr'>tunc</span> <span class='ocrx_word' id='word_1_654' title='bbox 2679 4446 3105 4506; x_wconf 89' lang='lat' dir='ltr'>accidentaliter</span> 
     </span>
     <span class='ocr_line' id='line_1_112' title="bbox 1745 4522 3105 4596; baseline 0.007 -17"><span class='ocrx_word' id='word_1_655' title='bbox 1745 4522 1825 4579; x_wconf 92' lang='lat' dir='ltr'>ibi</span> <span class='ocrx_word' id='word_1_656' title='bbox 1853 4528 2153 4579; x_wconf 82' lang='lat' dir='ltr'>concurrat</span> <span class='ocrx_word' id='word_1_657' title='bbox 2180 4543 2192 4577; x_wconf 74' lang='grc' dir='ltr'><strong><em>ε</em></strong></span> <span class='ocrx_word' id='word_1_658' title='bbox 2218 4539 2320 4579; x_wconf 88' lang='lat' dir='ltr'>nec</span> <span class='ocrx_word' id='word_1_659' title='bbox 2343 4523 2458 4579; x_wconf 83' lang='lat' dir='ltr'>haec</span> <span class='ocrx_word' id='word_1_660' title='bbox 2489 4527 2769 4596; x_wconf 89' lang='lat' dir='ltr'>posterior</span> <span class='ocrx_word' id='word_1_661' title='bbox 2797 4529 2983 4588; x_wconf 83' lang='lat' dir='ltr'>forma</span> <span class='ocrx_word' id='word_1_662' title='bbox 3011 4549 3105 4589; x_wconf 91' lang='lat' dir='ltr'>va-</span> 
     </span>
     <span class='ocr_line' id='line_1_113' title="bbox 1744 4605 3102 4679; baseline 0.01 -19"><span class='ocrx_word' id='word_1_663' title='bbox 1744 4607 1821 4661; x_wconf 88' lang='lat' dir='ltr'>let</span> <span class='ocrx_word' id='word_1_664' title='bbox 1842 4605 2230 4664; x_wconf 89' lang='lat' dir='ltr'>causalitatem</span> <span class='ocrx_word' id='word_1_665' title='bbox 2254 4605 2493 4661; x_wconf 89' lang='lat' dir='ltr'>alterius</span> <span class='ocrx_word' id='word_1_666' title='bbox 2515 4606 2826 4679; x_wconf 79' lang='lat' dir='ltr'>impedire:</span> <span class='ocrx_word' id='word_1_667' title='bbox 2847 4628 2914 4669; x_wconf 88' lang='lat' dir='ltr'>ea</span> <span class='ocrx_word' id='word_1_668' title='bbox 2941 4619 3102 4672; x_wconf 92' lang='lat' dir='ltr'>enim</span> 
     </span>
     <span class='ocr_line' id='line_1_114' title="bbox 1743 4684 3103 4763; baseline 0.01 -23"><span class='ocrx_word' id='word_1_669' title='bbox 1743 4702 1869 4760; x_wconf 80' lang='lat' dir='ltr'>quae</span> <span class='ocrx_word' id='word_1_670' title='bbox 1896 4692 2031 4741; x_wconf 90' lang='lat' dir='ltr'>sunt</span> <span class='ocrx_word' id='word_1_671' title='bbox 2053 4702 2151 4759; x_wconf 90' lang='lat' dir='ltr'>per</span> <span class='ocrx_word' id='word_1_672' title='bbox 2174 4684 2450 4752; x_wconf 89' lang='lat' dir='ltr'>accidens,</span> <span class='ocrx_word' id='word_1_673' title='bbox 2479 4703 2594 4744; x_wconf 90' lang='lat' dir='ltr'>non</span> <span class='ocrx_word' id='word_1_674' title='bbox 2618 4690 2946 4763; x_wconf 89' lang='lat' dir='ltr'>impediunt</span> <span class='ocrx_word' id='word_1_675' title='bbox 2967 4714 3103 4754; x_wconf 87' lang='lat' dir='ltr'>cau-</span> 
     </span>
     <span class='ocr_line' id='line_1_115' title="bbox 1741 4770 3162 4852; baseline 0.009 -28"><span class='ocrx_word' id='word_1_676' title='bbox 1741 4770 2029 4824; x_wconf 88' lang='lat' dir='ltr'>salitatem</span> <span class='ocrx_word' id='word_1_677' title='bbox 2074 4784 2296 4834; x_wconf 90' lang='lat' dir='ltr'>eorum,</span> <span class='ocrx_word' id='word_1_678' title='bbox 2327 4784 2452 4840; x_wconf 78' lang='lat' dir='ltr'>quae</span> <span class='ocrx_word' id='word_1_679' title='bbox 2496 4776 2631 4826; x_wconf 88' lang='lat' dir='ltr'>sunt</span> <span class='ocrx_word' id='word_1_680' title='bbox 2679 4773 2964 4849; x_wconf 90' lang='lat' dir='ltr'>principia</span> <span class='ocrx_word' id='word_1_681' title='bbox 3006 4795 3106 4852; x_wconf 90' lang='lat' dir='ltr'>per</span> <span class='ocrx_word' id='word_1_682' title='bbox 3159 4783 3162 4788; x_wconf 79' lang='grc'><strong>’</strong></span> 
     </span>
     <span class='ocr_line' id='line_1_116' title="bbox 1741 4848 3108 4930; baseline 0.01 -25"><span class='ocrx_word' id='word_1_683' title='bbox 1741 4865 1802 4905; x_wconf 91' lang='lat' dir='ltr'>se</span> <span class='ocrx_word' id='word_1_684' title='bbox 1835 4848 2036 4921; x_wconf 85' lang='lat' dir='ltr'>:atqui</span> <span class='ocrx_word' id='word_1_685' title='bbox 2086 4853 2371 4922; x_wconf 88' lang='lat' dir='ltr'>peccatum</span> <span class='ocrx_word' id='word_1_686' title='bbox 2400 4855 2597 4907; x_wconf 90' lang='lat' dir='ltr'>contra</span> <span class='ocrx_word' id='word_1_687' title='bbox 2646 4854 2826 4911; x_wconf 92' lang='lat' dir='ltr'>Deum</span> <span class='ocrx_word' id='word_1_688' title='bbox 2876 4860 3108 4930; x_wconf 68' lang='lat' dir='ltr'>praecise</span> 
     </span>
     <span class='ocr_line' id='line_1_117' title="bbox 1743 4928 3107 5012; baseline 0.008 -25"><span class='ocrx_word' id='word_1_689' title='bbox 1743 4929 2065 4995; x_wconf 86' lang='lat' dir='ltr'>authorem,</span> <span class='ocrx_word' id='word_1_690' title='bbox 2092 4934 2147 4986; x_wconf 89' lang='lat' dir='ltr'>et</span> <span class='ocrx_word' id='word_1_691' title='bbox 2174 4928 2350 4985; x_wconf 83' lang='lat' dir='ltr'>finem</span> <span class='ocrx_word' id='word_1_692' title='bbox 2373 4933 2721 4998; x_wconf 89' lang='lat' dir='ltr'>naturalem,</span> <span class='ocrx_word' id='word_1_693' title='bbox 2756 4951 2872 4993; x_wconf 91' lang='lat' dir='ltr'>non</span> <span class='ocrx_word' id='word_1_694' title='bbox 2901 4954 3107 5012; x_wconf 86' lang='lat' dir='ltr'>expos-</span> 
     </span>
     <span class='ocr_line' id='line_1_118' title="bbox 1743 5009 3107 5091; baseline 0.007 -23"><span class='ocrx_word' id='word_1_695' title='bbox 1743 5011 1818 5068; x_wconf 91' lang='lat' dir='ltr'>cit</span> <span class='ocrx_word' id='word_1_696' title='bbox 1846 5009 1916 5067; x_wconf 93' lang='lat' dir='ltr'>ad</span> <span class='ocrx_word' id='word_1_697' title='bbox 1942 5010 2033 5065; x_wconf 90' lang='lat' dir='ltr'>sui</span> <span class='ocrx_word' id='word_1_698' title='bbox 2063 5009 2506 5069; x_wconf 89' lang='lat' dir='ltr'>destructionem</span> <span class='ocrx_word' id='word_1_699' title='bbox 2533 5015 2786 5087; x_wconf 85' lang='lat' dir='ltr'>gratiam</span> <span class='ocrx_word' id='word_1_700' title='bbox 2822 5034 3107 5091; x_wconf 90' lang='lat' dir='ltr'>superna-</span> 
     </span>
    </p>
   </div>
   <div class='ocr_carea' id='block_1_13' title="bbox 2886 5101 2960 5157">
    <p class='ocr_par' dir='ltr' id='par_1_15' title="bbox 2886 5101 2960 5157">
     <span class='ocr_line' id='line_1_119' title="bbox 2886 5101 2960 5157; baseline 0.014 -1"><span class='ocrx_word' id='word_1_701' title='bbox 2886 5101 2960 5157; x_wconf 80' lang='lat'>32</span> 
     </span>
    </p>
   </div>
  </div>
 </body>
</html>
