3647 5753
562 464 663 517 130
1572 460 1663 514 DE
1701 443 1973 514 GRA'mA
2014 454 2355 510 ErarcAcL

554 632 623 688 ad
665 632 1004 704 oppositum,
1048 635 1104 688 et
1155 632 1233 687 ita
1276 647 1391 688 non
1438 647 1610 688 omne
1656 631 1917 686 futurum

552 712 749 768 evenit
777 711 1114 768 necessarie.
1140 710 1306 769 Unde
1336 713 1416 768 ait
1449 733 1460 767 :
1499 735 1522 764 «
1552 716 1679 769 Non
1700 718 1786 768 est
1808 711 1920 767 ali-

561 814 584 840 «
614 806 726 862 qua
754 791 854 847 Dei
896 788 1277 861 providentia,
1329 791 1752 859 determinatio,
1797 791 1922 846 sive

563 894 586 922 «
621 870 972 942 praescientia
994 869 1240 938 firmior,
1261 873 1353 928 vel
1371 872 1723 928 necessarior
1746 870 1922 926 verbo

563 972 589 999 a
619 948 819 1006 divino
838 971 850 1005 ε
867 948 965 1006 sed
981 950 1084 1006 etsi
1103 953 1380 1007 Dominus
1396 951 1612 1024 aliquid
1631 950 1917 1025 praedixit,

562 1051 587 1080 «
617 1029 941 1101 oppositum
997 1034 1176 1101 potest
1213 1030 1511 1087 succedere
1557 1032 1619 1087 in
1671 1030 1869 1087 effectu
1906 1050 1919 1085 :

561 1131 586 1159 «
616 1124 752 1182 ergo
771 1114 824 1164 et
845 1108 1059 1166 divinae
1086 1110 1586 1167 determinationis
1615 1116 1793 1183 potest
1817 1126 1924 1181 op-

561 1211 584 1239 «
619 1189 865 1260 positum
881 1190 1135 1248 evenire.
1155 1213 1179 1242 »
1202 1193 1270 1246 Et
1287 1191 1442 1248 infra
1462 1214 1475 1248 ε
1499 1191 1718 1259 «Absit,
1738 1196 1800 1246 ut
1812 1191 1925 1247 fal-

561 1292 586 1320 «
620 1270 795 1325 lacem
820 1268 1076 1326 dicamus
1106 1272 1204 1327 Dei
1246 1270 1808 1340 determinationem,
1841 1271 1925 1326 si-

563 1372 587 1400 «
618 1355 710 1404 cut
738 1364 840 1405 nec
868 1348 1176 1407 fallibilem
1221 1352 1580 1425 prophetiam
1617 1374 1629 1408 :
1671 1351 1768 1408 sed
1822 1353 1927 1409 hoc

565 1452 589 1480 «
620 1430 806 1485 solum
822 1431 1079 1501 sequitur
1101 1446 1170 1486 ex
1195 1432 1526 1504 praemissis,
1551 1430 1701 1503 quod
1724 1430 1926 1487 divina

568 1530 592 1560 α
626 1509 979 1580 praescientia
1031 1511 1259 1566 nullum
1308 1517 1501 1575 arctat,
1562 1527 1741 1583 neque
1804 1513 1926 1585 ejus

571 1610 594 1638 (ι
630 1588 988 1660 providentia
1014 1606 1361 1664 quemquam
1390 1591 1601 1666 obligat
1628 1591 1697 1648 ad
1724 1607 1928 1664 seque-

572 1690 596 1719 «
628 1668 765 1724 lam.
794 1688 834 1718 »-
853 1671 978 1724 Non
1000 1684 1134 1743 ergo
1177 1671 1416 1727 scientia
1445 1671 1634 1728 media
1662 1688 1796 1727 usus
1818 1671 1930 1727 fuit

529 1816 535 1822 Δ
565 1747 914 1813 Waldensis,
950 1750 1161 1805 necilli
1190 1749 1362 1808 favet.

352 1838 553 1895 observa·
648 1828 767 1884 194.
806 1827 1004 1897 Terti0,
1047 1835 1102 1885 et
1142 1832 1438 1905 urgentius
1470 1834 1782 1904 :quoniam
1825 1834 1928 1890 Sa·

354 1892 537 1979 {jssffigffl
570 1907 958 1981 pientissimus
1005 1909 1110 1966 iste
1161 1913 1361 1967 Doctor
1407 1910 1547 1967 duas
1594 1918 1818 1968 tantum
1868 1913 1928 1968 in

379 1986 526 2077 ἕξις-ἧς
569 1990 681 2043 Deo
744 1985 1055 2061 distinguit
1113 1992 1469 2064 cognitiones
1523 1992 1670 2049 circa
1716 1992 1931 2066 objecta

291 2077 298 2089 “
382 2083 427 2126 in
445 2067 520 2140 nass:
569 2071 754 2126 creata
782 2088 795 2122 ε
820 2068 1011 2133 aliam,
1037 2085 1147 2141 qua
1169 2077 1584 2143 cognoscuntur
1607 2073 1924 2145 possibilia,

368 2138 554 2176 ‘mem‘
570 2162 739 2219 quam
761 2153 919 2203 vocat
939 2150 1237 2222 simplicem
1254 2153 1705 2222 intelliyentiam;
1728 2154 1926 2218 aliam,

567 2245 677 2300 qua
698 2237 1110 2303 cognoscuntur
1129 2237 1283 2289 certo
1305 2233 1513 2300 sutura,
1539 2252 1709 2307 quam
1733 2235 1931 2308 appel-

569 2308 649 2363 lat
678 2311 1096 2380 prm-scientiam,
1131 2317 1190 2366 ut
1224 2320 1440 2369 constat
1464 2329 1535 2371 ex
1588 2315 1687 2373 lib.
1738 2316 1926 2381 citato,

564 2403 687 2459 cap.
741 2390 832 2450 26,
888 2389 983 2445 ubi
1014 2391 1201 2463 inquit
1259 2413 1272 2447 :
1327 2415 1351 2445 «
1383 2395 1706 2466 Respondet
1746 2402 1932 2452 mater

573 2490 597 2519 «
629 2467 876 2524 Ecclesia
954 2469 1238 2544 obJ'ectum
1300 2473 1655 2547 adaequatum
1719 2478 1934 2533 divina>

519 2566 522 2570 >
574 2572 599 2599 «
641 2549 1007 2620 praescientiae
1027 2568 1146 2609 esse
1169 2554 1427 2610 futurum
1456 2555 1524 2614 de
1548 2563 1701 2616 certo
1727 2576 1933 2616 secun-

577 2653 601 2678 «
634 2627 772 2684 dum
813 2631 961 2703 quod
991 2635 1121 2700 tale,
1156 2634 1213 2689 id
1241 2641 1343 2699 est,
1399 2637 1548 2709 quod
1576 2644 1659 2695 est
1685 2639 1754 2697 de
1779 2646 1934 2699 certo

582 2709 913 2779 «futurum,
966 2729 1082 2771 non
1114 2721 1173 2770 ut
1198 2723 1281 2773 est
1325 2718 1584 2775 futurum
1637 2724 1823 2779 solum
1865 2725 1934 2782 de

581 2812 605 2839 «
632 2789 906 2862 possibili,
926 2794 1016 2848 vel
1032 2791 1100 2851 de
1116 2795 1284 2854 modo
1296 2800 1667 2875 contingenti,
1687 2807 1933 2876 qualiter

578 2896 602 2923 «
634 2872 815 2929 multa
843 2883 1215 2947 possuntesse
1235 2880 1441 2949 futura,
1471 2902 1595 2956 quae
1636 2904 1932 2961 nunquam

579 2975 602 3003 «
632 2959 834 3021 erunt;
864 2962 920 3011 et
942 2956 1068 3014 ideo
1098 2975 1197 3015 nec
1220 2961 1340 3033 ipsa
1368 2967 1622 3035 praescita
1643 2975 1775 3024 sunt
1798 2986 1935 3041 pro-

579 3057 604 3084 «
636 3035 776 3107 prie,
809 3036 906 3092 sed
935 3038 1222 3119 intellecta
1272 3050 1406 3099 sunt
1452 3063 1483 3103 a
1527 3050 1637 3106 Deo
1682 3050 1931 3123 simplici

581 3117 1036 3191 «intelligentia,
1092 3138 1217 3193 quae
1263 3140 1378 3181 non
1414 3126 1623 3185 dicitur
1670 3130 1929 3198 scientia,

582 3222 607 3251 «
639 3200 728 3255 vel
758 3202 1128 3272 praescientia‚
1175 3205 1288 3261 nisi
1337 3207 1575 3266 forsitan
1620 3211 1928 3270 abusive.»

475 3349 482 3353 μ
577 3282 771 3352 Itaque
796 3282 994 3338 omnia
1031 3299 1155 3355 quae
1173 3290 1380 3342 statum
1405 3290 1796 3360 possibilitatis
1819 3310 1934 3350 non

574 3361 967 3435 egrediuntur,
1015 3363 1171 3422 docet
1215 3384 1313 3439 per
1344 3369 1665 3442 simplicem
1713 3374 1934 3431 iutelli-

572 3442 827 3514 gentiam
849 3445 1140 3517 cognosci;
1170 3463 1295 3517 quae
1324 3464 1458 3506 vero
1478 3468 1652 3525 supra
1689 3455 1935 3526 possibi-

576 3521 794 3577 litatem
844 3522 1062 3579 addunt
1109 3525 1528 3597 interitionem,
1582 3535 1781 3589 asserit
1837 3551 1934 3608 per

576 3605 994 3675 praescientiam
1023 3608 1252 3683 attingi.
1273 3611 1581 3669 Videamus
1602 3616 1777 3689 igitur
1797 3616 1936 3691 quid

576 3684 861 3758 intelligat
888 3702 987 3758 per
1017 3690 1448 3759 praescientiam,
1473 3700 1529 3751 et
1552 3696 1632 3751 sic
1666 3712 1938 3770 agnosce-

576 3779 724 3831 mus,
765 3780 838 3820 an
884 3766 1181 3823 scientiam
1230 3770 1481 3827 mediam
1524 3774 1808 3843 admittat,
1861 3792 1936 3833 an

575 3859 702 3900 eam
718 3845 1000 3902 excludat.
1030 3870 1053 3898 α
1079 3850 1406 3907 Notandum
1428 3859 1529 3917 est,
1558 3854 1760 3927 inquit,
1786 3855 1935 3928 quod

583 3946 606 3973 «
638 3924 994 3995 praescientia
1023 3927 1239 3999 aliquid
1270 3931 1396 4001 plus
1423 3930 1560 3988 dicit
1588 3934 1649 3989 in
1679 3936 1937 4008 Scriptu-

583 4027 607 4054 «
648 4005 925 4078 ris,quam
955 4009 1125 4083 vulgo
1151 4012 1485 4084 concipitur.
1513 4016 1639 4071 Non
1666 4018 1825 4073 enim
1854 4025 1939 4074 est

585 4108 608 4137 ι(
641 4088 1004 4161 praecognitio
1032 4095 1254 4146 tantum
1298 4093 1379 4149 rei
1420 4093 1645 4162 futurae,
1683 4098 1818 4169 quia
1858 4099 1939 4155 sic

583 4190 606 4218 «
640 4182 844 4239 parum
868 4167 1103 4226 distaret
1129 4186 1159 4226 a
1215 4172 1417 4229 notitia
1466 4173 1666 4244 ideali;
1710 4178 1810 4235 sed
1855 4183 1937 4235 est

583 4273 607 4301 «
641 4250 1012 4324 praecognitio
1059 4252 1142 4307 rei
1187 4270 1316 4309 cum
1371 4257 1748 4328 applicatione
1792 4260 1933 4328 odii,

584 4354 608 4382 «
639 4331 732 4386 vel
759 4331 1005 4389 amoris:
1031 4331 1147 4389 odii
1174 4334 1405 4403 scilicet,
1431 4352 1559 4392 cum
1585 4340 1939 4411 praescientia

584 4434 608 4462 «
640 4429 768 4468 cum
828 4412 1229 4486 reprobatione
1280 4419 1663 4489 convertitur;
1719 4423 1938 4480 amoris

584 4518 607 4545 «
641 4510 799 4563 vero,
831 4495 1059 4568 quando
1086 4512 1214 4553 cum
1264 4498 1759 4569 praedestinatione
1798 4520 1938 4561 con-

380 4600 534 4649 Aperte
585 4597 608 4623 «
641 4573 900 4630 fertur.»
938 4574 1066 4642 Ubi,
1101 4582 1158 4632 ut
1200 4577 1376 4645 vides,
1413 4584 1616 4652 przeter
1656 4584 1939 4657 cognitio-

399 4653 522 4695 ”0821
581 4669 712 4710 nem
735 4655 1017 4728 simplicis
1064 4657 1478 4733 intelligentiae,
1532 4677 1647 4718 non
1688 4663 1939 4720 admittit
1986 4708 1991 4713 .

367 4698 560 4789 :ffffffie-
581 4734 694 4789 nisi
745 4736 1130 4809 cognitionem
1179 4741 1548 4811 praescientiae
1588 4749 1686 4799 :et
1740 4760 1939 4799 rursus

392 4796 517 4838 ‘¹¹³m·
580 4815 728 4871 hanc
747 4813 885 4871 dicit
907 4832 1023 4873 non
1044 4833 1165 4875 esse
1180 4835 1384 4891 puram
1411 4823 1933 4897 praecognitionem,

579 4894 675 4951 sed
705 4896 1020 4968 importare
1040 4900 1482 4971 applicationem
1505 4904 1819 4959 voluntatis
1845 4902 1938 4959 di-

583 4977 733 5031 vinae
761 4976 831 5031 ad
860 4993 1135 5046 amorem,
1169 4983 1259 5038 vel
1282 4982 1501 5041 odium.
1533 4986 1682 5057 Ergo
1707 4985 1939 5043 eviden-

586 5061 671 5113 ter
699 5055 948 5112 excludit
975 5060 1271 5117 scientiam
1296 5062 1547 5119 mediam
1570 5088 1582 5132 ;
1613 5066 1729 5122 haec
1754 5068 1934 5135 enim,

2050 631 2113 681 ut
2133 627 2253 700 ejus
2273 625 2500 698 patroni
2521 624 2741 689 docent,
2769 629 2851 681 est
2874 639 3013 696 pure
3032 622 3403 696 speculativa,

2051 715 2106 767 et
2126 725 2285 765 mera
2310 709 2672 783 praecognitio
2693 707 3044 770 futurorum,
3069 706 3209 777 quin
3236 721 3412 780 perse

2053 795 2202 865 petat
2227 791 2474 862 aliquem
2505 796 2691 845 actum
2719 788 3052 855 exercitum,
3078 793 3132 843 et
3155 787 3407 859 applica-

2052 880 2173 929 tum
2203 873 2517 930 voluntatis
2540 869 2774 928 divinae.

2131 954 2360 1028 Quarto,
2381 960 2438 1012 et
2456 955 2662 1012 ultimo
2682 978 2696 1020 ;
2717 955 2854 1026 quia
2876 953 3029 1009 inter
3051 951 3243 1007 varias
3263 951 3413 1007 solu-
3474 974 3579 1029 ιφ..

2053 1040 2255 1103 tiones,
2282 1038 2489 1110 quibus
2519 1038 2694 1095 refert
2729 1039 2991 1094 Doctores
3014 1036 3104 1091 sui
3133 1031 3621 1114 temporisffifdgb

2056 1114 3415 1193 argumentoWiclefioccurrisse,quandampro-
3461 1120 3573 1172 sien.
3638 1113 3639 1122 ¹

2057 1203 2237 1274 ponit,
2268 1215 2392 1273 quae
2416 1200 2507 1256 vel
2529 1199 2677 1271 sapit
2695 1198 2995 1254 scientiam
3023 1194 3296 1260 mediam,
3322 1194 3415 1251 vel

2046 1280 2128 1337 ‘ab
2175 1282 2297 1353 ipsa
2346 1277 2495 1335 nihil
2539 1278 2726 1336 distat.
2780 1280 2946 1333 Illam
2995 1283 3186 1333 autem
3235 1274 3419 1348 rejicit

2057 1380 2177 1435 cap.
2202 1363 2293 1427 45,
2321 1362 2411 1417 his
2432 1360 2623 1416 verbis
2653 1381 2666 1414 :
2696 1382 2720 1411 «
2740 1362 2894 1414 Insto
2921 1362 2975 1414 et
2998 1373 3100 1429 pro
3123 1356 3304 1429 priori
3326 1370 3418 1412 se-

2065 1466 2090 1496 «
2119 1442 2303 1515 quela,
2330 1441 2463 1513 quia
2488 1438 2795 1504 concludit,
2828 1443 3062 1496 Petrum
3095 1451 3254 1510 posse
3276 1435 3419 1492 face·

2066 1547 2091 1577 «
2124 1540 2184 1580 re
2202 1524 2391 1596 praesci
2404 1540 2462 1581 re
2475 1540 2607 1581 eum
2630 1522 2700 1578 ad
2716 1524 2977 1598 gloriam.
3004 1518 3161 1585 Quod
3175 1534 3279 1592 ego
3301 1534 3418 1574 non

2066 1628 2091 1658 «
2120 1604 2307 1671 video,
2333 1605 2466 1677 quia
2488 1606 2567 1661 sic
2588 1604 2789 1660 divina
2810 1603 3065 1677 operatio
3090 1601 3419 1656 immanens

2067 1708 2091 1738 «
2122 1685 2467 1759 dependeret
2516 1701 2586 1743 ex
2640 1686 2833 1742 futuro
2877 1700 3046 1757 opere
3097 1687 3371 1739 creaturae
3404 1701 3420 1736 ι

2069 1795 2090 1818 ι
2124 1767 2273 1839 quod
2297 1783 2411 1824 non
2434 1766 2692 1832 admitto,
2721 1766 2850 1822 licet
2877 1766 2980 1821 hoc
2999 1763 3183 1836 sapiat
3206 1765 3416 1817 Arma-

2068 1875 2094 1906 «
2125 1864 2296 1907 canus
2339 1846 2408 1902 de
2427 1844 2832 1918 quaestionibus
2860 1849 3268 1899 Armenorum.
3297 1863 3321 1891 »
3351 1841 3420 1894 Et

2063 1929 2220 1987 infra
2257 1947 2269 1981 :
2305 1948 2329 1978 α
2361 1924 2517 1990 Quod
2546 1940 2681 1997 ergo
2719 1923 3045 1980 conceditur
3096 1924 3223 1978 sine
3257 1919 3418 1977 omni

2069 2034 2095 2063 «
2126 2005 2553 2065 inconvenienti
2578 2021 2610 2060 a
2631 2003 2993 2075 quibusdam,
3027 2018 3189 2058 mens
3218 1999 3421 2057 audire

2070 2113 2095 2142 «
2127 2087 2426 2161 perhorret
2446 2109 2459 2151 ;
2483 2092 2538 2141 et
2559 2086 2740 2158 magis
2767 2085 2912 2151 idco,
2942 2084 3091 2156 quod
3121 2099 3235 2138 non
3258 2098 3420 2154 opor·

2071 2174 2220 2233 «tet,
2268 2168 2316 2221 si
2345 2167 2548 2239 Logica
2600 2165 2872 2221 tenaciter
2918 2171 3247 2220 servaretur
3289 2179 3421 2218 cum

2071 2273 2095 2303 «
2126 2248 2350 2305 naturis
2404 2262 2618 2303 rerum.
2676 2245 2833 2309 Quod
2887 2245 3099 2301 scilicet
3162 2249 3421 2300 creatura

2072 2353 2097 2383 α
2128 2333 2305 2401 potest
2357 2326 2639 2398 impedire
2689 2324 2956 2381 divinum
3019 2323 3370 2396 propositum
3406 2347 3422 2389 ;

2071 2435 2096 2464 «
2126 2406 2271 2481 quod
2304 2412 2481 2479 potest
2505 2406 2688 2463 facere
2713 2422 2783 2462 ne
2807 2405 2963 2469 velit,
2989 2403 3136 2477 quod
3166 2403 3236 2460 ab
3263 2409 3422 2460 aeter-

2072 2515 2098 2545 «
2126 2507 2202 2547 no
2233 2487 2472 2545 volebat.
2510 2510 2533 2539 a
2562 2486 2619 2541 ld
2645 2492 2834 2542 autem
2877 2485 3258 2542 libentissime
3283 2500 3423 2541 con-

2065 2571 2271 2629 cedunt
2296 2568 2548 2628 scientiae
2570 2568 2773 2625 mediae
2803 2567 3026 2640 patroni
3052 2591 3065 2632 ;
3092 2581 3225 2621 nam
3250 2568 3421 2630 DeuS,
3470 2633 3473 2636 Ι

2067 2653 2357 2726 inquiunt,
2397 2647 2460 2705 fit
2491 2651 2752 2722 proxime
2780 2658 2976 2723 potens
3003 2649 3308 2704 decernere
3330 2663 3429 2703 ac-

2068 2741 2155 2791 tus
2179 2733 2390 2791 liberos
2413 2745 2512 2804 per
2537 2747 2737 2787 eorum
2763 2730 3196 2802 praescientiam,
3247 2743 3427 2800 quam

2066 2816 2332 2873 voluntas
2352 2817 2540 2869 creata
2568 2809 2850 2884 impedire
2878 2813 3057 2883 potest
3087 2833 3099 2865 ι
3129 2815 3183 2864 et
3211 2808 3315 2864 hac
3338 2824 3431 2864 ra-

2065 2897 2221 2952 tione
2275 2893 2490 2957 dicunt,
2554 2890 2817 2947 divinam
2873 2889 3310 2962 praescientiam,
3367 2896 3425 2947 et

2065 2975 2353 3032 decretum
2387 2986 2502 3027 non
2550 2970 2770 3027 officere
2807 2968 3074 3026 libertati.
3116 2970 3424 3042 Prosequi-

2067 3060 2161 3111 tur
2199 3051 2531 3109 Waldensis
2580 3050 2834 3107 referens
2878 3054 2933 3106 et
2987 3049 3257 3106 refellens
3296 3066 3425 3123 quae

2066 3133 2401 3193 concedebat
2426 3133 2527 3189 illa
2550 3131 2843 3204 responsio
2877 3151 2888 3185 ε
2926 3154 2950 3184 α
2981 3131 3137 3195 Quod
3164 3138 3428 3190 creatura

2074 3238 2098 3267 «
2131 3220 2308 3287 potest
2332 3213 2530 3278 facere,
2555 3210 2702 3284 quod
2721 3214 2865 3266 Deus
2889 3228 3181 3285 nunquam
3206 3214 3429 3284 praesci-

2074 3319 2098 3349 «
2127 3294 2211 3350 vit
2237 3310 2368 3350 eum
2392 3291 2460 3349 ad
2480 3307 2729 3364 poenam,
2747 3291 2845 3362 qui
2863 3291 2931 3347 de
2947 3291 3090 3347 facto
3107 3292 3185 3347 sic
3204 3295 3431 3364 praesci-

2075 3399 2099 3428 «
2129 3375 2214 3430 vit
2229 3390 2361 3430 eum
2387 3371 2455 3428 ab
2482 3377 2714 3438 aeterno,
2741 3371 2866 3426 sine
2880 3374 3237 3430 cunctatione
3259 3372 3433 3430 decli-

2075 3482 2099 3511 «
2133 3473 2226 3522 no,
2254 3456 2489 3529 abnego,
2510 3461 2565 3511 et
2583 3455 2776 3527 procul
2792 3453 2999 3511 devito.
3020 3455 3127 3511 Sed
3151 3456 3275 3511 istis
3297 3473 3426 3513 con-

2075 3564 2099 3594 «
2130 3539 2283 3605 cedo,
2317 3541 2494 3594 Deum
2532 3537 2795 3609 praescire
2834 3537 3006 3592 istum
3032 3554 3188 3610 posse
3209 3539 3427 3595 salvari

2075 3645 2099 3674 «
2128 3621 2225 3692 qui
2248 3625 2331 3676 est
2360 3618 2665 3690 praescituS,
2684 3623 2739 3673 et
2758 3619 3075 3689 praescitum
3101 3618 3169 3674 ad
3189 3636 3421 3691 poenam

2074 3724 2099 3754 «
2131 3700 2397 3774 praescire
2421 3714 2579 3771 posse
2606 3698 2675 3753 ad
2706 3698 2881 3754 vitam
2910 3719 2923 3753 ε
2951 3704 3007 3755 et
3029 3699 3128 3755 hoc
3149 3697 3219 3755 de
3240 3701 3432 3756 omni-

2076 3804 2101 3833 «
2131 3779 2381 3854 potentia
2412 3778 2509 3834 Dei
2533 3776 2727 3834 dicens
2768 3794 2937 3850 super
2990 3774 3132 3834 illud
3156 3780 3379 3835 Psalmi
3419 3803 3431 3835 :

2075 3886 2100 3915 «
2130 3859 2379 3917 Mutabis
2422 3876 2507 3922 ea.
2565 3864 2620 3915 et
2673 3858 3063 3926 mutabuntur,
3119 3865 3177 3916 tu
3233 3866 3429 3918 autem

2077 3966 2101 3995 α
2133 3942 2284 3999 idem
2309 3942 2428 4014 ipse
2449 3956 2527 3996 es,
2563 3960 2587 3990 »
2621 3941 2683 3994 Et
2707 3941 2821 3996 haec
2848 3939 3100 3997 breviter
3122 3939 3427 3999 adnotasse

2069 4025 2325 4088 sufficiat,
2359 4028 2419 4077 ut
2444 4026 2677 4089 constet,
2713 4021 3115 4081 venerabilem
3156 4023 3437 4080 Walden-

2069 4120 2189 4160 sem
2227 4104 2346 4176 jam
2386 4107 2520 4157 tunc
2572 4101 2767 4173 procul
2812 4100 3077 4157 odorasse
3125 4101 3443 4158 scientiam.

2070 4184 2343 4249 mediam,
2370 4198 2610 4255 eamque
2638 4182 2729 4237 vel
2758 4181 2819 4236 in
2847 4183 3069 4238 semine
3092 4182 3432 4251 suffocasse;

2067 4270 2233 4336 atque
2287 4261 2741 4335 independenter
2782 4260 2851 4317 ab
2872 4278 2938 4319 ea
2980 4262 3209 4319 Wiclefi
3254 4280 3433 4337 argu-—

2068 4349 2281 4409 menta,
2314 4360 2438 4416 quae
2481 4348 2671 4415 postea
2719 4343 3089 4414 reassumpsit
3130 4344 3429 4404 calvinus.

2069 4432 2123 4483 et
2150 4428 2448 4482 assumunt
2478 4424 2657 4480 nostri
2687 4423 3040 4487 Adversarii,
3066 4424 3327 4482 diluisse.
3416 4440 3427 4455 ⁸

2151 4508 2270 4564 195.
2314 4507 2629 4564 Veniamus
2649 4506 2765 4579 Jam
2792 4505 2859 4561 ad
2879 4507 3041 4562 illam
3060 4508 3640 4592 εθῐιῐεεηῑίειιῖην,ΜΗωε

2071 4590 2226 4663 cujus
2248 4588 2516 4645 meminit
2549 4586 2897 4653 Waldensis,
2923 4593 2978 4644 et
2996 4581 3169 4660 quam
3192 4590 3435 4645 Suarius
3466 4598 3625 4647 Suasit.

2072 4673 2230 4742 putat
2255 4684 2376 4725 esse
2402 4667 2662 4734 eandem,
2688 4682 2859 4739 quam
2891 4682 3043 4723 nunc
3072 4684 3433 4742 prosequun-
3450 4646 3640 4741 ξιῑῖζξζέ

2069 4754 2165 4805 tur
2191 4749 2520 4805 Thomistae.
2552 4748 2715 4802 Illam
2749 4763 2888 4803 vero
2918 4748 2998 4802 sic
3021 4750 3289 4821 proponit
3325 4749 3429 4806 lib.
3450 4740 3639 4838 σξξέω

2068 4830 2257 4895 citato,
2283 4845 2403 4901 cap.
2424 4830 2536 4894 253:
2566 4828 2916 4883 «Necessitas
2937 4843 3071 4902 ergo
3093 4829 3442 4887 antecedens
3560 4830 3591 4839 '⁴
3637 4825 3639 4853 ³

2078 4931 2104 4961 «
2128 4924 2243 4965 non
2271 4907 2613 4980 compatitur
2637 4906 2995 4971 libertatem;
3026 4913 3082 4963 et
3128 4907 3256 4965 ideo
3303 4910 3435 4982 ipsa

2078 5011 2103 5040 α
2135 5003 2252 5044 non
2271 4986 2538 5044 convenit
2565 4986 2837 5041 humanis
2864 4985 3172 5043 effectibus
3203 4989 3437 5046 Pericu-

2078 5091 2103 5120 «
2135 5069 2250 5124 lose
2275 5081 2429 5140 ergo,
2450 5072 2512 5122 ut
2533 5066 2679 5122 mihi
2696 5065 2943 5133 videtur,
2968 5064 3207 5139 quidam
3231 5070 3432 5143 magni

3314 5165 3431 5205 vari
