3647 5753
346 3148 493 3191 Justus

550 366 662 423 810

551 540 699 594 tium
731 535 998 598 liberum,
1030 538 1085 589 et
1114 530 1447 605 positivum,
1474 534 1533 585 ut
1555 526 1910 585 ostendimus

548 621 690 692 disp.
731 620 780 684 l,
803 616 929 672 dub.
970 618 1015 671 l.
1042 614 1208 670 Unde
1233 613 1371 670 satis
1400 612 1595 684 liquet,
1627 610 1774 683 quod
1802 609 1907 667 etsi

549 701 804 759 Adamus
850 713 967 756 non
1028 700 1300 771 peccaret,
1363 694 1610 751 minime
1673 691 1745 749 ad
1803 707 1909 748 nos

552 781 967 839 transmitteret
990 794 1089 851 per
1118 776 1351 835 modum
1376 791 1556 832 causae
1594 772 1908 830 meritoriae

544 864 828 938 justitiam
873 860 1241 935 originalem,
1270 856 1369 914 sed
1413 861 1634 912 tantum
1672 860 1909 926 poneret

548 945 959 1008 conditionem,
979 942 1105 998 sine
1118 955 1231 1012 qua
1246 955 1364 997 non
1388 938 1550 996 fieret
1570 936 1704 994 talis
1724 941 1909 992 trans·

548 1028 768 1085 missio.
800 1025 1118 1082 Videantur
1143 1038 1268 1095 quae
1313 1020 1569 1077 diximus
1595 1025 1758 1075 tract.
1818 1019 1901 1085 13,

548 1113 693 1185 disp.
737 1112 818 1176 14,
843 1127 877 1164 a
905 1125 1057 1163 num.
1098 1107 1221 1162 126.

621 1190 780 1246 Adde
805 1187 952 1262 quod
979 1186 1158 1262 gratis
1202 1199 1482 1242 concesso.
1529 1181 1814 1238 Adamum
1856 1180 1904 1236 si

547 1288 667 1330 non
733 1274 1002 1344 peccaret,
1067 1266 1546 1322 transmissurum
1605 1260 1905 1318 meritorie

545 1355 721 1410 fuisse
744 1353 812 1410 ad
842 1368 945 1408 nos
970 1349 1236 1424 gratiam,
1261 1352 1318 1403 et
1334 1346 1617 1421 justitiam
1640 1344 1903 1418 origina-

545 1437 680 1501 lem,
708 1434 953 1489 minime
975 1429 1310 1493 inferretur,
1344 1427 1454 1482 tale
1483 1425 1757 1482 meritum
1780 1439 1903 1481 esse

544 1516 615 1573 de
641 1512 943 1586 condigno,
976 1511 1108 1566 licet
1133 1507 1203 1564 de
1242 1507 1544 1581 condigno,
1571 1510 1625 1562 et
1649 1504 1901 1578 justissi-

545 1614 639 1655 me
659 1597 906 1671 gratiam
957 1611 1056 1666 per
1097 1599 1383 1666 peccatum
1427 1588 1798 1646 demeruerit.
1835 1588 1903 1643 Et

545 1677 872 1734 differentia
897 1677 959 1732 in
985 1691 1051 1731 eo
1078 1673 1399 1738 consistitit,
1433 1687 1569 1728 nam
1610 1667 1902 1741 quodlibet

545 1764 835 1832 peccatum
874 1755 1149 1819 mortale,
1170 1770 1299 1810 cum
1331 1753 1392 1809 in
1427 1752 1648 1808 ratione
1673 1749 1901 1806 offensae

540 1843 618 1898 sit
645 1839 963 1902 infinitum,
991 1835 1160 1894 habet
1184 1835 1555 1891 sufficientem
1598 1831 1900 1905 aequalita-

537 1934 653 1982 tem
716 1922 786 1979 ad
833 1937 1061 1996 poenam
1122 1919 1466 1992 privationis
1528 1917 1744 1990 gratiae,
1803 1920 1901 1970 aut

538 2007 715 2065 aliam
737 2007 913 2062 etiam
939 2004 1269 2079 graviorem
1297 2023 1310 2056 :
1352 1998 1677 2056 observatio
1705 2003 1895 2055 autem

539 2087 804 2161 praecepti
829 2103 947 2143 non
975 2084 1142 2141 habet
1169 2082 1549 2154 aequalitatem
1597 2095 1726 2135 cum
1753 2094 1898 2150 quo-

540 2171 680 2228 libet
708 2169 965 2243 praemio,
998 2173 1054 2223 et
1081 2165 1264 2221 multo
1287 2164 1483 2220 minus
1503 2177 1631 2219 cum
1657 2159 1897 2233 praemio

539 2251 681 2308 adeo
711 2248 948 2324 insigni,
979 2244 1296 2321 cujusmodi
1341 2249 1484 2301 esset
1523 2238 1897 2299 sanctificatio

538 2330 804 2388 omnium
828 2327 1153 2384 hominum.
1181 2324 1346 2383 Unde
1365 2339 1494 2380 cum
1524 2321 1796 2379 meritum
1825 2318 1897 2375 de

536 2401 820 2485 condigno
871 2407 1135 2465 debuerit
1184 2423 1305 2464 esse
1356 2405 1609 2479 ejusdem
1676 2400 1896 2459 valoris

536 2511 666 2555 cum
701 2493 954 2566 praemio,
988 2496 1051 2546 ut
1086 2489 1391 2546 statuimus
1418 2490 1558 2562 disp.
1591 2487 1644 2554 3,
1673 2483 1804 2541 dub.
1844 2486 1889 2550 l,

536 2575 871 2647 neutiquam
902 2571 1153 2628 Adamus
1170 2569 1524 2627 observando
1551 2572 1892 2641 praeceptum

532 2656 841 2712 meruisset
863 2652 933 2710 de
958 2650 1244 2724 condigno
1272 2650 1654 2723 posteriorum
1678 2644 1895 2722 justifi-

535 2736 838 2801 cationem,
869 2732 968 2790 sed
997 2733 1064 2788 ad
1093 2748 1387 2787 summum
1416 2730 1486 2789 de
1512 2747 1795 2805 congrum
1839 2739 1894 2791 et

538 2821 786 2888 pactum,
818 2830 916 2870 seu
946 2812 1253 2886 promissio
1297 2812 1395 2868 Dei
1424 2813 1700 2869 meritum
1742 2813 1894 2870 circa
1937 2887 1940 2890 Α

536 2896 683 2954 illud
728 2896 1030 2970 praemium
1079 2894 1438 2952 admittentis
1477 2898 1618 2966 (esto
1643 2895 1792 2967 quod
1821 2896 1892 2953 de

535 2979 680 3036 iacto
722 2981 805 3035 ita
846 2976 1166 3048 admiserit)
1213 2977 1400 3051 operis
1440 2977 1890 3051 inaequalitatem

533 3061 840 3132 suppleret.

606 3136 702 3191 28.
728 3132 944 3191 Deinde
978 3133 1417 3205 supponendum
1453 3138 1555 3198 est,
1587 3132 1887 3190 hominem

320 3195 374 3239 ‘¹0
394 3196 502 3290 {23⁰
528 3216 744 3290 justum
784 3231 943 3288 posse
980 3214 1052 3272 de
1100 3215 1260 3282 iacto,
1292 3220 1353 3273 et
1378 3213 1689 3272 secundum
1729 3231 1889 3272 com-

1590 358 1682 413 DE
1723 358 2028 413 PRAEMIO
2066 359 2344 414 MERITI.

2042 527 2292 601 aliquem
2337 530 2616 595 valorem,
2642 533 2699 586 et
2738 528 3036 594 meritum,
3077 499 3285 584 saltem
3339 526 3410 583 de

2038 624 2307 684 congru0,
2360 627 2464 682 pro
2511 610 2827 668 obtinenda
2888 611 3141 667 aliorum
3193 611 3401 676 salute,

2033 691 2198 768 juxta
2239 691 2384 747 illud
2429 692 2696 750 Ambros.
2731 694 2863 749 Luc.
2908 708 3031 763 cap.
3059 693 3129 747 5:
3160 689 3584 767 Mammam,

2039 771 2330 839 Dumium,
2375 775 2472 851 qui
2495 773 2738 829 aliorum
2763 776 2957 829 merito
2991 774 3226 843 iynoscit
3244 773 3397 841 aliis,

2036 861 2087 910 et
2137 855 2270 910 dum
2307 857 2450 911 alios
2496 856 2711 928 probat,
2753 855 2887 911 aliis
2919 856 3140 912 relaxat
3185 863 3400 912 errata.

2038 940 2183 995 Tum
2206 939 2401 1006 etiam,
2426 940 2562 1014 quia
2582 939 2909 997 communis
2929 937 3190 995 fidelium
3215 953 3404 1012 accep-

2036 1019 2119 1076 tio
2144 1025 2245 1085 est,
2278 1020 2628 1093 Stephanum
2670 1020 2789 1076 suis
2828 1019 3091 1093 precibus
3118 1018 3404 1076 meruisse

2038 1103 2202 1159 Pauli
2221 1104 2655 1162 conversionem
2667 1104 2970 1171 ,Monicam
2987 1103 3109 1160 suis
3123 1105 3403 1178 lacrymis

2037 1187 2420 1260 Augustinum
2478 1188 2703 1244 Christo
2760 1187 3067 1259 peperisse,
3138 1187 3401 1261 Moysem

2037 1265 2256 1323 orando
2282 1266 2597 1324 obtinuisse
2627 1269 2835 1341 populo
2856 1268 3110 1332 veniam,
3139 1267 3401 1340 aliosque

2029 1347 2211 1421 justos
2235 1365 2471 1406 suorum
2498 1366 2737 1423 operum
2768 1348 2977 1405 merito
3003 1349 3231 1405 similes
3258 1365 3395 1406 oon·

2035 1428 2330 1486 versiones
2352 1431 2649 1497 meruisse,
2679 1434 2737 1485 ut
2752 1429 3129 1488 historiarum
3150 1430 3400 1489 lectione

2033 1509 2358 1567 edocemur.

2107 1592 2198 1648 29.
2231 1589 2338 1647 Sed
2365 1608 2614 1664 oppones
2629 1596 2812 1665 primo
2834 1611 2853 1646 .·
2896 1607 3032 1647 narn
3059 1592 3109 1647 si
3135 1597 3399 1664 peccator
3435 1619 3548 1670 obj*

2035 1671 2309 1744 reciperet
2364 1674 2612 1747 gratiam
2673 1678 2905 1747 propter
2957 1672 3169 1729 merita
3226 1673 3394 1747 justi,
3426 1675 3540 1713 ΠΜ

2032 1752 2401 1827 dispensatio,
2434 1762 2490 1813 et
2518 1755 2823 1812 retributio
2851 1755 3231 1828 praemiorum
3276 1771 3400 1813 non

2031 1833 2196 1893 tieret
2233 1835 2397 1910 juxta
2426 1852 2599 1910 opera
2641 1837 2875 1909 propria
2903 1837 3356 1911 uniuscujusque
3385 1859 3396 1892 :

2031 1915 2354 1988 oppositum
2392 1923 2584 1975 autem
2613 1918 2824 1989 passim
2866 1916 3025 1974 docet
3050 1918 3396 1990 Scriptura:

2030 2012 2165 2070 ergo
2194 1998 2403 2054 falsum
2443 2004 2548 2066 est,
2583 1998 2732 2072 quod
2756 1999 2941 2072 justus
2969 2000 3146 2071 possit
3174 2001 3396 2058 mereri

2029 2076 2100 2134 de
2126 2094 2379 2155 congruo
2400 2080 2637 2137 alterius
2657 2078 3144 2154 J'ustificationem.
3175 2082 3398 2138 Secun-

2028 2158 2115 2223 do,
2143 2175 2280 2215 nam
2302 2177 2432 2217 cum
2453 2162 2657 2235 gratia,
2684 2174 2808 2232 quae
2829 2166 2914 2216 est
2938 2159 3201 2218 merendi
3232 2160 3398 2233 prin·

2029 2240 2266 2314 cipium,
2298 2243 2480 2318 magis
2520 2241 2821 2300 ordinetur
2857 2242 2931 2298 ad
2974 2242 3392 2315 perfectionem

2027 2320 2283 2396 subjecti,
2309 2324 2400 2380 cui
2449 2324 2617 2390 inest,
2647 2337 2819 2394 quam
2863 2322 2930 2379 ad
2972 2322 3390 2395 perfectionem

2028 2402 2314 2466 aliorum;
2357 2404 2554 2481 nequit
2581 2406 2858 2462 meritum
2886 2419 3008 2461 esse
3041 2403 3227 2477 magis
3260 2403 3386 2459 effi·

2027 2498 2127 2539 cax
2153 2483 2217 2540 in
2239 2484 2444 2542 ordine
2469 2485 2540 2543 ad
2568 2487 2732 2555 alioS,
2782 2502 2955 2560 quam
2978 2486 3042 2542 in
3067 2484 3277 2543 ordine
3317 2488 3392 2543 ad

2026 2564 2333 2623 habentem
2360 2590 2373 2624 ε
2405 2569 2562 2642 atqui
2596 2571 2735 2644 justi
2758 2569 3187 2626 meritum'non
3217 2567 3395 2627 habet

2025 2646 2349 2712 efficaciam,
2394 2655 2456 2705 ut
2497 2652 2746 2722 primam
2793 2652 3039 2726 gratiam
3087 2649 3198 2722 ipsi
3231 2649 3391 2723 justo

2025 2727 2096 2786 de
2145 2745 2395 2804 congruo
2433 2738 2828 2805 consequatur,
2862 2738 2925 2788 ut
2963 2731 3141 2789 dubio
3168 2747 3390 2804 praeoe-

2024 2807 2183 2865 denti
2213 2809 2466 2866 vidimus
2492 2828 2662 2887 :ergo
2688 2812 2884 2871 efficax
2912 2827 3031 2869 non
3057 2817 3142 2868 est
3168 2811 3239 2868 ad
3271 2810 3387 2867 ob-

2024 2888 2327 2944 tinendum
2355 2889 2426 2947 de
2452 2907 2700 2966 congruo
2721 2893 2856 2948 aliis
2874 2893 3141 2967 gratiam.
3174 2890 3382 2958 Tertio,

2022 2968 2155 3040 quia
2218 2970 2494 3028 meritum
2558 2971 2629 3029 ad
2688 2973 2855 3045 plura
2906 2973 3241 3029 distractum
3293 2978 3387 3030 est
3417 3018 3434 3027 .

2023 3050 2219 3106 minus
2260 3051 2455 3109 efficax
2496 3054 2558 3110 in
2604 3055 2808 3112 ordine
2848 3054 2917 3111 ad
2961 3056 3232 3129 singula:
3276 3053 3386 3112 sed

2016 3130 2201 3205 justus
2229 3135 2426 3207 nequit
2477 3136 2697 3207 aliquid
2741 3136 2854 3193 sibi
2902 3136 2970 3194 de
3016 3152 3120 3193 suo
3163 3136 3383 3193 merito

2021 3210 2363 3272 detrahere:
2403 3231 2540 3290 ergo
2586 3219 2785 3291 nequit
2824 3234 2926 3276 suo
2954 3218 3165 3276 merito
3192 3215 3388 3274 adhuc

315 3304 340 3337 ἃ
360 3294 505 3388 iisffiss·
534 3314 773 3356 munem
804 3298 1227 3373 providentiam
1255 3298 1468 3356 mereri
1497 3297 1629 3353 aliis
1653 3297 1722 3355 de
1748 3315 1890 3355 con-
2017 3293 2089 3352 de
2128 3313 2378 3372 congruo
2416 3300 2660 3357 salutem
2710 3301 2843 3357 aliis
2882 3300 3165 3359 obtinere.
3211 3298 3384 3356 Unde

315 3353 500 3451 ὦῗᾷωῗ)
530 3395 674 3453 gruo
704 3383 952 3454 primam
989 3379 1414 3454 justificationis
1432 3380 1699 3454 gratiam.
1728 3381 1886 3446 Quod
2017 3376 2222 3435 Mami.
2271 3380 2364 3446 25,
2416 3379 2685 3456 Virgines
2728 3383 3014 3455 sapientes
3060 3381 3383 3439 noluerunt
3421 3413 3560 3454 „a

314 3452 489 3494 ⁹¹¹¹¹¹³¹¹¹
531 3461 845 3521 admittunt
933 3462 1319 3521 communiter
1406 3462 1676 3536 Theologi
1753 3479 1884 3520 cum
2017 3461 2206 3518 oleum
2236 3462 2410 3519 fatuis
2438 3462 2749 3536 impertiri,
2782 3482 2849 3521 ne
2892 3471 3031 3537 forte
3054 3463 3383 3534 (dixerunt)
3460 3460 3526 3505 ἱ

2016 3558 2126 3598 non
2161 3545 2403 3619 sufficiat
2447 3544 2620 3612 nobis,
2667 3555 2718 3602 et
2756 3546 2946 3602 vobis:
2994 3560 3105 3620 qua
3153 3544 3386 3602 ratione

2016 3625 2432 3700 significarunt,
2461 3633 2523 3684 ut
2540 3631 2776 3702 exponit
2796 3629 3137 3704 Hieronym.
3161 3629 3383 3685 merita
3397 3634 3452 3675 D-
3469 3632 3584 3675 ma.

2010 3707 2297 3781 justorum
2337 3710 2478 3783 ipsis
2524 3710 2806 3783 prodesse,
2852 3728 2969 3769 non
3012 3712 3163 3769 aliis.
3199 3714 3267 3765 Et
3295 3711 3382 3767 ita

2017 3790 2079 3844 D.
2134 3790 2392 3846 Hilarius
2442 3790 2543 3857 ibi,
2595 3810 2718 3848 can.
2769 3793 2862 3860 27,
2908 3792 3173 3857 affirmat,
3220 3791 3381 3865 quod
3409 3791 3574 3835 ΠΜ

2014 3872 2224 3925 meritis
2249 3871 2450 3928 alienis
2477 3891 2631 3929 nemo
2665 3875 2926 3945 juvatur.
2965 3871 3198 3939 Quarto,
3231 3887 3379 3928 nam

2013 3948 2229 4005 bonum
2256 3964 2397 4022 opus
2409 3952 2549 4025 justi
2574 3969 2691 4009 non
2719 3959 2805 4009 est
2829 3951 3107 4009 efficacius
3138 3951 3208 4008 ad
3234 3968 3379 4025 pro-
3471 3945 3480 3956 '

390 3494 500 3536 naun

312 3502 494 3587 ffa'l'ho-
528 3545 595 3599 D.
628 3544 832 3614 Thom.
866 3544 930 3600 in
974 3544 1259 3617 praesenti,
1304 3548 1361 3601 et
1403 3543 1569 3600 facile
1614 3542 1886 3601 suadetur

528 3630 649 3680 tum
702 3627 924 3683 ratione
977 3628 1029 3682 S.
1085 3626 1377 3684 Doctoris:
1433 3623 1600 3697 Quia,
1669 3625 1877 3697 inquit,

525 3707 682 3761 homo
706 3708 764 3760 in
788 3710 976 3777 qratia
1004 3710 1328 3762 constitutus
1355 3706 1538 3777 implet
1565 3703 1667 3761 Dei
1692 3707 1884 3762 volun·

525 3792 710 3853 tatem,
737 3804 1035 3857 conyruum
1060 3794 1136 3842 est
1155 3788 1448 3842 secundum
1468 3787 1724 3842 amiciti&
1744 3804 1882 3861 pro-

515 3870 844 3940 portionem,
875 3874 937 3922 ut
987 3867 1131 3924 Deus
1167 3868 1389 3940 impleat
1417 3868 1655 3922 hominis
1682 3870 1880 3924 volun-

522 3955 690 4003 tatem
737 3950 797 4002 in
841 3948 1148 4003 salvatione
1186 3947 1433 4003 alterius.
1477 3949 1522 3999 T
1528 3963 1623 4002 um
1678 3949 1874 4016 etiam,

321 4781 469 4825 Jacobl

326 4830 403 4872 un.

519 4027 653 4099 quia
676 4027 914 4101 majoris
937 4025 1400 4084 aestimabili'tatis
1425 4032 1510 4083 est
1537 4025 1877 4085 beneficium

521 4110 961 4178 Incarnationis‚
994 4124 1166 4182 quam
1208 4109 1392 4183 gratia
1412 4109 1835 4183 justificationis
1862 4136 1874 4169 ε

517 4192 616 4249 sed
666 4195 726 4249 B.
750 4192 949 4267 Virgo,
981 4197 1037 4250 et
1064 4191 1286 4263 antiqui
1317 4193 1513 4247 Patres
1539 4199 1878 4251 meruerunt

517 4273 588 4330 de
621 4289 872 4347 congruo
913 4273 1396 4336 incarnationem,
1435 4278 1496 4327 ut
1522 4273 1876 4346 frequentius

517 4355 717 4413 docent
745 4354 1018 4428 Theologi
1048 4375 1061 4410 ε
1091 4369 1227 4430 ergo
1262 4358 1571 4426 potuerunt
1595 4355 1769 4411 etiam
1804 4356 1875 4414 de

515 4452 767 4509 congruo
813 4436 1026 4493 mereri
1085 4435 1332 4492 aliorum
1367 4435 1870 4508 justificationem:

515 4515 826 4590 eademque
855 4522 940 4573 est
968 4516 1116 4574 ratio
1143 4516 1214 4574 de
1254 4514 1385 4572 aliis
1404 4517 1590 4591 justiS,
1619 4524 1681 4573 ut
1721 4534 1791 4574 ex
1813 4536 1874 4577 se

516 4598 711 4671 liquet.
756 4599 904 4654 Tum
943 4604 1235 4671 praeterea,
1278 4598 1413 4670 quia
1439 4599 1729 4671 Scriptura
1750 4600 1872 4658 fre-

513 4685 754 4752 quenter
778 4681 1040 4738 hortatur
1060 4680 1261 4753 J'ustos,
1296 4685 1358 4735 ut
1384 4686 1548 4737 orent
1595 4698 1697 4755 pro
1739 4692 1870 4755 pec-

512 4768 765 4821 catorum
808 4764 1009 4831 salute,
1054 4769 1115 4817 ut
1159 4763 1350 4821 Jacobi
1404 4763 1508 4820 ult.
1562 4765 1727 4822 Orate
1764 4782 1869 4839 pro

509 4846 761 4909 invicem,
806 4851 868 4898 ut
913 4844 1237 4901 salvemini:
1286 4844 1523 4899 multum
1548 4847 1695 4901 enim
1722 4846 1869 4902 valet

507 4922 815 4996 deprecatio
833 4925 973 4995 justi
992 4923 1242 4979 assidua.
1274 4924 1490 4988 Quibus
1516 4924 1709 4981 verbis
1729 4925 1866 4980 satis

512 5006 861 5075 insinuatur,
919 5008 1108 5064 inesse
1157 5009 1454 5064 ²Iustorum
1506 5006 1868 5066 orationibus

2013 4029 2339 4095 ficiendum,
2370 4050 2541 4107 quam
2580 4051 2826 4105 pravum
2876 4034 3182 4108 peccatoris
3227 4052 3381 4108 opus

2012 4110 2081 4168 ad
2111 4111 2471 4170 nocendum:
2519 4114 2617 4171 sed
2665 4116 2836 4175 homo
2884 4114 3162 4189 peccando
3205 4117 3381 4173 nullo

2010 4193 2181 4250 modo
2201 4201 2459 4252 meretur
2498 4197 2629 4254 aliis
2666 4199 2864 4273 gratiae
2891 4199 3227 4264 carentiam,
3272 4206 3382 4256 aut

2009 4275 2166 4333 aliud
2210 4276 2510 4345 damnum,
2551 4280 2716 4353 juxta
2743 4280 2887 4337 illud
2919 4285 3222 4339 Deuteron.
3247 4284 3327 4337 24
3364 4297 3556 4388 εῡοξιῖ

2006 4357 2138 4415 Non
2164 4359 2478 4416 occidentur
2508 4368 2697 4433 patres
2736 4378 2842 4435 pro
2880 4362 3037 4428 filiis,
3069 4380 3237 4440 neque
3261 4363 3383 4434 filii

2000 4456 2104 4513 pro
2143 4440 2440 4512 patribus:
2476 4456 2612 4515 ergo
2645 4442 2832 4516 justus
2879 4443 3025 4500 bene
3071 4444 3381 4516 operando

2007 4527 2403 4658 noritizgigretur
2431 4522 2500 4580 de
2535 4539 2784 4598 congruo
2832 4526 2962 4582 aliis
3003 4526 3271 4593 salutem,
3316 4533 3380 4583 et

2003 4617 2106 4675 gra
2261 4646 2273 4658 .

2078 4685 2176 4741 Hae
2204 4689 2397 4742 tamen
2418 4684 2760 4760 objectiones
2783 4704 2984 4761 parum
3009 4694 3234 4763 urgent.
3259 4689 3384 4747 Sed
3399 4690 3582 4782 833³:

2003 4769 2135 4821 ante
2161 4781 2361 4823 earum
2385 4768 2788 4826 enodationem
2805 4768 3233 4827 observandum
3257 4778 3374 4841 est,

1999 4845 2150 4919 quod
2172 4846 2446 4906 meritum
2470 4847 2540 4906 de
2561 4866 2810 4925 congruo
2831 4867 2948 4908 non
2971 4850 3148 4907 infert
3169 4853 3373 4911 infal-

2000 4929 2244 4987 libiliter
2292 4930 2619 5004 praemium,
2668 4931 2768 4989 sed
2812 4932 3105 4991 multoties
3144 4933 3217 4991 ab
3245 4936 3385 5011 ejus

2001 5012 2448 5085 consequutione
2470 5011 2861 5086 suspenditur,
2894 5018 2957 5070 ut
2980 5015 3156 5088 supra
3176 5015 3387 5075 obser·

3097 5115 3386 5158 vavimus
