3647 5753
42 2893 122 2978 u?
134 2903 217 2983 8·νῖ
250 2957 469 3013 Suario
485 2964 621 3011 tom.
635 2958 689 3021 2,
706 2956 770 3010 de
790 2958 996 3025 qratia,
1007 2956 1297 3028 proleyom.
1315 2956 1378 3010 de
1398 2956 1626 3010 scientia

71 3966 222 4014 mici·

95 4021 174 4056 tur.

1387 445 1562 499 mse.
1608 445 1727 513 vn,
1772 445 1935 503 DUB.
1981 446 2075 502 111.
3053 448 3127 501 67

245 618 514 675 intendit
535 636 888 679 consensum
907 620 1370 687 creaturae‚debet
1390 636 1512 679 esse
1525 624 1638 680 Deo

247 698 518 756 absolute
541 701 795 759 liberum
823 702 954 760 :sed
979 705 1239 759 voluntas
1257 702 1637 760 concurrendi

247 795 388 835 cum
447 787 723 838 creatura
775 782 822 837 si
866 788 1129 839 creatura
1166 784 1472 849 concurrit,
1519 798 1637 839 non

250 864 477 919 estDeo
506 862 716 928 libera,
748 862 845 919 sed
875 862 1130 920 absolute
1158 864 1499 930 necessaria3
1519 865 1636 920 im-

255 942 436 1013 plicat
458 944 621 999 enim
643 950 968 1000 creaturam
991 960 1350 1010 concurrere,
1371 949 1427 1000 et
1456 947 1633 1002 Deum

255 1037 380 1078 non
421 1039 801 1089 concurrere;
832 1041 963 1081 cum
1004 1041 1311 1082 concursus
1356 1030 1631 1082 creaturas

250 1102 584 1176 dependeat
605 1105 989 1162 essentialiter
1011 1122 1044 1162 a
1067 1110 1177 1163 Deo
1209 1128 1222 1163 :
1254 1122 1387 1180 ergo
1417 1107 1632 1164 frustra

252 1181 503 1257 fingitur
530 1185 646 1240 tale
672 1184 986 1253 decretum,
1017 1194 1072 1244 et
1099 1186 1250 1242 nihil
1276 1186 1526 1243 deservit
1558 1187 1629 1245 ad

250 1263 671 1335 explicandum
702 1266 1085 1322 intentionem
1115 1267 1236 1331 Dei,
1291 1266 1402 1339 qua
1450 1266 1631 1323 libere

257 1343 389 1396 vult
409 1359 753 1400 consensum
782 1345 1094 1402 voluntatis
1114 1351 1336 1402 creatas.
1361 1348 1508 1401 Tum
1538 1346 1631 1403 de·

255 1422 458 1496 nique,
479 1431 537 1479 et
562 1424 858 1497 praecipue,
888 1425 1025 1496 quia
1050 1442 1180 1481 cum
1209 1424 1422 1483 dicitur
1449 1430 1628 1484 Deum

255 1503 529 1574 praescire
552 1505 908 1560 voluntatem
935 1504 996 1559 in
1028 1505 1238 1561 talibus
1260 1507 1633 1563 circumstan-

252 1582 359 1637 tiis
404 1598 837 1651 consensuram,
867 1590 922 1641 et
941 1584 1091 1657 quod
1121 1587 1182 1641 in
1208 1587 1328 1642 illis
1349 1587 1631 1643 circums—

254 1664 483 1730 tantiis,
515 1670 662 1722 etex
702 1672 860 1738 parte
904 1667 1251 1723 conditionis
1301 1668 1631 1741 implicatur

252 1742 556 1799 decretum
574 1745 691 1813 Dei,
721 1762 832 1818 quo
862 1748 1427 1812 vultconsensum,si
1445 1750 1632 1803 volun-

253 1832 349 1878 tas
373 1825 620 1891 voluerit,
643 1827 731 1881 vel
751 1827 1195 1881 determinaverit
1218 1828 1292 1881 ad
1312 1844 1630 1884 consensum

253 1922 586 1960 mucurrere
609 1948 621 1971 ‚
676 1906 1025 1978 inquirimus
1070 1907 1207 1980 quid
1262 1908 1532 1980 importet
1572 1909 1630 1982 ly

259 1985 499 2039 voluerit
526 1991 582 2041 et
619 1986 1112 2042 determinaverit?
1147 1990 1499 2059 importatne
1539 2004 1633 2043 ac-

257 2074 389 2121 tum
421 2068 696 2139 primum,
731 2069 821 2124 vel
850 2074 1037 2124 actum
1073 2068 1386 2124 secundum
1409 2071 1435 2125 ?
1462 2069 1518 2124 Si
1549 2085 1632 2125 se-

255 2146 540 2212 cundum,
572 2145 772 2202 eadem
801 2154 884 2203 est
910 2147 1211 2204 difficultas
1239 2146 1308 2204 de
1332 2147 1451 2215 illu,
1478 2164 1540 2203 ac
1560 2146 1630 2204 de

257 2230 390 2302 ipso
417 2244 698 2284 consensu
729 2250 741 2283 :
767 2229 948 2286 immo
988 2246 1125 2286 vero
1154 2230 1255 2285 ille
1283 2234 1436 2285 actus
1476 2229 1628 2285 nihil

256 2309 427 2366 atiud
476 2314 579 2374 est,
628 2325 800 2379 quam
852 2326 1163 2365 consensus
1192 2309 1327 2382 ipse.
1366 2310 1628 2364 Primum

257 2396 459 2445 autem
502 2388 617 2443 dici
644 2405 760 2445 non
787 2395 998 2461 potest,
1031 2389 1165 2461 quia
1206 2389 1355 2444 nihil
1385 2390 1535 2444 valet
1559 2403 1631 2444 ex

260 2474 429 2543 parte
457 2476 613 2526 actus
643 2471 815 2542 primi
859 2470 1174 2544 assignari,
1224 2470 1444 2526 ratione
1472 2470 1630 2541 cujus

254 2551 491 2607 dicatur
520 2553 786 2608 voluntas
833 2552 1000 2616 velle,
1051 2552 1144 2607 vel
1189 2550 1581 2627 determinare
1611 2574 1624 2617 ;

257 2648 394 2688 cum
423 2632 545 2687 haec
566 2633 880 2704 importent
899 2632 1239 2688 exercitium
1264 2630 1512 2687 liberum
1535 2645 1629 2687 vo-

261 2714 508 2768 luntatis
534 2754 547 2778 ,
603 2711 751 2784 quod
806 2712 1238 2787 inintelligibile
1282 2717 1366 2767 est
1420 2709 1628 2783 absque

255 2799 392 2850 actu
428 2792 701 2849 secundo.

336 2875 434 2929 96.
467 2876 585 2930 Nec
613 2874 822 2930 iterum
851 2872 1145 2937 satisfacit,
1178 2871 1226 2928 si
1255 2889 1385 2928 cum
1425 2870 1626 2930 eodem

249 3036 664 3100 conditionata,
696 3053 818 3108 cap.
861 3036 896 3090 0
921 3078 933 3099 ,
988 3053 1141 3091 num.
1171 3037 1207 3090 3
1230 3077 1243 3100 ‚
1281 3033 1626 3106 respondeas

248 3116 514 3176 secundo
541 3139 553 3172 :
585 3141 610 3168 α
635 3116 922 3174 decretum
956 3117 1017 3171 in
1044 3117 1147 3172 illa
1173 3115 1502 3172 conditione
1528 3116 1628 3171 in-

257 3224 285 3254 «
327 3201 603 3264 clusum,
654 3215 774 3255 esse
820 3197 1110 3256 decretum
1138 3195 1517 3254 concurrendi
1545 3197 1629 3253 si-

256 3304 285 3333 «
329 3281 636 3338 multanee
663 3284 785 3352 post
825 3280 998 3335 talem
1051 3279 1425 3342 vocationem,
1459 3277 1540 3333 ita
1568 3284 1630 3334 ut

257 3387 285 3416 κ
329 3379 544 3420 sensus
588 3360 994 3419 conditionalis
1028 3362 1102 3415 sit
1139 3361 1245 3415 iste
1278 3381 1290 3415 :
1321 3360 1378 3414 Si
1420 3358 1628 3416 dedero

257 3467 284 3494 α
330 3443 472 3498 huic
501 3444 675 3499 talem
706 3441 1174 3513 inspirationem,
1225 3455 1324 3496 seu
1373 3440 1625 3496 vocatio-

256 3551 284 3578 «
329 3540 474 3580 nem
500 3566 515 3588 ,
559 3530 615 3579 et
643 3523 879 3579 voluero
909 3522 997 3578 illi
1028 3521 1238 3577 offerre
1266 3537 1457 3577 meum
1487 3536 1627 3577 con-

257 3631 282 3658 «ι
327 3621 588 3668 cursum,
615 3620 713 3660 seu
740 3604 1131 3660 concomitans
1154 3602 1461 3668 auxilium,
1495 3603 1628 3659 talis

258 3712 286 3741 κ
334 3696 495 3743 actus
541 3690 808 3757 sequetur
837 3728 850 3741 .
897 3683 1059 3740 Unde
1097 3683 1178 3751 fit,
1215 3699 1510 3755 nunquam
1538 3690 1627 3741 ta-

260 3790 288 3819 «
334 3769 454 3823 lem
492 3771 680 3822 actum
709 3764 968 3838 cognosci
1010 3763 1267 3818 futurum
1294 3762 1398 3818 sub
1426 3762 1628 3820 condi-

261 3870 287 3898 «
333 3848 497 3902 tione
538 3844 664 3899 sine
692 3844 885 3916 aliquo
912 3843 1136 3901 decreto
1162 3842 1345 3899 libero
1366 3843 1489 3899 Dei.
1521 3865 1546 3896 ι)

337 3928 475 3992 Hoc,
509 3924 765 3995 inquam,
799 3938 916 3979 non
946 3923 1251 3989 satisfacit;
1283 3923 1417 3994 quia
1445 3923 1627 3982 adhuc

258 4003 639 4078 inquirimus,
672 4002 768 4074 qui
799 4002 1071 4074 importet
1100 4003 1177 4075 ly,
1223 4004 1273 4056 si
1302 4004 1517 4058 voluero
1539 4006 1628 4059 iezi

256 4085 460 4156 offerre
501 4100 679 4136 nucum
716 4098 1040 4136 concursum
1059 4082 1091 4135 ?
1112 4084 1257 4137 Nam
1279 4082 1327 4136 si
1356 4083 1630 4155 importat

259 4165 627 4221 voluntatem
671 4160 986 4217 absolutam
1018 4161 1394 4217 concurrendi
1430 4164 1629 4219 simul·

262 4251 436 4300 tanee
475 4259 606 4298 cum
635 4246 913 4304 creatura,
935 4242 1054 4315 jam
1079 4242 1182 4297 illa
1225 4241 1629 4300 conditionalis

256 4333 346 4382 aet
374 4322 615 4381 evidens
653 4338 722 4379 ex
762 4322 1050 4390 terminis,
1076 4329 1134 4378 et
1157 4337 1270 4379 non
1289 4324 1537 4395 pertinet
1557 4322 1628 4380 ad

255 4405 566 4461 scientiam
597 4399 842 4458 mediam
869 4444 882 4467 ,
913 4400 1009 4457 sed
1039 4400 1109 4457 ad
1136 4401 1433 4458 scientiam
1479 4404 1627 4459 sim-

259 4487 433 4560 plicis
460 4484 856 4557 intelligentias
883 4504 895 4539 :
921 4484 1179 4556 implicat
1219 4486 1398 4552 enim,
1446 4490 1650 4545 Deum·

257 4571 416 4627 velle
460 4565 717 4623 absolute
762 4580 1121 4634 concurrere,
1153 4571 1208 4621 et
1236 4583 1355 4625 non
1383 4584 1626 4626 concur-

258 4668 431 4716 τρι-ες
461 4654 520 4704 et
558 4647 828 4703 similiter
872 4648 1147 4720 implicat,
1191 4650 1342 4722 quod
1370 4653 1517 4708 Deus
1544 4654 1626 4709 si·-

255 4732 563 4789 multanee
607 4734 903 4783 concurrat
929 4744 1058 4784 cum
1087 4736 1364 4797 creatura,
1398 4738 1453 4788 et
1473 4733 1624 4804 quod

254 4819 533 4870 creatura
586 4822 701 4862 non
746 4813 1045 4863 concurrat
1088 4809 1434 4867 simultanee
1493 4828 1624 4869 cum

258 4896 379 4951 Deo
414 4913 428 4946 ε
461 4895 637 4961 atque
662 4885 800 4954 ide0,
830 4889 878 4943 si
915 4904 1119 4952 sensus
1160 4889 1323 4947 illius
1364 4894 1626 4965 proposi-

257 4974 442 5032 tionis
462 4971 565 5033 sit,
590 4969 643 5023 si
661 4968 867 5024 voluero
885 4970 1123 5026 absolute
1143 4990 1473 5038 concurrere,
1493 4977 1626 5032 talis

254 5063 426 5111 actus
474 5055 727 5126 sequetur
749 5091 762 5114 ‚
796 5057 879 5106 est
903 5051 1144 5108 omnino
1193 5055 1533 5122 necessaria,
1565 5062 1622 5113 et

1768 623 2009 680 evidens
2035 641 2106 681 ex
2137 625 2422 681 terminis.
2470 626 2528 680 Si
2577 630 2766 682 autem
2796 625 2982 680 solum
3012 624 3131 679 im-

1771 708 1956 775 portet
2004 706 2360 762 voluntatem
2409 704 2834 763 indifferentem
2885 719 3130 760 concur-

1771 782 1972 850 rendi,
2024 786 2116 841 vel
2139 786 2495 842 voluntatem
2523 784 2858 841 offerentem
2887 798 3128 840 concur-

1767 879 1896 919 sum
1918 880 1989 920 ex
2010 881 2070 921 se
2093 865 2629 931 indeterminatum,
2653 864 2894 921 redeunt
2915 865 3133 921 iterum

1768 946 2064 1019 angustiae,
2095 952 2151 1003 et
2175 946 2531 1004 difficultates
2555 963 2730 1019 supra
2753 947 2973 1019 positae:
3002 952 3130 1001 tum

1766 1027 1899 1099 quia
1950 1026 2094 1082 illud
2159 1027 2451 1084 decretum
2525 1027 2801 1098 relinquit
2871 1024 3136 1082 absolute

1767 1110 1947 1164 Deum
1988 1108 2050 1163 in
2096 1113 2243 1164 statu
2273 1107 2648 1173 indifferenti,
2693 1117 2748 1164 et
2788 1108 2850 1162 in
2877 1106 3127 1179 quadam

1766 1187 2140 1259 suspensione
2167 1203 2283 1243 non
2332 1186 2669 1243 intendendi
2718 1191 2904 1242 actum
2932 1185 3130 1243 deter-

1766 1267 2055 1323 minatum
2083 1288 2095 1323 :
2120 1269 2381 1340 quocirca
2410 1273 2564 1325 actus
2608 1266 2986 1340 subsequutus
3014 1268 3128 1323 erit

1766 1364 1799 1404 a
1826 1363 1954 1404 casu
1985 1353 2239 1419 respectu
2272 1349 2390 1416 Dei,
2422 1354 2476 1405 et
2505 1354 2709 1421 praeter
2739 1348 3134 1404 intentionem

1766 1427 1945 1483 illius.
1969 1428 2116 1482 Tum
2143 1428 2338 1494 etiam,
2366 1428 2501 1502 quia
2542 1428 2590 1484 si
2640 1426 2785 1484 illud
2830 1426 3125 1483 decretum

1764 1514 1849 1564 est
1871 1507 2223 1576 indifferenS,
2258 1526 2375 1567 non
2426 1510 2628 1567 influet
2673 1509 2787 1565 nisi
2831 1510 3131 1582 supposita,

1766 1588 1955 1660 aliqua
1983 1588 2326 1657 conditione,
2358 1605 2456 1662 per
2481 1607 2654 1663 quam
2676 1590 3117 1655 determinetur;
3146 1620 3155 1625 -

1762 1685 1890 1740 quae
1915 1669 2110 1742 nequit
2134 1685 2255 1725 esse
2278 1670 2412 1735 alia,
2443 1672 2554 1726 nisi
2578 1670 2799 1735 volitio,
2826 1670 2918 1725 vel
2940 1667 3125 1725 deter-

1763 1750 2009 1807 minatio
2052 1757 2328 1808 creaturae
2352 1773 2365 1807 ε
2390 1759 2446 1807 et
2472 1757 2883 1825 consequenter
2922 1766 3131 1806 sensus

1765 1830 1924 1886 illius
1963 1831 2175 1888 decreti
2215 1832 2344 1896 erit,
2380 1834 2558 1888 Deum
2591 1833 2737 1888 velle
2761 1846 3118 1896 concurrere,

1761 1912 1812 1965 si
1837 1919 2090 1967 creatura
2118 1915 2490 1968 concurrerit:
2518 1930 2579 1969 ac
2604 1911 2851 1984 proinde,
2867 1926 2984 1967 non
3006 1910 3126 1966 dif-

1762 1990 1943 2049 ferret
1973 2008 2005 2048 a
2031 1991 2258 2048 decreto
2300 2011 2450 2048 num.
2471 1992 2696 2064 praeced.
2733 1991 3038 2064 propositO,
3070 1996 3126 2047 et

1762 2069 1978 2127 eisdem
2004 2070 2382 2144 subjiceretur
2410 2072 2707 2145 angustiis.

1839 2149 2054 2207 DeInde
2095 2152 2466 2222 inquirimus,
2502 2153 2563 2207 in
2592 2152 2695 2206 illa
2720 2148 3117 2212 conditionali,

1761 2231 1832 2288 Si
1852 2231 2069 2286 voluero
2099 2232 2185 2286 illa·
2209 2233 2401 2304 offerre
2421 2249 2601 2287 meum
2622 2248 2960 2297 concursum,
2984 2229 3121 2303 quid

1761 2310 2047 2385 significet
2102 2312 2183 2386 ly·
2210 2313 2453 2383 offerre?
2498 2314 2671 2367 Estne
2719 2310 2929 2382 aliquis
2970 2315 3126 2365 actus

1761 2389 2062 2446 distinctus
2085 2407 2116 2446 a
2138 2391 2420 2448 volitione
2445 2391 2563 2455 Dei,
2588 2395 2643 2446 et
2669 2389 2739 2446 ab
2761 2389 2970 2446 actuali
2992 2404 3124 2445 con·

1761 2487 1950 2536 cursu,
1982 2469 2356 2543 mediansque
2385 2472 2536 2527 inter
2562 2487 2629 2527 ea
2662 2491 2673 2525 z
2705 2471 2794 2526 vel
2825 2468 2975 2525 nihil
3006 2469 3121 2523 im·-

1763 2554 1946 2624 portat
1975 2550 2308 2607 distinctum
2338 2550 2408 2606 ab
2438 2551 2556 2606 illis
2577 2554 2604 2606 ?
2642 2550 2699 2605 Si
2747 2549 2973 2605 dicatur
3018 2549 3127 2605 hoc

1762 2632 2034 2687 ultimum
2060 2673 2072 2697 ,
2123 2647 2323 2687 sensus
2361 2630 2767 2703 propositionis
2793 2636 2894 2695 est,
2927 2629 2996 2687 Si
3023 2647 3121 2686 vo·-

1762 2714 1911 2768 Iuero
1961 2714 2296 2776 concurrere,
2348 2719 2597 2789 sequetur
2646 2718 2803 2767 actus
2841 2729 2859 2764 .·
2904 2716 2961 2767 et
2988 2717 3120 2768 tunc

1761 2792 2073 2865 propositio
2099 2796 2185 2848 est
2213 2789 2452 2848 evidens
2490 2807 2561 2848 ex
2603 2791 2891 2858 terminis,
2918 2796 2975 2847 et
3002 2806 3123 2847 non

1759 2873 2010 2946 pertinet
2056 2871 2125 2928 ad
2177 2872 2478 2929 scientiam
2525 2870 2799 2928 mediam.
2851 2870 3123 2927 Primum

1759 2958 1950 3009 autem
1976 2953 2088 3009 dici
2120 2968 2236 3009 non
2268 2958 2480 3025 potest,
2526 2953 2663 3024 quia
2716 2950 3133 3024 inexplicabile

1758 3039 1861 3100 est,
1893 3034 2030 3107 quid
2072 3035 2145 3090 sit
2190 3035 2381 3106 offerre
2420 3034 2757 3090 distinctum
2786 3049 2819 3089 a
2847 3033 3131 3090 volitione

1760 3116 1878 3181 Dei,
1922 3121 1978 3172 et
2012 3115 2218 3172 actuali
2245 3131 2545 3172 concursu.
2582 3115 2685 3170 Vel
2712 3114 2873 3170 enim
2900 3119 2984 3170 est
3012 3113 3124 3169 ali-

1759 3197 1897 3269 quid
1925 3198 2244 3253 increatum
2273 3221 2286 3264 ;
2311 3204 2367 3254 et
2415 3203 2549 3253 tunc
2597 3196 2792 3268 nequit
2840 3210 2957 3251 non
3002 3211 3128 3252 esse

1762 3277 1962 3333 volitio
2000 3276 2216 3339 divina,
2246 3293 2375 3333 cum
2417 3278 2494 3332 sit
2533 3273 2818 3349 quoddam
2850 3274 3126 3348 praedica-

1760 3363 1883 3414 tum
1918 3356 2095 3414 libere
2122 3362 2235 3416 Deo
2256 3359 2606 3416 conveniens
2634 3379 2646 3414 :
2671 3359 2763 3415 vel
2791 3364 2875 3414 est
2902 3357 3125 3430 aliquid

1759 3445 2056 3506 creatum;
2105 3446 2161 3496 et
2202 3448 2336 3497 tunc
2376 3441 2645 3512 supponit
2673 3439 2851 3496 Deum
2880 3456 3000 3496 non
3027 3457 3126 3496 so-

1761 3520 1885 3577 lum
1934 3522 2221 3578 volentem
2268 3536 2624 3584 concurrere,
2652 3520 2749 3576 sed
2789 3522 2967 3576 etiam
2996 3526 3124 3577 actu

1760 3606 2195 3658 concurrentem
2218 3625 2231 3668 ;
2278 3616 2412 3656 nam
2454 3600 2730 3673 quidquid
2770 3607 2871 3664 est,
2904 3601 2994 3657 vel
3025 3601 3125 3657 in—

1760 3682 2041 3755 telligitur
2064 3681 2133 3737 ad
2173 3688 2350 3742 extra,
2377 3680 2674 3753 dependet.
2705 3683 2794 3738 vel
2840 3683 3123 3756 intelligi-

1761 3771 1856 3819 tur
1882 3761 2269 3834 dependenter
2298 3778 2329 3818 a
2358 3765 2469 3819 Deo
2500 3763 2796 3818 actualiter
2820 3761 3122 3822 influente·

1838 3847 2120 3900 Praeterea
2178 3849 2332 3898 actus
2378 3850 2655 3901 creaturae
2700 3843 3122 3903 determinatus

1761 3923 2041 3996 dependet
2056 3940 2087 3979 a
2100 3921 2480 3979 determinata
2506 3924 2601 3979 Dei
2628 3923 2963 3985 intentione,
2976 3927 3121 3982 alias

1761 4005 1873 4060 erit
1895 4021 1927 4060 a
1949 4020 2076 4061 casu
2101 4009 2351 4075 respectu
2377 4004 2490 4059 Dei.
2517 4004 2786 4076 illiusque
2815 4004 3118 4077 providen-

1763 4086 1857 4142 tiae
1898 4100 2014 4142 non
2053 4082 2428 4157 subjicietur:
2460 4084 2558 4141 sed
2605 4086 2667 4141 in
2697 4086 2798 4142 illa
2836 4087 3122 4145 conditio-

1764 4169 1905 4233 nali,
1935 4167 2004 4225 Sa·
2030 4168 2251 4225 voluero
2277 4175 2536 4223 creatur-2
2558 4168 2748 4238 offerre
2773 4187 3115 4236 concursum,

1760 4250 2065 4305 consentiet.
2094 4248 2368 4321 importat
2389 4253 2541 4304 actus
2561 4255 2832 4305 creaturas
2853 4247 3124 4305 determi-

1760 4336 1946 4391 natus.
1977 4344 2183 4401 nempe
2209 4344 2557 4394 consensus;
2606 4335 2662 4384 et
2704 4344 2820 4385 non
2848 4329 3123 4402 importat

1758 4410 1964 4466 volitio
1990 4408 2374 4466 determinata
2398 4409 2514 4467 Dei.
2542 4407 2638 4464 sed
2665 4409 2785 4464 sola
2808 4409 3011 4466 volitio
3031 4410 3122 4466 of-

1759 4489 1984 4547 ferendi
2012 4505 2351 4546 concursum
2401 4487 2844 4550 indifferentem.
2887 4494 2947 4544 ut
2973 4492 3119 4548 Sua-

1763 4571 1885 4626 rius
1911 4586 2176 4644 expresse
2203 4569 2362 4627 docet
2388 4585 2558 4644 :ergo
2583 4569 2874 4627 decretum
2914 4570 2985 4627 ab
3014 4572 3125 4629 hoc

1758 4651 2015 4708 Authore
2079 4651 2457 4725 excogitatum
2513 4650 2863 4707 insufficiens
2915 4656 3000 4708 est
3046 4652 3118 4708 ad

1759 4728 2096 4786 diluendam
2121 4731 2242 4786 vim
2265 4730 2446 4786 nostri
2468 4730 2809 4804 argumenti.
2830 4729 3121 4795 sedillum

1760 4810 2083 4868 insolutum
2114 4810 2407 4882 relinquit.

1834 4891 2092 4948 Tandem
2120 4890 2214 4947 hic
2253 4895 2415 4964 urget
2449 4886 2812 4947 confirmatio
2862 4907 3014 4948 num.
3046 4893 3125 4947 93

1761 4972 2082 5046 proposita;
2130 4972 2265 5045 quia
2310 4969 2380 5026 ab
2426 4969 2641 5026 eisdem
2684 4971 2988 5044 principiis
3013 4973 3123 5029 sub

1759 5051 2089 5109 conditione
2108 5051 2306 5124 positis
2345 5048 2624 5123 dependet
2649 5066 2959 5109 consensus
2978 5066 3116 5108 con-

2874 5272 2900 5291 Ι
