3647 5753
1463 409 1641 464 DISP.
1687 408 1756 475 11,
1801 408 1969 462 DUB.
2011 406 2104 461 VI.
3021 400 3132 455 465
3220 351 3223 354 ⁴

270 595 449 650 lectus
488 608 606 649 non
655 606 757 664 per
800 585 1260 645 dimanationem
1307 582 1379 639 ab
1439 580 1639 637 anima

269 674 700 748 produceretur,
732 669 832 728 sed
853 666 1278 731 infunderetur,
1299 670 1355 721 et
1370 665 1639 720 uniretur

268 756 381 830 ipsi
405 771 509 828 per
534 753 865 810 distinctam
889 750 1173 807 act10nem
1195 745 1415 809 §adhuc
1440 749 1638 800 tamen

268 838 471 895 anima
490 837 861 897 concurreret
882 833 1063 889 active
1092 830 1164 888 ad
1192 826 1632 893 intellectiones,

266 937 410 994 quas
439 921 761 977 intellectus
786 916 896 972 sibi
942 915 1136 971 unitus
1165 911 1431 985 proxime
1459 909 1637 966 elice-

270 1008 382 1060 ret.
415 1001 706 1076 obiectum
727 1001 904 1056 etiam
925 996 1217 1055 concurrit
1240 994 1422 1051 active
1445 991 1637 1048 media

270 1084 460 1160 specie
481 1082 842 1156 intelligibili
857 1081 927 1139 ad
949 1080 1637 1150 intellectionem‚quam-

271 1169 362 1226 vis
382 1167 598 1240 species
614 1182 731 1223 non
751 1181 980 1238 semper
1000 1162 1316 1236 dependeat
1337 1159 1407 1217 ab
1423 1157 1637 1233 objecto

272 1252 337 1308 in
363 1265 579 1325 genere
605 1265 787 1306 causae
813 1246 1125 1313 efficienti5‚
1147 1262 1249 1303 nec
1271 1242 1640 1301 abstrahatur

273 1332 344 1390 ab
380 1333 507 1400 illo,
536 1336 595 1386 ut
624 1333 775 1404 patet
802 1329 864 1385 in
892 1328 1147 1404 AngeliS.
1181 1328 1252 1382 Et
1281 1323 1431 1399 quod
1453 1323 1637 1397 magis

273 1413 343 1470 ad
369 1428 495 1470 rem
526 1416 864 1485 praesentem
893 1408 1123 1478 accedit,
1163 1407 1274 1479 ipsi
1301 1402 1635 1461 Adversarii

275 1495 550 1562 fatentur,
584 1491 898 1565 potentiam
944 1489 1388 1548 obedientialem
1425 1486 1635 1542 animae

276 1575 562 1647 (quamvis
596 1573 782 1647 gratia
824 1588 941 1628 non
964 1570 1241 1639 elevetur)
1269 1566 1514 1624 influere
1542 1581 1638 1621 ac-

277 1658 392 1714 tive
413 1657 476 1712 in
523 1671 779 1711 amorem
807 1653 1119 1720 charitatiS‚
1157 1650 1417 1708 elicitum
1446 1646 1638 1704 media

274 1738 466 1810 aIIqua
481 1736 689 1793 virtute
711 1734 1035 1792 transeunti
1064 1750 1076 1796 ;
1105 1729 1373 1806 quamvis
1395 1745 1498 1786 nec
1521 1730 1639 1785 haec

274 1818 477 1884 virtuS,
532 1833 634 1873 nec
662 1818 778 1873 alia
828 1806 1284 1889 supernaturalis
1311 1810 1572 1867 dimanet
1601 1826 1635 1866 a

276 1899 525 1971 potentia
548 1897 939 1961 obedientiali,
958 1904 1052 1953 aut
1086 1896 1150 1951 in
1174 1895 1297 1966 ipsa
1325 1891 1631 1949 radicetur.

276 1981 431 2039 Idem
476 1997 613 2056 ergo
658 1997 690 2037 a
737 1980 966 2037 fortiori
1006 1976 1315 2035 dicendum
1355 1978 1502 2032 esset
1526 2017 1540 2040 ,
1587 1973 1636 2029 si

279 2080 441 2120 amor
485 2063 782 2120 charitatis
832 2063 1136 2119 eliceretur
1182 2058 1373 2117 media
1426 2057 1640 2113 vlrtute

280 2145 558 2216 proxima,
591 2160 714 2216 quae
742 2159 860 2200 non
887 2142 1213 2198 dimanaret
1242 2156 1273 2196 a
1295 2138 1501 2213 gratia.

352 2223 525 2290 Adde,
571 2240 732 2297 posse
760 2239 876 2279 non
906 2223 1225 2294 incongrua
1253 2220 1476 2275 ratione
1497 2217 1631 2283 dici,

278 2306 423 2377 quod
446 2307 628 2363 virtus
654 2305 907 2362 elicitiva
935 2306 1171 2368 amoris,
1195 2302 1461 2375 quamvis
1491 2301 1640 2358 foret

281 2386 584 2454 transienS,
610 2386 936 2442 dimanaret
962 2401 995 2440 a
1021 2386 1243 2459 gratia;
1268 2383 1403 2456 quia
1425 2382 1541 2439 haec
1566 2399 1640 2440 ex

287 2470 493 2523 natura
539 2483 640 2522 sua
660 2468 905 2538 exposcit
932 2467 1185 2539 aliquam
1208 2465 1485 2521 virtutem
1503 2480 1660 2535 pro-,

292 2548 509 2604 ximam
536 2548 846 2605 elicitivam
875 2549 1088 2605 amoris
1108 2547 1425 2613 charitatiS,
1458 2552 1515 2603 et
1536 2545 1639 2602 hoc

298 2634 452 2701 pacto
500 2629 843 2687 determinat
890 2632 1063 2688 Deum
1106 2631 1175 2687 ad
1206 2629 1637 2704 productionem

296 2708 469 2775 illiuS,
495 2709 557 2764 in
579 2725 689 2782 quo
717 2710 1076 2782 potissimum
1104 2711 1363 2767 consistit
1388 2708 1640 2766 influxus

288 2787 574 2846 effectivus
597 2806 697 2862 per
719 2789 1193 2849 dimanationem.
1228 2789 1393 2848 Unde
1412 2790 1460 2845 si
1492 2792 1639 2846 Deus

285 2871 461 2929 nollet
503 2872 765 2930 conferre
793 2875 1066 2934 virtutem
1115 2873 1440 2948 proximam
1482 2871 1640 2929 habi-

283 2956 515 3022 tualem,
540 2955 638 3013 sed
664 2963 889 3014 tantum
914 2957 1169 3022 fluidam,
1195 2958 1311 3014 haec
1335 2958 1457 3029 ipsa
1483 2954 1640 3011 dice-

283 3041 439 3093 retur
471 3036 793 3109 dependere
814 3055 916 3111 per
961 3039 1422 3096 dimanationem
1446 3052 1479 3091 a
1498 3052 1636 3109 gra-

281 3117 380 3173 tia.
412 3119 735 3174 Praesertim
764 3136 894 3175 cum
923 3120 1027 3176 illa
1054 3121 1239 3176 virtus
1267 3117 1445 3174 ssuida
1473 3116 1641 3172 subs-

280 3201 580 3258 titueretur
631 3203 753 3258 loco
794 3201 1022 3258 habitus
1080 3202 1379 3258 charitatis
1406 3244 1419 3269 ,
1471 3215 1641 3273 quem

276 3283 461 3359 gratia
489 3283 835 3339 naturaliter
883 3282 1117 3340 radicat.
1151 3284 1220 3339 Et
1246 3283 1311 3338 in
1338 3282 1442 3338 hoc
1465 3298 1641 3339 sensu

280 3363 658 3438 respondetur
686 3362 756 3420 ad
796 3368 1203 3437 argumentum
1233 3362 1494 3436 negando
1517 3363 1636 3419 mi-

280 3463 503 3504 norem.

892 3621 1032 3690 gx.

350 3772 576 3843 Satiffit
603 3770 737 3827 aliae's
761 3769 968 3825 duobus
982 3769 1246 3841 praedictae
1289 3769 1570 3841 *opinionis

833 3850 1076 3904 motivis,

76 4033 264 4082 thum
352 4008 487 4063 237.
538 3979 752 4070 Quarto
798 4002 1073 4076 probatur
1111 4001 1311 4058 eadem
1363 3997 1647 4056 sententia

79 4093 261 4179 mgffib·
280 4088 397 4144 alio
436 4087 799 4160 argumente,
841 4100 952 4156 quo
996 4083 1419 4140 convincuntur
1464 4077 1646 4151 aliqui

276 4168 398 4242 ejus
425 4167 710 4223 Authores
742 4186 755 4221 :
777 4165 1049 4237 quoniam
1065 4163 1285 4236 quoties
1311 4162 1481 4218 homo
1516 4174 1648 4233 pec-

280 4253 370 4304 cat
395 4244 715 4304 omittendo
750 4260 1010 4301 amorem
1037 4242 1332 4300 charitatis
1358 4241 1468 4297 sibi
1499 4258 1648 4315 prae-

280 4333 532 4401 ceptum,
564 4327 728 4383 toties
756 4324 925 4381 habet
950 4324 1170 4380 auxilia
1192 4322 1479 4396 adaequate
1497 4321 1649 4378 suffi-

281 4409 495 4466 cientia
517 4406 587 4464 ad
614 4404 961 4464 eliciendum
985 4404 1322 4477 praedictum
1350 4420 1644 4462 amorem:

280 4490 379 4548 sed
408 4487 703 4546 multoties
718 4486 888 4542 homo
910 4490 1097 4558 peccat
1122 4485 1437 4543 omittendo
1457 4489 1645 4541 actum

281 4571 500 4629 amoris
527 4566 825 4626 charitatis
855 4565 967 4622 sibi
996 4571 1357 4639 praeceptum,
1383 4566 1515 4623 licet
1550 4581 1645 4622 ca-

281 4658 405 4710 reat
423 4649 613 4725 gratia
640 4644 1031 4704 sanctificante
1058 4670 1070 4704 :
1099 4664 1235 4722 ergo
1263 4646 1647 4719 independen-

281 4739 369 4791 ter
396 4731 468 4788 ab
490 4731 596 4788 illa
615 4729 918 4784 salvantur
946 4726 1164 4785 auxilia
1185 4727 1474 4801 adaequate
1487 4727 1646 4783 suffi-

278 4813 495 4872 cientia
527 4809 599 4867 ad
626 4811 803 4867 talem
832 4824 1090 4866 amorem
1129 4830 1142 4864 ι
1171 4824 1310 4884 ergo
1347 4808 1646 4882 praedictus

280 4910 448 4952 amor
476 4895 660 4965 potest
684 4891 812 4947 sine
856 4890 1043 4963 gratia
1068 4888 1458 4946 sanctificante
1488 4888 1638 4955 elici,

277 4982 337 5035 et
387 4972 711 5041 excludere,
755 4973 961 5029 saltem
1000 4970 1296 5036 indirecte,
1333 4973 1640 5043 peccatum.

283 5061 541 5131 Utraque
582 5052 988 5127 consequentia
1015 5052 1209 5124 liquet.
1258 5053 1325 5108 Et
1352 5051 1536 5125 maJ’or
1561 5055 1648 5107 est

1770 584 1941 644 certa,
1972 577 2107 651 quia
2148 594 2318 634 nemo
2346 580 2532 649 peccat
2558 589 2677 629 non
2711 569 2991 629 eliciendo
3039 584 3133 624 ac-

1770 665 1913 726 tum,
1945 675 2114 731 quem
2135 660 2342 716 elicere
2370 673 2486 715 non
2515 659 2691 730 potest
2723 678 2738 720 ;
2768 652 2976 724 quippe
3001 665 3131 705 cum

1768 739 2108 813 impotentia
2131 739 2329 797 reddat
2348 755 2475 797 eam
2509 734 2828 793 carentiam
2851 732 3130 788 involun-

1769 820 2002 888 tariam,
2027 826 2082 877 et
2099 819 2509 893 inculpabilem
2537 833 2702 890 :ergo
2716 814 2937 888 quoties
2959 813 3130 869 homo

1770 908 1958 975 peccat
1973 900 2288 959 omittendo
2309 906 2496 957 actum
2521 898 2736 955 amoris
2756 894 2867 950 sibi
2892 909 3131 966 praecep-

1769 988 1915 1048 tum,
1965 984 2129 1039 toties
2175 981 2345 1039 habet
2389 979 2610 1037 auxilia
2656 971 2945 1048 adaequate
2970 973 3130 1028 suffi-

1769 1063 1980 1120 cientia
2024 1063 2093 1120 ad
2132 1078 2264 1119 eum
2312 1058 2682 1118 eliciendum.
2727 1056 2924 1112 Minor
2955 1053 3130 1109 etiam

1768 1148 2005 1211 constat,
2054 1144 2187 1218 quia
2214 1159 2333 1200 non
2371 1141 2550 1198 semel
2580 1140 2752 1196 homo
2790 1137 3041 1193 existens
3067 1134 3131 1190 in

1770 1229 1994 1300 peccato
2019 1224 2251 1282 mortali
2280 1227 2508 1280 tenetur
2529 1222 2735 1279 elicere
2761 1224 2950 1275 actum
2980 1231 3133 1273 amo-

1770 1307 1852 1365 ris
1879 1305 2192 1372 charitatis,
2239 1306 2329 1362 vel
2356 1304 2492 1376 quia
2512 1308 2647 1358 tunc
2675 1306 2838 1375 urget
2879 1312 3131 1372 praecep-

1769 1393 1892 1443 tum
1934 1402 2068 1443 eum
2110 1385 2398 1451 eliciendi,
2442 1385 2535 1441 vel
2574 1383 2708 1456 quia
2747 1386 2830 1438 est
2875 1377 3131 1434 medium

1769 1470 2157 1527 necessarium
2173 1467 2245 1525 ad
2259 1465 2604 1524 vincendam
2625 1479 2860 1540 gravem
2878 1461 3131 1534 aliquam

1750 1551 2144 1609 tentationem
2187 1555 2320 1605 tunc
2371 1552 2793 1604 occurrentem:
2837 1547 2894 1601 et
2938 1547 3132 1598 tamen

1769 1632 1943 1689 homo
1963 1632 2214 1689 existens
2235 1633 2298 1687 in
2316 1635 2538 1704 peccato
2558 1627 2792 1685 mortali
2823 1640 2940 1681 non
2962 1622 3131 1679 habet

1767 1716 2016 1789 gratiam
2040 1713 2510 1777 sanctificantem,
2537 1716 2600 1766 ut
2626 1710 2763 1767 satis
2783 1724 2854 1764 ex
2880 1722 2939 1762 se
2964 1721 3131 1762 cons-

1768 1800 1869 1862 tat,
1896 1801 1951 1852 et
1976 1812 2046 1851 ex
2072 1812 2247 1867 supra
2273 1794 2439 1850 dictis
2463 1794 2590 1849 dub.
2622 1794 2675 1858 3,
2707 1798 2756 1845 et
2783 1791 2834 1856 4,
2865 1803 3000 1861 ergo
3022 1790 3126 1842 etc.

1845 1879 1962 1934 Hoc
1999 1881 2401 1950 argumentum
2445 1873 2649 1947 probat
2693 1876 2879 1928 actum
2915 1868 3129 1923 amoris

1769 2037 2128 2096 ordinariam
2144 2038 2272 2095 elici
2292 2037 2499 2111 absque
2514 2035 2737 2092 influxu
2760 2032 2958 2108 gratiae
2972 2046 3132 2086 sanc·

1768 2120 2060 2189 tificantis,
2113 2126 2172 2176 ut
2208 2120 2374 2176 facile
2413 2117 2797 2176 consideranti
2828 2112 3125 2172 constabit.

1770 2200 1935 2257 Unde
1963 2200 2411 2275 retorquendum
2453 2204 2536 2256 est
2563 2199 2626 2257 in
2657 2199 2876 2269 aliquos
2901 2211 2973 2251 ex
3012 2191 3133 2246 Ad-

1769 2282 2065 2357 versariis,
2109 2283 2207 2355 qui
2251 2282 2453 2340 docent
2493 2280 2826 2354 praedictum
2873 2288 3131 2331 amorem

1767 2379 1999 2435 semper
2026 2362 2096 2419 de
2123 2362 2268 2420 facto
2297 2362 2601 2436 procedere
2628 2378 2660 2418 a
2686 2358 2873 2434 gratia
2917 2351 3133 2410 sancti-

1732 2476 1738 2481 ·
1769 2444 1992 2509 ficante,
2018 2444 2196 2501 etiam
2217 2460 2344 2499 cum
2375 2442 2446 2499 ad
2468 2443 2719 2516 primam
2747 2440 2868 2512 ejus
2896 2433 3164 2491 infusio-·

1771 2540 1907 2581 nem
1937 2525 2226 2599 disponit;
2265 2524 2419 2581 inter
2464 2540 2604 2595 quos
2644 2527 2730 2580 est
2766 2523 3039 2590 vasquez,
3069 2523 3133 2570 ut

1770 2607 2098 2665 videbimus
2118 2609 2258 2681 disp.
2298 2623 2407 2684 seq.
2436 2607 2563 2663 dub.
2595 2607 2651 2662 4.
2686 2602 2792 2659 Sed
2822 2597 3135 2673 responde-

1771 2694 1867 2746 tur
1896 2689 2158 2765 negando
2187 2691 2466 2764 majorem
2509 2686 2917 2745 universaliter
2957 2681 3134 2738 intel-

1771 2772 1996 2838 lectam,
2020 2786 2192 2842 quam
2208 2771 2329 2844 ejus
2352 2768 2609 2842 probatio
2632 2766 2879 2824 minime
2893 2761 3132 2823 evincit:

1771 2850 2045 2925 quoniam
2070 2856 2130 2907 ut
2153 2850 2360 2924 aliquis
2377 2855 2561 2923 peccet
2581 2843 2897 2906 omittendo
2922 2846 3126 2908 actum,

1772 2949 1890 2989 non
1932 2933 2248 3004 requiritur
2287 2930 2688 2995 determinate,
2738 2924 2887 3000 quod
2931 2921 3134 2979 habeat
3207 2948 3213 2953 ·

1771 3015 1841 3072 de
1864 3016 2133 3088 praesenti
2156 3016 2471 3089 potentiam
2495 3013 2566 3070 ad
2586 3027 2718 3068 eum
2740 3004 3090 3067 eliciendum
3116 3029 3131 3070 ;

1772 3099 1872 3156 sed
1905 3098 2126 3167 sufficit,
2171 3097 2320 3171 quod
2353 3098 2449 3154 vel
2473 3112 2601 3153 eam
2631 3092 2851 3156 habeat,
2883 3089 2977 3145 vel
3004 3104 3132 3143 eam

1773 3179 2057 3248 habuerit,
2084 3185 2141 3237 et
2161 3177 2488 3236 voluntarie
2508 3174 2813 3233 excluserit
2850 3192 2862 3226 ε
2892 3184 3028 3224 nam
3068 3183 3135 3223 eo

1773 3262 1896 3335 ipso
1926 3262 2263 3334 impotentia
2281 3259 2625 3330 subsequuta
2652 3270 2770 3311 non
2790 3258 2876 3310 est
2900 3248 3134 3320 simpli-

1773 3344 1915 3400 cIter
1954 3341 2310 3408 antecedens,
2359 3338 2458 3395 sed
2509 3351 2876 3408 consequens,
2920 3335 2977 3387 et
3013 3344 3136 3402 quae

1776 3441 1809 3481 a
1836 3427 2056 3497 peccato
2108 3419 2440 3479 emissionis
2485 3418 2733 3473 minime
2784 3417 3012 3471 excusat
3037 3453 3049 3476 ,
3076 3415 3139 3463 ut

1777 3503 2058 3579 pluribuS,
2102 3511 2159 3559 et
2203 3499 2540 3575 vulgaribus
2585 3495 2866 3568 exemplis
2911 3488 3133 3548 ostendi

1712 3609 1717 3616 ⁴
1777 3585 2070 3660 potest.Sic
2094 3589 2285 3642 autem
2306 3580 2753 3654 accidit,quoties
2781 3578 2951 3633 homo
2971 3571 3138 3630 omit·
3198 3573 3203 3579 '

1776 3668 1846 3723 tit
1866 3683 2123 3724 amorem
2144 3665 2442 3722 charitatis
2463 3662 2574 3718 sibi
2599 3661 2969 3734 praeceptum;
2994 3669 3130 3709 nam

1777 3746 2168 3820 prius-habuit
2196 3745 2377 3802 alium
2415 3748 2603 3799 actum
2652 3735 3129 3812 peccamInosum,

1776 3844 1888 3901 quo
1913 3827 2159 3901 gratiam
2193 3824 2641 3883 sanctificantem
2681 3817 2937 3880 exclusit,
2981 3820 3037 3871 et
3075 3830 3134 3871 se
3205 3882 3213 3890 ¹

1778 3909 1910 3966 fecit
1957 3908 2330 3981 impotentem
2372 3905 2633 3979 proxime
2673 3901 2742 3958 ad
2782 3899 3132 3956 elicientiam

1779 3990 2033 4064 praedicti
2074 3989 2311 4047 amoris..
2353 3989 2493 4043 Cum
2522 3985 2680 4042 enim
2723 3980 2791 4038 ad
2819 3977 3139 4053 quamlibet

1778 4074 2151 4131 omissionem
2179 4070 2632 4146 peccaminosam
2669 4064 2995 4138 requiratur
3023 4063 3137 4118 ali-

1778 4154 1905 4228 quis
1949 4158 2122 4221 actus,
2177 4152 2274 4226 qui
2326 4150 2559 4216 directe,
2607 4148 2701 4203 vel
2741 4143 3020 4202 indirecte
3063 4141 3137 4198 sit

1779 4252 1946 4293 causa
1975 4232 2299 4299 omittendi,
2329 4236 2387 4288 et
2411 4230 2509 4304 qui
2537 4244 2603 4285 eo
2630 4228 2755 4300 ipso
2784 4240 2885 4298 per
2914 4237 3139 4296 respec-

1777 4321 1901 4373 tum
1931 4316 2001 4373 ad
2024 4314 2354 4389 praedictum
2384 4313 2645 4369 effectum
2665 4312 2750 4365 est
2777 4304 3137 4378 peccamino-

1776 4415 1877 4454 sus
1901 4403 1964 4453 ut
1999 4397 2109 4453 late
2149 4393 2504 4452 ostendimus
2556 4396 2717 4446 tract.
2773 4388 2855 4452 13,
2891 4386 3031 4457 disp.
3076 4385 3131 4451 5,

1777 4482 1908 4537 dub.
1931 4482 1966 4536 2
1990 4488 2040 4535 et
2061 4481 2116 4547 3,
2147 4481 2204 4535 et
2231 4492 2428 4533 rursus
2457 4478 2611 4530 actus
2638 4468 2845 4542 peccati
2873 4465 3136 4525 mortalis

1776 4560 2039 4620 excludat
2060 4556 2378 4616 necessario
2392 4553 2639 4628 gratiam
2660 4547 3130 4615 sanctificantem,

1778 4648 1842 4699 ut
1865 4658 2039 4715 supra
2061 4637 2415 4697 ostendimus
2441 4633 2571 4689 dub.
2597 4633 2651 4698 3,
2675 4645 3028 4702 consequens
3049 4626 3131 4692 fit,

1776 4723 1926 4798 quod
1952 4722 2294 4795 quicumque
2321 4721 2510 4790 peccat
2534 4711 2851 4771 omittendo
2878 4723 3136 4766 amorem

1775 4803 2072 4863 charitatis
2099 4801 2208 4858 sibi
2237 4803 2599 4873 praeceptum,
2634 4795 2795 4869 prius
2824 4789 3138 4864 peccaverit

1775 4884 2059 4946 eliciendo
2084 4887 2291 4950 actum,
2324 4896 2435 4954 quo
2461 4878 2691 4942 directe,
2722 4875 2816 4932 vel
2856 4869 3137 4929 indirecte

1776 4968 1962 5028 voluit
1984 4965 2315 5040 praedictam
2342 4961 2716 5020 omissionem
2742 4980 2756 5025 ;
2780 4960 2836 5012 et
2862 4952 3011 5027 quod
3033 4968 3135 5025 per

1777 5049 2111 5123 praedictum
2127 5050 2314 5104 actum
2337 5042 2763 5102 antecedentem
2782 5035 2851 5093 ad
2873 5035 3134 5092 omissio·

3169 1860 3317 1902 Κεῖοι·-

3157 1913 3318 1962 quetur.

1768 1956 2067 2014 charitatis
2122 1972 2282 2028 posse
2331 1953 2646 2011 secundum
2702 1947 3319 2050 providentiametpuiiui-
