3647 5753
296 788 474 835 Praelu-

321 840 449 884 ditur.

320 4064 486 4160 ers

333 4166 459 4217 plius:

500 463 611 519 816
1342 518 1346 526 ,
1539 464 1633 520 DE
1673 461 1980 519 PRAEMIO
2019 460 2297 517 MERITI.

505 631 735 688 minum
776 631 1029 700 finitum,
1073 636 1172 708 qui
1219 636 1362 693 alias
1397 635 1566 693 habet
1599 650 1729 691 cum
1769 632 1859 690 of-

503 718 668 769 fensa
696 714 989 789 physicam
1025 718 1485 792 repugnantiam.

576 794 682 852 Sed
711 795 826 851 haec
854 798 1150 869 responsio
1179 814 1295 854 non
1334 797 1624 862 satisfacit,
1656 802 1713 853 et
1739 793 1862 850 dis-

503 876 699 932 tinctio
741 876 858 944 illa,
890 878 981 933 cui
1022 878 1315 945 innititur,
1355 894 1564 951 nempe
1604 877 1874 960 destruc-¹

505 958 682 1015 tionis
718 959 948 1016 offensae
974 963 1066 1018 vel
1095 977 1194 1034 per
1231 963 1390 1018 viam
1430 959 1856 1026 satisfactioniS,

503 1041 594 1096 vel
639 1058 740 1113 per
788 1042 938 1097 viam
983 1043 1172 1099 meriti
1202 1044 1439 1099 termini
1486 1058 1617 1099 cum
1646 1042 1862 1098 offensa

504 1121 735 1195 physice
780 1122 1284 1196 incompossibiliS,
1317 1124 1652 1180 voluntaria
1697 1120 1863 1178 vide·

504 1209 614 1268 tur,
647 1209 703 1259 et
736 1218 853 1260 non
878 1205 1016 1259 satis
1042 1205 1288 1261 occurrit
1324 1201 1864 1262 confirmationibus

500 1288 697 1340 nostro
718 1283 1096 1341 fundamento
1123 1284 1374 1359 adjectiS.
1403 1287 1480 1341 Ut
1500 1292 1692 1342 autem
1723 1299 1865 1356 prae·

498 1366 708 1422 dictam
753 1368 1202 1440 responsionem,
1246 1374 1303 1425 et
1342 1368 1485 1424 alias
1526 1367 1683 1424 infra
1714 1367 1864 1423 refe-

502 1446 711 1503 rendas
774 1448 1098 1505 evidentius
1145 1453 1604 1521 prosternamus»,
1663 1447 1865 1505 obser-

503 1527 758 1584 vandum
786 1535 889 1596 est,
938 1531 1087 1605 quod
1128 1532 1246 1587 haec
1291 1530 1866 1603 propositiozlustus

495 1617 669 1685 potest
696 1612 760 1667 de
785 1614 1049 1685 condigno
1084 1618 1285 1669 mereri
1302 1617 1574 1686 peccatori
1589 1614 1866 1685 justifica-

501 1696 670 1749 tionis
704 1698 970 1765 9ratiam,
1019 1695 1308 1769 duplicem
1348 1711 1581 1753 sensum
1627 1694 1866 1752 reddere

502 1780 683 1848 potest
711 1797 723 1831 :
769 1776 956 1848 primo
983 1776 1256 1840 divisum,
1288 1780 1342 1831 et
1372 1777 1755 1849 praecisivum,
1806 1781 1867 1831 ut

499 1856 687 1912 solum
731 1855 979 1922 denotet,
1011 1856 1161 1930 quod
1197 1857 1383 1930 justus
1431 1863 1612 1930 potest
1648 1855 1865 1913 mereri

500 1939 748 2012 gratiam
795 1937 884 1995 illi
932 1939 1179 2006 homini,
1226 1938 1322 2011 qui
1352 1939 1495 1994 alias
1521 1939 1868 2011 supponitur

501 2018 749 2076 existere
796 2019 857 2075 in
898 2025 1045 2075 statu
1062 2020 1317 2092 peccati:
1353 2019 1422 2076 ad
1464 2019 1612 2093 quod
1664 2018 1867 2075 sufficit

502 2101 796 2173 aequalitas
825 2101 1017 2158 meriti
1046 2101 1115 2157 ad
1156 2101 1403 2175 gratiam
1432 2099 1752 2157 secundum
1781 2115 1862 2166 se,

503 2186 559 2237 et
600 2183 894 2253 praecisive
931 2182 1367 2250 consideratam,
1398 2188 1453 2238 et
1481 2181 1869 2238 abstrahendo

506 2278 539 2318 a
565 2260 947 2319 destructione
998 2263 1253 2328 maculae,
1286 2267 1341 2319 et
1386 2262 1641 2319 offensae.
1688 2265 1756 2317 Et
1806 2262 1868 2317 in

505 2344 612 2401 hoc
637 2360 805 2400 sensu
837 2343 1444 2418 praedictavpropositio
1473 2360 1606 2400 vera
1629 2350 1747 2401 est:
1770 2344 1870 2401 sed

508 2440 623 2480 non
654 2424 845 2482 differt
872 2442 903 2481 a
931 2426 1119 2499 prima
1154 2434 1346 2484 nostra
1375 2429 1689 2485 assertione
1711 2445 1864 2482 num.

509 2506 572 2559 31
623 2508 927 2578 proposita,
969 2522 1080 2579 qua
1104 2509 1427 2575 statuimuS,
1465 2510 1680 2582 justum
1709 2523 1871 2581 posse

510 2584 579 2642 de
601 2586 880 2662 condigno
898 2590 1109 2645 mereri
1135 2590 1300 2647 alteri
1325 2590 1573 2664 primam
1598 2590 1869 2663 gratiam.

511 2669 767 2726 Secundo
816 2676 994 2742 potest
1037 2669 1300 2742 praedicta
1343 2674 1656 2744 propositio
1685 2672 1872 2728 facere

511 2764 743 2804 sensum
797 2752 1195 2822 compositum,
1242 2768 1359 2807 non
1396 2751 1626 2822 quidem
1672 2753 1874 2826 gratiae

512 2845 641 2885 cum
672 2836 912 2902 peccam,
944 2830 1041 2887 sed
1081 2847 1210 2888 cum
1239 2832 1360 2905 ejus
1386 2831 1784 2900 destructione,
1817 2839 1875 2890 et

513 2927 631 2968 non
653 2929 808 2968 esse:
839 2913 917 2969 ita
947 2920 1007 2968 ut
1032 2912 1331 2987 significet,
1362 2914 1511 2987 quod
1534 2917 1720 2989 justus
1745 2932 1872 2972 me·

516 2998 711 3050 reatur
760 3010 877 3051 non
921 2995 1107 3051 solum
1147 2996 1392 3069 gratiam
1440 2996 1752 3053 secundum
1793 3014 1869 3064 se,

513 3072 610 3130 sed
638 3073 812 3130 etiam
854 3079 916 3129 ut
941 3074 1187 3131 exercite
1222 3074 1385 3132 affert
1429 3077 1873 3133 destructionem

515 3156 745 3228 peccati,
770 3162 825 3212 et
843 3156 1252 3215 extinctionem
1278 3159 1474 3231 gravis
1495 3158 1724 3215 offensae
1750 3160 1869 3216 Dei.

516 3239 586 3292 Et
613 3237 674 3292 in
716 3237 819 3293 hoc
851 3254 1018 3294 sensu
1052 3253 1344 3312 negamuS,
1371 3238 1519 3311 quod
1551 3239 1727 3313 possit
1749 3239 1876 3313 jus-

515 3323 609 3373 tus
628 3319 840 3374 mereri
865 3321 1140 3391 peccatori
1160 3319 1581 3394 justificationis
1601 3320 1871 3395 gratiam,

519 3400 988 3474 intendimusque
1028 3402 1302 3458 meritum
1332 3399 1403 3458 de
1427 3400 1713 3475 condigno
1754 3418 1879 3459 res-

523 3488 682 3555 pectu
723 3483 923 3556 gratiae
951 3483 1030 3539 ita
1070 3489 1305 3555 acceptae
1330 3481 1537 3540 debere
1562 3498 1683 3539 esse
1723 3484 1879 3556 ejus-

517 3563 649 3619 dem
698 3564 910 3619 valoris
950 3579 1079 3618 cum
1125 3564 1511 3621 satisfactione
1553 3565 1778 3637 aequali,
1823 3570 1880 3621 et

520 3645 805 3719 condigna
849 3660 951 3718 pro
978 3645 1142 3719 gravi
1184 3646 1398 3703 offensa
1426 3646 1558 3709 Dei;
1587 3651 1642 3702 et
1678 3662 1880 3703 conse—

519 3732 759 3800 quenter
807 3726 1056 3783 minime
1093 3726 1403 3783 subsistere
1447 3726 1878 3785 distinctionem

522 3812 687 3866 illam
716 3808 1085 3865 extinctionis
1112 3807 1339 3865 offensae
1359 3809 1449 3865 vel
1479 3825 1579 3881 per
1606 3810 1762 3865 viam
1785 3828 1880 3868 sa-

523 3891 885 3956 tisfactioniS,
930 3890 1020 3946 vel
1063 3906 1164 3962 per
1190 3890 1345 3945 viam
1393 3891 1594 3946 meriti
1640 3893 1881 3949 termini

526 3973 756 4047 physice
784 3962 1419 4043 incompossibilis'cum
1456 3970 1690 4029 offensa.

598 4054 688 4108 38.
733 4050 890 4115 Quod
929 4051 1171 4106 ulterius
1214 4050 1575 4109 ostenditur:
1630 4070 1766 4108 nam
1821 4057 1884 4109 ut

528 4136 736 4208 aliquis
765 4134 938 4208 possit
965 4131 1035 4188 de
1062 4131 1342 4206 condigno
1368 4135 1581 4191 mereri
1609 4134 1878 4209 gratiam,

526 4222 588 4273 ut
607 4216 851 4274 exercite
876 4230 1067 4272 secum
1091 4213 1254 4270 affert
1282 4213 1724 4273 destructionem
1753 4232 1883 4272 ma-

521 4301 680 4361 culae,
706 4303 760 4354 et
787 4295 1198 4357 extinctionem
1221 4295 1466 4363 offensae,
1492 4296 1658 4355 debet
1677 4297 1885 4354 elicere

520 4396 663 4453 opus
692 4376 909 4435 habens
937 4381 1161 4432 tantum
1192 4378 1449 4433 valorem
1479 4378 1542 4434 in
1567 4393 1689 4434 esse
1716 4376 1884 4434 obse-

519 4460 663 4535 quii,
690 4464 964 4531 quantam
994 4455 1498 4514 aestimabilitatem
1528 4458 1697 4515 habet
1724 4473 1887 4515 com-

519 4545 755 4616 plexum
798 4556 867 4596 ex
893 4539 1096 4614 gratia,
1123 4544 1180 4595 et
1216 4536 1600 4597 destructione
1627 4540 1881 4607 maculas,

520 4630 576 4681 et
595 4621 949 4680 extinctione
975 4620 1204 4677 offensae
1231 4640 1242 4675 :
1271 4620 1369 4677 sed
1399 4620 1469 4677 ad
1497 4620 1602 4676 hoc
1631 4620 1886 4692 requiri·

520 4712 634 4774 tur,
667 4701 819 4777 quod
840 4701 1115 4759 meritum
1145 4700 1350 4758 habeat
1369 4702 1629 4758 valorem
1651 4700 1888 4773 simpli-

521 4789 662 4847 citer
685 4785 1007 4851 infinitum,
1040 4799 1103 4840 ac
1131 4783 1372 4856 proinde
1397 4784 1673 4857 aequalem
1713 4785 1887 4839 satis-

523 4870 757 4928 factioni
780 4867 851 4924 de
874 4866 1156 4940 condigno
1180 4881 1283 4940 pro
1303 4867 1468 4941 gravi
1500 4866 1599 4923 Dei
1627 4865 1845 4924 offensa
1872 4889 1885 4924 ε

412 4945 427 4955 ’
522 4968 661 5027 ergo
712 4951 858 5007 sicut
919 4954 1217 5023 repugnat,
1282 4948 1431 5021 quod
1484 4950 1657 5006 homo
1710 4965 1888 5020 purus

525 5033 730 5090 habeat
745 5031 1022 5087 meritum
1046 5029 1262 5086 valoris
1277 5029 1620 5101 simpliciter
1642 5028 1884 5097 infiniti,

526 5122 583 5170 ct
614 5110 770 5186 'quod
816 5111 1018 5168 offerat
1057 5109 1402 5184 condignam
1441 5110 1889 5169 satisfactionem

1996 648 2099 704 pro
2122 632 2291 706 gravi
2333 631 2548 689 offensa
2594 635 2729 702 Dei3
2762 636 2842 692 ita
2869 644 3176 713 repugnat,
3217 637 3373 711 quod

1994 719 2284 769 mereatur
2314 715 2562 788 gratiam
2606 720 2666 771 ut
2691 719 2937 776 exercite
2964 736 3161 776 secum
3200 719 3373 777 affert

1993 795 2382 852 exclusionem
2406 798 2664 863 maculae,
2696 803 2753 853 et
2789 798 3243 858 destructionem
3273 801 3369 857 of-

1995 874 2188 932 fensae.
2238 877 2654 950 Consequentia
2695 873 2860 950 patet,
2890 886 2946 937 et
2985 883 3187 938 minor
3227 898 3369 938 sua-

1995 956 2202 1014 detur:
2256 958 2389 1031 quia
2435 958 2506 1014 ad
2552 959 2896 1038 merendum
2942 962 3013 1019 de
3071 961 3367 1038 condigno

1996 1040 2227 1113 aliquod
2253 1043 2638 1113 complexum,
2674 1042 2990 1115 requiritur
3029 1051 3226 1101 tantus
3254 1063 3365 1104 va-

1996 1123 2085 1178 lor
2123 1123 2187 1178 in
2233 1122 2460 1188 merito,
2517 1130 2791 1196 quantam
2845 1124 3367 1185 aestimabilitatem

1996 1202 2166 1260 habet
2193 1203 2557 1275 complexum
2585 1220 2656 1260 ex
2694 1203 2983 1270 omnibus,
3027 1212 3084 1262 et
3109 1207 3367 1281 singulis

1994 1284 2114 1340 suis
2161 1283 2419 1358 partibus
2447 1306 2459 1340 :
2520 1284 2618 1342 sed
2668 1287 3031 1358 complexum
3095 1288 3244 1346 illud
3298 1291 3365 1346 in

1996 1369 2193 1421 nostro
2218 1381 2348 1421 casu
2379 1365 2653 1438 importat
2676 1366 3188 1425 aestimabilitatem
3218 1368 3365 1426 infi-

1997 1446 2209 1510 nitam;
2253 1444 2537 1517 siquidem
2584 1446 2980 1518 complectitur
3016 1446 3365 1507 destructio-

1997 1545 2130 1585 nem
2160 1528 2390 1585 offensae
2410 1529 2755 1601 simpliciter
2776 1523 3040 1596 infinitae,
3065 1531 3153 1606 cuj
3163 1548 3228 1587 us
3248 1550 3363 1589 non

1994 1627 2103 1665 esse
2174 1614 2392 1666 tantam
2478 1608 2989 1667 aestimabilitatem
3057 1612 3358 1685 importat,

1996 1698 2272 1764 quantam
2291 1692 2636 1766 gravitatem
2661 1691 2876 1748 offensa
2898 1691 3150 1760 dicebat;
3178 1694 3366 1766 posita

1996 1775 2207 1847 quippe
2250 1791 2317 1831 ea
2363 1774 2767 1842 destructione,
2813 1772 2878 1829 fit
2923 1774 3093 1831 homo
3132 1775 3304 1844 libera
3332 1791 3368 1831 a

1997 1853 2186 1910 debito
2211 1853 2523 1911 exhibendi
2545 1854 2995 1911 satisfactionem
3016 1855 3366 1926 simpliciter

1999 1933 2290 1992 infinitam
2320 1956 2333 1990 :
2362 1951 2498 2010 ergo
2521 1941 2582 1991 ut
2610 1935 2781 1991 homo
2805 1941 3096 1992 mereatur
3122 1936 3194 1992 de
3220 1952 3364 1993 con—

1999 2016 2172 2091 digno
2196 2020 2560 2090 complexum
2589 2032 2660 2073 ex
2685 2018 2872 2091 gratia
2897 2024 2953 2075 et
2978 2019 3365 2077 destructione

1999 2098 2226 2155 offensae
2282 2099 2623 2171 simpliciter
2697 2097 2972 2167 infinitae,
3046 2101 3365 2172 requiritur

1999 2179 2147 2251 quod
2168 2181 2288 2253 ejus
2309 2180 2586 2236 meritum
2610 2177 2816 2235 habeat
2849 2181 3104 2236 valorem
3129 2180 3364 2253 simpli-

2000 2260 2140 2315 citer
2185 2257 2501 2324 infinitum,
2534 2265 2589 2315 ct
2630 2260 2861 2331 qualem
2914 2259 3151 2317 haberet
3191 2263 3365 2318 satis-

2002 2340 2168 2397 factio
2195 2343 2445 2411 aequaliS,
2494 2346 2551 2397 et
2586 2340 2869 2416 condigna
2916 2359 3019 2415 pro
3063 2344 3227 2418 gravi
3274 2344 3364 2402 of-

2003 2423 2163 2479 fensa
2184 2424 2305 2480 Dei.

2075 2505 2260 2579 Maior
2310 2504 2667 2562 ostenditur:
2699 2511 2823 2561 tum
2870 2505 3005 2579 quia
3046 2507 3247 2581 gratia,
3301 2513 3363 2563 ut

2002 2588 2248 2645 exercite
2261 2604 2451 2644 secum
2470 2587 2634 2644 affert
2649 2586 3094 2645 destructionem
3112 2587 3357 2654 offensae,

2004 2670 2277 2743 importat
2301 2669 2663 2740 complexum
2692 2683 2762 2724 ex
2802 2669 3005 2741 seipsa,
3035 2675 3091 2725 et
3117 2686 3188 2725 ex
3215 2686 3360 2742 prae-

2005 2751 2152 2808 dicta
2179 2750 2579 2815 destructione,
2616 2757 2677 2805 ut
2701 2752 3079 2807 eit-terminis
3108 2758 3362 2807 constare

2005 2831 2267 2901 videtur;
2293 2847 2354 2888 ac
2384 2829 2624 2904 proinde
2645 2832 2918 2887 meritum
2934 2830 3004 2887 ad
3018 2832 3280 2906 gratiam,
3305 2835 3364 2887 ut

2005 2915 2249 2972 exercite
2268 2930 2460 2970 secum
2479 2913 2642 2969 affert
2658 2913 2885 2970 offensae
2899 2912 3356 2983 destructionem,

2005 3003 2090 3054 est
2116 2998 2392 3053 meritum
2421 2995 2491 3052 ad
2533 2996 2679 3051 illud
2707 2996 3075 3066 complexum
3105 3018 3117 3051 :
3145 3011 3275 3070 ergo
3302 3001 3360 3050 ut

2006 3077 2133 3150 quis
2173 3081 2465 3133 mereatur
2488 3076 2557 3133 de
2585 3074 2868 3148 condigno
2893 3077 3162 3149 gratiam,
3189 3083 3250 3131 ut
3272 3092 3359 3133 se·

2008 3176 2136 3217 cum
2163 3159 2409 3217 exercite
2437 3159 2603 3215 affert
2643 3158 3087 3216 destructionem
3116 3158 3357 3224 offensae,

2008 3239 2175 3297 debet
2211 3240 2386 3298 etiam
2431 3239 2642 3297 habere
2670 3240 2948 3296 meritum
2994 3239 3065 3296 de
3090 3240 3361 3314 condigno

2010 3323 2080 3379 ad
2121 3323 2482 3395 complexum
2522 3339 2594 3379 ex
2632 3323 2839 3397 gratia,
2885 3328 2942 3377 et
2985 3322 3214 3380 offensae
3237 3322 3361 3379 des-

2010 3406 2313 3469 tructione,
2344 3410 2400 3460 et
2451 3405 2768 3477 importare
2811 3409 3036 3461 tantum
3088 3406 3357 3467 valorem,

2010 3493 2284 3561 quantam
2342 3484 2849 3542 aestimabilitatem
2893 3487 3165 3559 importat
3223 3484 3364 3541 illud

2009 3568 2395 3640 complexum.
2427 3568 2574 3621 Tum
2602 3565 2797 3633 etiam,
2824 3568 2959 3640 quia
2988 3567 3058 3622 ad
3097 3567 3362 3624 meritum

2011 3648 2081 3705 de
2131 3646 2414 3722 condigno
2469 3647 2786 3719 requiritur
2839 3647 3131 3705 ordinatio
3180 3647 3367 3705 efficax

2012 3731 2201 3804 operis
2223 3746 2292 3786 ex
2318 3740 2476 3803 parte
2503 3730 2779 3786 merentis
2800 3729 2870 3786 ad
2900 3731 3206 3802 praemium
3230 3748 3243 3783 :
3273 3729 3368 3787 sed

2015 3817 2310 3885 repugnat,
2361 3809 2510 3883 quod
2552 3810 2724 3867 homo
2777 3809 3040 3869 intendat
3078 3811 3370 3868 efficaciter

2015 3892 2321 3966 praemium
2363 3890 2583 3965 gratias,
2630 3896 2692 3946 ut
2725 3889 2888 3948 affert
2928 3890 3368 3949 destructionem

2014 3973 2261 4038 offensas,
2275 3973 2416 4044 quin
2440 3971 2703 4028 intendat
2721 3972 3021 4030 efficaciter
3045 3974 3368 4046 praedictam

2014 4054 2245 4112 offensae
2309 4052 2753 4109 destructionem
2782 4074 2794 4108 :
2860 4069 2996 4127 ergo
3072 4060 3363 4129 repugnat,

2014 4136 2162 4211 quod
2191 4141 2480 4192 mereatur
2519 4135 2588 4192 de
2626 4134 2909 4209 condigno
2935 4151 3064 4192 eam
3103 4138 3367 4210 gratiam,

2015 4224 2072 4276 et
2096 4216 2245 4292 quod
2286 4233 2404 4273 non
2433 4222 2724 4274 mereatur
2761 4217 2938 4274 etiam
2984 4216 3057 4273 de
3094 4217 3377 4293 condigno

2015 4300 2179 4357 illam
2219 4297 2707 4355 destructionem:
2761 4313 2895 4373 ergo
2941 4299 3088 4354 sicut
3127 4298 3261 4370 quia
3306 4295 3379 4353 de

2015 4381 2297 4455 condigno
2342 4380 2588 4454 gratiam
2641 4384 2916 4444 meretur,
2967 4377 3133 4435 debet
3172 4379 3380 4436 elicere

2017 4480 2157 4538 opus
2192 4462 2444 4539 ejusdem
2486 4462 2702 4519 valoris
2727 4478 2858 4518 cum
2883 4462 3071 4536 gratia
3094 4486 3107 4529 ;
3138 4462 3219 4519 ita
3242 4462 3380 4534 quia

2017 4551 2273 4601 meretur
2289 4544 2358 4600 de
2373 4543 2657 4617 condigno
2670 4542 3115 4599 destructionem
3131 4540 3377 4607 offensa,

2016 4625 2183 4683 debet
2201 4625 2409 4682 elicere
2429 4641 2569 4698 opus
2594 4623 2850 4697 ejusdem
2872 4624 3090 4682 valoris
3104 4640 3233 4681 cum
3258 4624 3386 4696 ipsa

2017 4707 2247 4765 offensas
2267 4706 2653 4764 destructione
2672 4731 2686 4775 ;
2710 4713 2766 4764 et
2785 4712 3196 4778 consequenter
3217 4704 3388 4762 debet

2017 4788 2292 4847 exhibere
2330 4788 2667 4861 obsequium
2710 4787 2925 4845 habens
2967 4792 3191 4844 tantum
3219 4786 3388 4843 valo—

2022 4888 2164 4940 rem,
2194 4877 2469 4944 quantam
2498 4868 3007 4935 aestimabilitatem
3031 4867 3200 4925 habet
3227 4882 3392 4925 com-

2022 4954 2257 5027 plexum
2285 4968 2355 5010 ex
2381 4951 2588 5026 gratia,
2620 4956 2677 5007 et
2709 4949 3094 5007 destructione
3133 4947 3386 5006 offensae.

2021 5038 2170 5093 Tum
2218 5034 2483 5108 denique,
2515 5033 2649 5106 quia
2696 5034 2861 5090 valor
2900 5032 3098 5090 meriti
3137 5031 3208 5088 de
3245 5045 3394 5087 con-

2002 5117 2180 5193 digno
2208 5116 2377 5175 debet
2419 5114 2712 5187 adaequari
2758 5130 2887 5172 cum
2928 5112 3093 5171 omni
3120 5127 3207 5178 eo,
3231 5107 3389 5240 quo}

3319 5200 3351 5238 s
