3647 5753
63 1093 160 1138 Atia
173 1095 246 1139 ob·

87 1143 238 1195 jectio.

1463 429 1643 484 DISP.
1687 427 1783 493 111,
1828 427 1992 484 DUB.
2038 428 2111 484 V.

282 599 517 674 physice
543 598 945 673 disponantur.
973 601 1219 657 Econtra
1241 615 1379 657 vero
1400 599 1648 667 adultuS,

282 683 347 739 in
374 689 655 757 quantum
694 684 847 749 taliS,
882 681 1024 753 petit
1069 681 1311 747 moveri,
1344 687 1398 738 et
1423 679 1651 754 disponi

281 765 454 822 modo
482 763 685 832 liber0,
711 764 871 837 cujus
898 769 983 820 est
1009 778 1185 834 cap-ix
1216 783 1229 819 :
1260 762 1522 834 quocirca
1549 760 1652 819 de-

281 844 376 902 bet
396 844 625 917 disponi
651 845 883 919 physice
907 841 976 899 ad
995 841 1302 916 justitiam,
1323 857 1439 898 non
1460 842 1650 898 solum

282 942 385 999 per
405 925 648 983 virtutes
671 942 705 982 a
728 925 913 1000 gratia
933 925 1321 991 dimanantes„
1353 922 1451 980 sed
1472 924 1650 981 etiam

283 1022 386 1079 per
407 1012 566 1064 actus
593 1024 625 1063 a
650 1022 711 1063 se
738 1006 973 1064 elicitos.

365 1091 487 1146 109.
520 1093 633 1147 Nec
654 1090 867 1147 iterum
898 1089 1094 1156 refert,
1119 1087 1168 1143 si
1195 1086 1442 1145 secundo
1468 1085 1642 1155 dicas,

280 1168 508 1228 adultos
552 1172 726 1228 etiam
772 1168 1072 1245 justificari
1115 1167 1568 1242 independenter
1614 1184 1648 1225 a

278 1254 519 1326 propria
568 1251 942 1326 dispositione
988 1251 1217 1318 actuali,
1271 1257 1332 1307 ut
1384 1255 1537 1324 patet
1582 1251 1647 1307 in

276 1332 727 1406 suscipientibus
771 1338 1168 1390 sacramenta:
1210 1333 1309 1405 qui
1348 1332 1510 1389 enim
1556 1337 1646 1387 at-

275 1415 451 1470 tritus
472 1412 700 1483 accedit,
735 1431 787 1471 v.
818 1431 873 1488 g.
898 1414 970 1471 ad
990 1419 1417 1470 sacramentum
1456 1414 1646 1487 poeni-

278 1496 490 1563 tentiae,
524 1496 892 1568 consequitur
918 1494 1167 1570 gratiam
1191 1493 1640 1568 justificationiS,

274 1591 608 1648 quanquam
649 1577 870 1633 attritio
913 1591 1030 1632 non
1070 1575 1144 1631 sit
1170 1592 1240 1633 ex
1260 1592 1322 1633 se
1347 1575 1644 1649 dispositio

278 1657 349 1713 ad
378 1659 563 1715 illam.
598 1658 762 1716 Unde
790 1660 880 1715 vel
910 1658 1099 1715 dicere
1126 1663 1366 1732 oportet,
1401 1659 1466 1716 in
1495 1674 1644 1732 prae-

277 1738 428 1798 dicto
448 1740 873 1815 justificationis
915 1741 1084 1798 modo
1127 1742 1485 1798 intervenire
1525 1741 1645 1797 mi·-

277 1822 557 1888 raculum,
589 1821 737 1895 quod
765 1828 848 1880 est
879 1821 1190 1879 absurdum
1208 1842 1248 1889 3‘
1277 1824 1365 1878 vel
1411 1821 1641 1879 concedi

258 1900 459 1969 debet,
491 1902 640 1976 quod
677 1909 832 1960 actus
864 1903 1046 1960 nostri
1091 1918 1207 1959 non
1235 1903 1354 1958 sint
1393 1903 1644 1975 disposi-

272 1984 459 2042 tiones
502 1986 789 2059 requisitae
815 2003 884 2043 ex
915 1992 1124 2043 natura
1157 1987 1238 2043 rei
1281 1985 1353 2042 ad
1394 1986 1644 2043 infusio-

273 2083 408 2123 nem
435 2069 654 2142 gratiae,
686 2068 784 2126 sed
831 2070 1022 2125 solum
1053 2085 1122 2126 ex
1150 2068 1354 2124 divina
1399 2068 1640 2125 ordina-

273 2147 459 2213 tione;
493 2152 549 2204 et
574 2154 987 2221 consequenter
1036 2165 1151 2206 non
1179 2155 1355 2206 erunt
1392 2148 1641 2221 disposi-

274 2226 462 2284 tiones
491 2227 756 2301 physicae,
790 2228 887 2284 sed
918 2230 1187 2287 morales,

52 2330 245 2380 mon.
351 2308 486 2371 Hoc,
520 2309 770 2380 inquam,
815 2324 932 2365 non
963 2310 1176 2378 refert3
1219 2308 1353 2383 quia
1392 2308 1641 2382 procedit

104 2378 188 2422 sio.

40 4869 220 4917 concil.

25 4920 237 4967 Trident.

275 2403 344 2442 ex
389 2387 532 2444 falso
577 2388 970 2457 fundamentO,
1023 2406 1231 2462 nempe
1277 2390 1525 2463 gratiam
1575 2391 1638 2446 in

276 2473 652 2526 sacramentis
679 2472 1094 2527 communicari
1123 2472 1333 2528 adultis
1356 2472 1638 2545 indepen-

275 2546 479 2605 denter
501 2549 570 2605 ab
595 2566 800 2607 eorum
832 2553 1037 2607 actuali
1078 2550 1469 2624 dispositione.
1498 2555 1637 2608 Cer-

276 2637 399 2685 tum
423 2631 632 2705 quippe
651 2639 752 2699 est,
781 2634 1075 2691 neminem
1101 2633 1429 2690 adultorum
1455 2634 1631 2701 intra,

276 2712 369 2767 vel
409 2716 569 2768 extra
597 2721 1030 2772 sacramentum
1063 2713 1387 2789 justificari,
1422 2714 1536 2771 nisi
1577 2730 1635 2773 se

273 2790 540 2864 disponat
583 2794 653 2851 ad
689 2796 995 2869 justitiam,
1028 2811 1267 2869 eamque
1306 2796 1637 2854 voluntarie

273 2881 536 2948 acceptet,
584 2885 642 2934 ut
682 2881 820 2936 satis
868 2885 1085 2937 const-at
1130 2896 1201 2936 ex
1247 2897 1422 2952 supra
1468 2879 1635 2937 dictis

272 2957 396 3014 dub.
433 2960 478 3014 1.
513 2958 620 3015 Sed
643 2959 969 3017 differentia
1000 2961 1061 3016 in
1089 2961 1193 3016 hac
1223 2967 1385 3033 parte
1411 2962 1635 3018 consis-

273 3036 359 3102 tit,
406 3038 554 3109 quod
597 3039 666 3095 ad
709 3040 1177 3114 justificationem
1232 3046 1395 3097 extra
1438 3057 1634 3097 sacra-

271 3125 531 3176 mentum
588 3122 904 3194 requiritur
957 3122 1253 3195 dispositio
1308 3122 1627 3195 perfectior,

271 3205 468 3273 utputa
487 3203 777 3269 contritio,
812 3205 903 3260 vel
927 3219 1091 3260 amor
1112 3203 1412 3260 charitatis
1439 3225 1452 3258 ε
1478 3204 1632 3260 intra

266 3289 691 3340 sacramentum
717 3289 908 3345 autem
938 3284 1142 3340 sufficit
1169 3285 1364 3341 minor
1385 3284 1632 3356 disposi-

269 3361 367 3427 tio,
403 3379 458 3418 ν.
488 3379 540 3437 g.
575 3371 730 3421 actus
757 3367 896 3438 spei,
930 3365 1178 3430 timoriS,
1209 3370 1265 3421 et
1292 3364 1625 3423 attritionis

272 3442 521 3516 Utraque
550 3451 742 3503 tamen
771 3446 1069 3518 dispositio
1093 3445 1325 3520 physice
1347 3450 1631 3519 praeparat

271 3522 342 3579 ad
386 3526 666 3595 gratiam;
708 3528 840 3600 quia
867 3531 923 3583 et
964 3527 1152 3602 gratia
1181 3527 1392 3584 adultis
1432 3528 1630 3585 confe-

272 3602 451 3659 renda
475 3605 637 3662 illam
660 3623 728 3663 ex
759 3614 960 3664 natura
984 3623 1086 3664 sua
1113 3612 1383 3680 exposcit,
1410 3615 1465 3664 et
1506 3609 1629 3682 ipsa

267 3698 338 3740 ex
363 3687 568 3740 natura
592 3702 694 3741 sua
720 3686 789 3742 ad
816 3687 1063 3761 gratiam
1086 3687 1409 3759 ordinatur,
1441 3694 1496 3745 et
1525 3705 1628 3761 pro

265 3766 388 3839 ejus
409 3767 766 3837 susceptione
791 3767 1107 3843 subjectum
1131 3768 1540 3837 accommodat,
1567 3774 1629 3825 ut

265 3850 297 3916 ξ
323 3848 584 3918 sequenti
615 3849 799 3922 magis
839 3848 1280 3906 declarabimus.
1311 3849 1476 3907 Unde
1513 3851 1628 3907 fal-

265 3941 397 3982 sum
427 3931 527 3993 est,
559 3926 707 3999 quod
736 3927 1136 4002 dispositiones
1166 3930 1343 3985 simul
1371 3946 1502 3987 cum
1530 3947 1628 3987 sa-

264 4013 560 4064 cramento
586 4014 989 4066 concurrentes
1016 4010 1084 4067 ad
1109 4009 1462 4067 infusionem
1489 4027 1625 4085 gra-

264 4087 358 4145 tiae
388 4130 401 4153 ,
454 4102 571 4143 non
615 4086 923 4159 disponant
968 4089 1197 4164 physice
1227 4134 1240 4157 ,
1272 4090 1367 4146 sed
1400 4096 1624 4148 tantum

263 4166 585 4224 moraliter.
646 4171 829 4226 Immo
882 4186 1020 4226 vero
1068 4170 1213 4227 sicut
1264 4180 1625 4228 sacramenta

262 4266 425 4307 novae
453 4250 591 4323 legis
612 4256 846 4308 causant
871 4252 1101 4326 physice
1120 4253 1369 4327 gratiam
1411 4253 1473 4309 in
1519 4270 1624 4311 suo

256 4348 486 4407 genere,
522 4348 729 4406 nempe
747 4333 1004 4391 effective
1046 4335 1573 4392 instrumentaliter
1604 4357 1619 4392 ε

258 4415 339 4470 ita
361 4414 764 4487 dispositiones
791 4457 804 4480 ,
861 4431 985 4488 quae
1013 4423 1371 4475 sacramento
1410 4417 1621 4492 adjun-

256 4502 495 4570 guntur,
518 4502 754 4553 causant
783 4496 958 4554 etiam
1009 4500 1240 4574 physice
1277 4500 1524 4575 gratiam
1555 4500 1619 4556 in

257 4591 362 4633 suo
375 4591 604 4649 genere,
625 4576 891 4634 videlicet
913 4579 1247 4651 coaptando,
1268 4588 1322 4637 et
1338 4579 1620 4637 trahendo

258 4674 329 4716 ex
375 4663 582 4715 natura
628 4675 732 4715 sua
777 4657 1096 4732 subjectum
1124 4660 1197 4717 ad
1226 4662 1619 4735 participatio-

259 4753 394 4795 nem
441 4739 657 4813 gratiae.
692 4740 759 4792 Et
788 4736 1233 4797 fundamentum
1262 4747 1347 4799 est
1375 4757 1617 4815 propor-

257 4820 616 4879 tionabiliter
638 4820 821 4887 idem;
845 4821 981 4893 quia
1007 4822 1289 4879 nimirum
1312 4825 1457 4881 sicut
1478 4827 1619 4881 Con-

256 4904 457 4961 cilium
505 4902 765 4962 Trident.
813 4922 924 4959 sess
953 4948 966 4962 .
1016 4909 1090 4972 7,
1123 4923 1250 4962 can.
1297 4909 1351 4973 6,
1409 4904 1618 4963 diffinit

253 4989 612 5042 sacramenta
640 5000 801 5041 novae
841 4986 986 5060 legis
1018 4987 1315 5044 continere
1339 5030 1352 5055 ,
1384 4991 1439 5043 et
1478 5003 1617 5046 con·

253 5069 407 5125 ferre
450 5066 699 5140 gratiam
742 5088 754 5123 ε
805 5067 885 5123 ita
924 5067 1098 5124 etiam
1140 5086 1266 5126 sess.
1300 5069 1355 5136 6,
1399 5086 1523 5127 can.
1553 5072 1609 5139 4,

3036 428 3145 484 Gli

1786 595 2156 665 determinat,
2183 598 2332 673 quod
2361 598 2589 655 adultus
2619 616 2720 673 per
2755 605 2910 657 actus
2936 600 3155 657 hones-—

1784 683 1869 736 tos
1914 696 1976 737 se
2021 680 2312 754 disponit,
2358 687 2414 739 et
2461 687 2746 756 praeparat
2794 682 2864 739 ad
2899 683 3154 757 gratian)

1778 760 2209 835 justificationis
2236 762 2613 820 obtinendam
2649 786 2661 820 ε
2692 762 2788 820 sed
2815 765 2950 837 quia
2971 762 3154 821 verba

1784 843 2031 901 Concilii
2086 844 2464 919 intelligenda
2510 851 2646 902 sunt
2686 845 2748 901 in
2778 846 3144 919 proprietate,

1735 971 1740 977 .
1780 929 1838 981 et
1864 925 2056 999 rigore
2082 925 2414 993 verborum,
2448 927 2726 1002 colligunt
2759 929 3155 984 communiter

1779 1004 2091 1062 Thomistae
2136 1006 2171 1061 3
2208 1015 2363 1079 part.
2411 1015 2594 1087 quast.
2629 1009 2737 1075 62,
2783 1013 3146 1065 sacramenta

1780 1100 1932 1143 nova
1990 1085 2130 1160 legis
2169 1103 2401 1147 causare
2455 1088 2719 1162 proprie,
2766 1094 2822 1144 et
2896 1088 3159 1162 rigorose

1777 1166 2048 1240 gratiam,
2101 1181 2310 1240 nempe
2368 1169 2619 1244 physice,
2670 1173 2725 1225 et
2760 1184 2878 1225 non
2925 1173 3149 1225 tantum

1779 1246 2080 1304 moraliter
2113 1269 2126 1304 ε
2158 1262 2293 1322 ergo
2318 1263 2389 1305 ex
2415 1248 2617 1306 eodem
2642 1248 2931 1321 principio
2950 1249 3149 1323 colligi

1777 1327 1944 1386 debet
1972 1334 2127 1387 actus
2157 1336 2546 1403 praeparantes
2590 1330 2854 1387 adultum
2879 1330 2948 1387 ad
2972 1331 3149 1405 justi-

1778 1407 2104 1468 ficationem
2134 1412 2291 1468 intra
2316 1417 2742 1469 sacramentum
2780 1412 2935 1468 hunc
2974 1411 3145 1469 effec-

1776 1495 1901 1548 tum
1926 1496 2218 1564 praestare,
2247 1492 2477 1564 proprie
2502 1492 2802 1566 loquendo,
2834 1500 3000 1566 atque
3014 1491 3144 1551 ideo

1777 1587 1897 1629 non
1932 1576 2155 1629 tantum
2186 1574 2506 1641 moraliter,
2538 1573 2636 1631 sed
2662 1575 2838 1632 etiam
2883 1574 3138 1649 physice.

1776 1652 1935 1717 Quod
1958 1654 2241 1710 motivum
2271 1655 2445 1711 latius
2471 1655 2631 1712 infra
2651 1655 3061 1729 expendemus

1859 1735 1978 1790 1-10.
2024 1733 2130 1790 Sed
2168 1734 2399 1809 objicies
2432 1758 2444 1792 ε
2473 1736 2522 1792 si
2553 1751 2678 1809 quae
2718 1736 3016 1810 dispositio
3045 1752 3139 1793 ac·
3155 1737 3347 1793 Raptim.

1776 1814 1949 1871 tualis
1990 1820 2139 1872 esset
2176 1815 2475 1890 dispositio
2504 1818 2739 1893 physica
2767 1818 2837 1875 ad
2864 1819 3133 1893 gratiam,

1773 1896 2029 1952 maxime
2056 1901 2211 1952 actus
2236 1899 2619 1966 contritionis,
2652 1903 2708 1957 et
2732 1900 3064 1967 charitatis;
3093 1900 3137 1956 ii

1772 1977 1985 2050 quippe
2036 1977 2249 2035 habent
2312 1980 2654 2052 praecipuam
2713 1982 3137 2038 connexionem

1772 2075 1903 2116 cum
1943 2061 2161 2135 gratia,
2194 2066 2249 2118 et
2279 2063 2597 2119 terminant
2637 2064 2759 2138 ejus
2800 2064 3139 2121 inclinatio-

1773 2156 1925 2208 nem,
1958 2146 2020 2197 ut
2044 2143 2409 2214 operationes
2449 2144 2559 2216 ipsi
2590 2143 2757 2201 valde
2785 2149 3136 2202 connatura-

1772 2220 1855 2276 les
1887 2241 1899 2276 :
1929 2220 2027 2278 sed
2067 2221 2252 2295 gratia
2296 2222 2449 2279 intra
2476 2230 2901 2280 sacramentum
2930 2224 3135 2281 infun-

1774 2301 1929 2357 ditur
1956 2301 2165 2359 aduttis
2194 2303 2647 2376 independenter
2690 2305 2759 2363 ab
2801 2306 3132 2382 hujusmodi

1771 2382 2007 2452 actibus,
2058 2385 2199 2458 quin
2247 2386 2477 2459 aliquod
2530 2389 2880 2446 miraculum
2924 2390 2987 2446 in
3029 2389 3136 2447 hoc

1769 2465 2157 2533 interveniat,
2202 2472 2263 2523 ut
2309 2468 2572 2540 proxime
2617 2473 3000 2529 concessimus
3026 2514 3039 2538 ,
3077 2477 3135 2528 et

1768 2545 1974 2603 docent
1993 2549 2381 2605 communiter
2402 2549 2675 2626 Theologi
2702 2575 2715 2609 :
2742 2567 2877 2626 ergo
2898 2553 3133 2625 signum

1767 2632 1853 2685 est
1876 2626 1899 2693 ,'
1938 2628 2087 2701 quod
2117 2645 2220 2686 nec
2247 2629 2360 2695 isti,
2397 2646 2499 2687 nec
2527 2634 2629 2688 alii
2654 2638 2808 2690 actus
2840 2639 2982 2690 sunt
3010 2634 3133 2691 dis-

1769 2707 2077 2780 positiones
2125 2709 2376 2783 physicae
2403 2709 2473 2766 ad
2500 2713 2771 2784 gratiam.
2808 2715 2967 2770 Patet
2993 2730 3134 2772 con-

1765 2790 2098 2863 sequentia,
2147 2792 2281 2864 quia
2327 2791 2518 2850 forma
2546 2795 2745 2866 nequit
2771 2796 2916 2853 citra
2945 2797 3134 2854 mira·

1765 2874 1958 2930 culum
2010 2874 2242 2948 produci
2290 2875 2500 2950 absque
2544 2879 2672 2946 his,
2721 2896 2846 2953 quae
2885 2880 2955 2937 ad
3000 2898 3130 2940 eam

1766 2962 2205 3028 comparantur,
2260 2961 2534 3032 tanquam
2589 2959 2836 3035 physicae
2881 2961 3129 3035 dispesia-

1767 3037 1970 3094 tiones,

1840 3111 2237 3189 Respondetur
2282 3115 2639 3173 concedendo
2694 3118 3012 3191 majorem,
3071 3123 3124 3175 et
3142 3113 3351 3166 Diluitur„

1764 3194 2028 3267 negando
2080 3195 2370 3252 minorem
2416 3197 2770 3255 intellectam
2812 3197 3126 3255 secundum

1763 3274 1839 3343 id,
1870 3275 2018 3349 quod
2049 3292 2148 3348 per
2193 3293 2256 3334 se
2306 3279 2590 3351 loquendo
2642 3280 2707 3336 in
2754 3280 3128 3353 productione

1761 3357 1961 3432 gratiae
1988 3358 2146 3414 intra
2185 3366 2612 3416 sacramentum
2654 3364 2951 3437 contingit.
2979 3367 3127 3421 Nam

1763 3440 1895 3496 licet
1924 3456 2024 3513 per
2051 3439 2311 3497 accidens
2336 3442 2516 3499 soleat
2547 3444 2732 3515 gratia
2761 3445 2915 3502 intra
2943 3462 3130 3503 sacra-

1761 3527 2025 3578 mentum
2072 3521 2338 3594 produci,
2384 3524 2649 3595 quamvis
2680 3523 2749 3580 ad
2776 3526 2899 3598 ejus
2929 3542 3126 3601 recep-

1761 3603 1979 3660 tionem
2032 3618 2149 3659 non
2189 3609 2532 3660 concurrant
2558 3608 2711 3661 actus
2738 3607 3124 3677 contritioniS,

1759 3691 1814 3742 et
1835 3685 2133 3742 charitatis
2158 3706 2173 3740 ε
2197 3684 2585 3743 nihilominus
2613 3702 2715 3759 per
2735 3704 2794 3744 se
2818 3690 3121 3762 loquend0.

1758 3772 1815 3824 et
1842 3765 2188 3825 attendendo
2217 3764 2286 3822 ad
2314 3767 2610 3839 propriam
2637 3770 2839 3844 gratiae
2873 3771 3126 3830 inclina-

1759 3847 2000 3914 tionem,
2058 3846 2523 3921 quotiescumque
2577 3848 2944 3921 producitur,
3005 3859 3122 3909 tam

1758 3928 1934 3994 intra,
1956 3943 2127 4001 quam
2150 3932 2312 3984 extra
2331 3935 2778 3997 sacramentum,
2807 3933 2972 3989 toties
2998 3949 3125 4006 pro·

1760 4008 1981 4081 rumpit
2008 4007 2071 4062 in
2099 4011 2287 4064 actum
2315 4007 2681 4066 contritionis
2700 4054 2713 4077 ,
2748 4014 2838 4069 vel
2867 4013 3123 4071 charita-

1758 4091 1851 4158 tis,
1883 4090 1981 4162 qui
2013 4089 2082 4145 ad
2111 4091 2351 4147 omnino
2382 4094 2820 4151 connaturalem
2860 4097 2984 4170 ejus
3028 4114 3122 4155 re-

1756 4174 2078 4246 ceptionem
2123 4171 2398 4245 disponit.
2452 4176 2586 4239 Quae
2629 4180 2712 4232 est
2752 4174 3013 4236 doctrina
3049 4181 3113 4238 D.

1754 4253 1960 4310 Thom.
2011 4254 2046 4308 3
2084 4260 2240 4326 part.
2290 4263 2470 4331 quaest.
2516 4257 2608 4323 87,
2639 4259 2811 4323 art.2,
2861 4257 2958 4315 ubi
2988 4261 3070 4317 ait
3103 4282 3115 4318 ε
3153 4256 3335 4301 ⁰·'1'5‘0—

1703 4392 1711 4396 ,
1760 4356 1786 4389 α
1830 4337 1896 4390 In
1943 4334 2286 4391 habentibus
2333 4352 2501 4393 usum
2551 4337 2719 4393 liberi
2769 4338 3022 4410 arbitrii,
3054 4344 3119 4400 in

1759 4439 1785 4472 α
1826 4416 2035 4490 quibus
2059 4418 2198 4474 solis
2241 4424 2475 4490 possunt
2519 4435 2639 4476 esse
2684 4421 2939 4480 venialia
2986 4440 3118 4498 pec-

1757 4518 1782 4551 «
1827 4505 1968 4564 cata,
2002 4513 2120 4555 non
2147 4500 2429 4574 contingit
2454 4515 2575 4557 esse
2596 4501 3116 4580 infusionemfgra-

1758 4600 1783 4633 α
1827 4581 1921 4636 tiae
1947 4579 2074 4636 sine
2101 4580 2307 4636 actuali
2350 4586 2507 4637 motu
2554 4580 2723 4638 liberi
2772 4583 3004 4642 arbitrii
3053 4589 3122 4644 in.

1757 4683 1782 4716 α
1825 4663 2027 4728 Deum,
2058 4667 2113 4718 et
2156 4662 2221 4717 in
2273 4668 2582 4736 peccatum.
2641 4684 2666 4715 ιι
2714 4666 2782 4720 Et
2830 4669 3122 4728 rationem

1751 4744 1935 4820 tangit
1956 4745 2020 4801 in
2043 4746 2310 4817 praesenti
2336 4753 2446 4803 art.
2498 4749 2554 4814 7,
2586 4748 2647 4802 in
2667 4765 2805 4821 resp.
2836 4750 2912 4804 ad
2930 4753 2985 4817 4,
3015 4752 3121 4810 ubi

1750 4827 1929 4894 docet,
1960 4827 2199 4885 ultimas
2226 4828 2627 4901 dispositiones
2654 4827 2724 4885 ad
2763 4831 3012 4905 gratiam
3043 4835 3124 4892 ab

1747 4910 1854 4966 illa
1878 4908 2202 4983 procedere,
2228 4915 2283 4967 et
2303 4912 2436 4968 elici
2459 4912 2524 4968 in
2542 4910 2965 4985 justificationis
2989 4917 3121 4974 ins-

1748 4992 1893 5047 tanti
1921 5012 1934 5047 :
1965 5014 1990 5044 α
2022 4991 2165 5055 Quia
2194 4991 2257 5046 in
2284 4991 2504 5059 eodem,
2534 4995 2731 5071 inquit,
2766 4994 3024 5065 instanti,
3048 5000 3118 5058 in

1754 5094 1779 5124 α
1819 5087 1932 5145 quo
1953 5070 2142 5128 forma
2169 5071 2505 5145 acquiritur,
2532 5072 2739 5147 incipit
2767 5089 2857 5131 res
2876 5080 3111 5150 operari
