3647 5753
1393 399 1570 455 mse.
1625 398 1766 467 v111,
1810 398 1979 456 DUB.
2024 401 2065 455 1.

3022 402 3132 457 1271

53 579 231 635 urgetur
264 578 367 636 per
389 565 893 640 participationem
914 570 1400 627 similitudinisin
1423 575 1638 627 natura
1770 570 1942 627 talem
1984 577 2274 638 naturam,
2325 577 2525 644 utputa
2572 572 2830 637 infantis,
2876 578 2974 628 aut
3024 573 3131 629 foe-

81 636 237 720 ffliff‘
265 643 489 720 divina,
535 646 661 704 sive
697 649 776 718 (et
819 651 881 706 in
929 649 1082 707 idem
1126 650 1295 722 redit)
1341 655 1425 706 est
1475 665 1637 723 posse
1770 651 1971 718 minae3
2017 652 2115 708 sed
2160 657 2373 725 spectat
2421 651 2490 709 ad
2529 653 2717 709 solum
2764 652 2980 718 virum,
3026 649 3123 726 qui

95 3640 228 3684 Dlrho

265 724 448 781 alium
475 741 757 800 generare
784 730 845 786 in
872 729 1062 786 filium
1093 731 1193 788 Dei
1238 746 1338 803 per
1366 745 1635 786 commu-

264 808 621 864 nicationem
669 816 886 869 naturas
929 813 1161 880 divinae,
1192 829 1319 885 quaa
1359 812 1423 868 in
1449 813 1638 886 gratia

263 888 648 961 participatur
676 891 809 948 :sed
838 908 954 949 una
977 893 1164 967 gratia
1181 892 1390 966 nequit
1415 893 1637 950 efficere

261 969 669 1042 principaliter
711 971 813 1028 hos
838 972 1067 1030 effectus
1099 995 1112 1029 :
1143 989 1278 1049 ergo
1307 990 1420 1030 una
1447 973 1638 1047 gratia

259 1067 388 1108 non
415 1058 597 1124 potest
624 1054 865 1112 alteram
892 1055 1139 1129 gratiam
1170 1056 1232 1111 in
1260 1056 1377 1112 alio
1414 1054 1637 1128 princi-

259 1132 475 1206 paliter
524 1133 852 1207 producere.
905 1136 1323 1208 Consequentia
1367 1143 1451 1192 est
1492 1134 1638 1208 legi-

257 1212 445 1280 tima;
479 1228 614 1270 nam
641 1214 741 1287 qui
787 1230 907 1271 non
935 1215 1086 1272 valet
1113 1231 1236 1273 esse
1272 1230 1439 1272 causa
1463 1213 1636 1273 effec-

257 1299 433 1351 tuum
458 1293 794 1352 formalium
822 1296 1064 1370 alicujus
1086 1297 1305 1362 ἴοι-ωε,
1338 1310 1456 1352 non
1484 1296 1639 1352 valet

260 1378 456 1450 ipsam
484 1376 733 1434 formam
763 1378 1163 1451 principaliter
1183 1378 1422 1434 efficere.
1451 1376 1640 1450 Major

259 1461 460 1514 autem
487 1462 571 1512 est
588 1462 760 1523 certa,
799 1458 933 1531 quia
953 1457 1184 1515 effectus
1211 1457 1477 1513 formalis
1500 1472 1637 1531 gra—

256 1540 359 1597 tiae
391 1536 802 1595 sanctificantis
829 1544 913 1595 est
941 1538 1287 1596 constituere
1328 1540 1506 1594 Deum
1538 1552 1641 1610 per

259 1618 791 1693 participationem,
818 1620 910 1676 vel
942 1620 1039 1675 Dei
1062 1617 1253 1674 filium
1283 1633 1383 1690 per
1409 1634 1639 1674 consor-

260 1701 411 1756 tium
436 1698 501 1753 in
526 1702 733 1755 natura
754 1698 975 1765 divina,
1005 1715 1128 1771 quae
1150 1698 1214 1753 in
1240 1697 1426 1770 gratia
1454 1697 1639 1768 parti-

263 1781 510 1854 cipatur,
557 1784 619 1833 ut
645 1785 861 1836 constat
895 1795 966 1836 ex
987 1778 1153 1835 dictis
1178 1779 1319 1851 disp.
1360 1779 1415 1845 4,
1445 1777 1571 1834 dub.
1602 1781 1639 1834 2

263 1867 310 1916 et
354 1861 434 1926 33
485 1874 621 1935 ergo
669 1875 831 1931 posse
885 1859 1193 1933 producere
1239 1858 1639 1932 principaliter

265 1944 554 2017 gratiam,
610 1949 695 1999 est
752 1959 914 2014 posse
963 1941 1182 1998 efficere
1235 1941 1640 2014 principaliter

265 2024 452 2079 Deum
506 2037 606 2092 per
660 2021 1188 2093 participationem,
1249 2026 1307 2076 et
1362 2035 1640 2093 generare

268 2104 450 2160 alium
481 2102 670 2158 filium
720 2102 840 2158 Dei.
871 2102 1063 2158 Minor
1097 2100 1350 2173 denique
1375 2101 1632 2158 ostendi-

267 2188 378 2250 tur,
409 2183 550 2256 quia
576 2182 647 2238 ad
672 2179 1213 2239 communicandam
1258 2187 1548 2250 naturam,
1583 2187 1640 2239 et

267 2264 667 2338 generandum
717 2278 834 2320 non
882 2263 1087 2326 suflicit
1133 2263 1426 2335 aequalitas
1455 2263 1640 2336 speci—

273 2343 394 2411 fica,
438 2344 536 2401 sed
569 2345 805 2416 insuper
840 2344 1171 2416 requiritur,
1205 2342 1355 2416 quod
1396 2343 1641 2400 essentia

273 2427 601 2500 generantis
629 2425 836 2482 habeat
865 2426 928 2482 in
956 2441 1023 2482 eo
1049 2430 1261 2481 statum
1301 2422 1635 2497 perfectum,

277 2512 334 2564 et
352 2508 715 2579 completum,
736 2508 902 2579 juxta
921 2523 1231 2564 commune
1259 2506 1642 2579 Philosopho-

281 2602 413 2642 rum
437 2587 682 2653 axioma,
699 2586 846 2659 quod
864 2605 1122 2657 generare
1139 2594 1215 2641 est
1236 2604 1370 2659 opus
1384 2587 1638 2659 perfecti.

281 2669 351 2722 Et
371 2667 507 2724 hinc
527 2669 807 2740 provenit,
832 2668 982 2741 quod
1013 2669 1143 2726 licet
1168 2684 1316 2725 unus
1344 2668 1539 2724 infans
1565 2668 1642 2724 sit

278 2747 533 2823 ejusdem
572 2749 880 2822 speciei,'et
915 2749 1279 2822 perfectionis
1299 2764 1431 2804 cum
1461 2750 1643 2805 altero

276 2830 500 2891 infante
512 2854 528 2898 3
579 2830 965 2889 nihilominus
1021 2829 1234 2895 infans,
1280 2829 1418 2887 dum
1448 2830 1643 2887 infans

278 2917 640 2984 perseverat,
705 2912 901 2984 nequit
963 2927 1128 2967 suam
1196 2916 1465 2967 naturam
1522 2910 1643 2966 dif-

281 2989 520 3048 fundere
546 3034 559 3056 ‚
604 2996 661 3048 et
721 2990 903 3048 alium
955 2989 1239 3065 infantem
1298 3004 1578 3064 generare
1622 3013 1637 3057 3

275 3069 408 3143 quia
458 3071 729 3129 videlicet
786 3069 954 3127 habet
1011 3069 1325 3127 essentiam
1378 3069 1642 3126 hominis

277 3150 339 3206 in
375 3156 526 3208 statu
558 3151 911 3223 imperfecto.
943 3149 1226 3207 Similiter
1252 3151 1518 3223 quamvis
1548 3148 1645 3206 foe-

275 3231 435 3289 mina
472 3231 552 3289 sit
578 3231 833 3304 ejusdem
881 3232 1140 3288 essentiae
1166 3248 1298 3288 cum
1341 3230 1488 3296 viro,
1536 3246 1643 3289 ne·-

274 3313 395 3386 quit
429 3318 634 3371 tamen
660 3328 784 3370 esse
811 3312 1161 3385 principium
1189 3312 1439 3368 activum
1465 3326 1643 3387 gene·

279 3393 545 3458 rationis,
571 3393 664 3450 vel
690 3396 956 3448 naturam
980 3392 1161 3449 active
1189 3390 1514 3448 diffundere
1528 3416 1543 3459 ς
1560 3396 1644 3447 est

275 3473 432 3530 enim
462 3470 840 3541 individuum
888 3471 1288 3543 imperfectum
1316 3471 1474 3528 intra
1513 3486 1645 3544 spe·

273 3556 440 3625 ciem,
484 3556 670 3629 juxta,
704 3553 1026 3613 doctrinam
1074 3554 1137 3609 D.
1181 3552 1386 3610 Thom.
1432 3554 1638 3626 3part.

276 3646 458 3716 quaest.
505 3638 581 3691 32
601 3679 616 3704 ,
668 3642 788 3691 art.
837 3635 891 3690 4.
941 3633 1023 3690 Ob
1067 3633 1310 3691 eandem
1361 3636 1645 3692 rationem

276 3719 485 3777 dantur
504 3717 773 3792 quaedam
797 3716 1076 3773 animalia
1100 3715 1265 3773 valde
1288 3716 1638 3789 imperfecta,

275 3819 398 3875 quae
422 3804 720 3875 nequeunt
741 3797 851 3854 sibi
873 3798 1066 3854 simile
1093 3814 1390 3872 generare.
1416 3801 1644 3857 Constat

279 3888 488 3949 autem,
540 3879 698 3956 quod
745 3885 952 3936 natura
993 3878 1197 3935 divina
1238 3879 1427 3937 solum
1475 3879 1646 3937 habet

228 3976 231 3979 ’
273 3980 393 4021 esse
421 3964 672 4038 perfecte
710 3961 775 4017 in
807 3963 936 4028 De0,
964 3976 1126 4017 secus
1154 3976 1291 4017 vero
1331 3961 1394 4017 in
1418 3962 1603 4035 gratia
1627 3987 1642 4030 ς

275 4044 389 4101 haec
408 4044 626 4117 quippe
644 4041 833 4098 solum
857 4040 1160 4112 participat
1190 4040 1516 4113 praedictam
1548 4059 1646 4100 na·

277 4129 464 4183 turam
492 4127 557 4182 in
597 4121 847 4197 quodam
873 4136 996 4178 esse
1034 4120 1346 4190 diminuto,
1377 4122 1646 4182 videlicet

278 4206 728 4270 accidentaliter,
772 4208 826 4260 et
876 4201 1060 4260 finite.
1108 4205 1256 4279 Ergo
1300 4221 1418 4262 una
1458 4205 1645 4278 gratia

278 4289 473 4363 nequit
495 4302 626 4344 esse
647 4283 1002 4357 principium
1031 4284 1350 4358 principale
1377 4285 1448 4342 ad
1476 4302 1631 4344 cons-

276 4368 604 4427 tituendum
623 4366 808 4424 alium
827 4368 1003 4423 Deum
1020 4382 1120 4439 per
1144 4366 1642 4440 participationem

277 4447 686 4506 similitudinis
727 4446 793 4501 in
834 4450 1042 4502 natura
1066 4446 1288 4513 divina,
1319 4446 1444 4503 sive
1476 4448 1552 4517 (et
1578 4447 1643 4505 in

1769 732 1933 789 illam
1957 740 2222 791 naturam
2246 735 2492 807 perfecte
2520 733 2706 790 habet.

1846 816 1901 870 6.
1950 815 2035 870 Ex
2084 832 2195 888 qua
2240 814 2502 872 doctrina
2554 819 2703 887 patet
2748 813 2818 870 ad
2868 816 3353 924 exempmffifflgflss

3144 939 3332 981 nonpro-

1733 989 1746 996 ²
1768 975 1918 1042 duci;
1939 978 2153 1033 namin
2175 977 2579 1035 omnibusillis
2598 975 3128 1049 reperiemu5,quod
3186 978 3298 1021 bani.

1769 912 1920 950 num.
1946 895 1981 949 3
1997 896 2369 968 proposita,et
2394 894 2463 952 ad
2493 896 2758 966 alia,quae
2786 900 3012 967 possent
3035 894 3129 951 ad-

1770 1071 1942 1130 agens
1955 1059 2395 1114 communicans
2424 1056 2818 1130 principaliter
2833 1073 2996 1112 suam
3022 1073 3129 1113 na-

1769 1143 2106 1204 turam,non
2126 1141 2314 1196 solum
2335 1139 2506 1196 habet
2534 1141 2706 1195 talem
2732 1145 2866 1196 natu
2877 1139 3132 1201 ram,sed

1769 1219 1920 1291 quod
1942 1221 2106 1275 illam
2134 1219 2304 1278 habet
2331 1220 2393 1276 in
2417 1226 2563 1276 statu
2596 1219 2860 1292 perfecto.
2895 1220 3004 1284 Qui
3028 1236 3134 1275 au-

1771 1302 1887 1355 tem
1913 1298 2105 1360 existit
2150 1298 2211 1354 in
2257 1299 2461 1374 gratia,
2504 1314 2624 1355 non
2666 1297 2836 1355 habet
2863 1305 3133 1355 naturam

1771 1377 2033 1436 divinam
2057 1380 2317 1453 perfecte,
2336 1379 2432 1437 sed
2457 1380 2519 1435 in
2541 1379 2788 1452 quodam
2819 1396 2940 1436 esse
2972 1380 3134 1436 limi-

1771 1464 1905 1526 tato,
1938 1466 1994 1517 et
2014 1460 2306 1518 diminuto
2337 1486 2350 1520 :
2376 1462 2637 1535 quocirca
2669 1463 2863 1533 nequit
2883 1477 3010 1518 eam
3036 1478 3135 1535 per

1769 1541 2008 1599 modum
2077 1541 2349 1615 principii
2402 1541 2740 1615 principalis
2789 1541 3129 1599 diffundere.

1772 1625 1934 1679 Patet
1954 1622 2150 1687 etiam,
2182 1621 2428 1694 qualiter
2458 1622 2585 1679 licet
2631 1620 2756 1678 duae
2797 1623 2996 1696 gratia}
3023 1623 3136 1678 ha·-

1772 1702 1946 1759 beant
1965 1702 2367 1775 aequalitatem,
2388 1707 2444 1758 et
2465 1699 2916 1775 adaequationem
2937 1702 2996 1757 in
3014 1719 3136 1759 esse

1771 1784 1943 1850 entis,
1966 1787 2021 1838 et
2048 1781 2232 1854 quoad
2258 1783 2506 1854 speciem
2533 1806 2547 1849 ;
2580 1798 2696 1839 non
2724 1789 2920 1839 tamen
2950 1783 3011 1839 in
3037 1800 3134 1839 ra—

1773 1864 1928 1920 tione
1953 1877 2147 1929 causae,
2178 1867 2233 1919 et
2252 1861 2500 1930 effectuS,
2528 1862 2665 1934 quia
2690 1861 2872 1936 gratia
2897 1864 3136 1935 partici-

1773 1942 2213 2018 patimperfecte
2236 1949 2504 2000 naturam
2541 1945 2655 2010 Dei,
2684 1950 2848 2015 atque
2870 1944 2997 2002 ideo
3019 1962 3135 2002 non

1774 2026 1925 2081 valet
1943 2040 2065 2081 esse
2096 2024 2443 2097 principium
2471 2024 2791 2096 principale
2818 2025 2885 2080 ad
2916 2024 3138 2081 diffun-

1773 2104 2026 2163 dendum
2049 2121 2193 2170 cam,
2222 2110 2278 2162 et
2304 2104 2764 2162 constituendum
2807 2106 2949 2161 alios
2984 2104 3135 2163 filios

1772 2187 1896 2243 Dei.
1950 2187 2106 2241 Patet
2151 2183 2414 2256 denique,
2471 2185 2724 2257 qualiter
2774 2184 2903 2240 licet
2946 2185 3135 2258 gratia

1774 2266 2072 2340 participet
2097 2272 2363 2323 naturam
2384 2265 2646 2322 divinam
2671 2265 2733 2321 in
2774 2281 2895 2322 esse
2926 2265 3134 2321 radicis

1775 2347 2026 2404 aliarum
2048 2346 2469 2418 operationum,
2499 2351 2710 2417 utputa
2745 2344 3129 2419 intelligendi,

1775 2423 2030 2492 amandi,
2081 2430 2182 2481 etc.
2237 2441 2352 2481 non
2399 2431 2593 2481 tamen
2648 2426 2711 2480 in
2756 2440 2877 2480 esse
2926 2424 3134 2483 radicis

1772 2503 2088 2580 generandi
2132 2503 2280 2561 filios
2308 2497 2619 2577 adoptivoS,
2665 2504 2787 2561 sive
2827 2505 3124 2561 transfun-

1774 2585 1948 2643 dendi
1978 2591 2264 2664 naturam.
2292 2587 2438 2640 Nam
2460 2583 2681 2656 priores
2705 2584 2820 2640 illae
2847 2586 3136 2657 operatio-

1777 2684 1878 2725 nes
1908 2667 2261 2724 conveniunt
2291 2672 2510 2723 naturae
2538 2683 2653 2723 non
2694 2664 3138 2723 determinando

1773 2754 1985 2805 statum
2018 2747 2408 2819 perfectioniS,
2430 2747 2692 2820 quocirca
2717 2751 2934 2818 queunt
2959 2747 3135 2803 etiam

1778 2827 2024 2885 radicari
2060 2827 2124 2884 in
2153 2833 2358 2884 natura
2380 2826 2623 2884 habente
2661 2832 2871 2884 statum
2908 2826 3133 2901 imper-

1776 2908 2006 2966 fectum.
2034 2910 2320 2965 Generare
2347 2914 2536 2964 autem
2559 2924 2654 2963 seu
2685 2906 3007 2965 diffundere
3032 2924 3135 2964 na·

1777 2996 1968 3047 turam
1999 2990 2067 3047 ad
2090 2991 2252 3056 alioS,
2276 2994 2361 3045 cst
2388 3005 2526 3061 opus
2556 2988 2785 3061 perfecti
2834 2990 2898 3045 in
2924 2990 3131 3063 seipso,

1774 3070 2151 3143 quamobrem
2194 3069 2390 3142 nequit
2429 3069 2740 3126 convenire
2785 3069 3020 3126 habenti
3044 3074 3135 3125 ut·
3241 3138 3249 3149 ·

1777 3166 2017 3223 cumque
2044 3155 2334 3216 naturam,
2378 3147 2473 3205 sed
2521 3149 2835 3205 necessario
2861 3149 3133 3222 exposcit.

1774 3231 1925 3304 quod
1956 3237 2163 3287 natura
2190 3228 2394 3286 habeat
2419 3245 2539 3285 esse
2567 3229 2630 3284 in
2669 3235 2817 3286 statu
2867 3230 3136 3302 perfecto.

1779 3313 1943 3370 Unde
1976 3314 2111 3387 quia
2150 3312 2336 3387 gratia
2364 3310 2664 3384 participat
2715 3318 2984 3369 naturam
3012 3314 3133 3379 Dei,

1778 3397 1959 3466 potest
2020 3409 2141 3449 esse
2188 3391 2353 3447 radix
2422 3391 2677 3463 plurium
2738 3393 3137 3464 operationum

1777 3472 2131 3540 divinarum,
2186 3477 2246 3527 ut
2273 3477 2410 3527 sunt
2450 3471 2794 3544 intelligere,
2841 3478 2895 3529 et
2940 3489 3140 3529 amare

1780 3554 1960 3610 Deum
1982 3553 2045 3608 in
2076 3552 2260 3624 seipso
2288 3572 2300 3606 ε
2331 3550 2426 3607 sed
2454 3551 2587 3622 quia
2618 3551 2945 3623 praedictam
2971 3559 3142 3608 natu·

1780 3651 1904 3692 ram
1933 3649 2051 3690 non
2076 3633 2226 3705 capit
2265 3632 2523 3704 perfecte,
2554 3631 2652 3688 sed
2681 3633 2864 3694 solum
2896 3634 3132 3705 partici-

1779 3720 1874 3788 pat
1913 3712 2094 3778 finite,
2120 3718 2177 3768 et
2216 3712 2277 3768 in
2305 3727 2426 3768 esse
2453 3710 2761 3779 diminuto,
2795 3714 2992 3786 nequit
3017 3731 3139 3773 esse

1780 3794 2129 3868 principium
2147 3792 2394 3849 activum
2415 3793 2750 3865 principale,
2775 3798 2833 3849 ut
2850 3811 2909 3851 se
2929 3793 3139 3852 diffun-

1777 3876 1893 3940 dat,
1924 3880 1979 3932 et
2026 3879 2322 3948 regeneret
2362 3875 2507 3930 alios
2542 3874 2603 3929 in
2632 3873 2782 3932 filios
2812 3875 2928 3932 Dei.
2981 3877 3137 3934 Sicut

1777 3956 1914 4030 quia
1941 3954 2183 4011 foemina
2198 3952 2366 4011 habet
2388 3959 2654 4010 naturam
2673 3954 3008 4023 humanam,
3036 3959 3135 4015 sed

1779 4037 2144 4111 imperfecte,
2203 4042 2382 4109 potest
2431 4036 2649 4094 efficere
2696 4037 2839 4093 alias
2879 4038 3134 4096 hominis

1778 4118 2160 4192 operationeS,
2213 4133 2329 4176 non
2380 4123 2574 4174 tamen
2612 4133 2889 4190 generare
2923 4143 2938 4185 ;
2994 4136 3130 4177 nam

1775 4214 2055 4275 generare
2083 4198 2264 4255 active
2291 4197 2687 4271 principaliter
2717 4198 3012 4256 homiuem
3042 4208 3128 4257 est

1777 4297 1919 4353 opus
1935 4286 2156 4337 naturae
2197 4280 2479 4343 humanm,
2512 4294 2629 4335 non
2680 4285 2999 4352 utcumque,
3034 4281 3133 4338 sed

1775 4360 2073 4417 existentis
2093 4359 2472 4416 determinate
2487 4359 2792 4424 infflatuaet
2814 4360 2876 4416 in
2897 4359 3129 4433 diviquo

1778 4439 2044 4514 perfecto,

1851 4520 2291 4594 Desumiturque
2317 4520 2437 4577 haec
2461 4519 2723 4577 doctrina
2749 4538 2819 4578 ex
2844 4522 3126 4581 D.Thom.
3167 4544 3322 4585 confir.

1776 4608 1962 4679 quast.
1990 4602 2082 4657 cit.
2113 4601 2176 4656 dc
2228 4598 2393 4659 Verte.
2439 4598 2537 4656 ubi
2580 4603 2848 4674 proponit
2897 4603 3128 4662 tertium
3152 4600 3346 4685 dffssffifm

1777 4686 2182 4755 argumentum
2205 4680 2268 4736 in
2295 4680 2446 4736 hunc
2487 4681 2722 4737 modum
2756 4703 2768 4737 :
2799 4683 3024 4740 Bonum
3049 4693 3135 4743 est
3150 4692 3328 4786 essffidssiss

279 4530 431 4588 idem
479 4527 671 4599 redit)
717 4526 789 4583 ad
842 4525 1299 4601 regenerandum
1347 4526 1531 4584 alium
1578 4528 1643 4585 in

279 4610 464 4666 filium
508 4607 611 4665 Dei
659 4622 760 4680 per
798 4607 1379 4669 communicationem
1423 4613 1644 4666 naturae

281 4691 513 4757 divinae,
537 4704 667 4763 quae
687 4687 751 4744 in
775 4687 960 4761 gratia
981 4689 1378 4762 participatur.
1417 4689 1524 4746 Sed
1552 4689 1645 4747 hic

282 4769 568 4830 influendi
595 4764 802 4825 modiis
819 4772 905 4824 est
931 4768 1198 4842 proprius
1218 4768 1396 4825 solius
1422 4769 1521 4827 Dei
1540 4792 1554 4836 ;
1578 4768 1642 4826 in

282 4869 394 4929 quo
413 4846 688 4927 praedicta
702 4853 910 4906 natura
930 4848 1101 4906 habet
1117 4865 1240 4908 esse
1263 4848 1525 4922 perfecte.
1550 4847 1644 4905 Si-

283 4940 376 4993 cut
394 4932 724 4992 diffundere
743 4932 926 4989 active
945 4931 1343 5004 principaliter
1370 4936 1642 4989 naturam

286 5016 608 5072 humanam
649 5028 767 5070 non
810 5015 894 5067 est
933 5011 1337 5086 cujuscumque
1381 5009 1645 5069 habentis

1776 4759 2110 4817 diffusivum
2151 4760 2242 4815 sui
2295 4781 2309 4814 ε
2350 4758 2449 4816 sed
2478 4759 2666 4817 forma
2710 4764 3025 4835 corporalis
3050 4772 3136 4823 est

1778 4839 2127 4914 principium
2149 4856 2265 4896 suae
2283 4842 2821 4898 communicationis
2836 4844 2898 4899 in
2926 4845 3136 4902 simili-

1777 4921 2036 4979 tudinem
2064 4921 2269 4993 speciei
2304 4942 2317 4977 ε
2360 4937 2496 4997 ergo
2522 4922 2724 4995 gratia,
2779 4940 2903 4996 quae
2946 4925 3136 4985 forma

1778 5003 2079 5079 perfectior
2105 5008 2207 5072 est,
2240 5009 2561 5076 potestesse
2589 5005 2940 5078 principium
2960 5007 3138 5065 simi-
