3647 5753
577 472 689 527 780
1398 465 1492 519 DE
1533 465 2092 521 REVIVISCENTIA
2129 466 2592 521 MERITORUM.

577 647 877 709 valorem,
936 658 1105 715 quem
1155 642 1219 697 in
1264 656 1366 697 sua
1410 640 1700 697 elicientia
1738 640 1943 697 sortita

550 799 553 802 Α
578 727 818 784 fuerunt
836 740 909 780 ex
937 725 1059 797 ipsa
1078 723 1264 798 gratia
1282 742 1295 787 ;
1318 718 1570 796 adeoque
1596 737 1666 779 ex
1686 736 1753 778 eo
1778 720 1943 777 dum·

576 815 735 866 taxat
779 807 1052 864 dicuntur
1099 804 1438 863 mortificari
1485 819 1586 877 per
1628 808 1935 877 peccatum,

576 891 715 964 quia
736 888 885 944 istud
904 886 1495 961 impeditsubjectum,
1513 901 1586 943 ne
1607 885 1747 941 talia
1768 899 1942 956 opera

579 972 671 1029 illi
716 969 1018 1044 proficiant
1062 967 1316 1042 quandiu
1367 971 1666 1040 permanet
1711 966 1774 1021 in
1815 965 1940 1037 ipso

579 1059 818 1126 peccate.
846 1054 988 1107 Cum
1015 1064 1150 1122 ergo
1178 1047 1508 1122 hujusmodi
1550 1045 1940 1118 impedimen-

579 1139 703 1191 tum
769 1146 872 1206 per
931 1130 1330 1205 poenitentiam
1375 1135 1432 1185 et
1472 1127 1939 1203 justificationem

578 1213 893 1278 auferatur,
933 1216 1272 1283 maneatque
1296 1208 1609 1284 subjeetum
1636 1222 1813 1280 capax
1842 1221 1933 1262 re-

578 1296 829 1370 cipiendi
875 1295 1128 1351 fructum
1174 1294 1380 1349 talium
1428 1306 1702 1363 operum;
1737 1304 1939 1346 conse-

576 1393 758 1451 quens
785 1381 886 1443 est,
913 1381 976 1432 ut
1003 1389 1104 1449 per
1145 1375 1329 1447 ipsam
1365 1369 1851 1444 justificationem,
1882 1375 1939 1427 et

576 1459 979 1533 poenitentiam
1010 1455 1276 1530 praedicta
1295 1470 1468 1527 opera
1489 1453 1761 1509 amissam
1789 1451 1932 1518 vim,

575 1546 633 1597 et
656 1539 962 1596 efficaciam
1013 1543 1367 1609 recuperent,
1418 1539 1584 1605 atque
1612 1531 1752 1589 adeo
1780 1531 1937 1589 revi-

378 1700 537 1798 035320·
577 1627 945 1775 Vlsgfnsseque
973 1699 1132 1758 obest
1150 1698 1198 1754 si
1228 1697 1399 1763 dicae,
1436 1694 1585 1769 quod
1614 1694 1732 1753 ,illa
1760 1708 1936 1766 opera

479 1785 490 1796 '
573 1785 753 1842 semel
774 1785 921 1841 facta
946 1782 1141 1839 statim
1165 1780 1539 1846 transierunt,
1576 1793 1677 1833 nec
1700 1779 1938 1849 possunt

571 1866 786 1922 iterum
813 1868 1013 1922 eadem
1055 1862 1277 1928 redire;
1305 1858 1455 1933 quod
1501 1865 1695 1914 tamen
1736 1871 1935 1913 neces-

570 1947 792 2003 sarium
820 1944 1139 2009 videbatur,
1168 1947 1231 1998 ut
1256 1941 1560 1998 vimillam
1589 1935 1934 2012 perducendi

572 2027 870 2085 hominem
895 2027 964 2083 ad
987 2024 1167 2081 vitam
1189 2026 1465 2079 aeternam
1489 2022 1930 2091 recuperarent:

570 2125 707 2183 ergo
735 2125 852 2167 non
878 2113 981 2172 est,
1012 2122 1123 2180 quo
1146 2110 1305 2178 pacto
1332 2102 1699 2160 reviviscant.

642 2186 1042 2265 Respondetur
1068 2188 1228 2245 enim
1255 2201 1325 2243 ex
1360 2184 1532 2242 modo
1572 2182 1756 2251 dictis,
1781 2180 1933 2255 quod

566 2272 676 2329 etsi
720 2269 986 2344 praedicta
1026 2283 1198 2340 opera
1239 2264 1470 2340 physice
1497 2264 1560 2320 in
1586 2278 1646 2320 se
1682 2262 1933 2319 transie-

570 2354 712 2418 rint,
745 2350 1046 2407 moraliter
1086 2353 1279 2404 tamen
1320 2360 1547 2417 semper
1588 2348 1830 2401 manent
1869 2344 1933 2399 in

569 2435 773 2492 divina
794 2432 1196 2505 acceptatione,
1234 2442 1575 2502 semperque
1617 2426 1719 2493 ibi,
1744 2443 1934 2499 quan-

568 2522 690 2572 tum
715 2520 799 2571 est
825 2531 897 2571 ex
915 2529 993 2578 se,
1015 2516 1358 2569 conservant
1376 2526 1547 2565 suum
1570 2509 1853 2575 valorem,
1877 2513 1933 2566 et

568 2596 907 2661 efficaciam;
957 2600 1184 2668 totaque
1225 2609 1425 2651 eorum
1474 2589 1842 2649 mortificatio
1861 2606 1932 2647 ex

568 2682 729 2752 parte
754 2673 991 2748 subjecti
1017 2691 1077 2732 se
1102 2679 1274 2740 tenet,
1306 2678 1586 2746 quatenus
1617 2687 1717 2745 per
1746 2686 1932 2744 pecca-

565 2766 690 2815 tum
719 2755 1058 2828 impeditur,
1090 2771 1163 2811 ne
1196 2755 1435 2812 illorum
1458 2754 1711 2810 fructum
1741 2751 1931 2825 perci-

566 2840 708 2913 piat.
751 2839 938 2902 Quare
973 2837 1150 2892 semel
1188 2838 1410 2908 peccato
1450 2833 1571 2907 jam
1613 2834 1843 2891 excluso
1876 2836 1933 2889 et

565 2921 826 2986 dimisso,
856 2920 1050 2976 statim
1082 2916 1348 2990 praedicta
1382 2932 1555 2989 opera
1582 2922 1752 2989 prout
1779 2931 1930 2989 prae-

565 3001 714 3059 dicto
760 2997 929 3057 modo
976 2999 1276 3056 moraliter
1304 2997 1726 3071 permanentia,
1778 2995 1931 3052 inci-

567 3084 736 3155 piunt
763 3082 974 3138 iterum
1004 3078 1281 3154 proficere
1311 3079 1401 3134 illi
1426 3076 1697 3151 subjecto,
1730 3077 1920 3134 confe-

568 3171 812 3236 runtque
838 3163 891 3219 ei
914 3164 1008 3237 jus
1033 3162 1104 3219 ad
1125 3162 1305 3219 vitam
1327 3165 1603 3217 aeternam
1630 3174 1932 3232 assequen-

564 3245 718 3312 dam,
763 3246 908 3301 sicut
951 3245 1321 3301 contulerunt
1365 3240 1436 3297 ab
1466 3241 1656 3306 initio,
1702 3239 1930 3312 quando

506 3342 524 3354 ⁶
567 3327 713 3384 facta
770 3327 1008 3384 fuerunt
1059 3326 1122 3381 in
1181 3323 1387 3398 gratia,
1445 3321 1931 3395 contulissemque

567 3412 861 3480 perpetuo,
887 3407 934 3462 si
960 3422 1060 3478 per
1088 3409 1377 3477 peccatum
1406 3400 1750 3459 mortificata
1772 3417 1931 3458 nun-

566 3506 740 3562 quam
788 3489 1049 3545 fuissent.
1107 3488 1175 3540 Et
1201 3485 1336 3557 quia
1366 3484 1487 3540 haec
1536 3484 1725 3557 prima
1766 3482 1929 3540 dubii

569 3587 719 3645 parS,
754 3576 809 3627 et
835 3572 957 3644 ejus
983 3566 1255 3626 resolutio
1297 3565 1685 3622 communiter
1723 3572 1807 3623 est
1835 3583 1930 3624 re·-

568 3658 743 3725 cepta,
778 3666 894 3707 non
915 3652 1137 3722 oportet
1161 3648 1311 3703 circa
1336 3662 1463 3703 eam
1487 3646 1810 3703 immorari.

375 2194 542 2289 aa·

1175 3841 1207 3909 g
1248 3839 1313 3894 11.

684 3990 1041 4047 Diversarum
1080 3987 1295 4060 placita
1341 3988 1489 4041 circa
1521 3986 1815 4042 secundam

1038 4061 1194 4116 dubii
1219 4065 1454 4133 partem.

391 4221 532 4281 variae
643 4214 701 4270 4.
747 4213 907 4268 Circa
933 4208 1241 4267 secundam
1277 4213 1499 4280 partem
1543 4208 1712 4282 hujus
1738 4205 1921 4273 dubii,

357 4271 539 4365 ῃᾎὲᾞῖξῖ
568 4310 694 4368 quae
733 4299 910 4350 totam
952 4279 1073 4364 ejus
1113 4289 1500 4345 difficultatem
1534 4290 1806 4353 continet,
1832 4286 1927 4343 di-

357 4379 554 4464 dffmm‘sse·
566 4390 733 4432 versa
759 4379 895 4430 sunt
915 4371 1239 4428 Authorum
1261 4369 1486 4442 placita,
1511 4386 1755 4443 quorum
1779 4370 1928 4426 mul·

400 4467 530 4513 vivis·
569 4454 840 4528 tiplicitas
886 4467 1004 4509 non
1059 4449 1343 4508 modicam
1402 4448 1465 4504 in
1518 4450 1621 4507 hac
1669 4466 1731 4508 re
1776 4450 1927 4523 parit

373 4518 537 4564 centtae.
566 4536 984 4594 confusionem.
1019 4533 1182 4589 Unde
1221 4531 1547 4605 obligamur
1591 4538 1924 4590 consuetum

569 4616 836 4675 ordinem
879 4618 1187 4681 invertere,
1214 4619 1269 4671 et
1299 4613 1458 4685 prius
1498 4614 1748 4671 aliorum
1788 4630 1925 4672 sen—

565 4699 775 4757 tentias
816 4700 1053 4762 referre,
1086 4711 1258 4768 quam
1287 4695 1582 4768 propriam
1626 4695 1921 4762 stabilire3

565 4782 702 4855 quia
727 4797 799 4837 ex
827 4781 1066 4838 illarum
1093 4776 1482 4835 confutatione
1510 4778 1736 4835 facilius
1765 4776 1926 4834 veri-

565 4869 652 4919 tas
672 4863 979 4919 illucescet.
1014 4862 1413 4932 Supponamus
1439 4873 1575 4931 ergo
1615 4860 1698 4928 (ut
1723 4874 1924 4917 exem-

565 4947 659 5019 plo
683 4960 806 5001 rem
824 4942 1202 5011 declaremus)
1219 4941 1453 4997 Petrum
1468 4957 1520 4997 v.
1539 4955 1594 5015 g.
1616 4946 1923 5014 antequam

563 5030 627 5084 in
668 5031 956 5098 peccatum
1012 5024 1256 5080 mortale
1307 5019 1616 5089 laberetur,
1657 5021 1925 5080 habuisse

560 5107 771 5163 merita
815 5111 870 5160 et
915 5103 1160 5177 gratiam
1190 5108 1250 5156 ut
1278 5100 1491 5167 decem,
1541 5102 1632 5157 cui
1679 5103 1924 5174 proinde

2013 3880 2016 3883 ‚
2062 3816 2238 3873 tionis
2301 3815 2614 3872 secundum
2677 3833 2738 3872 se
2792 3822 3070 3890 spectatae,
3126 3824 3184 3875 et
3233 3817 3410 3874 decem

2075 638 2312 698 totidem
2349 638 2562 715 gradus
2582 639 2781 714 gloriae
2806 638 3125 695 essentialis
3152 638 3211 694 in
3237 638 3395 710 patria

2073 722 2610 796 corresponderent.
2656 721 2874 778 Deinde
2919 737 3049 777 cum
3095 719 3163 777 de
3205 727 3394 792 peccato

2073 804 2328 871 mortali,
2355 821 2457 878 per
2481 802 2632 878 quod
2662 803 2929 876 praedicta
2955 804 3161 859 merita
3187 800 3395 859 mortifi-

2071 886 2241 952 cavit,
2267 887 2597 959 poeniteret3
2627 900 3019 959 supponamus
3046 884 3296 941 hahuisse
3317 900 3395 940 ao-

2074 971 2195 1021 tum
2256 968 2624 1026 contritionis
2690 969 2983 1024 intensum
3043 970 3106 1020 ut
3153 966 3392 1038 quinque,

2069 1062 2240 1119 quem
2268 1049 2581 1106 secundum
2612 1065 2671 1106 se
2697 1052 3030 1122 spectatum,
3060 1051 3117 1103 et
3155 1048 3272 1104 sine
3297 1063 3397 1104 res·

2071 1133 2233 1200 pectu
2264 1127 2331 1183 ad
2360 1129 2740 1201 praecedentia
2760 1130 2990 1195 merita,
3021 1128 3264 1201 quinque
3284 1143 3398 1202 gra·

2069 1205 2178 1263 dus
2194 1210 2411 1283 gratim,
2444 1216 2502 1268 et
2519 1212 2720 1286 gloriae
2745 1215 3188 1283 consequuntur.
3213 1210 3282 1265 Ut
3305 1209 3399 1284 igi·

2070 1296 2165 1347 tur
2213 1307 2313 1364 per
2360 1293 2695 1365 praedictum
2740 1298 2928 1350 actum
2955 1293 3324 1357 contritionis,
3354 1299 3402 1349 et

2064 1371 2531 1447 justificationem
2554 1377 2625 1434 ad
2646 1392 2824 1450 quam
2845 1380 2930 1433 est
2949 1374 3260 1448 dispositio,
3284 1390 3402 1447 prae·

2068 1452 2327 1511 cedentia
2348 1457 2558 1514 merita
2581 1456 2923 1513 reviviscere
2949 1454 3231 1524 dicantur,
3261 1471 3401 1528 opor-

2068 1538 2148 1591 tet
2174 1539 2234 1591 ut
2274 1552 2375 1610 per
2406 1539 2582 1594 talem
2611 1544 2819 1601 actum,
2862 1542 2919 1593 et
2957 1535 3398 1609 justificationem

2069 1617 2198 1689 plus
2237 1618 2455 1692 aliquid
2482 1617 2702 1694 gratiae,
2748 1624 2846 1674 aut
2871 1619 3068 1691 gloriae
3097 1624 3401 1690 assequatur

2068 1698 2273 1754 Petrus
2319 1700 2541 1756 ratione
2589 1699 3032 1770 praecedentium
3083 1700 3400 1756 meritorum

2069 1783 2203 1837 tunc
2243 1779 2738 1846 reviviscentium,
2790 1796 2963 1853 quam
3007 1786 3397 1854 assequeretur,

2067 1863 2115 1917 si
2143 1864 2283 1920 talia
2303 1862 2515 1920 merita
2555 1879 2672 1921 non
2714 1863 3154 1935 praecessissent,
3185 1870 3399 1920 autnon

2069 1944 2478 2001 reviviscerent
2497 1969 2511 2013 ;
2566 1944 2819 2018 adeoque
2887 1950 3129 2017 oportet,
3190 1950 3249 2001 ut
3300 1960 3400 2002 non

2066 2025 2253 2081 solum
2301 2030 2635 2098 assequatur
2678 2025 2927 2099 gratiam
2971 2029 3028 2081 et
3068 2025 3311 2100 gloriam
3349 2031 3403 2080 ut

2065 2106 2336 2178 quinque,
2368 2123 2494 2180 quae
2531 2107 2753 2162 ratione
2782 2107 3079 2179 praesentis
3100 2105 3406 2180 dispositio-

2068 2184 2177 2252 ni8‚
2229 2185 2798 2259 independenterque
2844 2203 2877 2242 a
2922 2202 3273 2259 quocumque
3308 2186 3406 2243 alio

2066 2267 2275 2323 merito
2302 2266 2414 2322 sibi
2462 2265 2655 2323 debita
2681 2271 2801 2334 est;
2845 2266 2944 2323 sed
2991 2267 3211 2340 aliquid
3249 2269 3403 2329 ultra,

2063 2345 2212 2417 quod
2235 2345 2577 2418 praecedenti
2607 2347 2836 2413 merito,
2861 2353 2918 2403 et
2937 2348 3059 2421 ejus
3085 2348 3408 2406 reviviscen-

2065 2429 2158 2485 tiae
2183 2428 2642 2503 correspondeat.
2687 2431 2948 2493 Qualiter
2981 2445 3124 2487 vero
3152 2431 3254 2486 hoc
3284 2444 3406 2486 con·

2063 2510 2264 2583 tingat,
2329 2516 2508 2585 potest
2565 2516 2809 2583 quatuor
2875 2509 3061 2566 modis
3118 2510 3400 2572 declarari,

2057 2590 2222 2663 juxta
2262 2608 2402 2664 quos
2438 2598 2682 2665 quatuor
2717 2591 3149 2648 constituuntur
3190 2597 3406 2647 senten·
3549 2586 3560 2651 ἔ

2064 2671 2175 2728 tiae.
3549 2662 3564 2731 τ’

2136 2757 2190 2810 5.
2237 2756 2439 2811 Prima
2484 2760 2572 2812 est
2608 2755 3025 2822 Nominalium‚
3074 2759 3136 2811 et
3176 2753 3403 2811 aliorum
3425 2748 3566 2818 mm*

2062 2853 2203 2911 quos
2225 2837 2419 2903 refert,
2465 2846 2517 2894 et
2559 2837 2817 2911 sequitur
2863 2837 3027 2894 Suar.
3081 2836 3184 2893 ubi
3226 2807 3560 2913 supraffl.

2064 2921 2441 2977 asserentium
2465 2921 2672 2977 merita
2694 2919 3036 2978 mortificata
3059 2920 3138 2975 ita
3154 2935 3253 2993 per
3260 2912 3546 3001 justi-⁸22&

2063 3001 2389 3059 ficationem
2440 3001 2805 3065 reviviscere,
2856 3007 2920 3057 ut
2967 3002 3166 3057 statim
3209 3002 3271 3057 in
3313 3000 3405 3056 hac
3425 3010 3544 3051 staret.

2061 3084 2182 3141 vita
2206 3082 2533 3140 conferatur
2555 3082 2863 3155 justificato
2891 3082 3239 3151 formaliter,
3276 3086 3326 3137 et
3350 3080 3403 3135 in

2062 3181 2182 3223 esse
2225 3165 2479 3240 physico,
2525 3181 2644 3223 non
2689 3166 2876 3223 solum
2924 3166 3028 3222 illa
3064 3167 3269 3240 gratia,
3295 3178 3405 3236 quae

2063 3248 2331 3321 praesenti
2360 3247 2694 3305 contritioni
2741 3248 3055 3305 secundum
3096 3266 3162 3306 se
3203 3262 3404 3306 corres-

2064 3328 2294 3402 pondet,
2326 3328 2423 3386 sed
2452 3329 2629 3385 etiam
2651 3334 2767 3386 tota
2790 3331 2912 3392 illa,
2945 3346 3121 3402 quam
3167 3345 3265 3403 per
3290 3343 3409 3401 pec-

2061 3416 2250 3466 catum
2276 3410 2507 3476 amisit;
2540 3409 2682 3467 adeo
2704 3416 2765 3466 ut
2792 3412 2841 3466 si
2868 3410 3064 3466 amisit
3087 3411 3329 3485 gratiam
3355 3413 3408 3462 ut

2062 3492 2279 3558 decem,
2303 3496 2359 3548 et
2383 3491 2554 3547 faciat
2575 3497 2761 3547 actum
2790 3492 3160 3549 contritionis
3181 3498 3243 3547 ut
3258 3490 3409 3563 quin-

2060 3589 2188 3645 que,
2232 3579 2566 3647 assequatur
2612 3575 2805 3630 statim
2862 3574 3213 3641 formaliter,
3261 3579 3316 3630 et
3354 3573 3409 3627 in

2061 3670 2183 3711 esse
2243 3655 2476 3728 physico
2539 3653 2868 3726 quindecim
2919 3654 3132 3729 gradus
3173 3651 3408 3729 gratiae:

2062 3735 2314 3807 quinque
2338 3735 2567 3807 quidem
2599 3736 2825 3793 ratione
2849 3738 3153 3809 praesentis
3178 3734 3411 3809 disposi-

2064 3897 2289 3954 ratione
2330 3897 2775 3969 praecedentium
2804 3900 3148 3957 meritorum
3180 3896 3414 3956 revivis-

2003 4003 2006 4004 ⁷
2058 3980 2343 4046 centium3
2366 3985 2422 4036 et
2441 3986 2852 4052 consequenter
2874 3982 2936 4036 in
2955 3984 3143 4053 patria
3157 3996 3412 4055 asseque-

2061 4065 2156 4117 tur
2200 4058 2532 4132 quindecim
2595 4060 2805 4135 gradus
2848 4061 3049 4134 gloriae
3099 4062 3413 4120 essentialis

2062 4141 2347 4214 praedictis
2371 4143 2602 4215 quidem
2650 4144 2849 4218 gratiae
2883 4144 3156 4218 gradibus
3199 4161 3414 4203 corres-

2060 4223 2381 4297 pondentis.
2415 4225 2603 4281 Potest
2629 4228 2819 4281 autem
2852 4224 3084 4295 probari
3127 4226 3250 4282 haec
3293 4240 3411 4282 sen·
3449 4232 3574 4280 noir,

2059 4307 2257 4368 tentia,
2283 4304 2418 4378 quia
2440 4321 2612 4378 opera
2634 4306 2697 4363 in
2718 4307 2995 4366 charitate
3018 4308 3159 4365 facta
3180 4314 3413 4366 eatenus

2059 4383 2396 4441 mortificari
2424 4385 2713 4453 dicuntur,
2759 4394 3040 4459 quatenus
3079 4404 3180 4460 per
3225 4403 3414 4461 pecca-

2058 4472 2180 4523 tum
2210 4467 2526 4539 impeditur
2552 4469 2726 4526 homo
2752 4486 2785 4525 a
2812 4471 3260 4542 consequutione
3284 4486 3415 4545 gra-

2058 4548 2152 4605 tiae
2176 4547 2379 4606 debitae
2407 4549 2618 4606 talibus
2644 4550 2912 4623 operibus
2937 4574 2950 4607 ε
2981 4567 3117 4626 ergo
3151 4568 3223 4609 eo
3270 4554 3408 4625 ipso.

2056 4628 2206 4702 quod
2233 4629 2560 4703 hujusmodi
2591 4632 3072 4705 impedimentum
3094 4631 3410 4699 auferatur,

2057 4710 2378 4783 assequitur
2432 4712 2606 4770 homo
2660 4712 2988 4786 praedictam
3043 4713 3296 4788 gratiam
3355 4714 3415 4770 in

2055 4791 2257 4849 eadem
2309 4794 2655 4859 intensione,
2704 4797 2768 4852 in
2819 4811 2930 4868 qua
2985 4797 3147 4853 illam
3193 4797 3411 4853 amisit.

2057 4873 2198 4929 Cum
2245 4872 2424 4947 igitur
2470 4876 2583 4931 tale
2633 4876 3119 4949 impedimentum
3169 4877 3419 4934 omnino

2056 4955 2350 5012 auferatur
2366 4972 2467 5028 per
2488 4957 2803 5029 quemlibet
2825 4964 3011 5014 actum
3026 4958 3412 5024 contritionis,

2054 5036 2177 5094 sive
2204 5036 2518 5103 intensum,
2567 5038 2693 5096 sive
2722 5040 3048 5106 remissum,
3093 5054 3192 5112 per
3241 5054 3416 5113 quem

2056 5124 2344 5189 peccatum
2387 5121 2668 5190 aufertur,
2697 5138 3047 5196 consequens
3072 5125 3183 5187 est,
3217 5126 3418 5252 unffi}

3096 5209 3270 5268 quem
