3647 5753
510 394 613 450 148

507 563 744 627 auxilio,
789 565 987 634 utputa
1026 562 1225 636 gratiae
1251 563 1510 628 vocanti;
1540 561 1638 619 sed
1666 577 1864 618 neces-

508 645 662 703 sario
705 641 1126 699 concedendum
1155 649 1260 711 est,
1288 641 1438 717 quod
1473 643 1648 715 possit
1690 643 1865 699 resis-

511 733 631 782 tere
688 723 1023 794 cuicumque
1069 723 1289 779 auxilio
1347 722 1616 780 inferiori
1671 743 1683 778 ε
1731 737 1867 796 ergo

512 805 740 860 nullum
768 806 853 857 est
879 802 1163 858 auxilium
1184 817 1256 858 ex
1281 818 1359 871 se,
1384 810 1440 860 et
1462 801 1532 859 ab
1555 802 1868 859 intrinseco

511 885 739 951 efficax3
789 884 921 939 huic
947 883 1155 957 quippe
1197 885 1383 941 resisti
1422 895 1537 942 non
1579 890 1774 957 potest,
1808 891 1870 940 ut

516 969 719 1025 docent
780 968 1165 1023 communiter
1222 967 1553 1025 Themistae.
1620 969 1870 1038 Utraque

516 1046 918 1120 consequentia
945 1046 1200 1120 legitime
1240 1047 1493 1104 infertur
1531 1062 1601 1104 ex
1642 1053 1871 1103 antece-

516 1128 695 1186 denti.
717 1130 832 1183 Hoc
845 1130 1033 1182 autem
1058 1126 1331 1199 probatur
1354 1149 1367 1184 z
1389 1127 1661 1201 quoniam
1688 1127 1871 1182 inten-

518 1210 597 1265 tio
613 1206 852 1265 Concilii
868 1212 991 1263 erat
1009 1206 1311 1280 profligare
1327 1207 1593 1264 haeresim
1611 1207 1870 1263 Calvini:

499 1288 616 1346 sed
645 1289 736 1343 hic
781 1304 897 1344 non
938 1286 1221 1344 asserebat
1244 1305 1345 1361 per
1370 1288 1663 1362 quodlibet
1704 1290 1873 1344 auxi-

311 1947 511 1991 Solvitur.

523 1370 666 1425 lium
715 1367 922 1422 inferri
964 1366 1280 1424 absolutam
1324 1370 1736 1428 necessitatem.
1776 1367 1872 1424 sed

521 1453 745 1506 tantum
774 1463 875 1520 per
894 1447 1185 1519 quandam
1212 1449 1493 1506 efficacem
1535 1450 1871 1516 motionem,

519 1537 577 1586 et
601 1530 916 1600 impulsum
944 1529 1190 1600 Spiritus
1210 1531 1391 1586 sancti
1419 1552 1432 1587 ε
1462 1546 1599 1603 ergo
1627 1529 1876 1585 intentio

522 1609 762 1666 Concilii
788 1607 1178 1673 suitdiffinire,
1207 1625 1324 1667 non
1338 1611 1523 1667 solum
1549 1626 1750 1675 unum,
1781 1612 1881 1664 aut

523 1691 768 1745 alterum
817 1688 1100 1744 auxilium
1144 1706 1262 1747 non
1304 1690 1525 1747 inferre
1555 1690 1877 1746 absolutam

522 1769 915 1827 consentiendi
935 1771 1343 1841 necessitatem,
1364 1771 1460 1829 sed
1477 1770 1624 1844 quod
1648 1771 1877 1826 nullum

526 1852 808 1908 auxilium
839 1852 1002 1907 illam
1029 1852 1223 1910 infert.

602 1931 995 2006 Respondetur
1029 1934 1386 1992 concedendo
1425 1935 1784 1998 antecedens,
1826 1938 1883 1989 et

528 2011 787 2088 negando
842 2018 1143 2085 utramque
1192 2015 1687 2087 consequentiam,
1744 2014 1881 2085 quia

528 2095 659 2151 licet
673 2095 898 2150 nullum
915 2095 1199 2151 auxilium
1215 2097 1432 2154 actuale
1450 2095 1662 2152 inferat
1678 2095 1884 2150 volun-

526 2175 628 2231 tati
676 2174 992 2231 absolutam
1033 2175 1425 2232 consentiendi
1456 2175 1879 2238 necessitatem

525 2257 657 2313 hinc
697 2260 890 2312 tamen
931 2255 1177 2313 minime
1221 2257 1491 2324 infertur,
1532 2256 1680 2330 quod
1711 2254 1885 2328 possit

524 2341 697 2396 homo
722 2338 1055 2411 cuicumque
1084 2341 1348 2398 interiori
1373 2341 1573 2415 gratiae
1594 2339 1880 2401 resistere,

524 2420 647 2476 sive
691 2435 820 2475 cum
868 2436 934 2476 ea
980 2419 1303 2477 dissensum
1355 2436 1731 2494 componere;
1786 2417 1885 2475 sed

529 2506 752 2556 tanturn
799 2499 1067 2565 insertur,
1112 2501 1259 2573 quod
1304 2507 1492 2560 stante
1530 2516 1887 2574 quocumque

530 2581 749 2638 auxilio
794 2580 1082 2645 interiori,
1132 2587 1300 2653 queat
1339 2582 1510 2640 homo
1556 2582 1882 2648 dissentire,

533 2663 623 2719 vel
648 2677 989 2719 consensum
1029 2662 1396 2735 suspendere.
1443 2668 1588 2719 Nam
1629 2670 1689 2718 ut
1716 2663 1890 2718 homo

532 2743 850 2800 consentiat
871 2741 1079 2815 absque
1095 2742 1352 2800 absoluta
1372 2744 1766 2801 consentiendi
1793 2759 1888 2799 ne-

534 2823 810 2890 cessitate,
840 2822 1041 2880 sullicit
1067 2823 1215 2898 quod
1265 2825 1438 2897 possit
1474 2823 1731 2882 absolute
1772 2838 1890 2881 non

536 2905 886 2972 consentire;
929 2904 998 2962 ad
1029 2906 1130 2962 hoc
1170 2911 1360 2962 autem
1405 2923 1520 2963 non
1551 2906 1886 2979 requiritur,

536 2984 685 3060 quod
725 2985 912 3040 valeat
936 2979 1281 3060 conjungere
1305 2987 1622 3064 carentiam
1649 3002 1893 3043 consen-

538 3082 634 3121 sus
676 3079 805 3118 cum
853 3065 1070 3122 auxilio
1114 3065 1411 3122 efficaciter
1457 3066 1782 3137 applicante
1823 3062 1892 3120 ad

539 3160 898 3212 consensum,
925 3148 1015 3203 vel
1045 3147 1234 3219 ipsum
1255 3148 1541 3203 auxilium
1557 3147 1892 3212 excludet-<33

540 3226 638 3284 sed
675 3226 879 3281 sufficit
915 3226 1065 3299 quod
1107 3229 1282 3300 possit
1326 3233 1596 3301 potestate
1633 3229 1896 3301 proxima

542 3323 882 3365 consensum
927 3309 1290 3388 suspendere,
1330 3314 1386 3367 et
1429 3310 1552 3383 ejus
1576 3310 1895 3366 carentiam

541 3386 888 3461 conjungere
931 3404 1061 3444 cum
1108 3389 1409 3462 principiis
1449 3390 1781 3462 operativiS.
1811 3388 1898 3443 Ad

549 3469 871 3527 libertatem
911 3469 1122 3543 quippe
1162 3487 1279 3528 non
1316 3471 1628 3544 requiritur
1659 3476 1903 3544 potestas

550 3550 617 3608 ad
639 3551 1099 3625 conjungendum
1121 3554 1214 3609 vel
1234 3553 1506 3610 exercitia
1527 3552 1902 3626 opposita,vel

545 3650 616 3691 ea
652 3650 776 3705 quae
802 3649 861 3690 se
889 3641 1084 3691 tenent
1108 3652 1176 3693 ex
1207 3641 1366 3709 parte
1402 3637 1657 3709 ipsorum
1681 3634 1905 3692 exerci-

549 3715 784 3781 tiorum,
804 3731 932 3770 cum
955 3715 1071 3772 haec
1087 3723 1327 3789 potestas
1343 3718 1418 3775 sit
1438 3717 1748 3774 chimerica
1768 3739 1782 3781 ;
1805 3712 1901 3771 sed

547 3794 752 3851 sufficit
792 3800 1036 3867 potestas
1062 3795 1130 3852 ad
1171 3799 1462 3861 exercitia.
1494 3802 1550 3854 et
1591 3797 1660 3853 ad
1687 3812 1754 3853 ea
1780 3811 1907 3868 quae

549 3894 623 3934 ex
645 3881 803 3948 parte
817 3878 1224 3935 exercitiorum
1246 3896 1307 3937 se
1327 3886 1543 3947 tenent,
1565 3885 1627 3935 ut
1648 3877 1910 3936 habenda

552 3957 809 4023 divisim,
834 3962 892 4014 et
910 3962 972 4013 ut
992 3957 1248 4025 divisim,
1277 3966 1334 4016 et
1353 3959 1666 4016 secundum
1690 3974 1750 4015 se
1769 3973 1910 4015 con-

548 4040 859 4114 jungibilia
872 4056 1001 4096 cum
1026 4041 1312 4113 principio
1344 4042 1657 4114 operativo‚
1690 4046 1753 4095 ut
1774 4040 1913 4096 satis

559 4121 734 4193 liquet
759 4134 829 4175 ex
849 4136 1022 4192 supra
1044 4119 1227 4185 dictis,
1253 4125 1311 4176 et
1337 4121 1621 4194 praecipue
1647 4123 1679 4189 ς
1703 4122 1761 4175 7.
1793 4122 1915 4174 Au·-

556 4202 764 4258 xilium
808 4207 998 4258 autem
1037 4200 1335 4258 efficaciter
1362 4201 1655 4274 applicans
1683 4199 1751 4257 ad
1775 4217 1917 4257 con-

552 4301 787 4342 sensum
806 4285 1053 4357 pertinet
1067 4282 1137 4339 ad
1151 4284 1489 4340 exercitium
1500 4281 1913 4350 consentiendi,

562 4382 677 4423 non
706 4366 776 4423 ad
816 4371 1170 4439 potestatem.
1212 4365 1378 4423 Unde
1416 4367 1563 4422 sicut
1589 4365 1660 4422 ad
1701 4366 1826 4431 hoc,
1859 4370 1921 4419 ut

558 4450 688 4522 quis
715 4449 896 4505 libere
924 4448 1258 4515 consentiat,
1284 4464 1401 4506 non
1431 4447 1749 4521 requiritur
1769 4446 1919 4519 quod

567 4530 743 4605 possit
765 4532 1111 4605 conjungere
1125 4531 1441 4587 carentiam
1463 4546 1770 4588 consensus
1790 4544 1921 4585 cum

566 4627 866 4677 consensu,
890 4611 989 4669 sed
1015 4609 1163 4684 quod
1207 4611 1381 4683 possit
1407 4612 1572 4667 illam
1602 4609 1923 4689 carentiam

567 4693 915 4767 conjungere
934 4708 1063 4749 cum
1088 4691 1373 4764 principio
1386 4689 1780 4750 consentiendi
1807 4713 1821 4746 :
1847 4686 1925 4745 ita

573 4790 689 4832 non
739 4773 1072 4846 requiritur,
1128 4771 1277 4846 quod
1315 4774 1584 4830 voluntas
1627 4771 1928 4829 efficaciter

573 4855 868 4928 applicata·
892 4854 962 4911 ad
999 4869 1360 4919 consensum,
1393 4858 1560 4927 queat
1585 4854 1931 4928 conjungere

568 4937 890 4993 carentiam
918 4950 1224 4992 consensus
1248 4952 1378 4992 cum
1407 4937 1509 4993 illo
1539 4934 1793 5000 auxili03
1831 4930 1929 4989 sed

572 5018 797 5082 sufficit,
841 5016 990 5089 quod
1021 5021 1206 5078 valeat
1234 5019 1395 5075 illam
1424 5019 1771 5093 conjungere
1798 5032 1929 5074 cum

1527 390 1618 444 DE
1659 388 1931 444 GRATIA
1966 388 2308 443 EFFICACI.

2000 560 2283 633 principio
2336 558 2749 618 consentiendi.
2797 560 2864 615 Et
2908 560 3025 616 haic
3066 558 3351 631 posterior

2000 646 2241 714 potestas
2269 647 2412 707 actu,
2459 648 2513 698 et
2542 657 2744 698 revera
2769 639 2936 696 datur
2966 641 3028 695 in
3058 640 3357 696 voluntate
3403 663 3526 704 Error

1999 723 2296 780 efficaciter
2336 726 2615 799 applicata
2638 724 2706 782 ad
2727 739 3087 781 consensum.
3122 721 3355 777 Erravit
3390 711 3546 753 ΝΜ·

3400 760 3445 802 lu
3456 760 3542 801 Tri·

2001 820 2136 878 ergo
2182 806 2471 873 Calvinus,
2503 823 2631 862 cum
2668 821 2742 862 ex
2783 804 3139 861 antecedenti
3194 820 3351 870 vere,
3391 808 3552 853 aenum

2006 903 2210 960 nempe
2228 889 2475 962 gratiam
2503 888 2782 945 efficacem
2821 903 2943 944 esse
2970 889 3144 945 talem
3172 903 3244 944 ex
3269 902 3355 952 se,

2003 975 2059 1025 et
2104 969 2174 1025 ab
2214 965 2544 1034 intrinseco,
2595 968 2795 1024 intulit
2838 986 2941 1042 per
2988 969 3361 1044 illegitimam

2005 1051 2486 1122 consequentiam,
2511 1049 2863 1107 voluntatem
2879 1050 2982 1106 illa
2993 1050 3183 1124 gratia
3200 1049 3367 1106 atl'ec·

2007 1137 2121 1187 tam
2147 1133 2469 1188 necessitari
2494 1131 2769 1194 absolute,
2788 1136 2843 1187 et
2856 1146 3050 1186 carere
3068 1134 3364 1202 potestate,

2006 1229 2130 1285 quae
2175 1212 2245 1268 ad
2295 1213 2620 1271 libertatem
2659 1211 2882 1275 sufficit,
2926 1217 2980 1267 et
3023 1211 3366 1283 requiritur.

2011 1292 2175 1349 Unde
2205 1299 2261 1348 ut
2291 1295 2609 1351 Concilium
2651 1293 2771 1365 ejus
2801 1291 3061 1347 haeresim
3093 1291 3373 1366 profliga-

2012 1381 2116 1441 ret,
2146 1391 2260 1432 non
2280 1375 2508 1450 negavit
2529 1374 2885 1440 antecedens,
2906 1372 3005 1430 sed
3020 1369 3376 1447 consequen-

2012 1459 2172 1522 tiam,
2216 1458 2509 1515 diffiniens
2551 1456 2799 1513 liberum
2841 1454 3149 1511 arbitrium
3193 1471 3226 1511 a
3255 1457 3374 1511 Deo

2012 1545 2230 1596 motum
2259 1540 2383 1607 (illa
2425 1539 2620 1611 utique
2648 1537 2901 1594 motione
2933 1535 3161 1602 efficaci,
3193 1551 3372 1608 quam

2014 1619 2297 1676 asserebat
2314 1620 2606 1685 Calvinus)
2620 1634 2779 1691 posse
2797 1616 3121 1681 dissentire,
3137 1617 3185 1671 si
3206 1616 3371 1672 velit.

2014 1701 2287 1767 Quamvis
2315 1701 2472 1756 enim
2515 1702 2688 1757 homo
2724 1716 2840 1756 non
2891 1699 3062 1770 possit
3105 1698 3379 1754 resistere

2015 1782 2231 1837 auxilio
2259 1780 2487 1846 efficaci,
2534 1782 2705 1838 homo
2734 1786 2928 1837 tamen
2955 1777 3170 1838 liabens
3199 1777 3379 1834 auxi-

2015 1864 2162 1919 lium
2202 1861 2396 1918 essicax
2445 1867 2625 1934 potest
2671 1862 2950 1918 resistere.
2994 1862 3140 1915 Nam
3182 1859 3381 1931 prima

2018 1941 2328 2015 propositio
2366 1942 2640 2013 exprimit
2670 1940 3127 2015 conjunctionem
3157 1938 3372 1993 auxilii

2016 2024 2251 2082 efficacis
2279 2040 2408 2078 cum
2440 2025 2780 2088 resistentia,
2805 2039 2929 2095 quae
2948 2021 3272 2093 conjunctio
3297 2026 3384 2077 est

2017 2103 2427 2177 impossibilis;
2461 2103 2739 2175 posterior
2782 2117 2917 2157 vero
2943 2096 3204 2174 designat
3233 2115 3383 2156 con-—

2013 2186 2370 2258 junctionem
2419 2184 2623 2240 auxilii
2664 2182 2903 2238 efficacis
2939 2196 3068 2236 cum
3098 2184 3377 2252 potestate

2022 2263 2341 2328 resistendi,
2368 2279 2492 2337 quae
2519 2262 2841 2337 conjunctio
2866 2267 2951 2318 est
2980 2259 3290 2334 possibilis,
3323 2264 3382 2315 et

2021 2346 2090 2402 de
2132 2347 2275 2402 facto
2314 2345 2502 2400 datur.
2550 2347 2614 2399 ln
2656 2344 2844 2416 prima
2886 2342 3065 2397 intrat
3092 2340 3379 2396 auxilium

2020 2426 2213 2483 efficax
2255 2425 2545 2500 objective,
2591 2431 2646 2479 et
2684 2439 2753 2479 ex
2798 2428 2962 2495 parte
3003 2420 3276 2486 termini;
3319 2420 3383 2475 in

2021 2504 2267 2563 secunda
2312 2521 2447 2562 vero
2467 2504 2654 2560 solum
2683 2503 3011 2576 subJective,
3042 2507 3097 2557 et
3121 2517 3190 2557 ex
3220 2506 3386 2573 parte

2026 2585 2316 2660 principii.
2367 2585 2564 2640 Prima
2601 2584 2784 2639 salvat
2824 2581 3129 2639 efficaciam
3156 2581 3380 2653 gratiae,

2023 2683 2195 2740 quam
2240 2666 2561 2722 Concilium
2588 2665 2877 2738 supponit.
2913 2663 3077 2720 Unde
3118 2663 3195 2717 ita
3226 2662 3387 2719 abest

2025 2756 2087 2804 ut
2116 2747 2476 2804 Adversariis
2505 2746 2711 2812 faveat,
2731 2744 2879 2818 quod
2910 2745 3094 2817 potius
3122 2744 3382 2815 ipsorum

2026 2830 2380 2905 opinionem.
2401 2829 2449 2903 ej
2462 2845 2633 2903 usque
2651 2827 2933 2900 principia
2950 2830 3195 2892 evertat;
3218 2824 3384 2881 nobis

2028 2917 2216 2967 autem
2241 2909 2378 2964 satis
2407 2916 2601 2982 aperte
2629 2908 2883 2965 adsistat.

3398 860 3552 901 danim·

3438 914 3518 950 ῑΙΒ.

2102 2994 2231 3048 ⁶218.
2265 2989 2348 3045 Ad
2376 2989 2873 3047 confirmationem
2900 3005 2970 3045 ex
3000 2986 3252 3044 Concilio
3280 2987 3583 3052 Se-omfsss
3616 3000 3617 3011 ¹

2031 3074 2271 3131 nonensi
2301 3090 2453 3128 num.
2479 3074 2589 3127 209
2630 3069 2974 3144 propositam
3007 3066 3385 3140 respondetur
3415 3067 3570 3152 ffi'ssfl·

2033 3154 2240 3227 prime,
2274 3151 2415 3207 illud
2454 3151 2774 3207 Concilium
2815 3150 2878 3206 in
2919 3151 3038 3206 loco
3076 3148 3175 3221 qui
3218 3145 3570 3202 nobisnomde-
3616 3168 3617 3195 t

2033 3235 2316 3311 objicitur,
2341 3232 2479 3288 satis
2500 3237 2693 3305 aperte
2707 3230 3051 3306 significare,
3076 3229 3201 3285 dari
3226 3227 3390 3284 auxi·

3418 3212 3570 3258 sumpta
3616 3212 3617 3243 t

3417 3267 3466 3301 cx
3479 3258 3566 3299 Cen-
3616 3266 3617 3313 ς

2036 3320 2178 3374 lium
2206 3315 2402 3372 efficax
2429 3330 2461 3370 a
2485 3314 2670 3387 gratia
2696 3313 2980 3371 excitante
3020 3311 3382 3371 distinctum,
3401 3306 3497 3349 cuin
3509 3306 3569 3359 Se.-

2034 3414 2145 3471 quo
2167 3397 2431 3451 voluntas
2455 3393 2696 3450 interius
2717 3393 2922 3467 agitur,
2954 3397 3009 3449 et
3030 3394 3295 3448 movetur
3318 3388 3389 3445 ad

2035 3474 2544 3534 consentiendum:
2577 3475 2655 3530 ait
2677 3476 2833 3531 enim
2858 3496 2871 3529 :
2907 3473 2975 3530 Ut
3004 3474 3260 3529 voluntas
3287 3471 3394 3525 lio·

2037 3558 2205 3613 minis
2226 3555 2606 3610 misericordiae
2626 3556 2999 3627 rroeuent'entis
3027 3554 3245 3609 auxilio
3264 3552 3397 3623 sus-

2037 3641 2204 3712 sulta,
2229 3643 2277 3689 et
2300 3637 2550 3691 interiori
2571 3636 2823 3710 quodam,
2848 3643 2895 3690 et
2918 3636 3120 3690 occulto
3141 3634 3398 3688 secretio-

2040 3718 2121 3773 ris
2147 3717 2530 3789 inspirationis
2555 3715 2751 3786 afflatu
2780 3723 3032 3771 contacta
3051 3731 3159 3770 sese
3179 3728 3401 3767 conver-

2043 3807 2143 3855 tat.
2177 3800 2320 3853 Nam
2352 3795 2569 3853 afflatus
2591 3804 2830 3870 tangens
2853 3798 3206 3852 voluntatem
3231 3793 3293 3849 in
3315 3807 3400 3848 se·

2044 3883 2166 3956 ipsa
2196 3896 2312 3936 non
2349 3882 2436 3935 est
2462 3879 2639 3934 motio
2671 3894 2810 3950 pure
2837 3878 3133 3952 objectiva,
3163 3876 3400 3950 qualem

2048 3961 2377 4020 Adversarii
2407 3958 2748 4025 admittunt;
2778 3960 2874 4017 sed
2911 3967 2997 4018 est
3023 3957 3239 4032 aliquid
3269 3973 3402 4013 mo-

2046 4045 2262 4101 tionem
2290 4040 2628 4113 objectivam
2668 4056 3013 4113 supponens,
3043 4046 3097 4097 et
3128 4039 3406 4095 volunta-

2048 4132 2162 4183 tem
2217 4120 2542 4195 subJective,
2590 4126 2646 4177 et
2691 4121 3000 4179 intrinsece
3038 4120 3109 4177 ad
3157 4118 3400 4180 bonum,

2050 4204 2197 4279 quod
2244 4203 2421 4259 motio
2472 4202 2735 4275 moralis„
2763 4204 3046 4276 proponit,
3103 4198 3405 4258 efficaciter

2054 4285 2360 4342 inclinans.
2390 4284 2455 4336 Et
2475 4279 2748 4338 similiter
2770 4284 3006 4356 loquens
3035 4281 3186 4338 idem
3211 4277 3411 4334 Conci·

2054 4367 2199 4424 lium
2239 4363 2310 4419 de
2350 4362 2515 4419 bonis
2542 4358 2827 4434 operibuS,
2861 4365 2939 4420 ait
2968 4387 2981 4420 ι
3025 4362 3099 4419 In
3124 4360 3325 4439 quibus
3359 4365 3407 4412 el

2056 4447 2283 4503 liberum
2304 4443 2601 4499 arbitrium
2621 4452 2895 4517 operatur,
2927 4446 3107 4517 primo
3128 4450 3332 4507 tamen,
3360 4444 3409 4493 et

2051 4524 2422 4602 principalius
2455 4525 2662 4593 ,qi-alia.
2709 4524 2865 4588 Quod
2911 4523 3156 4598 intelligi
3212 4518 3414 4593 nequit

2058 4608 2128 4665 de
2152 4621 2427 4663 concursu
2469 4605 2570 4661 Dei
2609 4605 2974 4670 simultanco,
3001 4621 3129 4661 cum
3158 4605 3263 4659 iste
3291 4616 3412 4657 non

2061 4690 2239 4762 prius,
2268 4685 2366 4742 sed
2405 4685 2750 4743 simultanee
2777 4686 2839 4742 in
2876 4691 3071 4743 nostra
3108 4700 3280 4757 opera
3313 4681 3412 4737 in-

2061 4770 2199 4826 ssuat
2218 4793 2232 4835 ;
2254 4766 2352 4824 sed
2381 4768 2699 4841 necessario
2719 4765 2885 4823 debet
2910 4765 3157 4839 intelligi
3183 4763 3254 4819 de
3284 4778 3415 4818 mo-

2064 4850 2218 4907 tione
2271 4846 2501 4921 praevia,
2560 4863 2675 4903 non
2736 4845 2968 4920 quidem
3031 4842 3411 4904 indifferenti,

2065 4930 2278 5004 alioqui
2325 4945 2441 4985 non
2490 4928 2866 5000 principalius
2913 4931 3268 5000 operaretur,
3320 4921 3415 4979 sed

2066 5013 2249 5087 magis
2290 5017 2350 5066 ut
2389 5009 2616 5067 subdita
2642 5008 3109 5067 determinationi
3142 5005 3373 5063 arbitrii
3404 5028 3419 5067 ;

2300 5098 2315 5110 “
3320 5084 3417 5143 sed

3405 3365 3573 3400 nonen-5¹·
3616 3374 3617 3401 l
