3647 5753
56 4823 239 4921 0¹33*

1384 439 1561 495 DISP.
1607 440 1703 507 lv,
1748 440 1912 496 DUB.
1960 442 2054 497 111.

266 600 548 673 formaliS,
576 619 648 662 ex
672 623 785 680 qua
804 606 1113 676 habebunt,
1137 608 1287 682 quod
1307 609 1427 667 sint
1448 608 1628 684 majo-

267 685 350 741 ris
369 685 585 751 meriti,
616 703 717 743 seu
756 689 939 762 magis
980 689 1289 755 meritorii,
1314 688 1482 747 debet
1504 706 1629 748 esse

266 764 452 839 major
477 767 743 834 charitas,
775 774 873 825 aut
894 769 1230 828 informatio
1268 771 1390 845 ejus
1435 770 1629 844 aliquo

265 848 437 906 modo
463 848 650 922 major
678 872 692 906 ε
717 866 853 927 ergo
881 852 994 909 nisi
1023 853 1140 911 haec
1179 853 1328 912 ratio
1361 853 1628 912 formalis

265 931 461 1005 aliquo
481 931 651 990 modo
670 939 897 1001 crescat,
907 934 1167 1007 nequibit
1188 936 1468 1010 augeri,et
1484 952 1629 995 cres-

259 1027 394 1069 cere
433 1028 633 1068 eorum
676 1014 970 1072 meritum.
1001 1017 1128 1072 Haec
1152 1016 1402 1074 secunda
1425 1034 1629 1075 conse-

261 1091 500 1164 quentia
517 1093 776 1165 sequitur
796 1110 868 1152 ex
889 1095 1094 1169 priori,
1118 1103 1173 1154 et
1193 1097 1349 1171 prior
1370 1114 1442 1155 ex
1463 1104 1631 1156 ante-

261 1173 489 1232 cedenti
520 1196 533 1231 :
566 1181 690 1231 tum
714 1176 848 1250 quia
871 1177 934 1234 in
961 1177 1071 1246 his,
1097 1196 1222 1252 quae
1259 1188 1393 1237 sunt
1422 1197 1524 1255 per
1543 1198 1623 1249 se,

269 1254 679 1313 universaliter
705 1273 907 1315 verum
954 1265 1040 1316 est
1078 1260 1228 1333 quod
1256 1262 1336 1318 ita
1374 1278 1434 1319 se
1461 1261 1630 1321 habet

268 1337 448 1407 maqis
468 1336 543 1391 ad
551 1340 745 1408 maqiS,
770 1337 914 1395 sicut
939 1338 1111 1397 habet
1128 1357 1189 1398 se
1214 1343 1537 1415 simpliciter
1554 1344 1632 1399 ad

267 1420 592 1492 simpliciter
618 1437 635 1473 .·
662 1436 798 1494 ergo
822 1421 871 1477 si
900 1422 1173 1492 absolute,
1204 1429 1262 1481 et
1286 1426 1630 1499 simpliciter

268 1500 551 1572 loquendo
576 1502 698 1559 sola
722 1502 988 1569 charitas,
1020 1509 1077 1561 et
1121 1505 1243 1579 ejus
1290 1507 1631 1564 informatio

257 1586 346 1638 est
367 1581 629 1639 formalis
658 1583 803 1641 ratio
825 1585 1044 1651 meriti,
1067 1588 1190 1645 sola
1219 1590 1404 1662 maJ'or
1430 1590 1631 1647 chari-

258 1667 365 1731 tas,
393 1665 485 1720 vel
512 1665 698 1738 maJ'or
738 1665 900 1722 illius
949 1666 1288 1726 informatio
1329 1670 1440 1727 erit
1484 1670 1631 1728 ratio

266 1744 528 1802 formalis
551 1747 787 1820 majoris
815 1749 1030 1805 meriti.
1082 1751 1230 1807 Tum
1264 1753 1461 1819 etiam,
1490 1754 1630 1826 quia

271 1834 549 1902 repugnat
576 1830 837 1886 effectum
884 1831 1189 1890 formalem
1216 1850 1485 1901 crescere,
1515 1836 1627 1893 nisi

270 1916 483 1966 crescat
523 1911 715 1983 aliquo
757 1910 925 1968 modo
965 1912 1171 1979 forma,
1202 1931 1328 1988 quae
1355 1920 1439 1972 est
1460 1932 1631 1974 causa

269 1994 328 2047 et
353 1991 499 2048 ratio
528 1991 790 2048 formalis
817 1992 949 2048 talis
968 1993 1197 2051 effectus
1231 2016 1244 2052 ε
1275 1997 1428 2055 unde
1457 2012 1632 2071 repir-

262 2075 406 2144 gnat
430 2088 633 2145 corpus
672 2071 801 2129 fieri
843 2074 1026 2148 magis
1066 2075 1282 2141 album.
1316 2084 1415 2135 aut
1446 2082 1631 2155 magis

258 2152 539 2220 calidum,
585 2154 700 2210 nisi
748 2171 849 2228 per
882 2157 1152 2223 calorem,
1178 2159 1271 2215 vel
1300 2160 1631 2219 albedinem

264 2234 459 2307 aliquo
491 2234 661 2292 modo
700 2237 979 2305 majorem
1014 2260 1027 2294 ι
1055 2240 1104 2295 si
1134 2240 1313 2314 igitur
1353 2245 1631 2301 meritum

268 2321 598 2372 nostrorum
646 2321 872 2373 actuum
936 2324 1021 2375 est
1086 2319 1316 2378 effectus
1366 2324 1633 2381 formalis

261 2396 583 2462 charitatis,
608 2404 664 2455 et
689 2398 1124 2457 informationis
1145 2402 1326 2471 illius,
1354 2421 1633 2481 repugna-

269 2477 355 2534 bit
380 2479 622 2537 omnino
643 2482 838 2555 augeri
860 2482 1189 2557 hujusmodi
1209 2486 1492 2555 effectum,
1515 2490 1629 2547 nisi

260 2558 516 2615 charitas
564 2561 704 2633 ipsa,
746 2564 838 2619 vel
883 2562 1223 2622 informatio
1261 2568 1385 2642 ejus
1435 2571 1632 2644 aliquo

270 2638 441 2696 modo
468 2647 759 2714 augeatur.

344 2721 699 2779 Antecedens
755 2738 893 2780 vero
930 2726 1201 2782 suadetur
1253 2729 1631 2789 animadver-

270 2799 461 2866 tendo,
492 2801 643 2873 quod
669 2802 761 2858 hic
787 2802 857 2860 de
882 2805 1160 2863 charitate
1206 2805 1501 2880 loquimur
1536 2828 1633 2869 se-

266 2880 522 2939 cundum
543 2883 691 2957 quod
713 2886 954 2943 includit
979 2891 1154 2946 etiam
1186 2888 1472 2949 influxum
1494 2909 1632 2968 gra-

273 2963 384 3029 tiae,
418 2981 534 3023 non
564 2972 624 3022 ut
671 2966 741 3024 ab
775 2969 879 3026 illa
923 2970 1333 3049 distinguitur;
1364 2975 1501 3048 quia
1528 2992 1631 3034 nec

270 3046 457 3119 gratia
495 3047 690 3105 influit
713 3049 777 3106 in
813 3056 968 3108 actus
1009 3049 1357 3123 m'eritorioS,
1392 3057 1506 3113 nisi
1530 3073 1632 3131 per

260 3127 626 3195 charitatem,
654 3136 717 3186 ut
743 3133 1045 3203 probatum
1072 3142 1157 3193 est
1194 3137 1371 3194 dubio
1406 3140 1424 3193 l
1460 3137 1634 3211 hujus

264 3206 670 3281 disputationis
700 3236 713 3270 :
745 3229 848 3270 nec
887 3215 1141 3273 influxus
1179 3218 1481 3275 charitatis
1521 3234 1627 3291 po·-

263 3295 373 3346 test
396 3305 519 3347 esse
547 3291 660 3348 nisi
687 3309 721 3349 a
745 3294 949 3367 gratia.
985 3296 1271 3355 Probatur
1299 3313 1436 3370 ergo
1464 3303 1635 3354 ante-

257 3371 514 3429 cedens:
568 3376 843 3447 quoniam
902 3377 1008 3433 illa
1045 3384 1131 3434 est
1177 3378 1324 3436 ratio
1371 3380 1635 3436 formalis

271 3455 532 3512 merendi
562 3457 625 3512 in
647 3458 859 3514 nostris
884 3460 1122 3526 actibus,
1154 3478 1226 3518 ex
1252 3479 1364 3535 qua
1391 3461 1627 3529 habent,

270 3534 423 3605 quod
449 3535 567 3592 sint
594 3537 835 3595 omnino
869 3542 1305 3613 proportionati,
1338 3545 1394 3600 et
1431 3542 1638 3598 condi-

270 3616 375 3690 gni
416 3616 488 3673 ad
539 3619 718 3675 vitam
759 3625 1054 3688 aeternam,
1087 3630 1254 3697 atque
1294 3623 1435 3682 adeo
1474 3626 1638 3682 valo-

280 3714 422 3763 rem,
491 3704 549 3754 et
609 3697 946 3773 dignitatem
999 3702 1185 3761 eidem
1232 3704 1363 3762 vitre
1412 3710 1643 3762 aeternae

275 3779 620 3852 coaequalem
654 3781 788 3837 :sed
815 3788 997 3839 totum
1021 3783 1124 3840 hoc
1151 3784 1362 3841 habent
1388 3801 1422 3842 a
1448 3785 1639 3842 chari-

269 3865 406 3928 tate,
431 3876 529 3917 seu
559 3877 592 3917 a
629 3863 832 3937 gratia,
867 3869 930 3920 ut
948 3870 1219 3937 operatur
1270 3881 1372 3939 per
1418 3867 1594 3923 illam
1622 3889 1635 3924 ε

268 3958 337 3999 er
375 3957 427 4008 0,
459 3947 563 3999 etc.

337 3957 631 4074 gPraeterea
679 4016 783 4074 illa
825 4025 910 4076 est
950 4020 1096 4079 ratio
1135 4021 1403 4080 formalis
1443 4023 1638 4080 meriti

279 4103 606 4155 nostrorum
636 4103 883 4167 actuum,
912 4100 1063 4159 unde
1084 4101 1194 4176 ipsi
1224 4103 1454 4169 habent.
1489 4103 1640 4177 quod

273 4179 393 4234 sint
431 4177 646 4245 Deifici,
690 4179 841 4252 quod
888 4181 1090 4240 vivant
1133 4183 1253 4241 vita
1300 4185 1641 4259 participata

276 4257 393 4326 Dei,
413 4265 468 4316 et
485 4259 635 4334 quod
656 4261 747 4317 illi
771 4263 1031 4335 placeant
1052 4264 1115 4321 in
1136 4264 1342 4323 ordine
1364 4266 1437 4324 ad
1457 4267 1641 4323 vitam

274 4343 550 4396 aeternam
578 4364 591 4400 ι
615 4341 713 4398 sed
734 4347 915 4399 totum
938 4344 1043 4402 hoc
1064 4346 1350 4418 recipiunt
1371 4364 1403 4404 a
1423 4347 1636 4421 gratia,

279 4424 340 4474 ut
385 4427 656 4493 operatur
697 4439 799 4495 per
836 4424 1197 4494 charitatem,
1225 4433 1391 4500 atque
1418 4426 1558 4485 adeo
1585 4432 1643 4484 et

277 4498 350 4555 ab
388 4500 513 4574 ipsa
544 4503 839 4570 charitate,
875 4509 936 4561 ut
959 4521 1031 4562 ex
1049 4506 1219 4565 dictis
1236 4509 1378 4582 disp.
1408 4509 1636 4583 praced.

276 4597 434 4637 num.
455 4585 512 4649 7,
535 4589 752 4640 constat
784 4606 799 4641 ε
827 4602 963 4661 ergo
984 4587 1119 4655 haec,
1149 4590 1466 4647 secundum
1494 4587 1644 4663 quod

278 4662 465 4737 gratia
503 4665 620 4739 agit
664 4681 767 4739 per
811 4668 997 4737 illam,
1046 4675 1131 4728 est
1174 4672 1440 4729 formalis
1497 4672 1645 4730 ratio

283 4746 479 4802 meriti
502 4753 831 4806 nostrorum
854 4757 1102 4810 actuum.

357 4830 451 4885 29.
497 4833 691 4904 Neque
729 4832 889 4891 obest
926 4835 973 4891 si
1004 4835 1160 4893 dicas
1199 4837 1409 4909 primo,
1436 4836 1645 4893 falsum

284 4923 407 4965 esse
427 4913 764 4970 antecedens
787 4939 802 4981 ;
833 4916 968 4988 quia
992 4915 1222 4975 effectus
1249 4918 1513 4976 formalis
1542 4933 1649 4974 ne-

283 4989 409 5061 quit
445 4995 703 5066 separari
727 5012 760 5052 a
778 5012 882 5054 sua
909 4998 1096 5055 forma
1131 5020 1145 5055 ε
1175 5003 1232 5056 at
1258 4999 1532 5056 meritum
1554 5014 1648 5055 se-

284 5080 522 5143 paratur
550 5093 582 5133 a
609 5077 917 5148 charitate;
960 5080 1129 5138 datur
1173 5081 1333 5139 enim
1374 5081 1643 5148 charitas,

3018 439 3132 495 733

1760 627 1886 685 quae
1930 627 2048 668 non
2093 612 2168 669 sit
2222 613 2541 679 meritoria,
2605 627 2814 684 nempe
2876 610 3128 667 charitas

1763 692 1971 750 Patriae
2002 714 2017 749 :
2045 708 2182 769 ergo
2208 694 2486 752 meritum
2515 709 2632 750 non
2652 698 2736 749 est
2755 692 2985 749 effectus
3006 690 3130 748 for-

1761 777 1935 834 malis
1984 777 2302 844 charitatis,
2373 793 2478 835 nec
2520 776 2769 834 charitas
2833 791 3021 841 causa,
3071 779 3128 830 et

1763 858 1913 915 ratio
1938 858 2204 915 formalis
2232 859 2452 915 meriti.

3341 53 3594 283 ‘X

1838 936 2229 995 confirmatur
2272 954 2343 995 ex
2387 936 2553 994 dictis
2597 937 2738 1011 dis-p.
2798 937 2847 1003 l,
2893 935 3022 992 dub.
3065 936 3273 1002 &urget
3304 958 3342 991 r.

1763 1017 1863 1074 ubi
1889 1019 2260 1085 ostendimus,
2294 1024 2481 1076 actum
2529 1019 2791 1075 ultimate
2831 1015 3122 1083 constitui,

1760 1103 1818 1157 et
1842 1099 2118 1172 compleri
2143 1099 2206 1154 in
2236 1098 2459 1155 ratione
2488 1098 2774 1156 meritorii
2802 1115 2902 1171 per
2929 1112 3128 1169 accep-

1763 1180 2061 1246 tationem,
2087 1183 2145 1236 et
2192 1184 2418 1253 pactum
2447 1200 2460 1235 ε
2490 1179 2550 1235 id
2597 1185 2808 1245 autem,
2837 1195 2938 1253 per
2976 1177 3128 1251 quod

1765 1278 1858 1319 res
1902 1263 2166 1320 ultimate
2209 1262 2597 1330 constituitur,
2658 1267 2744 1319 est
2792 1262 2915 1336 ejus
2980 1261 3129 1318 ratio

1763 1343 2031 1409 formalis
2062 1364 2075 1399 z
2105 1360 2261 1419 ergo,
2288 1349 2393 1401 etc.

1837 1423 2017 1489 Adde,
2048 1424 2198 1497 quod
2250 1424 2482 1482 effectus
2531 1422 2796 1479 formalis
2837 1437 2955 1479 non
2999 1437 3130 1479 om-

1764 1506 1906 1564 nino
1928 1505 2304 1581 distinguitur
2329 1524 2363 1563 a
2388 1522 2492 1563 sua
2520 1506 2726 1571 forma,
2756 1502 2857 1559 sed
2883 1509 2968 1560 est
3006 1504 3130 1577 ipsa

1765 1590 2029 1647 formant
2047 1592 2469 1648 communicata
2489 1588 2739 1663 subjecto
2773 1608 2786 1643 ε
2816 1588 2913 1645 sed
2941 1588 3129 1644 meri-

1764 1675 1890 1727 tum
1910 1671 2285 1746 distinguitur
2311 1671 2554 1729 omnino
2594 1687 2627 1727 a
2654 1669 2948 1734 charitate,
2992 1684 3125 1725 cum

1764 1751 1838 1808 ab
1858 1767 1925 1809 ea
1944 1757 2240 1824 separetur
2273 1774 2287 1809 ε
2316 1768 2453 1826 ergo
2476 1750 2623 1808 ratio
2645 1748 2908 1807 formalis
2930 1748 3124 1806 meriti

1766 1849 1886 1890 non
1906 1838 1992 1890 est
2011 1833 2280 1891 charitas.

1841 1911 1968 1964 Non
1992 1907 2180 1981 itaque
2209 1909 2312 1965 hoc
2333 1907 2518 1973 obest;
2551 1905 2930 1979 respondetur
2964 1903 3126 1959 enim

1764 1988 2172 2064 distinguendo
2229 1988 2597 2056 antecedens,
2656 1992 2713 2044 et
2768 1984 3128 2044 concedendo

1765 2069 1912 2126 illud
1938 2070 2009 2127 de
2027 2070 2228 2127 effectu
2271 2068 2553 2142 primario
2569 2092 2583 2136 ;
2607 2067 2707 2124 sed
2733 2067 2933 2141 negari
2962 2064 3128 2123 debet

1765 2152 2172 2208 universaliter
2212 2151 2566 2207 intellectum
2594 2148 2664 2205 de
2689 2147 2888 2206 effectu
2917 2163 3126 2204 sec-un-

1764 2232 1948 2298 dario‚
1980 2231 2062 2288 uti
2089 2237 2174 2288 est
2202 2230 2477 2288 meritum
2508 2234 2759 2303 respectu
2800 2228 3119 2285 charitatis.

1767 2312 1873 2369 Hic
1898 2311 2056 2369 enim
2083 2310 2311 2369 effectus
2336 2311 2680 2384 separabilis
2704 2313 2790 2367 est
2817 2306 3129 2381 aliquando

1767 2412 1801 2453 a
1833 2411 1937 2451 sua
1964 2394 2170 2461 forma,
2205 2394 2287 2451 ita
2327 2399 2387 2449 ut
2426 2394 2615 2451 forma
2666 2391 2842 2467 possit
2890 2392 3017 2447 sine
3061 2405 3130 2448 eo

1768 2475 2034 2549 reperiri.
2060 2476 2316 2533 Maxime
2337 2491 2475 2532 vero
2503 2475 2562 2532 id
2589 2474 2871 2549 contingit
2907 2471 3128 2545 quoties

1767 2559 1958 2615 forma
1982 2561 2174 2613 causat
2192 2555 2454 2613 effectum
2481 2555 2886 2613 secundarium
2913 2552 3130 2624 depen-

1765 2640 1971 2697 denter
2013 2637 2084 2695 ab
2124 2638 2317 2711 aliqua
2356 2636 2704 2703 conditione,
2736 2654 2769 2695 a
2799 2652 2912 2710 qua
2941 2634 3130 2691 forma

1766 2722 1892 2794 ipsa
1910 2718 2227 2777 secundum
2249 2735 2309 2775 se
2332 2734 2449 2776 non
2476 2717 2789 2792 dependet;
2813 2723 2948 2773 tunc
2967 2715 3127 2773 enim

1765 2800 1992 2858 etiamsi
2017 2802 2262 2872 ponatur
2282 2797 2490 2864 forma,
2515 2798 2655 2855 dum
2679 2814 2797 2856 non
2818 2795 3129 2870 apponitur
3169 2842 3172 2853 .

1764 2884 2036 2951 conditio,
2065 2881 2437 2957 suspenditur
2456 2883 2709 2942 effectus.
2734 2886 2803 2939 Et
2830 2884 2909 2940 ita
2933 2881 3132 2939 evenit

1767 2970 1831 3025 in
1860 2967 2166 3041 praesenti5
2197 2966 2447 3025 charitas
2471 2968 2632 3025 enim
2672 2967 2806 3024 licet
2844 2964 3128 3036 indepen-

1764 3051 1970 3109 denter
1995 3050 2067 3107 ab
2093 3051 2285 3124 aliqua
2304 3049 2633 3108 conditione
2652 3049 2976 3107 extrinseca
2996 3063 3129 3103 con-

1768 3134 1917 3191 ferat
1943 3132 2158 3198 nostris
2196 3130 2412 3188 actibus
2459 3131 2660 3190 liberis
2687 3129 3050 3203 dignitatem,
3075 3132 3131 3184 et

1769 3216 2044 3280 valorem,
2077 3214 2301 3271 ratione
2336 3212 2496 3286 cujus
2544 3214 2608 3269 in
2637 3216 2761 3268 actu
2792 3210 2984 3283 primo
3010 3210 3131 3265 sint

1770 3296 2009 3370 praemio
2029 3295 2189 3369 digni
2217 3317 2231 3352 ι
2257 3296 2350 3367 jus
2388 3299 2585 3352 tamen
2608 3294 2678 3351 ad
2709 3293 3034 3367 praemium,
3067 3292 3130 3348 in

1768 3394 1881 3451 quo
1920 3375 2198 3432 meritum
2245 3374 2658 3432 formalissime
2691 3373 2967 3436 consistit,
3012 3388 3129 3430 non

1769 3455 1995 3521 tribuit,
2028 3454 2142 3511 nisi
2180 3454 2567 3527 dependenter
2606 3454 2678 3511 ab
2726 3453 3125 3526 acceptatione,

1769 3542 1826 3596 et
1855 3540 2012 3610 pacto
2046 3535 2180 3602 Dei;
2211 3540 2267 3592 et
2293 3533 2421 3591 ideo
2447 3533 2544 3590 ubi
2580 3534 2697 3591 haec
2723 3532 3047 3605 acceptatio,
3073 3539 3130 3589 et

1772 3623 1999 3691 pactum
2027 3616 2200 3684 deest,
2231 3616 2376 3673 sicut
2402 3615 2465 3670 in
2494 3614 2707 3683 Patria,
2738 3615 2989 3695 charitas
3015 3629 3134 3672 non

1770 3704 1962 3757 causat
1991 3698 2265 3756 meritum
2300 3719 2313 3753 ε
2338 3697 2436 3754 ubi
2470 3714 2608 3755 vero
2636 3697 2963 3770 apponitur,
2987 3695 3134 3753 sicut

1771 3783 1837 3840 in
1867 3781 1979 3847 via,
2004 3782 2271 3847 charitas,
2292 3785 2346 3838 et
2372 3795 2490 3837 non
2513 3781 2628 3836 alia
2648 3779 2969 3836 extrinseca
3010 3778 3134 3835 for-

1772 3880 1872 3921 ma
1911 3862 2008 3920 dat
2046 3860 2165 3918 suis
2222 3860 2440 3918 actibus
2501 3861 2758 3917 valorem
2809 3859 3132 3916 formaliter

1772 3943 2163 4002 meritorium.
2198 3945 2307 4000 Per
2327 3942 2476 4014 quod
2511 3945 2674 4013 patet·
2704 3940 2774 3997 ad
2817 3939 3134 3998 confirma-

1774 4028 2024 4088 tionem;
2074 4040 2210 4081 nam
2264 4024 2571 4097 acceptatio
2612 4022 2732 4089 Dei,
2765 4024 2859 4079 vel
2907 4027 3131 4096 pactum

1776 4108 1963 4182 potius
2002 4111 2087 4163 est
2136 4105 2407 4171 conditio,
2461 4104 2584 4160 sive
2621 4104 3131 4177 complementum,

1773 4206 1946 4262 quam
1991 4202 2159 4245 causa
2200 4186 2358 4242 illius
2392 4185 2673 4242 formalis·
2710 4187 2780 4239 Et
2807 4184 2887 4240 ita
2915 4184 3140 4241 intelli-

1773 4271 1960 4347 genda
1981 4274 2120 4327 sunt
2145 4286 2271 4342 quae
2293 4268 2552 4325 diximus
2587 4269 2707 4325 loco
2752 4268 2815 4324 in
2856 4267 2966 4324 hac
2999 4283 3143 4325 con-

1776 4352 2107 4410 firmatione
2132 4352 2322 4407 citat0.

1852 4435 1945 4489 30.
1988 4430 2166 4498 Adde,
2208 4428 2360 4502 quod
2408 4429 2500 4486 hic
2540 4428 2821 4502 praecipue
2843 4429 3045 4503 agitur
3070 4429 3142 4487 de

1779 4514 2004 4573 ratione
2043 4511 2412 4570 constitutiva
2439 4510 2634 4567 meriti
2663 4511 2726 4566 in
2752 4516 2877 4567 actu
2914 4511 3140 4583 primo;

1778 4599 1969 4673 agitur
2007 4597 2168 4654 enim
2207 4595 2277 4652 de
2317 4610 2485 4651 causa
2523 4595 2776 4664 formali,
2811 4594 2964 4652 unde
2991 4601 3145 4652 actus

1780 4681 1961 4739 nostri
1991 4679 2237 4737 habeant
2263 4679 2542 4745 valorem,
2567 4683 2622 4735 et
2643 4677 2793 4751 quod
2812 4680 2934 4734 sint
2958 4683 3141 4744 tanto,

1779 4762 1874 4818 vel
1894 4766 2052 4818 tanto
2074 4759 2313 4834 praemio
2332 4759 2514 4833 digni,
2542 4764 2604 4815 ut
2624 4760 2919 4817 accedente
2938 4759 3143 4816 divina

1782 4842 2164 4914 promissione
2193 4839 2310 4896 illis
2330 4839 2623 4897 debeatur.
2650 4840 2925 4897 Meritum
2950 4845 3143 4897 autem

1778 4922 1862 4978 sic
1905 4926 2221 4994 sumptum,
2254 4919 2645 4993 independens
2677 4925 2764 4976 est
2789 4909 2859 4977 ab
2887 4923 3144 4993 accepta-

1781 5003 1938 5060 tione
1949 5003 2131 5069 Dei,et
2149 5001 2307 5074 prius
2323 5002 2422 5058 illa
2438 5025 2452 5068 3
2469 5001 2595 5058 ideo
2620 5017 2867 5074 namque
2890 5004 3037 5056 Deus
3058 5017 3150 5057 ac-

1779 5087 1965 5157 ceptat
1978 5083 2130 5139 hunc
2145 5087 2331 5138 actum
2348 5079 2419 5139 ad
2435 5081 2665 5150 tale,vel
2682 5081 2794 5137 tale
2812 5080 3118 5153 praemium
3130 5123 3143 5145 ‚

3139 1880 3325 1936 Respon-

3206 1938 3285 1973 810.
