3647 5753
1454 408 1632 465 mse.
1676 408 1771 479 vr,
1814 409 1980 467 mm.
2023 410 2091 468 v.

267 574 724 644 perseverantia
765 576 996 650 respicit
1047 593 1150 651 per
1198 594 1259 636 se
1287 578 1478 654 primo
1517 596 1659 637 con-

259 654 645 727 junctionem
673 661 872 735 gratiae
897 677 1026 717 cum
1048 662 1248 736 gloria,
1280 668 1553 736 tanquam
1579 663 1659 723 ef·

267 736 502 796 fectum
555 756 588 797 a
625 758 686 798 se
732 742 1178 817 inseparabilem
1212 769 1225 814 ;
1276 751 1426 819 quod
1455 753 1654 806 tamen

268 836 408 878 non
439 823 706 878 convenit
730 824 929 898 gratiae
949 825 1251 895 habituali,
1281 844 1390 885 nec
1414 828 1655 902 praedic-

267 900 359 957 tis
389 902 648 960 auxiliis,
684 904 883 961 Differt
904 906 1076 963 etiam
1101 923 1132 964 a
1172 907 1323 966 dono
1342 910 1654 968 confirma-

264 981 500 1039 tionis:
525 984 715 1057 primo
728 987 862 1058 quia
885 991 1311 1060 perseverantia
1337 995 1421 1047 est
1436 991 1652 1049 donum

271 1065 563 1124 omnibus
606 1068 1026 1141 praedestinatis
1052 1086 1361 1130 commune
1387 1097 1402 1141 ;
1431 1073 1651 1131 donum

266 1166 427 1208 vero
464 1150 922 1213 confirmationis
964 1158 1155 1214 solum
1194 1158 1468 1214 convenit
1515 1159 1653 1233 qui-

266 1233 527 1291 busdam
550 1235 760 1305 electis,
791 1243 855 1294 ut
880 1240 946 1296 B.
975 1240 1225 1315 Virgini,
1251 1248 1308 1299 et
1327 1243 1612 1314 Apostolis
1632 1266 1648 1311 3

266 1315 533 1374 secundo
574 1318 709 1390 quia
749 1323 1178 1392 perseverantia
1201 1339 1318 1380 non
1359 1324 1520 1381 addit
1546 1340 1649 1380 su-

267 1413 387 1471 pra
416 1400 665 1468 gratiam
683 1400 900 1474 aliquid
931 1401 1310 1461 intrinsecum
1333 1404 1645 1474 habituale3

266 1480 644 1540 confirmatio
684 1490 875 1541 autem
904 1486 1176 1558 importat
1199 1488 1436 1544 modum
1463 1505 1649 1561 quen-

267 1565 416 1623 dam
439 1568 818 1625 intrinsecum
840 1569 1213 1637 habitualem,
1243 1572 1466 1629 ratione
1487 1573 1574 1646 cuj
1584 1590 1649 1628 us

267 1649 467 1723 gratia
493 1650 556 1705 in
576 1650 764 1724 seipsa
792 1650 1106 1723 perficitur,
1134 1659 1191 1710 et
1217 1653 1401 1727 exigit
1423 1655 1648 1711 auxilia

268 1728 525 1787 efficacia
577 1729 646 1786 ad
692 1747 989 1805 nunquam
1033 1732 1437 1790 deficiendum.
1511 1737 1648 1800 Quae

270 1811 480 1868 omnia
508 1811 679 1867 latius
706 1814 1078 1887 exposuimus
1120 1815 1241 1872 loco
1268 1815 1459 1872 citato.

44 1890 210 1940 Quem
338 1896 437 1950 88.
458 1896 542 1951 Ex
570 1894 776 1968 quibus
809 1895 1159 1962 fit,effectum
1185 1899 1483 1971 proprium
1507 1898 1644 1956 doni

44 1938 230 2033 sia

68 2043 176 2082 mm
272 1976 727 2047 perseverantiae
749 1977 980 2049 proprie
1002 1976 1182 2044 dictae,
1204 1994 1322 2035 non
1336 1979 1645 2037 consistere

270 2053 620 2125 formaliter,
653 2065 716 2114 ut
741 2057 975 2130 quidam
1029 2064 1348 2126 autumant,
1399 2060 1464 2116 in
1510 2059 1644 2115 diu-

268 2140 452 2194 turna
496 2141 699 2214 gratiae
727 2142 1147 2214 permanentia,
1192 2142 1314 2199 sive
1343 2159 1644 2200 conserva-

272 2219 435 2276 tione
459 2223 718 2293 passiva;
748 2221 845 2277 sed
887 2223 950 2278 in
978 2238 1045 2279 ea
1086 2222 1310 2295 passiva
1340 2224 1644 2296 persisten-

272 2300 376 2366 tia,
409 2318 521 2374 qua
545 2302 732 2376 gratia
760 2319 876 2360 non
905 2302 1094 2359 deficit
1117 2310 1249 2361 ante
1268 2303 1641 2378 gloriam,sed

270 2381 388 2455 ipsi
417 2383 813 2440 infallibiliter
840 2386 1215 2442 connectitur.
1249 2388 1453 2443 Plures
1479 2387 1639 2445 enim

273 2463 529 2532 fuerunt,
557 2466 654 2538 qui
681 2469 896 2520 statum
924 2466 1125 2539 gratiae
1172 2467 1342 2541 longo
1384 2472 1641 2539 tempore

271 2552 714 2608 conservarunt.
745 2550 801 2603 et
842 2552 1037 2604 tamen
1069 2562 1185 2603 non
1231 2563 1640 2619 perseverave-

277 2628 416 2680 runt
435 2624 707 2695 finaliter,
733 2627 832 2684 sed
853 2627 1111 2684 damnati
1139 2634 1273 2683 sunt
1306 2649 1320 2684 ε
1350 2628 1449 2685 alii
1479 2644 1634 2696 ver0,

272 2710 372 2778 qui
396 2710 575 2763 totam
626 2706 744 2764 fere
792 2709 969 2765 vitam
1013 2708 1338 2780 inpeccatis
1375 2713 1633 2777 egerant,

269 2789 450 2844 semel
480 2786 797 2863 justificati,
855 2789 1168 2853 citissime,
1220 2793 1276 2846 et
1320 2789 1639 2846 certissime

269 2868 608 2943 consequuti
649 2875 786 2927 sunt
809 2871 1076 2946 gloriam,
1117 2879 1175 2927 ut
1204 2875 1357 2944 patet
1385 2871 1450 2927 in
1481 2868 1638 2929 bono

272 2949 536 3018 latrone3
604 2956 659 3008 et
711 2951 752 3007 ii
784 2951 1113 3010 habuerunt
1143 2955 1377 3025 proprie
1415 2952 1634 3009 donum

272 3034 734 3105 perseverantiae.
762 3033 871 3091 Sed
912 3035 1043 3090 licet
1065 3035 1169 3090 hoc
1190 3034 1270 3089 ita
1296 3034 1390 3100 sit,
1424 3034 1637 3089 nihilo-

274 3113 469 3169 minus
511 3113 571 3172 in
618 3115 883 3187 praesenti
911 3113 1017 3170 sub
1058 3114 1499 3186 perseverantiae
1527 3127 1636 3168 no-

273 3196 432 3253 mine
478 3212 596 3253 non
641 3199 830 3255 solum
881 3193 1436 3267 comprehendemus
1481 3210 1630 3261 eam,

273 3293 395 3349 quae
421 3277 653 3348 proprie
702 3277 834 3331 talis
872 3281 958 3332 est
1006 3298 1021 3341 ;
1071 3274 1169 3331 sed
1215 3276 1391 3331 etiam
1437 3274 1637 3348 gratiae

275 3357 756 3429 permanentiam,
788 3362 844 3413 et
863 3356 1374 3424 continuationem,
1408 3370 1472 3411 ac
1489 3370 1637 3427 ⁴pas-

274 3437 457 3493 sivam
502 3436 1020 3503 conservationem,
1051 3436 1316 3510 quamvis
1345 3431 1637 3509 prae‘cisive

276 3533 308 3574 a
333 3516 559 3573 decessu
586 3516 748 3573 finali
786 3516 1111 3589 accipiatur,
1146 3521 1448 3588 utramque
1475 3516 1634 3572 enim

276 3598 758 3670 perseverantiam
784 3598 1032 3670 proprie,
1063 3603 1121 3654 et
1160 3597 1478 3669 improprie
1523 3597 1636 3653 dic-

277 3684 391 3736 tam
431 3678 617 3735 eidem
648 3678 985 3737 resolutioni
1025 3677 1411 3754 subjiciemus.
1441 3681 1509 3733 Et
1534 3693 1635 3735 eo-

72 3755 235 3807 nug
279 3761 407 3818 dem
430 3761 551 3819 fere
578 3761 747 3819 modo
767 3778 829 3818 se
854 3761 1028 3836 gessit
1057 3764 1122 3818 D.
1158 3763 1396 3834 August.
1430 3760 1525 3817 lib.
1569 3762 1635 3817 de

281 3843 411 3899 bono
428 3844 860 3917 perseverantiae,
893 3860 1011 3914 cap.
1053 3844 1097 3907 l,
1147 3840 1243 3897 ubi
1273 3841 1398 3898 ait:
1436 3841 1548 3900 Sed
1567 3860 1635 3898 ne

279 3928 563 4003 quisquam
583 3925 892 3988 reluctetur,
917 3929 965 3976 et
992 3924 1142 3978 dicat
1170 3940 1187 3975 :
1233 3921 1303 3979 Si
1340 3940 1412 3977 ea:
1432 3941 1536 4002 quo
1560 3925 1634 3996 fi·-

278 4009 407 4064 delis
426 4010 648 4085 quisque
669 4007 852 4079 factus
872 4014 966 4073 est,
982 4009 1131 4062 vixit
1157 4022 1213 4062 υ.
1240 4022 1295 4076 9.
1325 4006 1503 4062 decem
1524 4025 1634 4062 au-

280 4107 388 4160 nos,
418 4098 680 4147 eteorum
720 4088 897 4144 medio
950 4096 1184 4162 tempore
1209 4106 1245 4143 a
1285 4086 1390 4153 fide
1443 4089 1633 4161 tapsus

278 4179 366 4238 est,
398 4189 575 4227 nonne
601 4173 839 4248 quinque
859 4187 1034 4226 annos
1054 4170 1424 4242 perseveravit
1448 4169 1481 4223 P
1500 4168 1633 4225 Non

280 4255 529 4314 contendo
573 4256 637 4310 de
678 4253 856 4309 verbis
879 4298 891 4319 ,
942 4255 1067 4308 siet
1095 4253 1197 4308 illa
1216 4254 1630 4325 perseverantia

276 4345 503 4414 putatur
528 4354 639 4392 esse
668 4336 919 4400 dicenda,
940 4341 1207 4413 tanquam
1234 4335 1491 4407 temporis
1514 4337 1625 4402 sui3

284 4424 418 4478 hanc
442 4425 596 4486 certe,
624 4419 690 4474 de
847 4433 993 4472 nunc
1018 4419 1254 4487 aqimus,
1277 4433 1627 4489 perseveran-

284 4504 429 4567 tiam,
449 4517 558 4579 qua
587 4500 647 4554 in
741 4500 916 4556 bristo
948 4504 1327 4569 perseveratur
1373 4498 1629 4571 usquein

288 4585 457 4656 finem,
486 4580 642 4636 nullo
672 4581 831 4635 modo
852 4577 1107 4635 habuisse
1126 4578 1386 4633 dicendus
1403 4583 1498 4643 est,
1531 4577 1629 4654 qui

285 4682 385 4721 non
418 4663 842 4737 perseveraverit
861 4678 1029 4737 usque
1048 4663 1109 4716 in
1147 4659 1332 4725 finem.

44 4769 47 4777 ·
96 4758 274 4803 Perseve-
351 4742 653 4818 Loquendo
681 4742 858 4817 igitur
902 4741 972 4799 de
1019 4739 1449 4815 perseverantia
1475 4737 1628 4796 adae-

44 4831 50 4862 ’ν
121 4806 240 4852 ‘¹⁰¹¹'
285 4834 439 4904 quate
485 4831 725 4900 accepta,
773 4830 941 4899 prout
979 4825 1374 4898 complectitur
1412 4827 1626 4880 statum

97 4857 269 4910 adaqua-

44 4923 48 4946 ²
98 4911 502 4988 mmo-justitiae
523 4928 556 4966 a
587 4909 778 4982 prima
803 4907 990 4981 gratia
1018 4922 1195 4980 usque
1241 4905 1312 4962 ad
1352 4904 1626 4961 ultimum

44 4997 53 5034 ³
98 4963 578 5058 oiilffihauxilium,
610 4995 827 5049 certum
850 4989 1093 5046 omnino
1113 4994 1216 5054 est,
1248 4987 1395 5061 quod
1424 4984 1495 5044 de
1517 4987 1626 5044 fac·

44 5083 51 5118 2
114 5056 260 5102 merito.
285 5083 335 5136 to
358 5091 524 5135 nemo
551 5074 810 5129 meretur
833 5068 946 5125 sibi
986 5067 1057 5126 de
1080 5068 1363 5144 condigno
1408 5067 1626 5126 donum

3044 405 3146 463 851

1793 583 2259 655 perseverantias.
2290 583 2577 648 Quoniam
2600 580 3029 656 perseverantia
3075 580 3156 637 ita

1792 672 2015 740 accepta
2059 668 2456 741 complectitur
2512 668 2699 740 ipsam
2744 664 2994 737 primam
3021 681 3156 738 gra-

1791 746 1932 804 tiam
1951 747 2380 822 justificantem,
2411 754 2468 806 et
2495 747 2685 819 prima
2708 745 2926 803 auxilia
2962 751 3156 802 actua-

1791 829 1889 895 lia,
1922 846 2048 903 quae
2100 831 2397 888 neminem
2449 827 2761 887 secundum
2812 831 3153 900 praesentem

1790 909 2218 983 providentiam
2235 911 2345 968 sibi
2373 911 2443 968 de
2463 908 2747 983 condigno
2762 908 2976 965 mereri
2994 922 3158 964 cons-

1786 998 1871 1050 tat
1894 1010 1967 1052 ex
1992 1011 2167 1069 supra
2193 994 2360 1051 dictis
2378 993 2506 1050 dub.
2547 992 2594 1059 1,
2626 1009 2660 1047 a
2681 1008 2833 1047 num.
2874 993 2920 1048 l.
2965 993 3152 1049 Immo

1787 1091 1927 1132 vero
1940 1092 2011 1133 ex
2034 1077 2249 1135 ibidem
2271 1075 2438 1132 dictis
2455 1071 2895 1148 supponendum
2922 1073 2984 1129 in
3002 1088 3152 1146 pree-

1785 1156 1938 1212 senti
1959 1161 2062 1224 est,
2098 1157 2251 1229 quod
2283 1172 2389 1214 nec
2434 1171 2536 1230 per
2578 1153 2893 1229 potentiam
2917 1153 3016 1210 Dei
3046 1151 3151 1209 ab-

1784 1237 2034 1295 solutam
2073 1237 2202 1296 fieri
2233 1238 2428 1311 possit,
2465 1241 2525 1292 ut
2567 1236 2697 1310 quis
2741 1233 2812 1290 de
2864 1234 3153 1310 condigno

1783 1315 1895 1373 sibi
1923 1324 2215 1376 mereatur
2245 1317 2736 1392 perseverantiam
2756 1316 2819 1371 in
2842 1315 2947 1372 hac
2963 1329 3151 1385 accep-

1785 1399 1941 1457 tione
1967 1399 1987 1467 ;'
2005 1418 2143 1458 nam
2168 1407 2229 1457 ut
2247 1418 2315 1459 eo
2342 1402 2464 1458 loco
2485 1399 2862 1465 ostendimuS,
2889 1396 3151 1470 implicat

1784 1481 2036 1554 aliquem
2063 1482 2175 1539 sibi
2222 1483 2293 1540 de
2337 1482 2624 1557 condigno
2651 1481 2869 1537 mereri
2894 1480 3148 1552 primam

1781 1563 2028 1636 gratiam
2044 1562 2473 1637 iustificantem,
2494 1579 2620 1637 quae
2642 1566 2836 1617 tamen
2858 1560 2922 1615 in
2951 1574 3148 1632 perse-

1783 1646 2048 1704 verantia
2071 1645 2360 1718 adaequate
2371 1650 2599 1718 sumpta
2614 1641 3146 1716 comprehenditur.

1781 1727 1891 1784 Sed
1915 1728 2051 1800 quia
2079 1733 2196 1785 tam
2212 1727 2527 1785 secundum
2554 1727 2964 1801 proprietatem
2986 1740 3148 1782 voca-

1781 1807 1926 1875 buli,
1952 1826 2125 1882 quam
2140 1809 2453 1867 secundum
2475 1825 2843 1867 communem
2869 1808 3149 1879 acceptio-

1781 1906 1916 1947 nem
1942 1893 2372 1964 perseverantia
2399 1891 2672 1965 supponit
2691 1897 2903 1946 statum
2925 1888 3144 1962 gratiae,

1779 1977 1836 2028 et
1857 1972 2025 2045 hujus
2052 1973 2440 2038 existentiam,
2496 1977 2553 2028 et
2604 1970 2880 2045 importat
2928 1966 3149 2041 aliquid

1781 2050 1891 2124 ipsi
1922 2051 2255 2126 adjunctum
2287 2070 2305 2117 ς
2356 2051 2570 2108 idcireo
2597 2050 2782 2107 adhuc
2802 2049 3152 2107 examinan-

1778 2132 1919 2191 dum
1941 2141 2216 2209 superest,
2248 2152 2324 2192 an
2339 2136 2632 2208 supposito
2647 2132 2794 2207 quod
2823 2133 2995 2189 homo
3016 2147 3149 2189 om-

1781 2216 1926 2275 nino
1958 2219 2141 2289 gratis
2170 2222 2505 2290 assequutus
2537 2216 2711 2274 fuerit
2749 2215 2998 2290 gratiam
3020 2214 3148 2288 jus-

1775 2299 2106 2366 tifactionis,
2159 2300 2336 2372 possit
2376 2298 2588 2378 mediis
2638 2297 2910 2372 operibus
2942 2312 2974 2352 a
3003 2311 3150 2368 prae·

1776 2380 1927 2438 dicta
1951 2382 2138 2456 gratia
2176 2382 2384 2439 elicitis
2429 2381 2645 2438 mereri
2688 2378 2800 2437 sibi
2830 2379 2900 2436 de
2940 2376 3147 2434 condi-

1776 2479 1896 2536 gno
1916 2463 2382 2536 permanentiam
2406 2464 2469 2519 in
2500 2462 2769 2536 praedicto
2795 2467 2944 2518 statu
2972 2474 3149 2532 usque

1775 2542 1846 2599 ad
1891 2545 2093 2619 gloriae
2138 2545 2619 2617 assequutionem,
2673 2546 2763 2602 vel
2808 2544 3012 2599 saltem
3069 2555 3144 2596 an

1776 2625 2107 2697 promereri
2136 2626 2324 2683 valeat
2348 2626 2847 2683 conservationem
2877 2624 3138 2679 futuram

1776 2705 2069 2780 praedictas
2097 2709 2298 2781 gratiae
2319 2724 2423 2782 pro
2451 2709 2648 2781 aliqua
2692 2707 3001 2763 duratione
3044 2720 3138 2760 se-

1771 2787 2023 2860 quenti?

1844 2871 2016 2927 89.Et
2036 2870 2100 2927 in
2122 2869 2227 2928 hoc
2244 2888 2413 2931 sensu
2432 2876 2493 2929 ut
2515 2871 2754 2930 omnino
2775 2873 2994 2929 certum
3010 2885 3149 2940 sup·
3163 2875 3230 2918 An
3245 2874 3365 2919 inact-

1771 2953 2058 3026 ponimus,
2092 2954 2389 3011 neminem
2436 2954 2507 3011 de
2554 2955 2718 3022 facte,
2749 2958 2806 3010 et
2831 2951 3146 3010 secundum
3174 2931 3339 3029 {ffiffi

1772 3048 2141 3089 communem
2190 3033 2618 3106 providentiam
2666 3033 2883 3090 mereri
2933 3031 3047 3088 sibi
3076 3026 3356 3088 denudatae

1768 3110 2056 3185 condigno
2079 3115 2572 3183 perseverantiam
2589 3113 2821 3186 proprie
2834 3117 3139 3186 acceptam,
3159 3074 3369 3169 ssgffigffb

1771 3190 1899 3245 sive
1927 3189 2350 3262 persistentiam
2379 3193 2581 3265 gratiae
2612 3207 2788 3264 usque
2832 3190 2901 3247 ad
2944 3191 3145 3266 gloriae

1773 3269 2260 3341 assequutionem.
2291 3273 2441 3328 Tum
2481 3272 2616 3345 quia
2656 3271 2715 3327 id
2761 3273 2899 3328 satis
2948 3278 3144 3345 aperte

1769 3347 2058 3422 significat
2078 3351 2294 3408 Concil.
2340 3351 2605 3409 Trident.
2656 3370 2782 3408 sess.
2810 3354 2865 3417 6,
2892 3369 3013 3424 cap.
3052 3354 3133 3418 13,
3159 3344 3349 3440 fflgfflg·

1773 3428 1875 3485 ubi
1900 3446 2075 3505 agens
2119 3430 2189 3489 de
2230 3431 2335 3489 hoc
2361 3433 2804 3506 perseverantias
2845 3431 3014 3498 dono,
3044 3433 3142 3489 in-

1768 3511 1894 3585 quit
1920 3532 1933 3567 2
1962 3511 2119 3584 Quod
2139 3513 2356 3590 quidem
2372 3516 2598 3571 aliunde
2617 3515 2807 3570 haberi
2824 3531 2932 3568 non
2949 3522 3139 3587 potest,

1768 3596 1883 3651 nisi
1907 3594 1976 3650 ab
2008 3613 2085 3666 eo,
2118 3598 2214 3674 qui
2233 3605 2425 3670 potens
2462 3606 2537 3654 est
2563 3616 2686 3654 eum
2730 3600 2825 3676 qui
2849 3604 2985 3664 stat,
3020 3604 3143 3653 sta-

1768 3683 1919 3732 tuere
1938 3684 2000 3732 ut
2031 3687 2441 3750 perseveranter
2460 3686 2579 3746 stet,
2624 3687 2674 3735 et
2701 3697 2822 3736 eum
2848 3681 2945 3756 qui
2969 3678 3140 3744 cadit,

1767 3761 2071 3816 restituere.
2103 3760 2162 3815 Si
2190 3765 2380 3817 autem
2405 3760 2593 3834 justus
2642 3760 2961 3818 secundum
2990 3776 3144 3832 prae-

1768 3842 2452 3915 sentem-providentiam
2477 3849 2662 3918 posset
2691 3843 2906 3900 mereri
2932 3841 3044 3899 sibi
3067 3842 3137 3900 de

1767 3922 2061 3997 condigno
2089 3928 2606 3998 perseverantiam,
2640 3926 2757 3982 haec
2798 3941 2915 3981 non
2943 3930 3090 3982 esset
3111 3941 3144 3981 a

1765 4005 1891 4061 solo
1915 4006 2048 4072 Dee,
2081 4005 2180 4063 sed
2202 4007 2426 4065 etiama
2442 4009 2615 4082 justo,
2637 4008 2735 4081 qui
2764 4008 2927 4064 illam
2958 4007 3022 4064 in
3045 4023 3142 4064 ra-

1766 4085 1927 4142 tione
1956 4087 2181 4159 praemii
2210 4089 2514 4146 moraliter
2540 4088 2803 4147 efficeret.
2826 4090 2895 4144 Et
2917 4086 3138 4160 ponde-

1764 4165 2019 4222 randum
2047 4173 2153 4234 est,
2203 4167 2354 4242 quod
2382 4169 2705 4226 Concilium
2733 4168 2933 4226 eodem
2967 4167 3137 4225 modo

1765 4249 2029 4323 loquitur
2056 4251 2127 4309 de
2157 4253 2609 4326 perseverantia,
2636 4270 2700 4310 ac
2718 4251 2789 4309 de
2831 4251 3144 4325 reparatio—

1764 4347 1838 4388 ne
1867 4339 1992 4405 post
2020 4335 2252 4406 lapsum
2274 4351 2448 4407 quam
2491 4342 2709 4392 certum
2753 4334 2998 4391 omnino
3022 4339 3129 4400 est,

1763 4414 2063 4472 neminem
2086 4414 2199 4471 sibi
2221 4415 2292 4473 de
2318 4416 2605 4490 condigno
2633 4416 2869 4481 mereri,
2900 4420 2960 4471 ut
2983 4431 3140 4472 cons·

1762 4500 1845 4574 tat
1864 4512 1934 4553 ex
1954 4514 2130 4570 supra
2150 4497 2317 4555 dictis
2342 4517 2494 4555 num.
2511 4500 2603 4556 63.
2627 4501 2775 4555 Tum
2793 4499 2986 4567 etiam,
3003 4499 3141 4572 quia

1762 4577 1822 4634 id
1872 4580 2061 4652 ipsum
2106 4580 2465 4655 significatur
2509 4581 2573 4637 in
2623 4598 2785 4638 sacra
2819 4582 3134 4653 Scriptura,

1761 4676 1891 4716 cum
1923 4661 2255 4735 frequenter
2303 4663 2414 4719 soli
2443 4664 2557 4720 Deo
2604 4663 2871 4720 attribuit
2917 4661 3138 4719 benefi-

1760 4740 1917 4796 cium
1940 4742 2370 4813 perseverandi,
2405 4749 2467 4799 ut
2486 4744 2651 4800 Joan.
2704 4746 2767 4800 15
2794 4766 2808 4800 ε
2837 4743 2958 4813 Eyo
2975 4746 3274 4816 poseium,
3292 4771 3354 4815 15.

1748 4838 1875 4903 ⁹vos,
1909 4830 1971 4878 ut
1990 4826 2148 4892 eatis,
2180 4830 2230 4879 et
2253 4826 2500 4898 fructum
2544 4827 2817 4898 afferatis,
2851 4832 2900 4879 et
2919 4825 3139 4897 fructus

1761 4910 1937 4960 vester
1962 4912 2201 4961 maneat.
2221 4906 2290 4960 Et
2321 4906 2538 4964 Psalm.
2579 4909 2664 4963 16:
2696 4906 2899 4978 Perfice
2921 4922 3139 4976 messus
3172 4930 3325 4975 pum,

1760 5005 1905 5044 meos
1926 4989 1985 5042 in
2011 4990 2220 5044 semitis
2244 4990 2375 5056 tuis,
2402 4996 2465 5045 ut
2491 5007 2602 5045 non
2622 4996 2951 5045 moveantur
2968 4989 3138 5046 vesti-
3222 4983 3285 5024 ¹⁶·

1763 5072 1860 5140 ,qia
1883 5086 2028 5127 mea.
2053 5067 2139 5123 Ad
2163 5069 2330 5126 Rom.
2361 5070 2431 5125 4:
2463 5070 2546 5127 Tu
2565 5071 2662 5149 qui
2698 5087 2771 5137 es,
2804 5073 3138 5145 quiyudicas
3150 5095 3332 5141 Rom.4.
