3647 5753
564 405 672 460 132

559 573 751 646 inquit
782 596 795 630 ε
832 598 858 629 α
903 579 986 635 Ex
1033 584 1386 654 praescientia
1426 589 1526 645 Dei
1579 606 1697 648 non
1743 595 1924 663 potest

561 676 595 706 Διι
623 656 902 724 concludi,
928 662 1074 732 quod
1098 669 1253 721 actus
1276 670 1455 726 nostri
1478 670 1595 727 sint
1616 673 1921 730 necessarii

571 757 595 788 α
628 738 956 798 necessitate
982 742 1258 813 absoluta,
1285 766 1409 822 quae
1434 749 1645 809 dicitur
1674 755 1923 812 necessi-

560 839 595 869 «α
626 821 710 874 tas
734 827 1161 895 consequentis;
1204 830 1303 887 sed
1344 835 1675 892 necessitate
1720 835 1925 894 condi-

562 921 597 951 ·«
630 900 863 968 tionata,
889 922 1012 977 quae
1026 907 1234 966 dicitur
1258 915 1559 985 necessitas
1580 933 1926 991 consequen·

566 1001 599 1031 *a
630 979 738 1037 tiae.
767 1001 793 1033 »
827 986 961 1048 Quae
999 987 1292 1048 distinctio
1326 996 1676 1053 necessitatis
1720 1013 1924 1055 conse-

556 1062 811 1132 quentis,
843 1071 899 1120 et
924 1076 1339 1143 consequentiae
1364 1077 1638 1151 vulgaris,
1669 1085 1726 1135 et
1746 1078 1927 1135 famo-

559 1157 629 1196 ·sa
661 1149 782 1198 erat
817 1146 964 1218 apud
1011 1152 1379 1212 Scholasticos
1420 1159 1703 1231 antiquos,
1747 1165 1803 1216 et
1855 1159 1925 1215 ad

569 1237 740 1292 quam
768 1228 1060 1285 contendit
1104 1234 1434 1292 Waldensis
1473 1244 1588 1295 toto
1631 1239 1734 1296 illo
1776 1238 1929 1296 libro

572 1303 839 1363 reducere
882 1311 1244 1380 Wiclefistas,
1294 1319 1391 1389 qui
1439 1336 1567 1377 eam
1618 1320 1922 1395 negabant,

570 1383 818 1444 dicentes
834 1394 1029 1449 omnia
1050 1396 1285 1452 evenire
1304 1401 1631 1461 necessitate
1647 1401 1923 1460 absoluta.

388 1480 524 1538 wag·
648 1468 794 1525 Tum
841 1471 1106 1546 denique,
1163 1482 1219 1531 et
1265 1480 1574 1553 praecipue;
1627 1483 1765 1555 quia
1806 1484 1930 1556 ipse

347 1531 535 1632 ᾯῗξὲῗξῖ
574 1551 903 1612 Waldensis
928 1557 1125 1611 statuit
1148 1561 1535 1619 necessitatem
1559 1563 1773 1620 divinae
1793 1580 1930 1641 gra-

345 1630 539 1722 ffiffig?
572 1635 665 1691 tiae
683 1634 937 1702 efficaciS,
965 1636 1034 1693 ad
1055 1655 1227 1710 quam
1254 1640 1642 1702 infallibiliter
1661 1652 1932 1719 sequatur

533 1710 542 1719 ’
574 1722 768 1774 nostra
789 1720 1043 1789 operatio
1084 1721 1283 1779 libera.
1319 1727 1466 1781 Nam
1512 1732 1807 1801 postquam
1867 1728 1931 1784 in

574 1797 723 1854 libro
750 1796 1083 1855 doctrinalis
1106 1802 1262 1859 Fidei
1306 1806 1569 1880 antiquae,
1602 1807 1930 1864 libertatem

572 1878 1008 1946 nostrissarbitrii
1050 1888 1249 1942 contra
1287 1888 1649 1956 ManichaeOS,
1694 1895 1750 1946 et
1797 1890 1932 1945 Wi-

570 1959 810 2016 clefistas
831 1966 1041 2018 tutatus
1064 1963 1269 2032 fuerat,
1295 1966 1566 2043 deinceps
1587 1972 1650 2027 in
1682 1970 1833 2027 libro
1861 1970 1932 2027 de

570 2041 1089 2099 sacramentalibus
1135 2048 1426 2121 negotium
1477 2051 1693 2108 divinae
1731 2052 1933 2127 gratias

571 2122 863 2194 operosius
884 2124 1016 2199 agit,
1044 2131 1099 2181 et
1116 2127 1282 2199 plura
1307 2128 1465 2188 docet
1484 2149 1609 2206 quas
1625 2150 1754 2190 cum
1776 2133 1933 2206 prin-

571 2203 736 2276 cipiis
756 2205 1005 2263 scientiae
1028 2208 1232 2269 mediae
1253 2219 1405 2270 stare
1430 2221 1739 2286 nequeunt.
1767 2213 1934 2271 Unde

572 2285 739 2342 titulo
768 2287 813 2352 l,
838 2302 960 2359 cap.
990 2288 1044 2353 9,
1078 2288 1265 2365 inquit
1293 2315 1305 2349 ε
1337 2317 1362 2346 ι(
1393 2295 1548 2350 Sicut
1574 2295 1713 2351 dicit
1750 2298 1936 2367 Apos-

581 2387 605 2416 «
634 2366 803 2426 tolus,
835 2366 899 2420 in
932 2370 1092 2425 omni
1121 2373 1478 2446 cogitatione,
1529 2378 1586 2429 et
1629 2390 1800 2447 opere
1841 2372 1934 2429 di-

582 2465 606 2496 «
635 2459 829 2500 camus
857 2446 1072 2521 singuli
1104 2454 1270 2509 :Non
1312 2469 1433 2527 ego,
1476 2453 1574 2510 sed
1607 2454 1792 2528 gratia
1834 2453 1934 2510 Dei

583 2547 610 2577 α
641 2541 883 2582 mecum.
912 2528 970 2584 Id
999 2537 1100 2596 est,
1133 2549 1249 2590 non
1278 2550 1379 2608 ego
1419 2534 1536 2591 haec
1573 2551 1799 2608 operor,
1837 2535 1935 2591 sed

585 2627 612 2655 «
641 2605 827 2677 gratia
855 2607 950 2671 Dei
970 2625 1191 2666 mecum
1221 2628 1376 2668 :non
1415 2628 1517 2687 ego
1555 2613 1789 2686 quidem
1822 2614 1939 2671 haec

592 2707 615 2736 a
646 2684 845 2758 cogito,
870 2687 967 2744 sed
987 2692 1172 2763 gratia
1201 2693 1299 2748 Dei
1322 2709 1544 2749 mecum
1562 2695 1678 2751 haec
1697 2696 1934 2770 cogitat:

591 2786 615 2816 «
648 2764 765 2820 imo
793 2767 1060 2842 necghanc
1088 2772 1267 2827 vitam
1299 2788 1401 2846 ego
1438 2775 1591 2839 vivo,
1634 2773 1732 2831 sed
1752 2775 1940 2848 gratia

591 2865 615 2895 «
648 2843 745 2900 Dei
770 2860 1013 2904 mecum.
1046 2850 1191 2909 Vivo
1210 2867 1336 2926 ego,
1356 2854 1475 2928 J'am
1499 2870 1616 2911 non
1636 2870 1738 2929 ego
1761 2855 1941 2911 :vivit

592 2947 614 2978 α
645 2930 834 2982 autem
858 2928 920 2983 in
946 2946 1038 2987 me
1059 2933 1340 2992 Christus,
1367 2957 1391 2987 »
1426 2938 1566 2992 Cum
1589 2943 1783 2993 tamen
1812 2954 1942 2994 nos·

586 3008 661 3063 tri
685 3007 1014 3068 Adversarii
1055 3023 1465 3089 consequenter
1493 3018 1563 3075 ad
1590 3035 1695 3075 sua
1722 3020 1943 3092 princi-

589 3088 681 3161 pia
707 3093 1089 3149 communiter
1117 3094 1370 3164 doceant,
1401 3099 1647 3172 gratiam
1679 3115 1794 3156 non
1820 3115 1944 3156 csse

591 3170 938 3244 principium
969 3175 1159 3241 vitale,
1193 3178 1315 3234 sive
1339 3196 1568 3236 causam
1595 3181 1944 3253 operationis

591 3254 816 3315 nostrae,
841 3257 1119 3323 quatenus
1147 3255 1339 3313 vitalis
1358 3263 1474 3325 est;
1504 3257 1600 3315 sed
1630 3260 1817 3316 solum
1849 3260 1945 3317 in-

591 3330 769 3388 fluere
791 3335 1112 3405 partialiter
1136 3337 1197 3393 in
1237 3354 1384 3405 eam,
1427 3344 1705 3413 quatenus
1741 3358 1947 3414 super-

592 3414 1021 3471 naturalitatem
1068 3418 1362 3489 exprimit.
1412 3420 1631 3478 Deinde
1680 3421 1876 3479 subdit
1929 3446 1942 3480 ε

592 3491 788 3549 Adhuc
813 3502 994 3551 tamen
1044 3500 1257 3569 ayitant
1305 3500 1446 3557 illud
1493 3503 1757 3574 primum,
1814 3506 1947 3581 quia

585 3575 826 3645 ylor'iam
865 3595 1067 3634 corona*
1102 3584 1356 3653 promi-sit
1388 3584 1765 3654 vi9ilantibu3,
1807 3586 1950 3662 quod

585 3663 666 3711 est
671 3661 1118 3729 promerentibus
1138 3661 1460 3736 Respondeo,
1479 3666 1620 3740 quod
1625 3666 1716 3721 ille
1731 3668 1944 3739 viyilat,

593 3740 691 3807 qui
714 3737 827 3793 Deo
853 3741 1048 3811 viyilat
1076 3760 1093 3794 .·
1122 3744 1358 3820 qualiter
1397 3746 1594 3816 vi9ilat
1635 3764 1810 3813 neme,
1839 3742 1951 3803 nisi

588 3820 685 3875 cui
692 3824 880 3889 ,qratia
901 3822 1067 3877 donat
1089 3826 1363 3894 viqiliam.
1382 3826 1460 3882 Et
1484 3829 1603 3899 ipsa
1620 3830 1813 3899 viyilia
1822 3846 1952 3900 yra-

589 3900 735 3956 tz'am
756 3904 1009 3968 continet,
1041 3906 1253 3959 ratione
1278 3907 1437 3978 cujus
1473 3907 1690 3964 debetur
1727 3926 1948 3976 corona,

594 4001 710 4060 quae
746 3986 931 4062 utique
967 3992 1043 4039 cst
1087 3989 1306 4055 ¹qratia:
1352 3996 1412 4041 ut
1457 3991 1538 4045 sic
1578 3993 1787 4061 qratia,
1845 4008 1954 4047 non

593 4063 846 4136 operibus
863 4082 959 4137 per
984 4083 1037 4119 se
1072 4069 1258 4135 qratia
1299 4068 1645 4140 rependatur.
1695 4070 1952 4128 Tandem

595 4144 885 4200 concludit
915 4162 928 4196 :
957 4145 1159 4203 Revera
1181 4164 1290 4202 non
1307 4150 1533 4220 sapiunt
1559 4151 1657 4205 hoc
1694 4150 1950 4220 dicentes,

595 4231 806 4299 quanta
834 4243 1062 4280 censura
1090 4227 1411 4283 credendum
1429 4231 1522 4295 sit,
1555 4248 1653 4285 nos
1679 4232 1823 4287 nihil
1848 4232 1957 4287 ka-

597 4304 716 4360 bere
741 4305 885 4370 boni,
935 4306 1076 4383 quod
1121 4325 1227 4362 non
1271 4311 1577 4382 accepimus
1589 4329 1610 4378 ,·
1651 4313 1743 4368 sed
1779 4312 1957 4368 Deum

598 4387 785 4457 omnia
813 4403 967 4456 aqcre
989 4390 1050 4441 iu
1071 4386 1242 4454 nobi-5,
1276 4406 1384 4444 non
1409 4407 1571 4462 opera
1598 4398 1836 4460 tantum,
1867 4392 1958 4447 sed

601 4465 733 4520 velle
754 4469 953 4538 ipsum,
984 4468 1127 4545 quod
1150 4475 1226 4524 est
1251 4471 1592 4543 principium
1612 4476 1807 4547 operis,
1827 4490 1959 4545 per-

602 4546 870 4619 fectionis,
901 4556 950 4603 et
989 4551 1192 4614 meriti,
1235 4551 1411 4620 juxta
1452 4551 1813 4625 Apostolum.'
1840 4551 1959 4610 Hoc

602 4645 727 4697 erqo
753 4628 804 4683 si
820 4637 1087 4701 saperent,
1117 4638 1166 4685 et
1211 4631 1354 4706 quod
1391 4649 1499 4687 non
1538 4649 1611 4688 ex
1652 4651 1705 4689 se
1754 4631 1961 4705 (pende

608 4708 824 4779 verba),
868 4711 958 4765 sed
982 4709 1204 4783 Spiritu
1243 4711 1346 4769 Dei
1390 4719 1650 4783 ayuntur,
1694 4718 1791 4793 qui
1834 4722 1962 4771 sunt

606 4789 712 4860 filii
729 4787 847 4857 Dei,
880 4808 985 4846 non
1008 4792 1381 4864 confidendum
1404 4794 1466 4847 in
1483 4795 1725 4866 propriis
1752 4796 1964 4850 meritis

604 4869 894 4926 scriberent
917 4890 935 4935 ,·
959 4874 1093 4950 quin
1113 4876 1300 4945 potius
1344 4872 1544 4930 bonum
1587 4881 1664 4936 est
1702 4875 1963 4948 confidere

607 4951 669 5005 in
696 4949 950 5018 Domino,
998 4972 1160 5031 quam
1209 4957 1268 5010 in
1310 4954 1544 5020 homine,
1592 4958 1743 5012 omni
1793 4962 1965 5011 mente

608 5048 878 5088 sonarem.
912 5034 986 5090 At
1028 5038 1216 5092 statim
1262 5036 1584 5109 prosiliunt,
1635 5044 1697 5092 ut
1737 5038 1925 5094 dicant
1947 5056 1965 5088 .-

1559 420 1654 474 DE
1692 422 1964 477 GRATIA
2004 425 2344 485 EFFICACI.

2056 595 2205 668 Ouid
2230 617 2351 671 erqo
2367 605 2609 675 proderit
2638 606 2789 662 nobis
2807 609 3004 679 facere,
3036 612 3088 666 si
3105 620 3300 667 cuncta
3322 614 3408 685 fa·

2053 680 2164 734 ciat
2188 680 2351 749 Deus,
2382 691 2433 739 et
2454 688 2653 741 merita
2681 696 2869 744 nostra
2901 708 3012 746 nou
3038 694 3292 761 attendit,
3320 695 3410 748 sed

2049 768 2175 827 yrat
2183 762 2293 816 iam
2310 767 2607 835 operantis,
2626 775 2675 821 et
2696 769 2847 834 velle,
2866 777 2916 825 et
2931 772 3110 841 facere
3128 774 3160 828 Ρ
3178 772 3411 846 Respon-

2055 837 2140 891 det
2161 839 2204 895 A
2218 844 2508 910 uyustinus
2529 844 2622 902 lib.
2651 847 2715 901 de
2751 857 2979 922 corrept.
3022 858 3072 905 et
3101 853 3309 921 yratia,
3338 853 3411 907 ad

2050 920 2430 993 principium:
2456 922 2587 979 Non
2609 943 2663 981 se
2690 931 2873 1006 itaque
2909 931 3136 1001 fallant,
3155 935 3276 1010 ,qui
3321 933 3409 986 di·-

2056 1008 2204 1066 cunt,
2230 1009 2291 1056 ut
2319 1005 2453 1080 quid
2476 1007 2629 1063 nobis
2642 1011 2991 1081 practicatur,
3021 1021 3185 1089 atquc
3220 1016 3413 1087 preaci-

2055 1080 2227 1150 pitur,
2270 1089 2330 1137 ut
2363 1084 2693 1143 declinemus
2736 1107 2772 1144 a
2824 1092 2990 1157 male,
3043 1100 3093 1147 et
3137 1095 3414 1165 faciamus

2059 1160 2276 1228 bonum,
2307 1166 2358 1219 si
2382 1165 2480 1222 hoc
2506 1185 2616 1223 non
2640 1171 2876 1238 aqimus,
2918 1174 3012 1229 sed
3061 1175 3119 1229 id
3160 1177 3312 1242 velle,
3362 1179 3412 1230 et

2058 1246 2275 1313 operari
2303 1243 2449 1301 Deus
2473 1257 2730 1319 operatur
2757 1254 2817 1305 iu
2836 1253 2990 1309 uobis
3025 1255 3056 1308 ,⁹
3089 1254 3201 1313 Sed
3239 1258 3415 1324 potius

2060 1321 2386 1392 intelligant,
2418 1328 2470 1380 si
2491 1328 2600 1398 filii
2624 1338 2769 1398 sunt,
2801 1330 3024 1404 Spiritu
3054 1333 3159 1390 Dei
3202 1353 3258 1390 se
3300 1337 3409 1405 aqi,

2060 1406 2120 1454 ut
2148 1402 2290 1475 quod
2312 1406 2581 1474 ayendum
2599 1415 2694 1474 est,
2724 1419 2995 1480 ayantset
3034 1431 3157 1469 cum
3188 1417 3409 1484 eya-int.

2061 1482 2150 1536 illi
2186 1500 2220 1536 a
2268 1501 2372 1559 quo
2411 1496 2671 1557 ayuntur,
2699 1494 2917 1560 qratias
2934 1502 3104 1563 ayant
3130 1513 3149 1547 .·
3173 1504 3417 1565 aguntur

2060 1563 2225 1623 enim,
2258 1572 2317 1619 ut
2342 1575 2531 1634 ayant,
2561 1587 2667 1625 non
2694 1578 2753 1625 ut
2774 1573 2918 1628 nillil
2937 1583 3106 1643 ayant
3125 1593 3143 1639 ,·
3162 1577 3301 1632 etad
3318 1577 3417 1631 hoc

2062 1645 2139 1697 eis
2158 1647 2476 1711 ostenditur,
2507 1650 2642 1726 quid
2666 1668 2822 1720 aqerc
2846 1653 3086 1722 debeant,
3119 1662 3178 1709 ut
3199 1659 3418 1733 quando

2063 1723 2122 1778 id
2139 1732 2309 1793 ayunt
2329 1731 2469 1782 sicut
2496 1732 2766 1800 ayendum
2784 1742 2879 1802 est,
2908 1736 2967 1790 id
2996 1743 3073 1790 est
3092 1754 3217 1809 cum
3242 1737 3412 1792 dilec-

2062 1807 2224 1870 tione,
2273 1814 2323 1862 et
2366 1809 2729 1880 delectatione,
2770 1817 3003 1885 justitia
3063 1820 3414 1886 suavitatem,

2064 1902 2231 1962 quam
2275 1888 2421 1944 dedit
2461 1890 2749 1960 Dominus,
2805 1904 2865 1952 ul
2908 1900 3025 1969 ejus
3075 1907 3221 1955 terra
3264 1900 3421 1955 daret

2054 1966 2308 2036 fructum
2327 1985 2508 2036 suum,
2538 1976 2800 2045 accepisse
2819 1994 2873 2034 se
2893 1980 3193 2048 yaudeant.

2148 2048 2265 2101 197.
2312 2048 2458 2116 Haec,
2490 2058 2546 2108 et
2572 2053 2687 2109 alia
2731 2072 2858 2127 quae
2897 2059 3237 2124 omittimus,
3281 2060 3419 2115 satis
3447 2053 3643 2135 conice-l

2066 2128 2368 2186 manifeste
2393 2133 2717 2203 ostendunt,
2748 2138 3238 2209 sapientissimum
3262 2141 3421 2198 Wal-
3459 2133 3616 2220 sffi'r‘s’s
3642 2145 3643 2172 ³

2064 2205 2299 2265 deusem
2347 2211 2601 2269 alienum
2633 2232 2863 2287 prorsus
2891 2218 3064 2277 fuisse
3101 2236 3133 2276 a
3169 2222 3423 2278 scientiae
3466 2225 3625 2278 rejici-

2067 2288 2269 2346 mediae
2310 2293 2628 2367 principiis,
2679 2305 2735 2354 et
2765 2315 3060 2373 nunquam
3081 2305 3326 2376 gratiam
3347 2320 3423 2361 ex
3485 2282 3581 2321 ω’·

2066 2385 2125 2425 se
2136 2368 2413 2428 efficacem
2441 2377 2794 2449 negasse,sed
2811 2395 2937 2436 eam
2963 2383 3420 2455 velexpressisse

2066 2449 2294 2520 quando
2335 2454 2533 2525 gratia}
2560 2472 2787 2513 causam
2828 2460 3045 2534 agebat,
3090 2464 3180 2519 vel
3206 2480 3424 2536 suppo-

2067 2528 2265 2593 suisse,
2317 2532 2544 2603 quando
2574 2535 2897 2595 libertatem
2950 2540 3181 2598 arbitrii
3223 2551 3429 2600 contra

2070 2608 2362 2666 haereticos
2384 2616 2793 2688 propugnabat.
2823 2621 2901 2676 Ea
2927 2637 3066 2679 vero
3092 2623 3426 2695 aliquantu-

2072 2688 2192 2744 lum
2221 2687 2400 2745 fusius
2423 2693 2817 2764 produximuS,
2851 2705 2967 2755 tum
3003 2717 3075 2758 ne
3092 2709 3424 2774 pateremur

2072 2773 2352 2836 nostrum,
2379 2778 2436 2827 et
2463 2772 2601 2831 adeo
2626 2792 2861 2849 gravem
2892 2781 3182 2838 Doctorem
3229 2784 3291 2838 in
3318 2799 3427 2839 ex-

2071 2853 2331 2906 traneam
2356 2850 2534 2918 abire,
2567 2856 2656 2911 vel
2677 2857 2799 2932 cogi
2821 2859 3155 2932 opinionem
3184 2868 3345 2919 :tum
3363 2868 3426 2919 ut

2073 2930 2261 3006 Suariyi
2315 2934 2664 3006 conjecturas
2714 2939 3036 2998 evidentius
3087 2943 3430 3017 dispellere-

2076 3027 2204 3066 mus
2236 3035 2248 3078 ;
2273 3018 2414 3079 tum,
2436 3020 2491 3072 et
2519 3018 2819 3090 praecipue,
2854 3038 2926 3078 ne
2951 3022 3216 3096 deinceps
3237 3026 3301 3082 in
3325 3026 3434 3083 hac

2078 3097 2236 3164 parte
2264 3094 2574 3151 Themistis
2594 3099 2963 3171 exprobraret
2991 3105 3437 3164 silentiumne-

2077 3172 2210 3226 tulit
2230 3173 2491 3245 equidem
2541 3178 2775 3235 Suarius
2797 3183 2855 3235 in
2882 3199 3063 3254 opusc.
3102 3185 3197 3241 lib.
3220 3187 3272 3253 3,
3305 3204 3429 3259 cap.

2087 3252 2168 3316 14,
2219 3253 2589 3311 Waldensem
2640 3274 2743 3330 pro
2786 3277 2887 3317 sua
2932 3263 3222 3334 opinione,
3255 3281 3432 3337 quam

2079 3330 2267 3402 ipsum
2291 3333 2438 3389 tueri
2467 3334 2612 3391 dixit
2640 3338 2731 3393 lib.
2781 3341 2824 3404 1,
2868 3340 3103 3398 doctrin.
3135 3362 3169 3398 a
3198 3362 3319 3416 cap.
3352 3345 3428 3399 23

2078 3411 2152 3465 ad
2177 3412 2267 3476 28,
2297 3414 2516 3470 nullam
2541 3421 2733 3473 tamen
2761 3421 2881 3492 ejus
2901 3422 3171 3493 expendit
3192 3430 3432 3480 senten-

2080 3491 2235 3557 tiam,
2265 3494 2494 3549 nullflm
2531 3496 2792 3555 verbum.
2840 3500 3002 3558 Unde
3031 3519 3233 3575 parum
3261 3519 3438 3560 cura-

2084 3578 2219 3630 runt
2244 3574 2551 3632 Themista}
2589 3580 2641 3634 ei
2682 3571 3024 3647 satisfacere,
3054 3584 3152 3640 sed
3190 3601 3436 3659 genera-

2083 3655 2196 3710 lem
2224 3655 2389 3710 illam
2432 3659 2833 3731 allegationem
2855 3664 3077 3735 aequali,
3103 3672 3158 3720 et
3175 3667 3435 3738 generali

2081 3735 2314 3793 silentio
2364 3747 2725 3810 spreverunt.
2781 3743 2903 3799 Sed.
2929 3760 3044 3801 non
3092 3747 3273 3803 multo
3315 3753 3440 3819 post

2083 3817 2302 3873 obitum
2349 3821 2538 3876 Suarii
2559 3866 2572 3889 ,
2622 3824 2717 3895 qui
2771 3828 3007 3901 contigit
3060 3844 3212 3885 anno
3273 3830 3431 3892 1617,

2083 3897 2262 3954 edidit
2300 3901 2540 3957 Alvarez
2581 3904 2757 3962 libros
2781 3909 3254 3981 Responsionum,
3282 3925 3441 3966 anno

2086 3980 2347 4038 videlicet
2398 3985 2553 4049 1622,
2585 3991 2639 4041 et
2665 3987 2758 4042 lib.
2799 3990 2844 4057 1,
2871 4008 2990 4063 cap.
3028 3994 3073 4055 l,
3106 4009 3259 4045 raum.
3284 3992 3378 4057 31,
3405 3995 3439 4060 ἓ

2103 4063 2392 4119 Veniamus
2441 4064 2515 4119 ad
2571 4065 2906 4126 Themistum
2952 4064 3311 4137 [vuldensem.
3343 4073 3442 4147 qui

2086 4148 2197 4216 suit
2224 4147 2314 4200 vir
2338 4146 2600 4215 eruditus,
2630 4157 2727 4206 etc.
2778 4154 2967 4209 Suarii
2997 4154 3334 4228 conjecturis
3354 4170 3444 4210 oc-

2087 4226 2287 4290 currit,
2313 4231 2368 4282 et
2407 4228 2687 4285 'rhomam
2720 4237 2979 4289 nostrum
3009 4234 3445 4309 Augustinianae

2091 4304 2411 4362 vendicavit
2462 4309 2744 4379 opinioni.
2797 4313 2959 4371 Unde
2990 4331 3103 4371 non
3131 4313 3445 4371 admodum

2089 4388 2280 4462 gravis
2309 4387 2415 4443 fuit
2460 4390 2889 4451 Thomistarum
2933 4413 3095 4453 mora
3123 4397 3186 4452 in
3211 4396 3446 4452 satisfa-

2091 4465 2290 4524 ciendo
2316 4466 2682 4529 Adversario.

2175 4549 2294 4604 198.
2339 4549 2496 4613 Quod
2519 4550 2586 4607 ad
2611 4555 2947 4626 capreolum
2976 4556 3191 4622 attinet,
3218 4556 3447 4613 facilius
3459 4578 3644 4632 &m

2093 4627 2274 4685 adhuc
2301 4627 2781 4689 Adversariorum
2804 4635 3446 4707 assertumdispeltitur:
3460 4628 3644 4721 (ἔξω

2095 4711 2214 4784 ipse
2241 4711 2511 4777 enim,uti
2534 4712 2905 4771 fidelissimus
2936 4719 2996 4771 D.
3029 4716 3447 4774 Thomaedisci-
3482 4728 3601 4771 uam

2096 4792 2282 4864 pulus,
2334 4792 2595 4864 pluribus
2624 4795 2683 4850 in
2712 4796 2848 4852 locis
2887 4796 3148 4868 explicat,
3179 4802 3234 4853 et
3256 4779 3644 4871 tuetur-⁵⁶&

2095 4874 2216 4947 ejus
2240 4877 2604 4933 sententiam.
2623 4880 2767 4934 Nam
2790 4879 2917 4940 5122,
2946 4879 3073 4934 dist.
3110 4881 3154 4938 1.
3186 4886 3363 4955 quast..
3391 4882 3446 4946 2,

2095 4962 2205 5010 art.
2248 4957 2292 5019 1,
2323 4957 2560 5023 conclus.
2609 4959 2663 5022 6,
2695 4960 2843 5014 circa
2861 4961 3023 5030 finem
3042 4961 3290 5019 articuli,
3325 4959 3409 5015 ait
3436 4981 3450 5016 ε

2100 5035 2245 5091 Deus
2262 5044 2337 5091 est
2358 5055 2527 5091 causa
2550 5055 2656 5093 non
2679 5040 2853 5094 solum
2874 5046 3148 5103 creatura),
3176 5041 3448 5095 sedetiam

3169 5121 3455 5192 cujuslibet
