3647 5753
509 363 626 420 238

516 539 635 592 tur.
670 537 1010 618 Hujusmodi
1033 543 1116 595 est
1142 540 1426 597 auxilium
1454 541 1754 607 sufficiens,
1780 539 1899 597 da-'

519 623 644 673 tum
668 634 722 674 v.
742 635 798 691 g.
818 618 886 674 ad
904 622 1139 677 unicum
1169 629 1355 679 actum
1377 624 1875 695 supernaturalem

518 697 872 755 eliciendum
913 699 983 756 ab
1010 717 1076 757 ea
1106 704 1375 775 potentia,
1407 703 1470 759 in
1512 719 1623 775 qua
1651 702 1880 759 habitus

519 785 641 836 non
658 780 988 852 praeexistit,
1007 788 1067 838 ut
1083 782 1296 841 ibidem
1313 784 1667 841 ostendimus
1681 790 1878 842 etcum

522 861 820 916 communi
849 861 1278 919 Thomistarum
1306 865 1590 921 sententia
1616 863 1881 921 firmavi·

526 956 678 995 muS.
711 940 799 996 Sic
825 943 1001 998 etiam
1029 944 1602 1016 proportionabiliter
1626 962 1686 1001 se
1714 944 1883 1001 habet

526 1023 814 1079 auxilium
837 1024 1032 1081 efficax
1058 1024 1629 1102 (idemque'intellige
1654 1027 1724 1085 de
1751 1027 1883 1084 aliis
1908 1060 1912 1063 -

530 1105 782 1176 physicis
806 1106 1314 1178 praemotionibus),
1342 1124 1477 1164 nam
1493 1125 1561 1166 ex
1586 1125 1701 1165 una
1723 1113 1885 1182 parte

531 1182 826 1240 reducitur
854 1185 924 1242 ad
951 1202 1130 1260 genus
1150 1189 1459 1260 qualitatis,
1493 1190 1555 1246 in
1581 1208 1692 1264 quo
1718 1206 1886 1247 cons-

532 1264 765 1321 tituitur
794 1281 895 1337 per
920 1283 979 1323 se
1007 1267 1108 1323 illa
1138 1268 1341 1337 virtuS,
1384 1286 1481 1327 seu
1514 1271 1781 1343 potentia,
1814 1269 1887 1326 ad

529 1361 706 1417 quam
751 1345 1252 1405 determinandam
1279 1350 1348 1406 ab
1391 1352 1700 1409 intrinseco
1727 1350 1888 1408 ordi-

533 1431 708 1482 natur
736 1431 908 1483 :etex
930 1427 1043 1483 alia
1072 1436 1231 1502 parte
1259 1446 1375 1486 non
1399 1430 1567 1488 habet
1587 1447 1708 1488 esse
1728 1447 1889 1488 com-

531 1507 771 1578 pletum,
797 1513 851 1563 et
876 1507 1099 1575 stabile,
1130 1509 1227 1565 sed
1256 1516 1435 1567 totum
1457 1513 1578 1586 ejus
1603 1527 1724 1568 esse
1749 1527 1888 1569 con-

528 1586 686 1642 sistit
750 1588 812 1643 in
874 1587 1334 1659 determinando,
1383 1597 1441 1648 et
1484 1592 1767 1650 trahendo
1818 1592 1889 1648 ad

535 1669 950 1740 operationem,
984 1671 1072 1726 cui
1101 1681 1614 1743 commensuratur,
1666 1679 1721 1731 et
1759 1690 1889 1730 cum

532 1764 649 1820 qua
673 1750 976 1807 evanescit.
1004 1753 1137 1815 Quae
1165 1753 1519 1811 attendentes
1558 1755 1887 1820 Thomistae,

531 1828 817 1885 auxilium
841 1828 984 1885 illud
1013 1837 1216 1887 vocant
1240 1838 1296 1890 et
1320 1835 1673 1906 qualitatem,
1689 1841 1743 1892 et
1763 1851 1893 1892 mo-

542 1915 689 1976 tum,
715 1911 837 1967 sive
864 1912 1199 1970 motionem.
1245 1916 1391 1970 Dum
1431 1916 1591 1972 enim
1631 1915 1894 1973 conside-

535 1996 670 2047 rant
695 1991 816 2064 ejus
854 1992 1178 2062 essentiam,
1224 1997 1546 2072 qualitatem
1567 1998 1891 2070 appellant;

534 2072 673 2145 quia
701 2074 764 2128 in
808 2089 869 2130 re
913 2075 1157 2145 qualitas
1195 2083 1296 2144 est,
1349 2078 1481 2135 licet
1525 2078 1889 2151 incompleta.

539 2158 688 2211 Dum
732 2172 872 2213 vero
925 2159 1226 2216 attendunt
1271 2161 1340 2217 ad
1381 2161 1616 2219 modum
1645 2161 1891 2229 essendi,

536 2251 708 2308 quem
739 2236 925 2302 habet,
970 2247 1174 2295 motum
1226 2249 1276 2296 et
1326 2245 1617 2298 motionem
1667 2248 1891 2307 vocant,

535 2317 812 2388 quoniam
840 2333 899 2374 se
921 2317 1090 2376 habet
1116 2320 1184 2376 ad
1225 2321 1408 2377 instar
1448 2329 1635 2379 motus
1654 2346 1669 2390 ;
1714 2338 1898 2395 neque

536 2397 700 2454 enim
723 2397 891 2454 habet
910 2415 1030 2456 esse
1056 2400 1259 2469 fixum,
1294 2419 1429 2459 nam
1462 2420 1579 2461 non
1607 2409 1691 2461 est
1730 2405 1893 2476 prin-

538 2479 756 2552 cipium
815 2479 1107 2538 habituale
1173 2484 1426 2556 plurium
1473 2486 1893 2558 operationum,

543 2560 643 2617 sed
672 2559 797 2615 ssuit
817 2577 946 2616 cum
975 2564 1323 2635 operatione,
1358 2564 1428 2620 ad
1447 2582 1619 2637 quam
1648 2582 1898 2638 praemo-

538 2644 653 2697 vet.
686 2644 868 2705 Quam
890 2640 1230 2708 doctrinam,
1256 2645 1400 2700 sicut
1419 2652 1473 2700 et
1495 2646 1763 2718 loquendi
1786 2647 1900 2703 for-

539 2721 728 2777 mulas
780 2720 850 2776 ab
889 2723 1158 2795 Angelico
1198 2726 1432 2781 Doctore
1486 2733 1895 2799 susceperunt;

542 2815 682 2855 nam
711 2803 770 2855 in
809 2809 988 2876 quoest.
1015 2803 1070 2869 3,
1119 2803 1183 2858 dc
1219 2808 1486 2876 potentia,
1536 2816 1645 2865 art.
1693 2811 1749 2878 7,
1802 2807 1900 2863 ubi

544 2881 853 2937 manifeste
873 2883 985 2951 (vel
1008 2883 1131 2956 ipso
1151 2885 1353 2942 Suario
1373 2888 1735 2960 concedente)
1756 2904 1902 2945 asse-

545 2959 624 3015 rit
653 2961 1083 3031 praemotionem
1131 2964 1443 3038 physicam,
1502 2974 1695 3040 aperte
1743 2967 1903 3025 docet

540 3054 665 3096 esse
690 3041 1049 3113 qualitatem.
1079 3044 1168 3111 Id,
1202 3045 1405 3118 inquit,
1462 3049 1657 3126 quoda
1700 3048 1809 3104 Deo
1840 3050 1903 3120 fit

545 3123 607 3175 in
627 3139 685 3176 re
710 3125 979 3191 naturali,
1002 3143 1105 3200 quo
1124 3129 1420 3185 actualiter
1451 3133 1584 3202 aqit,
1615 3138 1691 3187 est
1719 3139 1778 3187 ut
1808 3133 1903 3187 in-

544 3203 712 3257 tentio
726 3204 864 3270 sola,
896 3204 1098 3261 habens
1116 3224 1225 3263 esse
1246 3210 1629 3282 incompletum
1653 3228 1751 3283 per
1782 3228 1904 3266 mo-

541 3283 695 3352 dum,
729 3302 834 3361 quo
861 3288 1060 3343 colores
1085 3296 1215 3344 sunt
1235 3291 1294 3345 in
1322 3308 1462 3353 aere.
1487 3300 1536 3347 et
1556 3294 1738 3348 virtus
1762 3295 1905 3348 artis

544 3366 607 3419 in
659 3367 1017 3423 instrumento
1069 3372 1318 3442 artificis.
1376 3371 1486 3428 Ubi
1539 3378 1656 3429 tam
1702 3372 1899 3438 verba,

543 3462 719 3519 quam
735 3448 999 3521 exempla
1010 3450 1402 3518 manifestant,
1417 3451 1564 3524 quod
1576 3451 1904 3526 hujusmodi

547 3530 845 3602 praemotio
872 3545 942 3586 ex
962 3534 1247 3589 sententia
1266 3534 1322 3591 S.
1344 3533 1597 3591 Doctoris
1622 3540 1706 3590 est
1724 3533 1907 3607 quali-

352 3637 516 3684 Dsrho.
549 3614 637 3665 tas
659 3608 1021 3682 incompleta.
1050 3613 1115 3666 In
1139 3611 1241 3668 hac
1263 3629 1400 3670 vero
1429 3615 1475 3681 l,
1499 3615 1556 3681 2,
1582 3622 1761 3692 quast.
1780 3616 1797 3668 l
1817 3614 1900 3679 10,

549 3696 661 3746 art.
692 3693 745 3758 2,
781 3692 1015 3747 resolvit
1042 3691 1122 3758 id,
1172 3710 1283 3766 quo
1329 3695 1525 3751 anima
1573 3699 1836 3751 movetur
1874 3709 1908 3750 a

550 3771 667 3828 Deo
693 3770 762 3827 ad
790 3772 1166 3844 operandum,
1193 3794 1299 3832 non
1314 3794 1423 3832 erse
1450 3777 1791 3854 qualitatem,
1816 3775 1909 3831 sed

548 3858 756 3907 motum
783 3853 1053 3930 quendam
1080 3858 1296 3912 animat.
1327 3855 1435 3912 Ubi
1464 3873 1591 3914 eam
1623 3857 1907 3913 rationem

549 3933 844 4005 qualitatis
866 3941 1035 4008 negat
1058 3936 1255 4009 gratiae
1291 3939 1683 4009 praemoventi,
1734 3951 1907 4010 quam

553 4006 816 4069 attribuit
834 4015 1031 4087 gratiae
1054 4014 1354 4084 habituali,
1390 4033 1594 4090 nempe
1623 4017 1908 4074 rationem

551 4093 845 4166 qualitatis
895 4096 1207 4167 completae,
1265 4102 1319 4153 et
1367 4099 1793 4171 permanentis;
1843 4112 1910 4156 eo

551 4174 702 4249 quod
722 4176 909 4250 gratia
938 4192 1294 4248 praemovens
1315 4178 1482 4237 habet
1503 4196 1625 4237 esse
1645 4179 1906 4247 fluidum,

549 4261 609 4314 et
659 4257 1100 4331 incompletum;
1141 4276 1265 4332 quae
1306 4259 1545 4334 proinde
1594 4261 1911 4335 concipitur

556 4337 624 4396 ad
646 4339 829 4396 instar
845 4339 1137 4414 cujusdam
1156 4347 1361 4399 motus.
1383 4345 1535 4408 Quas
1553 4344 1914 4417 loquutiones

553 4418 694 4476 dum
737 4419 1043 4477 imitantur
1093 4422 1418 4489 Thomistae,
1477 4425 1911 4497 praemotionem

555 4504 873 4578 physicam,
905 4507 961 4560 et
986 4504 1270 4560 auxilium
1322 4505 1516 4562 efficax
1560 4510 1766 4564 vocant
1816 4507 1913 4563 in-

556 4583 890 4642 differenter
954 4585 1291 4656 qualitatem
1353 4586 1789 4659 incompletam,
1859 4591 1916 4643 et

556 4672 780 4723 motum
801 4689 816 4733 ;
851 4666 986 4739 quia
1030 4664 1277 4739 qualitas
1314 4668 1696 4725 essentialiter
1733 4672 1819 4724 est
1854 4681 1916 4724 se

1540 369 1634 424 DE
1672 369 1945 425 GRATIA
1983 372 2325 428 EFFICACI.

2010 557 2126 598 non
2149 541 2344 599 efficax
2384 547 2442 599 et
2467 541 2538 599 ab
2558 558 2624 600 eo
2652 541 2888 598 realiter
2907 542 3240 612 separetur;
3271 536 3374 591 ni-

2011 623 2333 678 hilominus
2360 623 2657 679 auxilium·
2686 620 2881 678 efficax
2925 633 3152 690 semper
3199 615 3377 672 habet

1980 757 1983 772 ,
2010 703 2334 761 eminenter
2355 705 2637 761 rationem
2667 703 2871 760 auxilii
2894 700 3242 765 sufficientis,
3269 713 3371 754 seu

2010 783 2202 841 dantis
2228 785 2500 841 virtutem
2523 783 2592 841 ad
2620 784 3006 847 existentiam,
3039 785 3097 838 et
3123 780 3369 837 actuali-

2012 870 2187 921 tatem
2215 865 2603 938 operationis:
2635 880 2738 936 pro
2776 862 2981 937 quibus
3017 860 3232 934 requiri
3257 861 3373 916 ali-

2012 960 2188 1017 quam
2216 946 2495 1001 actualem
2517 945 2897 1008 elevationem
2939 939 3377 1015 superadditam.

2015 1026 2175 1083 omni
2202 1025 2404 1083 virtuti
2429 1024 2727 1092 habituali,
2759 1023 3115 1082 ostendimus
3143 1023 3255 1078 loco
3274 1023 3370 1078 cit.

2015 1107 2140 1164 dab.
2173 1110 2229 1163 5.
2260 1112 2406 1164 Deus
2432 1123 2567 1182 ergo
2595 1105 2665 1163 ab
2694 1111 2909 1162 aeterno
2950 1104 3203 1161 decrevit
3228 1119 3287 1158 v.
3313 1121 3373 1177 g.

2016 1187 2154 1244 dare
2172 1190 2201 1240 J
2210 1187 2331 1245 ud'ae
2356 1188 2662 1252 auxilium,
2715 1202 2826 1258 quo
2874 1185 3050 1258 possit
3079 1183 3333 1241 converti
3357 1207 3381 1250 ;

2016 1270 2116 1328 sed
2137 1287 2253 1328 non
2280 1269 2532 1327 decrevit
2558 1270 2695 1326 dare
2735 1269 3037 1335 auxilium,
3086 1282 3197 1339 quo
3236 1280 3376 1322 con-

2018 1356 2310 1419 vertatur;
2341 1357 2397 1408 et
2417 1351 2550 1407 huic
2570 1350 2630 1406 in
2665 1355 2921 1422 tempore
2945 1347 3043 1403 dat
3088 1346 3379 1402 auxilium

2019 1433 2319 1500 sufficiens,
2346 1449 2551 1507 nempe
2576 1433 2749 1495 vires,
2785 1438 2845 1488 ut
2864 1435 3031 1504 queat
3074 1428 3326 1486 converti
3356 1450 3379 1492 ·,

2019 1513 2116 1570 sed
2146 1515 2314 1571 illum
2343 1530 2459 1571 non
2489 1518 2797 1587 praemovet
2821 1510 3119 1568 efficaciter
3140 1508 3210 1565 ad
3236 1522 3374 1564 con·
3482 1572 3487 1575 y

2021 1599 2366 1655 versionem.
2391 1597 2498 1653 Ubi
2521 1594 2758 1654 evidens
2784 1599 2886 1666 est,
2913 1593 3201 1666 auxilium
3227 1588 3375 1645 suffi-

2022 1681 2177 1737 ciens
2197 1679 2490 1753 distingui,
2524 1678 2643 1735 imo
2675 1683 2730 1735 et
2758 1675 3016 1750 separari
3046 1673 3118 1731 ab
3143 1672 3370 1730 efficaci.

2024 1761 2283 1818 Decrevit
2303 1767 2493 1817 autem
2531 1760 2704 1816 etiam
2734 1758 2804 1814 ab
2856 1763 3069 1813 aeterno
3116 1755 3385 1812 conferre

2024 1861 2085 1901 v.
2106 1861 2160 1918 g.
2189 1846 2251 1900 D.
2273 1844 2442 1899 Petro
2457 1843 2758 1909 auxilium,
2777 1855 2886 1913 quo
2909 1837 3379 1911 possitconverti,

2024 1930 2080 1981 et
2106 1923 2389 1980 auxilium
2433 1939 2543 1995 quo
2589 1924 2987 1983 convertatur;
3037 1925 3092 1975 et
3138 1918 3270 1974 huic
3315 1916 3385 1972 in
3463 1939 3467 1943 ·

2024 2009 2281 2077 tempore
2306 2001 2402 2058 dat
2429 2004 2713 2059 auxilium
2739 2000 3044 2065 sufficienS,
3074 2005 3132 2054 et
3157 1997 3374 2054 efficax.
3435 1996 3445 2004 '

2025 2086 2112 2142 Ad
2161 2084 2309 2158 quod
2352 2100 2468 2141 non
2515 2088 2755 2157 oportet,
2811 2080 2959 2154 quod
3000 2078 3386 2137 communicet

2027 2167 2169 2223 duas
2198 2165 2503 2231 realitateS,
2529 2165 2625 2221 sed
2647 2163 2852 2219 sufficit
2879 2162 3218 2234 imprimere
3244 2160 3380 2215 uni-

2027 2263 2172 2311 cam,
2197 2261 2321 2318 quae
2348 2244 2671 2301 eminenter
2694 2242 2897 2299 habeat
2914 2242 3208 2312 utriusque
3224 2238 3382 2294 auxi-

2031 2328 2094 2383 lii
2126 2326 2393 2395 rationes,
2424 2340 2657 2398 quaeque
2686 2328 2913 2396 praestet
2946 2322 3120 2387 vires,
3161 2326 3218 2376 et
3251 2335 3379 2375 mo-

2031 2411 2158 2464 veat
2189 2427 2202 2462 :
2234 2422 2369 2462 nam
2392 2408 2537 2462 Deus
2559 2404 2620 2460 in
2650 2404 2754 2460 hoc
2777 2401 3079 2476 posteriori
3106 2416 3236 2456 casu
3262 2400 3382 2455 ele-

2030 2492 2125 2543 vat
2146 2484 2430 2542 movendo
2454 2483 2769 2549 efficaciter,
2794 2488 2848 2539 et
2873 2480 3170 2537 efficaciter
3193 2484 3379 2535 movet

2033 2564 2351 2639 praestando
2379 2565 2552 2621 vires.
2586 2563 2748 2619 Unde
2769 2561 3123 2635 superfluum
3151 2565 3234 2616 est
3262 2575 3381 2616 rea-

2032 2647 2220 2702 litates
2246 2645 2348 2701 has
2369 2645 2431 2701 in
2452 2660 2518 2701 eo
2543 2646 2640 2717 qui
2687 2643 3061 2708 convertitur,
3096 2639 3385 2711 multipli-

1997 2740 2005 2748 ·
2033 2745 2190 2795 care3
2222 2727 2538 2801 praesertim
2566 2742 2694 2784 cum
2723 2727 2789 2780 D.
2814 2727 3046 2798 August.
3073 2721 3385 2793 saepissime
3417 2730 3597 2772 uam:

2034 2808 2247 2865 indicet
2264 2808 2584 2881 oppositum
2642 2830 2655 2862 ε
2711 2805 2957 2862 affirmat
3007 2804 3186 2869 enim,
3236 2800 3385 2875 quod

2031 2890 2216 2965 gratia
2241 2888 2437 2945 efficax
2459 2893 2684 2961 praestat
2712 2890 2855 2942 vires
2879 2886 3306 2960 efficacissimas,
3337 2890 3387 2936 et

2033 2969 2425 3042 insuperabiles
2440 2988 2459 3036 ‚·
2485 2985 2595 3041 quo
2624 2975 2782 3040 pacto
2821 2964 3103 3040 significat
3142 2961 3387 3021 eandem

2033 3051 2278 3126 gratiam
2305 3047 2626 3106 coadunare
2666 3047 2729 3103 in
2755 3063 2814 3103 se
2847 3043 3246 3102 sufficientiam
3277 3041 3392 3098 ali-

2033 3127 2226 3206 quam,
2253 3135 2308 3187 et
2329 3129 2658 3186 efficaciam.

2109 3211 2222 3269 Nec
2247 3211 2381 3266 hinc
2407 3209 2679 3282 sequitur,
2710 3224 2841 3264 eum
2880 3208 2980 3279 qui
3028 3221 3144 3263 non
3192 3204 3401 3276 recipit

2036 3294 2321 3351 auxilium
2357 3291 2571 3358 efficax,
2614 3307 2808 3347 carere
2832 3291 3020 3364 gratia
3047 3286 3348 3344 sufficienti
3374 3310 3397 3352 ;

2035 3375 2308 3449 quoniam
2340 3373 2469 3428 licet
2490 3372 2773 3428 auxilium
2801 3372 2975 3426 simul
3006 3369 3307 3432 sufficiam,
3340 3373 3399 3424 et

2037 3454 2230 3512 efficax
2280 3468 2397 3509 non
2439 3452 2692 3524 recipiat,
2729 3451 2931 3523 recipit
2981 3455 3176 3505 tamen
3231 3444 3396 3503 aliud

2039 3534 2324 3592 auxilium
2356 3533 2586 3604 praecise
2612 3530 2915 3595 sufficiens,
2965 3528 3114 3602 quod
3164 3531 3399 3600 praestat

2038 3617 2310 3673 ultimum
2341 3630 2501 3687 posse
2523 3613 2592 3669 ad
2613 3612 3000 3677 existentiam,
3027 3617 3083 3668 et
3105 3608 3401 3667 actualita-

1982 3732 1983 3735 =
2039 3705 2153 3756 tem
2181 3696 2564 3770 operationis;
2596 3701 2760 3767 atque
2783 3694 2909 3751 ideo
2932 3691 3100 3749 habet
3120 3688 3405 3765 quidquid

2043 3778 2356 3851 requiritur
2386 3775 2456 3831 ad
2483 3781 2674 3832 actum
2705 3776 2984 3848 primum.
3010 3775 3123 3828 Nec
3154 3771 3409 3828 ulterius

2040 3859 2314 3931 sequitur,
2345 3871 2476 3911 eum
2498 3855 2596 3929 qui
2647 3855 2850 3927 recipit
2894 3853 3177 3909 auxilium
3226 3849 3394 3915 illud,

2038 3939 2186 4013 quod
2211 3937 2537 3996 eminenter
2562 3942 2648 3994 est
2670 3937 2845 3993 simul
2873 3934 3087 4000 efficax,
3143 3940 3200 3990 et
3237 3931 3401 3988 suffi-

2039 4022 2209 4090 ciens,
2231 4035 2428 4077 carere
2472 4023 2760 4092 potestate,
2792 4022 2847 4075 et
2870 4013 3114 4072 subinde
3135 4013 3413 4071 libertate

2042 4100 2111 4160 ad
2140 4100 2502 4174 oppositum;
2551 4098 2686 4171 quia
2731 4098 2915 4154 adhuc
2958 4099 3258 4153 conservat
3303 4095 3404 4150 in-

2042 4184 2428 4242 differentiam
2451 4180 2673 4256 judicii,
2717 4186 2773 4237 et
2819 4179 3146 4252 proximam
3194 4181 3405 4249 poten-

2044 4266 2183 4321 tiam
2214 4261 2497 4336 peccandi,
2531 4266 2628 4317 aut
2654 4277 2770 4318 non
2793 4258 3091 4333 operandi,
3116 4273 3291 4330 quam
3326 4272 3409 4312 ex

2042 4361 2103 4403 se
2127 4344 2317 4403 habet.
2350 4346 2418 4399 Et
2445 4359 2563 4400 non
2590 4343 2772 4417 magis
2795 4339 3125 4415 praejudicat
3148 4337 3405 4395 libertati

2046 4443 2226 4483 unum
2256 4424 2561 4492 auxilium,
2585 4423 2732 4496 quod
2755 4422 2930 4478 simul
2965 4420 3292 4477 eminenter
3330 4419 3413 4475 sit

2044 4508 2347 4574 sufficienS,
2377 4513 2432 4564 et
2470 4505 2700 4572 efficax;
2744 4521 2917 4578 quam
2966 4501 3413 4577 praejudicarent

2046 4589 2158 4646 duo
2185 4588 2423 4653 auxilia,
2453 4601 2699 4658 quorum
2748 4599 2930 4640 unum
2981 4586 3129 4639 esset
3173 4582 3415 4654 praecise

2046 4668 2344 4735 sufficiens,
2370 4671 2426 4723 et
2451 4663 2608 4722 aliud
2630 4663 2860 4736 praecise
2909 4660 3125 4729 efficax,
3176 4665 3238 4716 ut
3284 4662 3413 4718 loco

359 4741 521 4844 ‘3325‘
559 4744 777 4803 habens
805 4745 874 4826 ad
898 4746 1082 4803 instar
1109 4752 1316 4805 motus.

486 4867 523 4907 ².
633 4829 769 4892 Quae
785 4828 983 4884 omnia
1000 4827 1278 4902 majorem
1293 4828 1611 4886 claritatem
1643 4828 1919 4901 accipient

374 4898 530 4991 235¹,ss
563 4905 938 4982 supponendo
964 4908 1132 4982 quod,
1164 4912 1227 4964 ut
1252 4908 1506 4966 diximus
1526 4910 1666 4983 disp.
1699 4911 1754 4976 5,
1784 4909 1915 4968 dub.

378 4995 520 5039 tionis.
562 4991 618 5056 6,
649 4990 758 5059 §3,
791 4990 922 5045 licet
943 4989 1225 5045 auxilium
1253 4988 1537 5048 sufficiens
1584 4990 1760 5063 possit
1797 5004 1920 5047 esse

2047 4751 2216 4807 citato
2237 4746 2638 4821 explicuimus.

2122 4832 2208 4886 Ex
2228 4828 2333 4885 hac
2353 4825 2631 4892 doctrina,
2661 4841 2786 4898 quae
2806 4829 2891 4882 est
2924 4822 3063 4880 satis
3082 4819 3417 4880 communis

2050 4912 2204 4969 inter
2225 4909 2568 4976 Thomistas,
2597 4913 2658 4964 ut
2678 4907 2932 4964 diximus
2956 4912 3118 4962 tract.
3153 4905 3237 4971 13,
3261 4904 3410 4976 disp.

2049 4995 2104 5064 5,
2131 5010 2187 5049 n.
2213 4992 2304 5059 37,
2331 4989 2515 5064 magis
2537 4987 2908 5045 manifestum
2931 4985 3013 5055 fit,
3038 5001 3212 5059 quam
3239 4988 3410 5047 recte,

3354 5068 3415 5118 et
