3647 5753
313 704 468 747 Proba·

315 759 452 845 ”2353
504 778 817 851 pendemus
847 783 1107 856 negando
1134 786 1447 857 sequelam:
1477 785 1612 857 quia
1636 790 1862 855 ut-pro-

288 851 757 946 eiass‘i‘ffi-Videmia
784 862 875 926 sit,
910 869 963 918 et
991 863 1213 919 dicatur
1238 865 1501 936 perfecta,
1530 880 1647 920 non
1672 864 1860 919 solum

338 957 421 996 tur.
501 939 812 996 secundum
840 959 918 1007 se,
951 941 1047 998 sed
1069 944 1243 999 etiam
1277 950 1335 998 ut
1362 944 1644 1018 gubernat
1670 942 1862 998 deter-

503 366 612 422 50ss

503 540 723 607 accepta
753 542 813 590 ut
837 535 1118 609 gubernat
1161 538 1457 596 hominem
1487 538 1550 595 in
1577 542 1722 594 statu
1753 552 1861 609 pu·-

505 632 724 681 rorum,
757 616 884 674 ideo
913 617 1170 675 absolute
1192 620 1450 694 neganda
1478 627 1578 677 est.

575 699 702 753 290.
748 699 834 754 Ad
863 700 1019 772 cujus
1044 701 1291 773 primam
1325 701 1717 775 probationem
1749 717 1861 758 res-

503 1022 790 1078 minatum
844 1029 1073 1088 statum,
1117 1024 1338 1090 sufficit,
1381 1024 1527 1097 qued
1567 1023 1861 1098 provideat

501 1102 716 1167 omnia,
768 1120 891 1175 quae
931 1104 1235 1175 praedictus
1276 1110 1456 1160 status
1498 1105 1768 1178 requirit·.
1806 1108 1864 1159 et

501 1200 642 1256 opus
687 1201 804 1241 non
838 1191 939 1250 est,
972 1185 1120 1258 quod
1162 1184 1472 1242 distribuat
1515 1202 1582 1242 ea
1628 1201 1750 1258 quae
1790 1184 1861 1241 ad

499 1267 672 1321 talem
694 1272 901 1323 statum
933 1283 1048 1322 non
1078 1268 1384 1340 pertinent,
1450 1266 1517 1323 ed
1566 1267 1636 1323 ai
1678 1268 1859 1323 alium

497 1347 960 1403 eminentiorem.
981 1350 1047 1402 Et
1068 1349 1115 1403 si
1138 1349 1263 1418 quis
1286 1349 1348 1403 in
1372 1348 1443 1405 ho
1495 1346 1859 1421 gubernandi

496 1441 705 1501 genere
728 1428 1049 1499 reperiatur
1072 1428 1338 1493 defectus,
1367 1428 1459 1484 hic
1486 1445 1605 1484 non
1633 1434 1716 1484 est
1744 1428 1862 1500 pri-⁴

501 1508 751 1576 vativus,
779 1507 877 1564 sed
909 1510 1242 1583 negativus;
1276 1525 1377 1564 nec
1404 1514 1595 1566 ortum
1617 1507 1861 1565 ducitex

502 1586 881 1660 providentia,
914 1589 1012 1645 sed
1038 1605 1108 1645 ex
1138 1590 1260 1661 ipso
1286 1594 1454 1655 statu,
1486 1590 1584 1661 qui
1610 1589 1859 1661 amplius

500 1667 571 1724 ad
597 1670 687 1724 sui
714 1670 1176 1727 constitutionem
1205 1685 1319 1725 non
1342 1670 1613 1741 exposcit.
1642 1673 1860 1725 Natura

498 1754 688 1806 autem
719 1750 974 1809 humana
999 1751 1118 1805 suis
1147 1752 1376 1823 praecise
1403 1751 1628 1806 viribus
1658 1749 1857 1806 relicta

491 1828 833 1887 defectibilis
860 1836 964 1895 est,
985 1836 1042 1887 et
1063 1830 1126 1885 in
1150 1831 1316 1900 plura
1344 1829 1560 1886 labitur
1589 1835 1810 1903 peccata
1843 1850 1858 1900 ς

492 1912 646 1969 unde
675 1911 745 1967 ad
774 1912 1197 1984 providentiam
1228 1913 1327 1968 Dei
1372 1917 1451 1967 ut-
1478 1912 1856 1986 gubernantis

491 1994 656 2049 illam
686 1995 749 2048 in
779 1998 924 2049 statu
970 2009 1249 2064 purorum
1284 1992 1531 2064 pertinet
1561 1991 1860 2065 praedictos

491 2072 740 2130 defectus
800 2073 1154 2145 permittere.
1220 2074 1513 2128 Caeterum·
1569 2078 1858 2145 peccatum

488 2169 665 2228 grave
711 2154 774 2209 in
821 2168 885 2209 eo
928 2159 1076 2210 statu
1119 2153 1490 2210 commissum
1513 2159 1794 2209 averteret
1826 2169 1859 2209 a

489 2236 604 2290 Deo
658 2250 775 2290 non
815 2235 1005 2290 solum
1041 2233 1300 2300 authore,
1331 2237 1387 2288 et
1429 2231 1544 2289 fine
1580 2234 1852 2302 naturali,

488 2314 588 2370 sed
612 2315 787 2371 etiam
817 2314 1242 2386 supernaturali
1264 2337 1278 2380 ;
1308 2312 1457 2385 quod
1486 2313 1727 2386 proinde
1753 2313 1858 2370 de-

490 2395 602 2450 leri
627 2410 745 2451 non
776 2400 960 2466 posset
983 2394 1193 2467 absque
1218 2394 1410 2466 aliqua
1424 2395 1854 2467 supernaturali

488 2474 809 2530 mutatione
837 2490 938 2545 per
963 2476 1230 2548 gratiam,
1268 2479 1329 2528 ut
1355 2473 1629 2530 hactenus
1659 2480 1855 2530 osten-

486 2569 617 2608 sum
666 2559 772 2608 est.
822 2556 889 2608 Et
939 2553 1076 2625 quia
1124 2552 1389 2609 conferre
1434 2554 1683 2626 gratiam
1738 2568 1857 2610 non

494 2633 742 2705 pertinet
770 2633 838 2690 ad
864 2634 1289 2706 providentiam
1314 2635 1412 2690 Dei
1440 2639 1502 2689 ut
1520 2633 1857 2707 gubernan-

490 2713 564 2768 tis
627 2714 923 2782 hominem
977 2715 1040 2769 in
1091 2719 1237 2770 statu
1287 2730 1584 2786 purorum,
1643 2714 1855 2773 idcirco

492 2796 656 2851 nulla
682 2802 828 2852 esset
853 2796 1209 2868 imperfectio
1258 2796 1544 2869 privativa
1583 2813 1651 2853 ex
1695 2803 1857 2870 parte

494 2878 774 2950 praedictae
797 2878 1187 2951 providentiae,
1212 2876 1361 2951 quod
1385 2882 1530 2936 Deus
1558 2884 1620 2934 ut
1643 2879 1858 2954 guber-

493 2976 640 3017 nans
657 2961 952 3017 hominem
982 2961 1045 3017 in
1069 2959 1337 3033 praedicto
1357 2966 1504 3018 statu
1531 2978 1646 3018 non
1671 2969 1855 3036 posset

490 3047 713 3114 peccata
748 3041 954 3115 gravia
995 3040 1306 3099 remittere.
1339 3041 1447 3100 Sed
1474 3043 1592 3098 haec
1633 3044 1854 3116 imper-

488 3121 658 3178 fectio
687 3121 1007 3179 revocanda
1057 3126 1140 3179 est
1180 3127 1301 3178 tum
1353 3123 1417 3178 in
1464 3122 1853 3180 conditionem

487 3202 668 3275 ipsius
689 3207 886 3269 status,
919 3209 1042 3258 tum
1066 3203 1129 3258 in
1156 3203 1442 3259 malitiam
1473 3204 1696 3276 peccati,
1732 3209 1855 3262 tum

488 3285 553 3342 in
578 3286 979 3342 excellentiam
1007 3286 1226 3360 gratias,
1257 3302 1384 3358 quae
1421 3285 1490 3342 ab
1534 3287 1637 3344 illo
1663 3292 1848 3356 sanat,

485 3370 543 3422 et
568 3366 867 3422 hominem
885 3366 957 3422 ad
971 3367 1327 3439 superiorem
1347 3365 1613 3424 ordinem
1635 3368 1850 3424 evehit.

488 3449 624 3511 Quae
643 3447 841 3504 omnia
862 3446 1145 3503 declarari
1171 3452 1405 3519 possunt
1442 3449 1707 3521 exemplo
1754 3465 1857 3506 eo-

492 3543 643 3595 rum,
676 3544 799 3601 quzo
840 3528 902 3583 in
942 3529 1044 3583 tali
1084 3534 1232 3584 statu
1279 3529 1678 3603 contingerent
1705 3530 1856 3586 circa

492 3610 648 3666 mala
668 3609 1021 3682 corporalia;
1049 3609 1361 3682 pertineret
1380 3609 1540 3666 enim
1570 3609 1640 3666 ad
1665 3611 1857 3682 provi-

491 3690 748 3747 dentiam
777 3691 872 3746 Dei
890 3689 1340 3764 utgubernantis
1362 3695 1630 3747 naturam
1655 3692 1856 3748 huma-

493 3787 631 3829 nam
673 3773 737 3828 in
786 3771 1051 3843 praedicto
1090 3777 1259 3837 statu,
1293 3773 1627 3844 permittere
1654 3773 1716 3828 in
1739 3774 1855 3830 ali-

491 3851 698 3925 quibus
744 3851 1066 3907 individuis
1115 3852 1440 3919 caecitatem,
1482 3869 1539 3909 v.
1582 3868 1640 3926 g.
1687 3859 1745 3910 et
1789 3855 1855 3911 in

490 3934 761 3992 omnibus
816 3939 1063 3991 mortem
1094 3954 1106 3988 :
1161 3948 1266 3990 nec
1324 3940 1519 3990 tamen
1567 3935 1849 4006 sequitur,

488 4017 640 4090 quod
664 4022 846 4090 posset
875 4032 975 4088 per
1012 4012 1258 4072 eandem
1301 4014 1729 4088 providentiam
1761 4032 1856 4074 re-

489 4096 867 4170 duplicative,
882 4111 979 4152 seu
1002 4096 1370 4153 terminative
1391 4099 1694 4168 acceptam,
1724 4097 1856 4152 illu—

491 4180 1021 4245 minarecaecum,et
1034 4179 1401 4235 ressuscitare
1413 4177 1853 4235 mortuostem

488 4277 626 4337 ergo
647 4260 717 4317 de
739 4261 1119 4333 permissione
1141 4259 1368 4332 peccati,
1384 4264 1439 4317 et
1459 4259 1581 4332 ejus
1603 4258 1853 4316 destruc-

491 4343 647 4398 tione
668 4340 972 4398 dicendum
994 4345 1096 4397 est.
1136 4339 1387 4396 Observa
1407 4345 1604 4396 tamen
1625 4345 1854 4397 caeteros

490 4422 819 4495 superiores
834 4437 951 4478 non
966 4420 1261 4478 destruere
1278 4418 1641 4477 subditorum
1659 4421 1854 4493 culpas

491 4503 583 4575 (de
608 4521 852 4578 quarum
877 4504 1216 4562 remissione
1254 4507 1338 4561 est
1382 4502 1723 4576 difficultas),
1755 4504 1854 4560 sed

491 4587 680 4645 solum
697 4588 959 4644 relaxare
982 4602 1175 4659 poenas
1194 4586 1430 4658 peccatis
1450 4584 1686 4642 debitas.
1709 4588 1856 4643 Deus

494 4676 687 4727 autem
710 4686 810 4744 per
830 4667 1072 4726 eandem
1097 4666 1515 4724 indivisibilem
1540 4667 1855 4741 providen-

492 4752 637 4808 tiam
684 4751 931 4806 remittit
977 4764 1190 4821 poenas,
1222 4753 1278 4805 et
1316 4748 1559 4805 destruit
1609 4754 1848 4822 peccata,

495 4847 615 4889 non
641 4830 876 4905 quidem
905 4828 1285 4903 relinquendo
1328 4829 1627 4887 hominem
1652 4830 1719 4887 in
1747 4847 1856 4903 pu-

496 4914 598 4980 riS,
630 4911 727 4969 sed
754 4912 944 4985 ipsum
971 4911 1229 4970 sanando
1256 4928 1356 4985 per
1380 4912 1628 4987 gratiam
1648 4927 1855 4984 super-

496 4994 844 5063 naturalem,
878 4998 1135 5066 utsupra
1160 4992 1433 5051 diximus,

1450 368 1541 421 DE
1579 366 1608 420 J
1616 365 2110 420 USTIFICATION
2116 367 2159 421 E
2199 368 2405 423 1MP11.

2067 538 2152 594 Ad
2178 538 2482 596 secundam
2524 539 2938 612 probationem,
2970 537 3251 611 quidquid
3277 537 3356 593 sit

1993 616 2063 675 de
2101 620 2341 677 veritate
2387 621 2641 692 majoriS,
2687 635 2965 694 negamus
3013 619 3304 676 minorem
3335 642 3350 685 3

1994 699 2126 771 quia
2153 702 2299 756 Deus
2327 705 2387 755 ut
2412 699 2741 774 gubernans
2773 707 3041 757 naturam
3085 700 3149 754 in
3192 700 3355 772 puris

1994 782 2360 837 constitutam
2413 797 2529 838 non
2578 788 2763 855 posset
2805 798 2933 838 eam
2985 783 3352 837 innocentem

1997 861 2165 934 longo
2186 867 2440 934 tempore
2462 878 2819 927 conservare,
2852 862 2949 918 sed
2973 859 3204 918 deberet
3227 876 3350 933 per-

1996 941 2241 1008 mittere,
2299 949 2360 997 ut
2409 943 2608 1017 gravia
2660 949 2883 1015 peccata
2942 943 3350 999 committeret.

1995 1022 2123 1077 Non
2150 1023 2282 1093 quia
2303 1022 2518 1080 divinas
2553 1023 2755 1080 virtuti
2783 1022 3042 1080 deessent
3064 1021 3255 1079 media
3281 1020 3351 1078 ad

1996 1101 2360 1173 impedienda
2384 1110 2603 1176 peccata
2628 1127 2641 1170 ;
2667 1103 2764 1160 sed
2792 1103 2929 1177 quia
2973 1118 3044 1158 ex
3084 1103 3350 1175 supposi-

1995 1182 2169 1247 tione,
2201 1183 2348 1255 quod
2377 1185 2554 1240 nollet
2600 1190 2867 1240 naturam
2910 1183 3229 1239 humanam
3281 1181 3351 1237 ad

1996 1262 2261 1327 altiorem
2295 1267 2506 1318 statum
2533 1264 2795 1331 evehere,
2826 1261 2925 1319 sed
2962 1278 3089 1319 eam
3138 1262 3201 1317 in
3248 1277 3352 1317 sua

1996 1342 2254 1400 nuditate
2277 1345 2632 1419 relinquiret,
2663 1346 3097 1401 necessitaretur
3124 1359 3194 1400 ex
3215 1359 3352 1415 sup-

1996 1424 2275 1497 positione
2298 1424 2368 1481 ad
2389 1425 2827 1499 gubernandam
2849 1426 3015 1482 illam
3038 1425 3204 1498 juxta
3223 1439 3353 1478 suas

1995 1506 2171 1573 vireS,
2201 1512 2258 1563 et
2278 1508 2629 1581 exigentiam
2658 1532 2670 1574 ς
2704 1508 2826 1580 ipsa
2853 1523 2990 1564 vero
3019 1511 3225 1562 natura
3251 1505 3352 1560 hu-

1994 1603 2166 1643 mana
2192 1603 2262 1643 ex
2288 1593 2485 1660 suapte
2510 1587 2838 1644 conditione
2873 1585 3218 1643 defectibilis
3243 1592 3343 1651 est,

1990 1674 2045 1723 et
2074 1668 2136 1723 in
2166 1669 2332 1740 plura
2358 1668 2608 1723 crimina
2637 1667 2976 1740 prolabitur.
3012 1665 3175 1723 Unde
3200 1666 3368 1734 sicut

1993 1762 2110 1803 non
2130 1754 2277 1805 esset
2296 1754 2493 1805 contra
2517 1748 2924 1821 perfectionem
2946 1747 3045 1803 Dei
3070 1752 3132 1801 ut
3150 1744 3351 1820 guber-

1992 1830 2186 1885 nantis
2214 1831 2508 1887 hominem
2542 1831 2602 1885 in
2623 1845 2689 1886 eo
2711 1835 2879 1895 statu,
2906 1826 3056 1901 quod
3080 1843 3196 1884 non
3223 1844 3354 1900 pos-

1992 1915 2076 1966 set
2102 1909 2224 1982 ejus
2252 1911 2454 1968 delicta
2487 1926 2807 1984 praecavere
2841 1935 2851 1967 :
2879 1911 2960 1966 ita
2991 1925 3094 1966 nec
3114 1908 3354 1966 eandem

1994 1990 2419 2061 providentiam
2443 1989 2759 2058 dedeceret,
2783 1990 2932 2063 quod
2958 1996 3017 2046 ut
3038 1990 3120 2046 sic
3141 1988 3352 2064 guber-

1994 2086 2141 2126 nans
2163 2086 2280 2127 non
2298 2076 2482 2145 posset
2497 2079 2718 2144 peccata
2725 2073 2744 2147 j
2752 2088 2845 2127 am
2868 2072 3017 2127 facta
3037 2070 3348 2128 destruere.

1993 2152 2274 2219 DiximuS,
2307 2153 2575 2230 quidquid
2613 2156 2686 2208 sit
2726 2154 2790 2208 de
2828 2155 3058 2208 veritate
3085 2153 3314 2222 majoris
3336 2170 3354 2218 ,·

1992 2232 2123 2304 quia
2169 2234 2356 2289 solum
2408 2231 2762 2299 verificatur,
2821 2233 3039 2290 caeteris
3091 2230 3347 2305 paribus,

1992 2312 2140 2386 quod
2162 2314 2226 2369 in
2254 2314 2355 2369 tali
2383 2331 2513 2371 casu
2545 2330 2662 2371 non
2692 2315 3062 2388 contingeret.
3097 2314 3243 2367 Nam
3277 2311 3353 2368 ad

1992 2392 2380 2458 vitandum,et
2396 2393 2830 2468 praecavendum
2855 2400 3074 2467 peccata
3090 2390 3353 2465 praedicti

1991 2479 2190 2541 status,
2215 2473 2494 2534 sufficeret
2513 2476 2940 2533 communicare
2962 2473 3180 2531 auxilia
3199 2470 3356 2528 suffi-

1991 2553 2217 2622 cientia,
2250 2561 2307 2611 et
2333 2555 2596 2622 efficacia,
2628 2573 2754 2630 quae
2783 2555 3219 2630 requirerentur
3249 2568 3354 2625 pro

1992 2634 2403 2709 adimpletione
2450 2643 2861 2710 praeceptorum
2902 2642 3041 2691 tunc
3088 2634 3357 2709 obligan-

1992 2723 2116 2774 tum
2142 2742 2157 2787 ;
2189 2717 2259 2775 ad
2286 2718 2435 2791 quod
2461 2718 2783 2776 sufficerent
2806 2718 3026 2774 auxilia
3054 2715 3354 2773 entitative

1991 2799 2300 2867 naturalia,
2333 2804 2395 2854 ut
2420 2816 2490 2856 ex
2517 2816 2575 2856 se
2602 2800 2795 2873 liquet.
2831 2797 3117 2856 Caeterum
3159 2812 3354 2870 pecca-

1990 2887 2113 2937 tum
2161 2884 2338 2939 semel
2387 2883 2758 2940 commissum
2804 2881 3120 2940 offenderet
3173 2884 3352 2939 Deum

1990 2965 2495 3036 supernaturalem
2517 2965 2837 3030 authorem,
2856 2968 2913 3020 et
2938 2962 3138 3030 finem,
3165 2967 3227 3018 ut
3253 2978 3353 3018 su-

1991 3063 2094 3120 pra
2147 3046 2551 3121 probavimus;
2606 3052 2772 3121 atque
2818 3046 2945 3103 ideo
2990 3044 3173 3103 deleri
3233 3061 3352 3102 non

1992 3133 2175 3200 posset
2203 3144 2303 3200 per
2325 3127 2543 3183 auxilia
2572 3127 2881 3194 naturalia,
2912 3126 3011 3182 sed
3042 3142 3143 3199 per
3168 3126 3350 3184 solam

1987 3207 2243 3281 gratiam
2295 3208 2820 3280 supernaturalem,
2870 3223 3044 3281 quam
3094 3207 3240 3262 Deus
3291 3210 3353 3261 ut

1986 3288 2320 3363 gubernans
2341 3288 2641 3345 hominem
2672 3289 2735 3344 in
2783 3289 2943 3361 puris
2996 3304 3115 3345 non
3170 3290 3354 3360 posset

1988 3371 2273 3428 conferre.
2307 3369 2473 3426 Unde
2514 3371 2641 3442 plus
2666 3376 2832 3438 esset,
2865 3370 3147 3443 pluraque
3172 3369 3351 3426 bene-

1989 3449 2117 3508 ficia
2145 3452 2470 3509 involveret
2499 3451 2794 3509 remittere
2836 3457 3144 3524 peccatum,
3176 3465 3349 3524 quam

1990 3530 2137 3586 illud
2167 3546 2503 3605 praecavere.
2536 3532 2691 3588 Sicut
2729 3531 2905 3588 etiam
2942 3531 3013 3588 ad
3052 3530 3350 3588 vitandum

1991 3617 2281 3682 peccatum
2305 3611 2368 3667 in
2393 3616 2540 3667 statu
2565 3617 2785 3668 naturae
2804 3613 3038 3668 elevatas
3062 3610 3353 3667 sufficiunt

1990 3691 2210 3748 auxilia
2256 3692 2502 3747 actualia
2549 3691 3013 3763 supernaturalia
3039 3715 3053 3759 ;
3083 3696 3137 3748 et
3158 3697 3355 3747 tamen

1990 3770 2061 3827 ad
2084 3768 2405 3843 tollendum
2430 3776 2718 3842 peccatum
2736 3770 2990 3828 hominis
3009 3768 3212 3827 elevati
3232 3784 3357 3826 non

1989 3849 2281 3906 sufficiunt
2329 3851 2597 3925 praedicta
2644 3851 2883 3918 auxilia,
2914 3850 3011 3908 sed
3038 3849 3359 3923 requiritur

1988 3933 2174 4008 gratia
2213 3932 2528 3989 habitualis
2572 3933 2962 4000 sanctificam,
2995 3938 3057 3989 ut
3102 3931 3363 3990 ostendi-

1989 4031 2119 4070 mus
2169 4014 2295 4071 ἀπὸ.
2344 4016 2568 4087 praeced.
2599 4021 2657 4073 et
2703 4013 3017 4073 admittunt
3061 4014 3239 4087 aliqui
3269 4030 3360 4087 ¹ex

1989 4097 2375 4164 Adversariis,
2400 4103 2457 4153 et
2483 4097 2766 4171 praecipue
2791 4100 2993 4155 Gonet.

2062 4181 2194 4235 291.
2236 4179 2343 4236 Sed
2363 4195 2615 4253 oppones
2652 4201 2665 4235 ε
2703 4195 2840 4236 nam
2872 4184 3152 4254 repugnat
3171 4183 3355 4237 Deum
3373 4187 3552 4240 nevitta.

1988 4260 2332 4316 constituere
2359 4265 2630 4317 naturam
2659 4274 2978 4321 numanam
3003 4261 3067 4316 in
3088 4277 3155 4318 eo
3179 4266 3351 4323 statu.

1990 4341 2053 4396 in
2078 4356 2190 4414 quo
2233 4340 2555 4399 necessario
2587 4341 2663 4397 sit
2709 4341 2940 4409 misera,
2972 4346 3028 4398 et
3049 4342 3354 4414 proprium

1988 4419 2169 4477 finem
2216 4436 2334 4478 non
2381 4420 2559 4492 possit
2604 4422 2913 4493 consequi:
2946 4420 3043 4479 sed
3089 4422 3264 4479 homo
3290 4421 3355 4478 in

1989 4502 2150 4575 puris
2169 4499 2433 4559 conditus
2457 4501 2778 4558 necessario
2803 4507 3074 4575 peccaret,
3101 4500 3359 4574 quando-

1986 4583 2220 4656 quidem
2265 4597 2382 4639 non
2427 4580 2666 4638 haberet
2708 4583 2864 4641 vires
2913 4582 3258 4640 sufficientes
3285 4582 3360 4639 ad

1987 4664 2332 4723 servandam
2379 4665 2563 4738 legem
2613 4666 2941 4723 naturalem
2982 4681 3084 4739 per
3113 4667 3356 4740 longum

1986 4753 2253 4819 tempus;
2305 4749 2361 4802 et
2406 4745 2698 4817 supposito
2747 4750 2989 4819 peccato,
3034 4746 3359 4803 necessario

1987 4834 2133 4886 esset
2160 4828 2352 4895 miser,
2385 4843 2515 4884 cum
2544 4842 2662 4884 non
2691 4833 2878 4899 posset
2916 4842 3264 4900 permanens
3291 4828 3359 4885 in

1990 4911 2257 4986 praedicto
2300 4914 2448 4965 statu
2499 4908 2794 4978 mundari,
2821 4926 2928 4971 nec
2964 4926 3095 4966 cum
3131 4915 3358 4985 peccato

1988 4991 2451 5066 assequutionem
2488 4990 2579 5045 sui
2621 4989 2756 5048 finis
2795 4992 3143 5067 coniungere
3176 5013 3190 5048 ε
3218 5008 3358 5068 ergo

3258 5074 3362 5131 vel
