3647 5753
234 4416 329 4459 Alia
347 4423 436 4474 3·oe-

242 4474 405 4519 ponslo.

460 442 573 497 672
1503 444 1597 498 DE
1636 443 1939 499 NATURA
1976 443 2256 502 MERITI.

461 621 710 683 actuum,
743 617 953 675 habere
981 620 1167 678 locum
1197 620 1260 677 in
1286 622 1540 695 quolibet
1567 626 1692 678 actu
1720 638 1826 694 po-

457 697 652 764 sitivo,
685 715 802 756 non
831 706 1023 759 autem
1072 701 1135 759 in
1175 703 1488 761 omissione
1523 710 1678 761 actus
1707 720 1826 762 non

458 777 657 847 debiti,
691 780 741 836 si
779 784 958 840 semel
999 784 1121 842 haec
1145 786 1382 844 omissio
1409 791 1588 860 potest
1615 787 1826 861 absque

398 931 399 934 Ἴ
459 861 623 917 omni
652 867 776 919 actu
801 879 919 920 non
949 864 1193 924 influere
1214 868 1277 924 in
1304 866 1632 940 praedictam
1654 868 1826 925 omis-

459 942 684 997 sionem
708 957 810 1014 per
838 943 1072 1002 modum
1102 949 1322 1022 agentis
1349 949 1608 1016 moralis,
1642 963 1826 1021 neque

461 1029 524 1080 ut
549 1023 797 1098 subjecta
824 1027 1148 1086 formaliter
1191 1031 1403 1104 regulis
1442 1047 1692 1097 morum,
1724 1029 1823 1087 sed

464 1111 525 1162 ut
569 1122 742 1180 agens
782 1108 1083 1182 physicum
1130 1113 1360 1183 praecise
1390 1134 1402 1168 ε
1434 1128 1505 1169 ex
1552 1127 1662 1185 quo
1706 1127 1825 1169 non

460 1191 738 1257 sequitur,
777 1191 925 1264 quod
971 1193 1206 1252 omissio
1250 1210 1372 1251 esse
1409 1194 1611 1253 debeat
1641 1194 1817 1263 bona,

460 1272 554 1328 vel
581 1273 757 1337 mala,
786 1274 923 1345 quia
951 1288 1135 1348 neque
1160 1281 1243 1332 est
1271 1275 1487 1349 aliquid
1516 1276 1759 1334 morale.

174 1371 176 1374 ’
242 1364 438 1459 gcffig,
474 1401 477 1402 ν
531 1362 618 1418 Ad
643 1362 951 1421 secundam
978 1363 1478 1425 confirmationem
1508 1366 1822 1441 responde-

457 1447 551 1498 tur
573 1443 764 1514 primo
792 1446 1052 1519 negando
1079 1447 1436 1506 antecedens,
1464 1450 1533 1504 Et
1571 1447 1643 1505 ad
1686 1464 1822 1522 pro-

456 1525 748 1583 bationem
770 1527 1077 1586 dicendum
1100 1536 1201 1598 est,
1221 1530 1369 1604 quod
1390 1532 1439 1587 si
1461 1530 1821 1589 secludamus

455 1623 689 1664 omnem
730 1615 937 1678 actum,
986 1617 1104 1668 tam
1155 1613 1601 1679 antecedentem,
1644 1629 1826 1687 quam.

450 1691 820 1749 comitantem
862 1692 1032 1763 (forte
1071 1693 1129 1750 id
1156 1700 1240 1752 est
1268 1695 1666 1769 impossibile),
1701 1712 1819 1753 non

447 1772 560 1827 erit
594 1773 745 1830 unde
773 1773 1223 1848 interpretemur
1254 1777 1331 1833 ita
1360 1778 1664 1834 tormentis
1694 1778 1819 1852 agi-

447 1859 628 1911 tatum
660 1872 776 1912 non
816 1856 1015 1915 cedere
1052 1860 1358 1916 tentationi
1399 1859 1471 1917 ob
1511 1860 1817 1918 honestum

447 1937 677 2009 aliquod
707 1939 1021 2009 motivum;
1068 1946 1251 2013 posset
1290 1941 1470 2010 enim,
1500 1949 1818 2014 quantum-

446 2033 671 2090 cunque
716 2019 1089 2078 habitualiter
1128 2028 1271 2079 esset
1310 2021 1457 2080 bene
1482 2023 1811 2097 dispositus,

448 2117 568 2158 non
594 2101 792 2159 cedere
820 2103 910 2160 illi
933 2104 1005 2161 ob
1033 2105 1317 2163 motivum
1345 2107 1567 2162 malum
1602 2124 1817 2180 :quare

449 2182 740 2239 dissensus
779 2184 1271 2259 interpretativuS,
1302 2188 1401 2260 qui
1430 2189 1493 2245 in
1522 2191 1817 2248 voluntate

452 2265 532 2320 ita
563 2281 678 2322 non
706 2267 1096 2325 consentiente
1123 2274 1301 2340 potest
1329 2270 1594 2341 reperiri,
1627 2272 1815 2328 solum

451 2345 564 2402 erit
588 2346 648 2402 in
676 2347 881 2404 ordine
903 2348 973 2404 ad
1000 2348 1215 2406 bonum
1239 2351 1302 2407 in
1323 2353 1640 2419 communi,
1665 2353 1817 2425 quod

452 2424 735 2482 abstrahit
755 2444 788 2482 a
812 2428 1032 2486 ratione
1055 2432 1178 2487 veri
1201 2429 1359 2499 boni,
1385 2437 1438 2489 et
1461 2435 1810 2506 apparentis.

526 2513 703 2582 Adde,
735 2517 884 2588 quod
932 2518 993 2574 in
1041 2519 1308 2592 praedicto
1348 2540 1499 2588 casu,
1532 2539 1650 2581 non
1693 2539 1816 2581 res-

450 2610 626 2667 puere
668 2598 1044 2655 tentationem
1085 2600 1165 2657 ita
1211 2602 1560 2661 allicientem
1615 2607 1817 2662 volun-

447 2682 622 2733 tatem
651 2678 843 2750 aliquo
883 2681 1127 2751 positivo
1153 2682 1432 2752 dissensu,
1464 2693 1610 2743 esset
1647 2687 1816 2744 valde

450 2758 856 2830 periculosum,
902 2768 959 2817 et
1017 2774 1327 2836 exponeret
1371 2769 1684 2825 manifesto
1712 2785 1814 2841 pe-

451 2837 632 2894 riculo
653 2841 1047 2899 consentiendi
1076 2864 1090 2899 :
1116 2842 1267 2902 unde
1291 2845 1557 2918 praedicta
1581 2864 1815 2923 suspen·

447 2919 535 2975 sio
582 2935 700 2976 non
741 2921 910 2979 modo
957 2940 1074 2980 non
1120 2932 1265 2982 esset
1317 2927 1484 2995 bona,
1529 2930 1629 2987 sed
1667 2937 1815 2989 esset

447 3004 863 3076 peccaminosa,
894 3011 949 3062 et
988 3008 1173 3064 mala:
1205 3012 1426 3070 malum
1457 3028 1704 3086 namque
1728 3023 1813 3072 est

445 3099 734 3157 exponere
772 3102 833 3143 se
875 3089 1128 3159 periculo
1155 3094 1548 3150 consentiendi
1578 3095 1643 3151 in
1684 3112 1813 3169 pec-

445 3170 668 3233 catum;
701 3182 837 3222 nam
875 3169 975 3240 qui
1022 3177 1177 3228 amat
1217 3174 1559 3245 periculum,
1602 3176 1815 3249 peribit

447 3245 512 3302 in
541 3246 645 3304 illo
684 3269 696 3303 ε
723 3254 779 3305 et
807 3250 886 3308 ita
914 3252 1100 3323 potius
1131 3256 1428 3328 suspensio
1456 3256 1560 3313 illa
1590 3257 1812 3330 praebe-

447 3331 535 3382 ret
552 3326 992 3389 fundamentum
1017 3332 1087 3390 ad
1103 3334 1606 3408 interpretandum
1622 3343 1812 3394 actum

446 3410 690 3475 malum,
715 3427 889 3484 quam
919 3411 1157 3471 bonum.

522 3497 802 3564 Diximus,
847 3500 896 3556 si
936 3502 1296 3560 secludamus
1331 3521 1565 3563 omnem
1596 3512 1805 3572 actum,

445 3584 562 3633 tam
597 3581 1011 3648 antecedentem,
1044 3602 1210 3662 quam
1251 3589 1598 3643 comitantem
1612 3606 1633 3655 ,·
1676 3588 1812 3661 quia

445 3657 495 3712 si
522 3659 650 3729 quis
692 3662 1091 3720 antecedenter
1117 3665 1187 3721 ad
1211 3666 1540 3739 praedictam
1568 3684 1815 3740 suspen-¹

445 3739 670 3798 sionem
699 3742 936 3800 haberet
961 3752 1167 3812 actum,
1200 3764 1312 3820 quo
1338 3764 1408 3805 ex
1443 3765 1639 3807 amore
1670 3751 1811 3806 reli-

445 3822 637 3895 gionis
677 3826 921 3897 positive
961 3830 1133 3885 vellet
1178 3845 1295 3886 non
1340 3833 1683 3898 consentire,
1718 3850 1812 3890 as-

444 3911 810 3978 sumeretque
837 3910 1015 3967 veluti
1046 3909 1301 3967 medium
1340 3912 1410 3968 ad
1451 3913 1605 3971 hunc
1631 3913 1811 3972 finem

444 3987 906 4058 consequendum
936 3990 1285 4061 suspendere
1319 4009 1553 4050 omnem
1598 4001 1806 4061 actum,

446 4069 581 4120 tunc
610 4066 742 4122 talis
780 4070 1098 4141 suspensiO,
1143 4076 1199 4127 et
1224 4074 1460 4131 omissio
1489 4082 1673 4148 posset
1699 4074 1809 4131 dici

447 4144 597 4202 bona
625 4150 943 4216 moraliter,
987 4158 1044 4208 et
1080 4154 1407 4219 meritoria;
1455 4172 1572 4213 non
1600 4172 1701 4229 per
1727 4172 1806 4225 se,

447 4232 503 4283 et
529 4227 858 4294 intrinsece,
890 4231 990 4289 sed
1027 4234 1346 4292 extrinsece
1386 4236 1612 4294 ratione
1652 4236 1813 4292 illius

449 4316 623 4376 actuS,
656 4327 690 4367 a
713 4328 825 4384 quo
848 4313 1047 4371 fuisset
1074 4316 1373 4390 imperata.

521 4399 579 4454 6.
622 4400 1018 4473 Respondetur
1063 4406 1326 4466 secundo.
1358 4404 1610 4465 admisso
1647 4413 1814 4465 ante-

447 4479 688 4550 cedenti,
735 4484 995 4558 negando
1021 4489 1486 4560 consequentiam
1502 4514 1516 4559 ;
1543 4507 1679 4548 nam
1708 4508 1814 4550 vo-

451 4564 660 4620 luntas.
704 4571 761 4621 et
810 4581 1118 4623 consensus
1170 4568 1662 4642 interpretativus‚
1707 4573 1812 4629 etsi

451 4644 761 4717 aliquando
782 4646 852 4702 ad
879 4646 1247 4715 demeritum,
1279 4655 1336 4706 et
1373 4651 1662 4709 malitiam
1689 4653 1815 4710 suf-

450 4725 621 4793 ficiat,
656 4742 951 4798 nunquam
1000 4734 1194 4795 tamen
1236 4731 1440 4788 sufficit
1485 4732 1556 4788 ad
1584 4732 1815 4791 bonita-

449 4815 588 4875 tem,
644 4825 828 4883 neque
873 4811 942 4867 ad
988 4814 1285 4878 meritum,
1341 4830 1467 4887 quae
1520 4831 1650 4872 cum
1698 4816 1817 4872 sint

451 4891 672 4965 aliquid
700 4894 1031 4966 positivum,
1078 4898 1396 4954 necessario
1434 4897 1645 4955 debent
1678 4898 1816 4955 fun-

449 4974 574 5032 dari
599 4977 661 5032 in
682 4980 841 5032 actu:
873 4994 984 5050 quo
1005 4978 1383 5038 fundamento
1409 4987 1563 5039 caret
1581 4997 1817 5048 consen,-

451 5065 547 5110 sus
578 5057 1066 5129 interpretativus,
1112 5061 1209 5132 qui
1247 5060 1310 5117 in
1336 5062 1650 5120 omissione
1675 5063 1814 5120 fun-

1957 614 2146 672 datur.
2191 618 2325 682 Quae
2363 616 2571 674 solutio
2596 620 2682 672 est
2705 628 2975 687 expressa
3017 615 3080 670 D.
3112 613 3401 672 Thom.1>.
3424 629 3535 674 m.

1959 704 2140 835 ᾳιᾶωξι.
2183 699 2276 768 25,
2319 700 2384 755 de
2423 697 2590 757 Verit.
2635 705 2745 753 art.
2793 699 2848 765 5,
2881 699 2943 752 in
2978 698 3330 771 responsione

1957 798 1993 835 α
2069 802 2126 839 ἰ).

2440 958 2725 1014 DUBIUM
2767 959 2839 1015 11.

1999 1121 2198 1180 Utrum
2223 1123 2299 1179 ad
2322 1124 2580 1179 meritum
2600 1123 2904 1177 necessaria
2925 1123 2999 1177 sit
3022 1118 3290 1176 libertas?

2027 1284 2413 1358 supponenda
2447 1290 2533 1342 est
2577 1283 2670 1340 hic
2709 1284 2968 1358 vulgaris
3006 1280 3322 1347 distinctio,

1952 1381 2051 1422 seu
2079 1364 2289 1424 divisio
2315 1365 2619 1433 libertatis,
2654 1364 2718 1422 in
2739 1363 3068 1421 libertatem
3093 1368 3332 1422 contra-

1952 1445 2222 1504 dictionis
2246 1489 2259 1512 ,
2314 1447 2439 1503 sive
2488 1447 2674 1519 quoad
2703 1448 3064 1504 exercitium
3097 1464 3110 1509 ;
3159 1450 3220 1503 et
3261 1446 3332 1502 in

1955 1528 2278 1587 libertatem
2304 1526 2751 1595 contrarietatis„
2782 1530 2873 1586 vel
2909 1527 3097 1603 quoad
3137 1525 3331 1600 speci-

1952 1612 2276 1670 ficationem
2300 1633 2314 1668 ε
2340 1627 2441 1684 per
2467 1611 2638 1667 illam
2658 1616 2743 1667 est
2762 1611 2937 1669 homo
2965 1610 3116 1668 liber
3137 1612 3328 1668 solum

1952 1694 2023 1751 ad
2048 1693 2390 1751 exercitium
2419 1697 2596 1758 actus,
2631 1691 2736 1749 hoc
2761 1698 2847 1749 est
2885 1693 2955 1750 ad
2996 1691 3327 1749 faciendum

1952 1775 2143 1841 illum,
2174 1779 2230 1830 et
2258 1789 2376 1832 non
2406 1771 2754 1838 faciendum,
2788 1779 2957 1845 prout
2995 1791 3106 1829 non
3145 1775 3328 1845 facere

1950 1856 2201 1912 sumitur
2223 1855 2507 1930 negative,
2539 1859 2595 1910 et
2626 1859 2686 1909 ut
2720 1859 3047 1911 extremum
3089 1860 3327 1912 contra-

1950 1936 2258 1995 dictorium
2287 1952 2427 2009 :per
2454 1935 2602 1991 hanc
2642 1950 2781 1991 vero
2820 1935 2891 1992 ad
2932 1936 3118 2008 ipsam
3168 1940 3329 1993 actus

1950 2018 2216 2091 speciem,
2273 2016 2333 2073 id
2384 2022 2469 2074 est
2515 2015 2587 2073 ad
2654 2016 2984 2089 ponendum
3038 2016 3212 2083 hunc,
3268 2023 3330 2074 et

1951 2101 2276 2174 oppositum
2320 2098 2633 2165 contrarie,
2666 2105 2764 2155 aut
2807 2100 3117 2172 privative,
3148 2105 3213 2156 ut
3252 2099 3329 2156 ad

1950 2181 2169 2248 odium,
2194 2187 2250 2239 et
2270 2180 2342 2238 ad
2365 2195 2646 2247 amorem,
2674 2181 2745 2236 ad
2765 2179 3002 2244 bonum,
3030 2185 3087 2236 et
3110 2179 3180 2237 ad
3205 2196 3331 2237 ma·

1950 2266 2095 2322 lum.
2124 2265 2237 2321 Pro
2264 2263 2423 2337 cujus
2443 2260 2833 2318 distinctionis
2854 2262 3062 2336 majori
3093 2262 3330 2319 intelli-

1948 2347 2142 2422 gentia
2173 2346 2497 2404 recolantur
2525 2361 2653 2418 quae
2680 2344 2935 2401 diximus
2980 2347 3040 2401 in
3070 2351 3232 2401 tract.
3258 2344 3355 2400 de'

1963 2427 2304 2495 Voluntaria,
2334 2427 2476 2499 disp.
2508 2428 2562 2494 2,
2593 2426 2723 2482 dub.
2759 2427 2805 2482 l.

2506 2609 2694 2678 ,51-

1997 2774 2319 2834 Communis
2343 2774 2610 2830 sententia
2636 2771 2851 2827 duabus
2877 2770 3280 2827 assertionibus

2465 2856 2801 2932 amplientur.

2018 3026 2075 3080 7.
2102 3019 2415 3079 Dicendum
2436 3008 2521 3075 est
2543 3019 2753 3092 primo,
2779 3017 3168 3074 necessarium
3190 3032 3319 3074 esse
3357 3046 3495 3091 pfl„

1947 3101 2017 3160 ad
2061 3102 2335 3159 meritum
2389 3099 2616 3173 aliquod
2679 3114 2859 3174 genus
2914 3097 3196 3155 libertatis
3241 3113 3316 3153 ex
3347 3097 3508 3191 {ffu-

1948 3185 2252 3260 praedictis.
2282 3184 2536 3241 Assertio
2562 3183 2679 3240 haec
2703 3187 2788 3240 est
2813 3183 2951 3238 satis
2982 3182 3315 3238 communis
3343 3197 3508 3241 runda-

1947 3268 2099 3325 inter
2125 3267 2457 3341 Theologos,
2489 3270 2546 3322 et
2570 3270 2797 3322 sanctos
2835 3266 3050 3321 Patres.
3086 3250 3517 3340 Potest-⁰⁸²3?

1944 3364 2053 3424 que
2106 3346 2336 3421 probari
2403 3347 2464 3401 in
2537 3345 2745 3418 primis
2804 3344 3068 3427 pluribus
3136 3360 3312 3402 sacrae
3353 3347 3500 3439 κζ·

1945 3433 2251 3506 Scripturae
2279 3430 2641 3495 testimoniis,
2675 3426 2990 3501 cujusmodi
3032 3433 3118 3484 est
3162 3427 3312 3484 illud
3328 3445 3442 3488 εαει.
3460 3443 3514 3486 15.

1947 3516 2152 3572 Εοοὶθε.
2195 3515 2292 3569 15:
2330 3511 2473 3567 Deus
2509 3512 2578 3568 ab
2604 3511 2767 3565 initio
2807 3511 3091 3565 constituit
3132 3509 3317 3565 homi-

1944 3612 2084 3661 nem,
2117 3602 2166 3649 εἰ
2204 3592 2428 3671 reliquit
2465 3609 2590 3646 eum
2634 3593 2696 3645 in
2740 3606 2915 3644 manu
2954 3590 3176 3645 consilii
3200 3594 3310 3657 sui,

1944 3679 2143 3750 adjecit
2170 3676 2455 3740 mandata,
2479 3680 2528 3728 et
2550 3678 2816 3746 percepta
2837 3689 2940 3727 sua
2964 3690 2983 3725 .·
3000 3669 3053 3728 si
3077 3673 3319 3729 volueris

1944 3760 2212 3817 mandat-a
2238 3773 2475 3820 servare,
2507 3754 2909 3811 conservabunt
2930 3760 2996 3809 te.
3026 3756 3096 3810 Et
3117 3755 3312 3812 infra:

1944 3842 2089 3899 Ante
2121 3841 2393 3896 hominem
2419 3841 2538 3893 vita
2576 3846 2625 3892 et
2659 3854 2823 3902 more,
2870 3836 3070 3892 bonum
3101 3844 3152 3892 et
3191 3856 3318 3894 ma-

1946 3924 2061 3979 lum
2107 3941 2125 3976 .·
2169 3921 2311 3996 quod
2350 3920 2621 3992 placuerit
2671 3921 2756 3982 ei,
2807 3917 3033 3973 dabitur
3079 3918 3186 3975 illi.
3249 3921 3320 3974 Et

1944 4024 2063 4079 cap.
2104 4007 2195 4070 31,
2239 4005 2290 4059 is
2329 4002 2618 4066 laudatur,
2669 4006 2726 4057 et
2767 4005 3031 4057 censetur
3074 4001 3317 4074 praemio

1944 4087 2172 4161 dignuS,
2223 4087 2319 4160 qui
2365 4085 2544 4157 potuit
2594 4082 2928 4153 transyredi,
2983 4090 3034 4137 et
3077 4099 3188 4138 non
3237 4090 3317 4138 ωε

1946 4176 2316 4238 transm-cesus
2331 4184 2350 4232 ;
2370 4169 2547 4237 facere
2569 4165 2739 4232 mala,
2771 4170 2820 4218 et
2848 4179 2957 4217 non
2980 4164 3134 4236 fecit.
3160 4166 3319 4220 Pau-

1947 4252 2036 4307 lus
2062 4251 2200 4307 item
2237 4251 2284 4316 1,
2313 4248 2389 4303 ad
2409 4245 2659 4305 Corinth.
2686 4247 2741 4310 9,
2768 4244 2956 4317 inquit
2984 4266 2998 4301 ε
3026 4244 3097 4303 Si
3135 4247 3532 4320 votensndcof-

1945 4332 2044 4388 hoc
2063 4347 2186 4401 aye,
2203 4328 2494 4385 mercedem
2514 4327 2701 4383 habea.
2728 4328 2797 4383 Et
2814 4329 2869 4390 2.
2891 4329 2961 4386 ad
2982 4326 3235 4384 Timoth.
3251 4327 3312 4383 2:
3375 4328 3478 4420 ἰθέα

1947 4413 2078 4471 Non
2097 4411 2466 4477 coronabitur,
2493 4411 2605 4465 nisi
2625 4412 2721 4487 qui
2743 4410 2979 4481 le9itime
2997 4411 3312 4467 certaverit.
3330 4424 3444 4470 Tim.
3472 4427 3511 4469 2.

1948 4494 2058 4552 Ubi
2105 4493 2444 4552 adverbium
2497 4493 2748 4562 leyitime,
2807 4492 2962 4550 idem
3007 4491 3316 4568 significat,

1947 4575 2097 4650 quod
2132 4575 2426 4632 secundum
2460 4574 2840 4647 prescriptum
2882 4576 3012 4646 leyis
3034 4593 3052 4627 .·
3079 4574 3323 4648 ideoque

1950 4656 2274 4714 libertatem
2319 4653 2607 4727 supponit,
2638 4659 2814 4725 quam
2859 4655 3002 4729 legis
3040 4654 3324 4713 observa-

1948 4741 2049 4807 tio,
2081 4744 2137 4796 et
2164 4737 2437 4812 subjectio
2465 4736 2727 4809 requirit.
2768 4738 2956 4802 Quare
2980 4738 3201 4811 optime
3227 4737 3326 4794 di-

1948 4823 2033 4879 xit
2057 4824 2119 4878 D.
2148 4822 2485 4894 Hieronym.
2517 4819 2608 4875 lib.
2642 4821 2696 4885 2,
2729 4827 2923 4875 contra
2950 4818 3139 4876 Jovin.
3165 4819 3321 4893 quod
3338 4838 3399 4881 n.
3422 4839 3546 4883 mer.

1948 4903 2043 4960 ubi
2068 4905 2375 4968 necessitate,
2405 4918 2501 4956 nec
2534 4917 2751 4962 corona,
2783 4917 2877 4955 nec
2901 4901 3189 4956 damnatio
3216 4908 3316 4958 est.
3336 4889 3397 4931 Β·
3417 4890 3533 4940 ²¹⁸·

1951 4987 2019 5041 Et
2041 4986 2104 5042 D.
2130 4987 2364 5059 August.
2392 4983 2483 5039 lib.
2509 4982 2574 5037 de
2589 4984 2778 5059 qratia
2797 4989 2847 5038 et
2868 4982 3034 5038 libero
3054 4983 3316 5049 arbitrio,

1949 5087 2071 5143 cap.
2101 5071 2158 5134 7,
2191 5067 2379 5140 inquit
2412 5089 2427 5123 ε
2455 5065 2591 5141 Ipsa
2617 5067 2813 5123 divina
2849 5069 3172 5142 praecripta
3214 5068 3322 5123 ho-

3171 5165 3321 5204 mam
