3647 5753
1375 401 1553 458 DISP.
1599 403 1694 468 ΙΙΙ,
1740 402 1905 459 DUB.
1951 404 1994 459 1.
2968 408 3080 462 549

213 590 281 631 ea
312 574 535 631 ratione
560 574 933 647 requiruntur
950 576 1157 649 aliquae
1176 574 1584 648 dispositiones

213 656 481 721 actualeS,
532 661 590 710 ut
636 656 852 728 impius
890 655 1249 729 Justificetur,
1299 656 1435 728 quia
1489 656 1582 712 hic

214 736 417 809 nequit
478 736 934 793 connaturaliter
985 737 1209 809 assequi
1270 736 1574 811 justitiam,

214 820 330 875 nisi
349 826 643 875 avertatur
665 835 697 874 a
720 816 868 875 bono
894 819 1314 885 commutabili,
1335 817 1405 874 ad
1429 817 1579 890 quod

214 901 404 959 fuerat
431 900 763 959 inordinate
802 917 1130 967 conversus,
1182 907 1239 957 et
1279 905 1580 957 moveatur

214 983 279 1039 in
308 984 486 1039 Deum
518 983 790 1038 ultimum
815 979 1012 1047 finem,
1047 997 1079 1037 a
1103 998 1216 1053 quo
1245 997 1346 1053 per
1388 987 1578 1037 actum

214 1066 425 1138 peccati
450 1071 757 1122 recesserat
790 1086 803 1120 ε
834 1078 959 1137 quae
999 1064 1303 1120 conversio
1328 1069 1412 1120 est
1452 1079 1579 1135 pro-

212 1145 505 1218 priissime
532 1149 685 1201 actus
709 1144 1026 1202 charitatis.
1059 1145 1207 1199 Tum
1237 1145 1414 1200 etiam
1441 1142 1579 1215 quia

212 1226 473 1299 alioquin
500 1241 618 1283 non
649 1231 832 1298 posset
858 1222 1170 1290 verificari,
1202 1226 1451 1295 qualiter
1480 1238 1577 1278 ac-

212 1313 323 1375 tus,
355 1325 496 1380 quos
537 1312 789 1363 recenset
826 1305 1171 1371 Concilium,
1203 1312 1260 1363 et
1304 1306 1578 1361 hactenus

212 1387 689 1463 explicuimuS,ad
706 1386 1173 1462 justificationem
1188 1386 1577 1460 disponerent3

214 1472 576 1545 nequeenim
604 1486 830 1542 semper
876 1478 1115 1526 manent
1157 1469 1486 1527 formaliter
1513 1469 1577 1525 in

211 1555 435 1629 seipsiS,
460 1560 521 1609 ut
549 1554 809 1626 proxime
836 1551 1164 1609 dicebamus
1180 1576 1193 1619 ;
1222 1568 1325 1608 nec
1348 1556 1577 1624 possent

211 1651 450 1693 manere
496 1633 840 1700 virtualiter,
872 1634 921 1690 si
952 1638 1107 1689 actus
1134 1631 1429 1688 charitatis
1471 1648 1576 1688 ex-

211 1715 555 1773 cluderetur.
584 1712 747 1771 Unde
775 1713 921 1787 quod
947 1712 1247 1786 praedictus
1276 1712 1575 1769 charitatis

212 1803 367 1853 actus
387 1796 530 1867 (sive
554 1795 630 1850 sit
656 1792 904 1860 dilectio,
930 1792 1053 1848 sive
1067 1793 1141 1848 sit
1162 1794 1347 1864 dolor)
1374 1790 1577 1849 debeat

210 1877 535 1935 formaliter
558 1874 958 1948 justificationi
1006 1875 1336 1941 coexistere,
1370 1871 1577 1930 docent

208 1959 594 2018 communiter
614 1958 908 2031 Theologi.

7 2054 194 2108 :uinta
284 2040 357 2097 23
420 2037 676 2095 Secundo
702 2038 980 2109 inquireS,
1010 2053 1084 2093 an
1139 2035 1391 2110 praedicti
1420 2038 1575 2090 actus

8 2106 167 2197 ,mffinae
213 2120 328 2175 sint
352 2118 525 2174 simul
555 2120 617 2174 in
646 2117 886 2174 instanti
936 2117 1403 2191 justificationis?
1430 2118 1574 2172 Res-

5 2210 190 2297 &22¹3
217 2198 493 2273 pondetur
520 2198 647 2255 fieri
689 2214 867 2271 posse,
918 2197 1068 2270 quod
1106 2214 1222 2255 non
1251 2211 1451 2254 omnes
1477 2212 1573 2252 ac-

5 2285 158 2346 *simul
217 2288 304 2338 tus
334 2298 509 2354 supra
538 2281 703 2337 relati
726 2281 1040 2336 coexistunt
1092 2281 1269 2336 simul
1293 2277 1574 2353 justifica-

6 2362 177 2446 [affl-e
216 2365 359 2421 tioni
385 2388 398 2431 3
429 2363 563 2436 quia
602 2379 802 2420 eorum
827 2363 1007 2435 aliqui
1047 2361 1368 2437 imperfecti
1414 2365 1566 2428 sunt,

210 2450 268 2501 et
290 2445 477 2501 solent
517 2442 982 2516 justificationem
1036 2450 1291 2516 tempore
1342 2447 1570 2498 antece-

208 2524 365 2590 dere,
399 2524 747 2582 emolliendo
775 2525 1080 2597 peccatoris
1107 2541 1219 2592 cor,
1253 2523 1406 2580 utin
1447 2522 1570 2578 fer-

204 2606 516 2670 ventiores,
548 2610 604 2661 et
625 2604 988 2676 perfectiores
1014 2609 1167 2661 actus
1204 2607 1564 2677 prorumpat.

204 2688 267 2745 Id
295 2688 444 2762 quod
470 2688 606 2744 satis
639 2703 710 2744 ex
755 2703 816 2745 se
855 2693 1115 2745 constare
1142 2686 1388 2743 videtur.
1413 2685 1567 2743 Fieri

200 2776 399 2827 tamen
426 2771 595 2837 valet,
641 2773 705 2824 ut
731 2784 931 2825 omnes
975 2768 1230 2841 praedicti
1273 2773 1447 2833 actus,
1473 2766 1568 2823 vel

197 2853 403 2910 saltem
435 2852 627 2924 plures
653 2867 854 2910 eorum
895 2850 1144 2908 existant
1195 2850 1259 2907 in
1300 2848 1561 2916 instanti,

196 2936 265 2991 in
282 2950 393 3007 quo
412 2934 596 3008 gratia
612 2932 1040 3008 justificationis
1061 2931 1413 3000 infunditur;
1430 2930 1568 3004 quia

198 3012 454 3087 praedicti
475 3019 630 3069 actus
657 3029 774 3070 non
801 3029 862 3069 se
888 3010 1102 3068 habent
1127 3010 1437 3083 disparate,
1464 3008 1564 3066 sed

197 3091 658 3150 subordinantur
685 3093 749 3148 in
778 3090 983 3149 ordine
1003 3090 1075 3148 ad
1105 3091 1413 3165 perfectam
1435 3104 1567 3146 con-

198 3172 552 3239 versionem,
584 3172 740 3229 etsie
759 3178 894 3228 sunt
914 3168 1333 3243 quodammodo
1355 3184 1559 3224 unum.

201 3256 457 3325 Utraque
479 3251 846 3309 resolutionis
869 3266 1001 3322 pars
1046 3249 1371 3307 desumitur
1395 3264 1468 3304 ex
1493 3248 1558 3303 D.

3 3343 162 3389 turbo.
197 3332 411 3389 Thom.
441 3331 597 3387 infra
623 3339 733 3389 art.
758 3335 792 3387 7
817 3331 890 3385 ad
936 3332 981 3396 l,
1017 3328 1115 3386 ubi
1158 3329 1238 3384 ait
1266 3349 1279 3384 z
1307 3349 1332 3381 (t
1375 3328 1564 3383 Motus

206 3436 236 3468 α
279 3411 449 3469 liberi
477 3410 727 3478 arbitrii,
760 3411 857 3484 qui
884 3410 1175 3467 concurrit
1202 3408 1271 3465 ad
1293 3406 1566 3482 giustifica-

202 3515 232 3546 «ι
280 3493 495 3550 tionem
525 3493 714 3565 impii,
735 3498 820 3549 est
845 3507 1155 3548 consensus
1183 3488 1252 3546 ad
1279 3487 1564 3545 detestan-

200 3594 231 3626 α
277 3571 415 3628 dum
463 3578 767 3645 peccatum,
821 3576 879 3628 et
924 3570 994 3629 ad
1053 3568 1431 3627 accedendum
1490 3566 1561 3623 ad

198 3677 227 3708 α
275 3656 456 3711 Deum
490 3674 503 3710 ε
531 3652 885 3726 quiquidem
926 3668 1233 3710 consensus
1255 3648 1444 3706 subito
1470 3645 1558 3705 fit.

199 3757 230 3791 α
275 3734 567 3808 Contingit
611 3739 802 3790 autem
822 3731 1182 3805 quandoque,
1232 3728 1382 3803 quod
1411 3743 1562 3801 prae-

200 3838 230 3870 α
272 3816 417 3873 cedit
444 3816 637 3888 aliqua
672 3812 1030 3879 deliberatio,
1061 3829 1185 3886 quae
1219 3826 1335 3868 non
1361 3814 1447 3867 est
1490 3807 1563 3866 de

197 3920 227 3951 α
274 3897 591 3955 substantia
610 3894 1051 3971 justificationis,
1085 3894 1182 3951 sed
1205 3894 1299 3950 via
1339 3892 1402 3947 in
1444 3892 1562 3965 jus-

197 4000 227 4033 «
271 3977 643 4036 tificationem
672 3998 685 4033 ε
714 3977 860 4033 sicut
886 3982 1073 4033 motus
1110 3974 1306 4032 localis
1351 3978 1434 4032 est
1465 3972 1560 4029 via

198 4081 227 4112 «
270 4058 339 4116 ad
362 4058 878 4123 illuminationem,
906 4063 962 4114 et
988 4055 1256 4113 alteratio
1284 4053 1352 4110 ad
1381 4068 1560 4128 gene-

193 4163 221 4195 «
268 4141 577 4199 rationem.
627 4162 652 4194 ι)
682 4142 750 4195 Et
769 4138 838 4195 ad
860 4141 894 4193 2
924 4138 1081 4194 addit
1112 4160 1126 4195 ε
1163 4159 1190 4191 α
1230 4135 1393 4192 Nihil
1422 4151 1558 4208 pro-

192 4246 220 4277 «
267 4223 428 4280 hibet
453 4223 566 4281 duo
593 4223 768 4279 simul
799 4222 1125 4296 intelligere
1169 4225 1316 4286 actu,
1348 4233 1558 4275 secun-

195 4326 223 4358 α
262 4303 404 4360 dum
428 4303 576 4376 quod
592 4299 1156 4374 suntquodammodo
1172 4316 1387 4356 unum:
1410 4299 1558 4355 sicut

192 4407 220 4438 ι(
263 4385 444 4441 simul
473 4384 857 4458 intelligimus
892 4382 1228 4456 subiectum,
1254 4387 1311 4437 et
1355 4378 1558 4453 praedi-

193 4486 221 4518 «
266 4463 552 4531 catum,in
585 4470 863 4537 quantum
906 4464 1194 4519 uniuntur
1238 4461 1301 4517 in
1349 4458 1555 4517 ordine

194 4566 222 4598 «
270 4544 674 4602 affirmationis
700 4544 891 4601 unius.
918 4545 989 4598 Et
1023 4558 1122 4615 per
1150 4540 1397 4598 eundem
1425 4556 1557 4597 mo-

194 4647 223 4679 «
268 4625 411 4681 dum
456 4622 705 4681 liberum
753 4623 1061 4680 arbitrium
1103 4626 1284 4695 potest
1333 4622 1398 4677 in
1442 4619 1556 4677 duo

194 4728 222 4758 «
266 4706 446 4762 simul
470 4705 714 4773 moveri,
744 4704 1058 4761 secundum
1079 4701 1228 4776 quod
1250 4718 1433 4758 unum
1457 4716 1555 4758 or-

197 4808 225 4840 «
267 4786 507 4844 dinatur
531 4786 592 4842 in
621 4784 798 4853 aliud,
829 4792 932 4843 etc.
967 4806 992 4837 ι»
1019 4783 1127 4842 Sed
1154 4782 1224 4840 de
1251 4784 1355 4840 hoc
1384 4782 1556 4838 latius

188 4866 450 4927 dicemus
476 4869 616 4940 disp.
647 4884 753 4945 seq.
784 4867 912 4923 dub.
954 4867 1009 4934 2,
1049 4863 1148 4921 ubi
1190 4861 1556 4920 examinabi-

188 4966 342 5015 mus,
369 4965 446 5007 an
478 4946 807 5023 justificatio
834 4946 935 5004 fiat
957 4945 1020 5002 in
1042 4943 1304 5010 instanti,
1321 4943 1412 4999 vel
1434 4957 1558 4998 suc-

188 5032 406 5091 cessive
420 5033 449 5089 i)

1788 576 1882 632 24.
1928 576 2124 633 Tertio
2157 576 2436 650 inquireS,
2490 595 2566 635 an
2615 577 2874 651 praedicti
2923 584 3078 635 actus
3115 594 3267 638 sexta:

1716 653 1965 711 habeant
1990 657 2274 713 rationem
2314 656 2706 732 dispositionis
2735 659 3077 716 anteceden-
3126 643 3258 737 {fig-¹⁸

1714 734 1787 791 tis
1823 743 2080 809 respectu
2128 738 2330 795 formae
2376 739 2767 814 justificantis;
2823 757 2898 797 an
2940 759 3078 801 vero
3106 742 3280 800 positio·

1713 816 2132 888 consequentis,
2176 824 2274 874 aut
2320 821 2797 876 concomitantis?
2819 824 3077 894 Respon-
3092 794 3299 887 32311'2‘331

1713 892 1896 964 detur,
1926 897 2074 969 quod
2105 904 2166 954 ut
2193 899 2361 957 modo
2381 902 2759 974 supponimus
2779 917 2848 958 ex
2886 903 3078 974 philo-
3094 885 3262 938 tiantur.

1710 976 1934 1048 sophia,
1968 979 2073 1036 illa
2119 978 2418 1054 dispositio
2459 981 2671 1039 dicitur
2716 984 3076 1052 antecedens,

1711 1074 1836 1130 quae
1857 1059 2058 1117 formae
2079 1061 2563 1121 introductionem
2597 1062 2902 1122 duratione
2931 1081 3071 1138 prae—

1710 1139 1891 1209 cedit3
1921 1143 2026 1200 illa
2051 1160 2190 1201 vero
2217 1147 2621 1211 concomitans,
2660 1163 2785 1219 quae
2830 1145 2988 1203 adest
3013 1147 3078 1203 in

1712 1223 1955 1280 instanti
1981 1228 2391 1300 generationis,
2423 1229 2547 1286 sive
2568 1230 2806 1287 aforma
2822 1229 3080 1288 effective
3145 1256 3154 1265 ·

1712 1304 1997 1379 procedat,
2011 1308 2135 1365 sive
2152 1324 2268 1365 non
2288 1333 2302 1376 ;
2330 1310 2433 1367 illa
2444 1310 2691 1385 denique
2704 1327 3076 1385 consequens,

1710 1403 1836 1458 quas
1864 1386 1934 1442 ad
1956 1387 2224 1457 formam,
2263 1395 2558 1463 tamquam
2601 1391 2671 1449 ad
2719 1392 3075 1465 principium

1710 1465 2034 1523 effectivum
2062 1469 2447 1542 consequitur,
2480 1487 2720 1545 eamque
2742 1473 3072 1539 comitatur,

1708 1548 1913 1604 saltem
1942 1549 2003 1605 in
2023 1566 2128 1607 suo
2152 1548 2300 1607 fieri.
2334 1554 2457 1616 Quo
2481 1555 2788 1628 supposit0‚
2829 1555 3077 1611 dicimus

1711 1627 1981 1686 timorem
2014 1646 2213 1702 poenae,
2247 1636 2304 1688 et
2330 1649 2490 1705 spem
2520 1635 2705 1691 veniae
2724 1650 2846 1691 esse
2874 1650 2945 1691 ex
2967 1651 3076 1692 na-

1712 1714 1840 1764 tura
1861 1721 1964 1765 sua
1982 1708 2387 1782 dispositiones
2409 1713 2479 1770 ad
2494 1714 2961 1787 J'ustificationem
2975 1732 3076 1771 an-

1710 1789 2046 1857 tecedentes,
2076 1792 2213 1863 quia
2240 1799 2520 1865 quantum
2540 1800 2627 1851 est
2647 1795 2716 1851 de
2729 1811 2808 1861 se,
2829 1801 3068 1867 possunt

1709 1868 1873 1926 illam
1895 1875 2154 1942 tempore
2174 1873 2414 1940 anteire,
2441 1880 2497 1930 et
2523 1874 2594 1931 ab
2614 1891 2680 1932 ea
2701 1876 2982 1948 separari,
3011 1884 3074 1933 ut

1707 1951 1847 2008 satis
1874 1968 1943 2008 ex
1963 1951 2023 2008 se
2052 1953 2247 2026 liquet.
2297 1958 2468 2011 Actus
2496 1973 2633 2014 vero
2673 1958 2991 2025 charitatiS,
3016 1966 3076 2017 et

1709 2033 2060 2104 poenitentiae
2085 2033 2318 2090 virtutis
2337 2040 2474 2091 sunt
2494 2035 2896 2110 dispositiones
2916 2040 3070 2097 sim-

1709 2115 1933 2186 pliciter
1953 2117 2401 2174 concomitantes
2425 2141 2440 2185 ;
2473 2134 2608 2175 nam
2632 2121 2695 2176 in
2721 2121 2919 2179 eodem
2947 2127 3073 2182 ins-

1708 2196 1872 2263 tanti,
1906 2196 1969 2252 in
1990 2212 2101 2268 quo
2121 2197 2454 2265 eliciuntur,
2488 2198 2645 2256 adest
2678 2201 2867 2259 forma
2896 2206 3073 2278 justi-

1706 2272 1884 2331 ficans
1915 2317 1928 2341 ,
1959 2275 2083 2332 sive
2133 2277 2254 2333 haec
2291 2280 2576 2336 connexio
2620 2282 2694 2337 sit
2723 2283 2976 2357 physica,
3016 2292 3073 2343 et

1704 2358 2011 2414 conveniat
2037 2358 2160 2415 illis
2185 2376 2257 2416 ex
2279 2367 2489 2418 natura
2512 2363 2618 2427 rei,
2659 2364 2783 2421 sive
2830 2368 3073 2425 moralis

1704 2442 1952 2504 tantum,
1984 2444 2041 2494 et
2073 2454 2144 2494 ex
2170 2441 2292 2496 sola
2337 2441 2653 2499 intrinseca
2695 2442 3074 2518 dispositione

1704 2518 1804 2575 Dei
1827 2519 1997 2574 illum
2042 2534 2255 2576 nexum
2282 2519 2643 2579 decernentis
2677 2546 2690 2580 ε
2720 2526 2870 2598 quod
2912 2528 3071 2586 infra

1703 2599 2168 2657 examinabimus
2208 2602 2336 2658 dub.
2366 2604 2420 2660 5.
2446 2607 2538 2659 An
2585 2610 2776 2662 autem
2820 2607 2863 2662 ii
2893 2614 3075 2680 poste·

1688 2680 1889 2747 ¹riores
1916 2687 2071 2737 actus
2096 2681 2213 2736 sint
2241 2681 2467 2739 dicendi
2490 2683 2894 2757 dispositiones
2933 2706 3074 2746 con-

1700 2768 2019 2836 sequentes,
2046 2762 2201 2819 infra
2223 2765 2503 2821 constabit
2521 2766 2648 2823 dub.
2681 2768 2734 2834 3,
2768 2767 2864 2825 ubi
2888 2768 3073 2828 discu-

1702 2846 1936 2914 tiemuS,
1967 2851 2165 2903 utrum
2195 2845 2448 2920 praedicti
2469 2844 2641 2906 'actus
2675 2851 2993 2924 charitatiS,
3018 2861 3075 2913 et

1702 2929 2060 3002 poenitentiae
2105 2928 2176 2985 ad
2206 2929 2676 3003 justificationem
2704 2933 3072 3009 disponentes

1702 3008 2013 3081 procedant
2043 3026 2075 3067 a
2098 3011 2286 3083 gratia
2337 3010 2749 3080 sanctificante,
2794 3022 3068 3089 tanquam

1699 3105 1732 3145 a
1771 3089 2061 3163 principio
2110 3089 2388 3148 effectivo.
2427 3095 2597 3148 Actus
2644 3091 2892 3168 denique
2936 3095 3068 3153 fidei

1701 3170 1987 3226 rationem
2006 3171 2305 3243 utriusque
2326 3169 2722 3244 dispositionis
2738 3176 3062 3249 participat,

1698 3249 1833 3321 quia
1859 3265 1931 3306 ex
1959 3267 2074 3308 una
2098 3258 2259 3325 parte
2281 3257 2458 3324 potest
2471 3257 2728 3326 tempore
2751 3257 3067 3327 praecedere

1698 3328 2053 3387 infusionem
2103 3330 2302 3405 gratias
2321 3374 2335 3398 ,
2385 3335 2442 3387 et
2486 3331 2558 3388 ab
2608 3334 2712 3390 illa
2763 3336 3022 3407 separari
3049 3357 3062 3402 ;

1697 3408 1847 3483 quod
1869 3416 1953 3467 est
1975 3412 2276 3484 proprium
2298 3409 2693 3483 dispositionis
2719 3415 3064 3474 anteceden-

1698 3493 1771 3549 tis
1803 3513 1816 3548 ε
1847 3497 1903 3548 et
1922 3507 1993 3548 ex
2016 3492 2131 3548 alia
2160 3498 2321 3565 parte
2341 3509 2570 3566 semper
2597 3493 2755 3551 adest
2796 3497 3065 3555 formali-

1698 3581 1784 3631 ter
1811 3573 1876 3629 in
1898 3571 2099 3630 eodem
2130 3573 2391 3643 instanti,
2419 3575 2482 3631 in
2509 3591 2619 3648 quo
2638 3578 2824 3649 gratia
2851 3581 3065 3637 sancti-

1696 3655 1875 3713 ficans
1902 3652 2235 3711 infunditur
2259 3679 2274 3723 ;
2315 3654 2465 3729 quod
2518 3658 2749 3730 proprie
2790 3663 3062 3719 convenit

1695 3734 2059 3809 dispositioni
2086 3735 2514 3792 concomitanti.
2539 3738 2610 3791 Et
2633 3738 2781 3796 ratio
2795 3745 2897 3806 est,
2924 3759 3062 3814 quo·

1696 3819 1858 3875 niam
1886 3817 2025 3875 fides
2053 3817 2273 3890 regulat
2289 3820 2345 3873 et
2372 3817 2504 3873 illos
2528 3825 2685 3873 actus
2736 3819 3050 3893 imperfec-

1693 3907 1779 3957 tos
1800 3942 1814 3966 ,
1873 3900 1970 3973 qui
2012 3897 2478 3972 justificationem
2528 3907 2763 3972 possunt
2809 3908 3064 3978 tempore

1695 3979 2014 4055 praecedere
2037 4004 2053 4048 ;
2100 3983 2157 4036 et
2201 3984 2357 4034 actus
2402 3979 2534 4036 illos
2594 3981 2905 4054 perfectos,
2961 3987 3060 4058 qui

1692 4061 1940 4137 gratiam
1958 4059 2366 4136 justificantem
2405 4062 2756 4118 comitantur
2780 4086 2795 4130 ;
2828 4066 3057 4139 utrique

1692 4145 1852 4202 enim
1894 4148 2205 4216 exposcunt
2232 4143 2513 4200 actualem
2540 4142 2917 4202 directionem
2959 4164 3061 4222 per

1690 4223 2155 4370 fid{gfdnquires
2180 4302 2399 4370 quart0,
2425 4312 2500 4353 an
2522 4296 2849 4372 huiusmodi
2877 4305 3050 4369 actuS,
3075 4326 3272 4379 sepum&

1689 4376 1788 4450 qui
1836 4377 1906 4434 ad
1952 4378 2200 4452 gratiam
2243 4375 2668 4451 justificationis
2719 4375 3048 4451 disponunt,
3079 4425 3105 4468 d
3133 4377 3200 4419 An

1687 4456 1935 4514 debeant
1953 4456 2084 4514 elici
2113 4454 2336 4512 viribus
2354 4455 2552 4530 gratiae
2572 4460 3047 4531 supernaturalis,
3108 4425 3261 4520 (ἷῖιῖσέοὸὲῖη

1688 4553 1764 4594 an
1810 4537 2029 4610 possint
2052 4536 2183 4593 elici
2223 4537 2318 4593 vel
2347 4552 2448 4609 per
2476 4536 2693 4592 auxilia
2739 4541 3047 4609 naturalia,
3084 4534 3255 4618 affilffl‘

1689 4621 1783 4677 vel
1804 4634 1906 4692 per
1927 4618 2251 4675 naturalem
2274 4618 2601 4675 facultatem
2625 4617 2896 4678 arbitrii?
2918 4625 3051 4680 Res·
3067 4633 3266 4717 supet-Irim-

1690 4699 1975 4774 pondetur
1996 4698 2292 4772 praedictas
2314 4697 2714 4771 dispositiones
2730 4697 3054 4774 dependere
3090 4680 3180 4718 ‘¹¹¹³
3218 4704 3230 4716 “

1690 4783 2011 4839 necessario
2036 4798 2069 4838 a
2094 4780 2281 4855 gratia
2307 4780 2770 4853 supernaturalis
2806 4782 3048 4844 ordinis.

1689 4863 1850 4928 Quod
1871 4864 1986 4920 late
2007 4860 2378 4935 probavimus
2400 4867 2564 4917 tract.
2579 4863 2802 4935 praeced.
2823 4862 2969 4939 dis-p.
2994 4868 3049 4934 3,

1687 4944 1813 5002 dub.
1840 4945 1896 5011 5,
1924 4962 2049 5000 cum
2061 4941 2425 5016 sequentibus.

1762 5026 1858 5083 26.
1882 5022 2142 5084 Tandem
2164 5021 2444 5098 inquire-⁸³,
2472 5037 2548 5080 an
2572 5022 2690 5081 haec
2718 5025 3050 5100 propositi0,
