3647 5753
339 1142 511 1187 molium

350 1197 515 1251 senteu-

349 1246 407 1284 tna
427 1253 515 1286 suis

352 1291 495 1334 verbis

332 1342 527 1385 refertur.

545 398 580 451 2
1568 398 1660 452 DE
1700 396 1973 451 GRATIA
2011 396 2352 454 EFFICACI.

544 592 674 633 cum
691 572 972 630 Ludovico
992 573 1062 631 de
1076 575 1312 640 Molina,
1342 592 1414 632 ne
1437 576 1737 632 videamur
1756 574 1904 631 alie-

546 672 683 712 nam
725 654 1072 711 sententiam
1101 655 1189 711 illi
1232 656 1518 731 affingere,
1551 658 1639 713 vel
1693 655 1904 729 injuste

543 749 675 790 eum
708 734 1067 808 impugnare,
1100 741 1321 806 oportet
1362 736 1540 808 ipsius
1567 736 1903 808 opinionem

543 814 793 871 fideliter
822 816 1037 872 referre
1062 836 1075 871 ε
1124 815 1272 887 quod
1313 817 1486 873 etiam
1515 815 1815 880 deserviet,
1845 822 1905 871 ut

546 895 840 967 propriam
869 897 990 968 ejus
1013 901 1263 950 mentem
1287 898 1478 968 (quam
1504 896 1614 953 nisi
1640 896 1904 951 inconse-

543 981 785 1048 quenter
827 992 943 1033 non
975 984 1207 1048 possunt
1231 979 1352 1050 ejus
1377 977 1702 1034 defensores
1741 977 1904 1034 dese-

546 1061 713 1127 rere),
748 1058 931 1131 magis
967 1065 1314 1131 perspectam
1362 1058 1694 1115 habeamus.
1727 1059 1903 1133 Igitur

545 1137 845 1210 praedictus
867 1138 1084 1195 Molina
1112 1144 1377 1195 naturam
1408 1139 1610 1195 auxilii
1642 1138 1897 1206 efficacis,

545 1219 776 1291 ejusque
817 1233 849 1273 a
893 1217 1191 1274 sufficienti
1227 1217 1611 1277 differentiam
1657 1219 1903 1291 explicat

545 1296 636 1352 his
677 1295 868 1353 verbis
901 1318 913 1351 :
944 1317 969 1349 α
1012 1299 1133 1360 Quo
1178 1295 1260 1363 fit,
1293 1303 1355 1353 ut
1379 1297 1590 1354 divisio
1613 1298 1900 1355 sufficien-

548 1400 572 1430 «
616 1379 688 1434 tis
740 1378 941 1434 auxilii
996 1378 1059 1433 in
1078 1377 1374 1443 efficacem,
1430 1384 1485 1434 ct
1531 1379 1897 1447 inefficacem,

547 1482 570 1510 «
615 1463 810 1514 nostra
836 1458 1138 1524 sententia,
1172 1458 1242 1516 ab
1283 1459 1482 1516 effectu
1506 1460 1604 1531 qui
1630 1458 1807 1514 simul
1830 1459 1899 1515 ab

544 1560 568 1591 «
612 1537 842 1596 arbitrii
865 1539 1130 1596 libertate
1153 1539 1375 1611 pendet,
1402 1545 1692 1605 sumatur;
1720 1537 1899 1594 illud-

467 1633 475 1642 ·
543 1643 566 1672 «
609 1637 717 1694 que
745 1622 1028 1677 auxilium
1055 1620 1361 1689 sufficiens,
1393 1620 1518 1676 sive
1539 1622 1743 1695 majuS,
1776 1621 1898 1678 sive

543 1727 566 1754 «
610 1703 806 1758 minus
830 1702 891 1757 in
919 1717 979 1757 se
1004 1702 1078 1757 sit
1124 1701 1316 1757 efficax
1338 1701 1576 1760 dicatur.
1608 1718 1736 1758 cum
1786 1718 1898 1774 quo

542 1804 566 1833 «
609 1782 917 1838 arbitrium
949 1798 1051 1853 pro
1071 1798 1174 1837 sua
1201 1781 1466 1838 libertate
1491 1783 1848 1839 convertitur
1878 1806 1894 1850 ;

542 1886 566 1915 «
608 1880 737 1920 cum
762 1870 973 1925 tamen,
1004 1863 1154 1919 nihil
1181 1879 1248 1919 eo
1277 1864 1495 1920 auxilio
1523 1863 1890 1936 impediente,

542 1966 564 1995 «
610 1944 856 2016 potuerit
874 1958 988 1999 non
1009 1942 1284 1999 converti.
1311 1943 1455 1999 Illud
1474 1959 1612 2000 vero
1635 1944 1895 2000 inefficax

541 2046 565 2074 «
609 2022 851 2088 dicatur,
902 2038 1032 2079 cum
1073 2039 1183 2094 quo
1225 2021 1533 2078 arbitrium
1567 2039 1668 2094 pro
1694 2023 1894 2079 eadem

541 2128 564 2153 «
607 2120 708 2160 sua
734 2102 996 2159 libertate
1017 2118 1133 2159 non
1155 2103 1526 2168 convertitur,
1548 2120 1676 2159 cum
1701 2109 1895 2160 tamen

539 2208 562 2235 «
607 2185 856 2256 potuerit
876 2183 1162 2249 converti;
1195 2184 1452 2255 alioquin
1475 2186 1585 2239 tale
1607 2184 1892 2240 auxilium

538 2286 560 2315 «
603 2264 887 2321 sufficiens
936 2279 1052 2320 non
1084 2268 1252 2319 ‘esset
1310 2262 1380 2319 ad
1432 2265 1890 2321 conversionem.

537 2367 562 2395 «
608 2345 754 2400 Hinc
773 2345 974 2415 quinto
999 2345 1117 2400 loco
1140 2344 1469 2408 asserimuS,
1496 2344 1716 2399 auxilia
1746 2361 1893 2417 prae-

537 2448 560 2475 «
605 2425 909 2488 venientis,
962 2432 1127 2496 atque
1175 2423 1500 2496 adjuvantis
1527 2425 1743 2500 gratiae,
1771 2442 1894 2498 quae

538 2527 560 2555 «
605 2505 728 2578 lege
778 2502 1076 2559 ordinaria
1123 2503 1452 2560 Viatoribus
1490 2502 1887 2571 conseruntur,

538 2608 560 2635 «
604 2583 753 2656 quod
801 2582 1063 2646 efficacia,
1091 2587 1188 2637 aut
1216 2582 1524 2639 inefficacia
1553 2583 1623 2639 ad
1651 2599 1892 2640 conver-

538 2686 562 2715 «
609 2664 833 2720 sionem
861 2663 997 2727 sint,
1045 2662 1293 2734 pendere
1320 2679 1352 2719 a
1382 2663 1563 2721 libero
1588 2681 1886 2731 consensu,

537 2768 560 2795 «
605 2748 661 2799 et
680 2742 1076 2815 cooperatione
1105 2741 1335 2797 arbitrii
1365 2744 1544 2799 nostri
1568 2761 1696 2800 curn
1727 2745 1847 2800 illis
1876 2768 1888 2803 ι

536 2844 560 2873 «
606 2826 771 2894 atque
793 2819 931 2878 adeo
953 2820 1014 2875 in
1044 2818 1223 2876 libera
1236 2827 1431 2878 nostra
1455 2827 1724 2894 potestate
1745 2839 1886 2889 esse,

537 2926 559 2955 «
611 2903 703 2958 vel
749 2902 852 2957 illa
895 2900 1138 2957 efficacia
1186 2900 1423 2958 reddere
1459 2904 1886 2971 consentiendO,

536 3004 558 3032 «
602 2988 658 3039 et
685 2979 1039 3052 cooperando
1066 2995 1195 3036 cum
1227 2981 1346 3035 illis
1381 2979 1450 3036 ad
1479 2987 1651 3049 actus,
1684 2983 1892 3055 quibus

537 3086 559 3114 «
603 3059 674 3117 ad
697 3058 1159 3134 justificationem
1181 3058 1573 3132 disponimur;
1600 3064 1689 3118 vel
1703 3063 1892 3120 ineffi-

537 3165 561 3196 «
603 3143 755 3199 cacia
808 3142 909 3196 illa
961 3138 1198 3197 reddere
1257 3141 1606 3199 continendo
1646 3160 1890 3202 consen-

536 3246 560 3274 «
603 3238 731 3278 sum
753 3264 765 3287 ,
825 3226 881 3277 et
932 3220 1387 3292 cooperationem
1443 3228 1697 3279 nostram
1719 3267 1732 3288 ,
1790 3232 1891 3282 aut

536 3326 560 3354 «
601 3303 777 3358 etiam
800 3299 1078 3357 eliciendo
1106 3301 1462 3357 contrarium
1490 3300 1835 3361 dissensum.
1857 3326 1882 3356 ι)

531 3382 601 3435 Et
640 3381 703 3436 in
741 3381 1004 3451 margine
1050 3377 1256 3435 habet:
1318 3400 1343 3431 α
1381 3381 1682 3438 Auxilium
1728 3384 1890 3452 suffi-

538 3486 562 3515 «
604 3462 781 3529 ciens,
812 3461 1021 3529 efficax,
1053 3466 1151 3517 aut
1179 3460 1435 3517 inefficax
1460 3477 1600 3530 esse,
1630 3463 1700 3521 ab
1726 3464 1890 3522 arbi-

539 3568 562 3595 «
605 3544 718 3600 trio
739 3544 878 3617 ejus,
910 3542 998 3599 cui
1030 3546 1345 3614 praestatur,
1379 3541 1604 3615 pendet.
1638 3566 1664 3596 »
1715 3548 1796 3602 Ita
1825 3547 1888 3603 in

532 3623 842 3681 Concordia
884 3623 1225 3697 Ulyssipone
1248 3622 1524 3696 impressa
1538 3640 1692 3682 anno
1725 3628 1882 3696 1588,

531 3714 710 3783 quast.
772 3708 852 3773 l4,
903 3714 1012 3761 art.
1051 3705 1134 3770 13,
1188 3704 1330 3778 disp.
1379 3708 1469 3774 38,
1510 3708 1612 3781 sol.
1658 3708 1789 3765 232.
1820 3711 1890 3765 Et

529 3793 711 3862 quaist.
735 3788 828 3852 23,
854 3793 963 3842 art.
988 3787 1043 3854 4,
1068 3785 1209 3857 disp.
1234 3788 1276 3852 1,
1303 3787 1536 3844 membro
1561 3791 1616 3855 6,
1631 3789 1727 3861 fol.
1752 3791 1882 3856 426,

531 3867 742 3924 iterum
770 3866 989 3932 asserit,
1022 3867 1164 3941 quod
1201 3870 1252 3922 si
1278 3870 1563 3924 auaeitium
1588 3870 1889 3942 prestitum

528 3954 604 4001 est
630 3948 919 4018 sufficiens,
952 3947 1250 4002 arbitrium
1274 3965 1377 4002 sua
1417 3950 1806 4020 cooperatione,
1838 3955 1887 4003 et

531 4029 726 4081 innata
753 4026 994 4081 libertate
1019 4034 1186 4097 potest
1210 4028 1350 4082 illud
1375 4027 1516 4083 idem
1547 4029 1748 4100 efficax
1776 4029 1889 4100 effi·

529 4107 737 4162 cere.Et
757 4104 1002 4178 denique
1018 4107 1079 4161 in
1096 4107 1283 4163 indice
1304 4123 1498 4163 rerum
1519 4106 1881 4174 notabilium,

529 4186 707 4244 verbo
751 4186 1071 4255 Auxilium,
1117 4189 1233 4243 haec
1269 4186 1598 4243 habentur:
1644 4186 1885 4243 Auxilia

528 4269 719 4338 ‚qratiae
763 4268 953 4322 adulto
997 4271 1256 4340 praestita,
1289 4267 1432 4344 quod
1479 4269 1724 4340 efficacia
1747 4269 1881 4331 sint,

531 4349 725 4403 liabent
765 4348 1117 4420 dependenter
1155 4365 1192 4401 a
1220 4346 1383 4402 libero
1411 4347 1637 4417 inlluoeu
1662 4346 1887 4403 arbitrii

531 4431 648 4492 eius
671 4433 761 4485 cui
797 4434 1145 4503 prestantur.
1203 4429 1283 4482 Ex
1311 4428 1517 4499 quibus
1561 4425 1886 4484 evidentius

530 4514 627 4575 est,
687 4526 858 4581 quam
913 4510 1031 4565 ulla
1084 4507 1549 4581 tergiversatione
1607 4507 1883 4564 infuscari

530 4589 735 4653 valeat,
767 4589 1048 4646 Molinam
1076 4585 1337 4650 sensisse,
1370 4585 1766 4644 antecedenter
1813 4587 1883 4643 ad

527 4669 983 4740 cooperationem
1014 4666 1183 4723 liberi
1205 4665 1432 4722 arbitrii
1462 4667 1689 4722 nullum
1713 4684 1744 4723 a
1772 4670 1885 4725 Deo

525 4747 777 4803 conferri
808 4748 1091 4804 auxilium
1130 4745 1342 4811 efficax,
1392 4745 1539 4818 quod
1585 4751 1647 4801 ut
1689 4746 1884 4804 efficax

529 4826 598 4884 ad
627 4828 796 4884 talem
820 4829 1208 4900 operationem
1229 4831 1559 4892 concurrat;
1593 4841 1693 4883 nec
1714 4827 1884 4883 auxi-

529 4909 675 4964 lium
728 4907 921 4964 efficax
966 4907 1178 4964 habere
1229 4905 1461 4978 aliquod
1496 4906 1879 4978 praedicatum,

530 5005 629 5060 per
673 4986 822 5062 quod
864 4988 926 5044 in
974 4989 1077 5045 illo
1105 4988 1286 5061 priori
1315 4985 1543 5043 differat
1569 4987 1639 5045 ab
1667 4987 1884 5044 auxilio

2035 588 2177 644 pure
2226 575 2578 645 sufficienti;
2622 579 2720 636 sed
2767 584 2943 637 totam
2991 580 3142 635 inter
3188 579 3308 647 hoc,
3340 582 3398 634 et

2034 652 2181 708 illud
2231 654 2623 714 diversitatem
2677 657 3090 715 desumendam
3137 674 3260 714 esse
3324 657 3396 714 ab

2033 730 2250 802 effectu,
2273 736 2351 792 ita
2371 735 2519 808 quod
2541 737 2850 795 arbitrium
2871 754 2973 794 sua
2997 739 3195 795 innata
3224 736 3399 794 liber·

2035 818 2149 870 tate
2167 831 2475 888 cooperans
2500 819 2695 876 reddat
2713 820 2909 876 efficax
2926 819 3071 875 illud
3088 820 3393 886 auxilium,

2034 895 2181 967 quod
2209 898 2271 953 in
2299 915 2377 964 se,
2415 906 2470 956 et
2497 907 2663 973 prout
2713 901 3001 959 descendit
3047 919 3078 959 a
3108 904 3239 971 De0,
3271 909 3397 960 erat

2036 978 2265 1049 praecise
2309 979 2609 1036 sufficiens.
2654 983 2721 1035 Et
2763 982 2869 1038 hoc
2895 981 3003 1036 fuit
3042 981 3191 1053 quod
3238 983 3395 1039 inter

2035 1057 2149 1113 alia
2165 1060 2397 1117 Molinae
2419 1067 2631 1117 asserta
2648 1063 2840 1118 Patres
2858 1062 3218 1118 Dominicani
3235 1061 3396 1119 detu-

2036 1136 2229 1193 lerunt
2250 1137 2320 1194 ad
2349 1141 2700 1197 Clementem
2723 1142 2868 1198 VIII.
2904 1140 3208 1198 Videamus
3237 1158 3393 1198 nunc

2034 1234 2109 1276 an
2135 1217 2335 1277 debeat
2356 1220 2603 1278 admitti.

2649 1396 2769 1465 §1-

2102 1540 2389 1597 Statuitur
2427 1559 2576 1607 vera,
2609 1550 2657 1598 et
2685 1546 2986 1598 communis
3020 1546 3305 1600 sententia.

2101 1697 2159 1750 2.
2202 1695 2515 1752 Dicendum
2541 1701 2643 1766 est,
2668 1696 2914 1772 gratiam
2936 1698 3217 1755 efficacem
3260 1712 3389 1755 non

2027 1791 2165 1840 esse,
2191 1783 2248 1832 et
2274 1776 2385 1834 dici
2412 1779 2587 1835 talem
2608 1782 2795 1836 solum
2820 1778 2889 1836 ab
2910 1779 3128 1845 effectu,
3154 1778 3253 1836 sed
3275 1796 3391 1836 an-

2026 1858 2346 1916 tecedenter
2385 1859 2455 1916 ad
2478 1861 2645 1916 illum
2676 1860 2885 1918 habere
2919 1861 3146 1935 aliquod
3175 1862 3391 1936 praedi-

2026 1946 2212 1997 catum
2239 1941 2651 2014 (quodcumque
2672 1942 2817 1998 illud
2843 1942 2953 2015 sit),
2981 1959 3079 2015 per
3107 1943 3255 2016 quod
3277 1943 3391 2000 dif-

2026 2020 2172 2077 ferat
2192 2037 2224 2077 a
2243 2021 2426 2095 gratia
2441 2020 2761 2089 sufficienti,
2777 2028 2833 2078 et
2854 2039 2969 2080 non
2990 2023 3217 2080 efficaci.
3226 2024 3389 2080 Hanc

2024 2103 2444 2159 conclusionem
2475 2110 2745 2195 perpetuo
2786 2103 2988 2162 docent
3032 2106 3095 2161 D.
3142 2108 3382 2179 August,

2024 2188 2080 2239 et
2108 2185 2170 2240 D.
2202 2183 2492 2241 Thomas
2478 2200 2539 2240 ιιι
2569 2184 2705 2239 locis
2742 2200 2865 2257 quae
2891 2185 3035 2257 disp.
3064 2187 3119 2251 4,
3151 2184 3278 2241 dub.
3320 2188 3380 2253 6,

2023 2261 2302 2329 dedimus,
2323 2268 2378 2320 et
2402 2263 2467 2320 in
2488 2265 2620 2320 aliis
2638 2266 2833 2320 statim
2859 2264 3194 2322 referendis,
3201 2268 3386 2324 Sanc-

2023 2346 2109 2399 tos
2148 2344 2410 2399 Doctores
2456 2348 2772 2415 sequuntur
2805 2342 2945 2400 adeo
2992 2346 3386 2403 communiter

2025 2437 2141 2478 non
2166 2422 2353 2478 solum
2393 2422 2720 2488 Thomistae,
2751 2422 2848 2480 sed
2875 2424 2976 2480 alii
2997 2425 3172 2481 etiam
3200 2425 3387 2482 Theo-

2024 2501 2156 2574 logi,
2191 2507 2250 2556 ut
2273 2517 2759 2574 supervacaneum
2781 2507 2855 2560 sit
2882 2505 3013 2561 illos
3041 2505 3103 2560 in
3128 2505 3385 2577 particu-

2025 2580 2133 2637 lari
2164 2581 2426 2638 referre.
2459 2582 2594 2639 libet
2622 2589 2812 2641 tamen
2842 2584 3039 2642 audire
3067 2586 3386 2643 Bellarmi-

2024 2675 2186 2725 num,
2212 2660 2308 2732 qui
2339 2661 2431 2717 lib.
2467 2663 2512 2728 l,
2537 2662 2818 2732 deyratia,
2844 2672 2892 2718 et
2923 2664 3085 2719 libero
3119 2665 3379 2733 arbitria,

2021 2761 2145 2815 cap.
2197 2744 2275 2809 12,
2306 2744 2365 2797 in
2384 2746 2676 2816 principie,
2710 2745 2931 2817 inquit:
2973 2745 3167 2802 Prima
3193 2749 3385 2819 opinio

2020 2841 2206 2880 eorum
2232 2832 2330 2892 est,
2353 2828 2450 2902 qui
2483 2829 2727 2895 qratiam
2752 2827 3020 2901 efficacem
3040 2831 3385 2886 constituunt

2022 2908 2082 2960 in
2108 2922 2350 2971 assensu,
2394 2913 2443 2959 et
2470 2909 2839 2979 cooperatione
2876 2909 3123 2964 humana
3150 2926 3168 2974 ‚·
3195 2911 3275 2964 ita
3320 2920 3389 2967 ut.

2021 2983 2089 3040 ab
2115 2991 2305 3039 eventu
2343 2985 2563 3040 dicatur
2579 2989 2768 3055 qratia
2806 2990 3022 3061 efficax,
3054 2989 3187 3064 quia
3226 2990 3391 3045 vide-

2023 3064 2143 3119 licet
2163 3066 2392 3120 sortitur
2410 3067 2656 3138 effectum
2678 3085 2696 3119 .·
2733 3076 2782 3123 et
2810 3071 2926 3124 ideo
2954 3070 3185 3124 sortitur
3223 3071 3393 3142 effec-

2021 3152 2170 3212 tum,
2227 3147 2360 3221 quia
2411 3146 2671 3201 voluntas
2729 3149 2975 3205 humana
3034 3159 3384 3222 cooperatur.

2021 3224 2218 3301 ltaque
2245 3226 2568 3281 eoeistimaut
2614 3227 2675 3281 hi
2700 3227 2991 3295 Authores,
3020 3230 3081 3283 in
3120 3237 3393 3302 potestate

2019 3305 2258 3361 hominis
2276 3322 2402 3370 esse,
2429 3313 2488 3360 ut
2501 3308 2745 3374 qratiam
2767 3308 2943 3380 saciat
2963 3326 3070 3364 esse
3084 3311 3388 3383 efficacem,

2020 3402 2133 3462 quai
2165 3385 2415 3462 alioquin
2440 3401 2511 3440 ea:
2548 3402 2602 3440 se
2640 3403 2749 3441 uon
2785 3391 2916 3444 esse't
2951 3391 3061 3444 nisi
3084 3390 3388 3464 sufficiens.

2019 3464 2147 3521 Haec
2193 3467 2377 3537 opinio
2416 3465 2602 3519 aliena
2646 3473 2723 3521 cst
2759 3469 2981 3523 omnino
3028 3487 3064 3524 a
3109 3474 3392 3527 sententia

2019 3543 2183 3600 Beati
2225 3542 2545 3614 Auyustini,
2584 3551 2635 3598 et
2659 3552 2931 3621 quantum
2969 3563 3061 3618 eqo
3098 3551 3385 3616 exist-imo,

2018 3642 2054 3679 a
2075 3627 2342 3681 sententia
2362 3627 2530 3678 etiam
2556 3621 2979 3696 Scripturarum
3023 3629 3382 3687 divinarum.

2018 3704 2244 3764 Similia
2270 3703 2444 3760 tradit
2469 3702 2811 3761 Guillelmus
2831 3707 3018 3763 Estius
3031 3710 3231 3767 Doctor
3252 3711 3387 3767 exi-

2019 3785 2190 3849 miuS,
2220 3788 2277 3839 et
2306 3782 2367 3839 in
2411 3783 2639 3855 scriptis
2684 3786 2750 3840 D.
2792 3787 3099 3860 Augustini
3150 3804 3391 3846 summe

2018 3868 2295 3930 versatus»,
2354 3865 2415 3917 in
2459 3864 2514 3931 2,
2543 3862 2671 3919 dist.
2703 3866 2794 3933 28,
2833 3867 3001 3933 §Zet
3029 3868 3082 3931 3,
3128 3867 3396 3939 quadra-—

2017 3944 2178 4017 ginta
2218 3940 2536 3998 rationibus
2564 3942 2859 3999 invehitur
2905 3945 2967 4000 in
2994 3945 3307 4002 Molinam.

2091 4023 2146 4078 3.
2180 4022 2284 4078 Hic
2312 4036 2447 4078 vero
2494 4027 2751 4079 notatum
2782 4026 3067 4090 volumuS,
3111 4041 3216 4082 nos
3264 4028 3393 4083 mi·-

2017 4102 2177 4157 nime
2206 4096 2573 4172 acquiescere
2618 4102 3018 4176 praedictorum
3073 4107 3394 4164 Doctorum

2011 4180 2244 4254 judici0,
2302 4186 2579 4251 quatenus
2612 4182 2876 4270 aliquam
2922 4190 3116 4241 notam
3143 4185 3397 4244 Molinae

2016 4257 2279 4330 opinioni
2310 4257 2622 4315 videntur
2607 4277 2884 4319 inurere:
2913 4261 3012 4319 sed
3060 4262 3397 4351 obsequen-

2016 4343 2098 4394 tes
2141 4334 2483 4392 Pontificum
2507 4335 2764 4405 decretis,
2798 4338 2868 4394 ab
2922 4341 3082 4396 omni
3137 4357 3393 4412 prorsus

2014 4432 2256 4474 censura
2285 4415 2671 4473 abstinemus·
2659 4423 2749 4473 ·et
2774 4419 3008 4476 Molinae
3030 4421 3396 4480 sententiam

2016 4498 2080 4553 in
2126 4494 2325 4552 eodem
2372 4501 2520 4552 statu
2570 4496 2711 4567 (sive
2762 4495 3183 4570 improbabilis,
3245 4501 3398 4561 sive

2017 4575 2334 4652 probabilis
2353 4578 2447 4648 sit)
2469 4578 2530 4634 in
2552 4594 2662 4649 quo
2684 4594 2811 4635 eam
2831 4579 3184 4649 invenimuS,
3202 4582 3401 4641 relin-

2014 4660 2282 4734 quimus:
2311 4659 2458 4732 quod
2483 4661 2602 4734 jam
2629 4677 2804 4734 supra
2826 4663 3208 4734 praemisimus
3229 4664 3394 4738 disp.

2025 4746 2070 4808 l,
2119 4759 2271 4797 num.
2314 4744 2444 4799 268.
2499 4742 2722 4799 Scimus
2761 4750 2970 4810 autem,
3001 4744 3150 4818 quod
3191 4747 3259 4801 R.
3313 4749 3397 4807 P.

2016 4824 2285 4880 Claudius
2330 4822 2644 4896 Aquaviva,
2690 4825 2984 4880 Generalis
3034 4825 3403 4898 Praepositus

2014 4906 2306 4963 Societatis
2350 4904 2468 4960 suis
2512 4904 2754 4960 subditis
2808 4907 3138 4979 praeceperit
3170 4923 3404 4966 conce-

2014 4983 2167 5052 dere,
2199 4990 2255 5042 et
2280 4983 2500 5050 docere,
2529 4984 2777 5057 gratiam
2807 4999 2927 5041 esse
2953 4985 3233 5043 efficacem
3264 5004 3403 5046 an-

3024 5065 3398 5140 tecedenter,

3424 1715 3570 1759 Concla-

3456 1765 3527 1809 sio.

3429 2109 3465 2149 D
3482 2109 3552 2164 Au·

3509 2157 3558 2199 iu

3452 2266 3539 2299 mis.

3426 2580 3567 2625 Beller-

3427 2631 3479 2674 mi
3485 2641 3561 2674 nus.

3412 3718 3582 3764 Guillcl-
3596 3767 3597 3778 ἵ

3405 3780 3501 3813 mus
3518 3770 3597 3812 Es<

3460 3819 3553 3861 tim
3596 3823 3597 3826 ’

3440 4031 3597 4073 cautim

3410 4088 3598 4172 pugnam-1

3437 4178 3597 4223 benda
