3647 5753
251 3568 423 3627 Decima

246 3625 435 3673 quaestto.

469 384 580 440 240
1397 391 1400 394 ‘
1496 382 1589 437 DE.
1626 382 1898 438 GRATIA
1936 381 2279 439 EFFICACI.

472 551 755 609 discordia
801 554 917 610 haec
941 558 1026 610 est
1054 553 1428 628 phantastica,
1476 558 1530 611 et
1567 569 1640 611 ex
1667 553 1834 610 dictis

474 632 640 689 facile
662 641 960 691 revocatur
982 634 1052 691 ad
1081 651 1294 709 pacem.
1329 635 1492 692 Unde
1520 634 1834 708 responde-

474 729 602 768 mus
625 716 1057 786 praemotionem
1080 717 1394 790 physicam,
1420 731 1531 789 qua
1554 722 1712 790 parte
1737 715 1835 773 dat

477 794 629 850 vires
656 794 727 850 ad
754 797 1161 864 actualitatem,
1210 803 1267 853 et
1292 797 1658 854 existentiam
1705 813 1836 871 ope·

475 875 736 942 rationis,
767 878 1054 950 complere
1079 884 1268 954 actum
1297 879 1552 952 primum
1581 903 1595 946 3
1643 884 1697 936 et
1722 895 1834 952 qua

475 963 636 1030 parte
663 962 849 1014 actum
894 961 1151 1033 primum
1181 960 1482 1034 supponit,
1533 964 1590 1018 et
1616 960 1834 1018 reducit

474 1038 544 1095 ad
584 1040 916 1107 secundum,
950 1058 1068 1100 non
1095 1048 1367 1115 praestare
1395 1042 1540 1099 illud
1578 1043 1834 1116 comple-

472 1129 736 1180 mentum
755 1166 769 1190 ,
835 1123 935 1180 sed
1007 1125 1154 1182 hanc
1210 1124 1625 1183 reductionem.
1688 1128 1835 1189 Quo-

473 1203 622 1259 circa
640 1201 952 1259 secundum
977 1204 1080 1262 hoc
1108 1205 1386 1278 posterius
1408 1220 1620 1261 munus
1649 1220 1832 1277 neque

471 1287 557 1340 est
584 1287 736 1339 actus
773 1283 1014 1355 primus,
1065 1300 1170 1341 nec
1204 1290 1291 1343 est
1335 1290 1489 1343 actus
1527 1284 1827 1355 secundus,

469 1364 568 1422 sed
583 1370 665 1421 est
687 1362 1107 1421 indissolubilis
1120 1382 1299 1423 nexus
1321 1368 1474 1424 inter
1490 1372 1827 1440 utrumque;

470 1461 607 1501 nam
629 1443 976 1503 determinat
996 1453 1184 1503 actum
1226 1448 1482 1520 primum
1524 1446 1596 1505 ad
1622 1463 1832 1505 secun-

466 1526 625 1592 dum,
652 1534 707 1584 et
728 1545 798 1585 ex
829 1535 988 1602 parte
1008 1530 1170 1586 illius
1190 1547 1251 1588 se
1277 1536 1433 1589 tenet
1455 1532 1618 1604 quasi
1647 1532 1833 1603 appli-

465 1609 664 1675 cative,
685 1614 742 1665 et
767 1625 836 1666 ex
858 1615 1018 1683 parte
1040 1611 1208 1686 hujus
1227 1613 1627 1680 terminative3
1658 1613 1828 1668 illum

466 1690 814 1747 determinat
857 1692 1249 1750 infallibiliter
1290 1694 1360 1750 ad
1401 1694 1706 1768 agendum,
1758 1693 1830 1750 ad

470 1770 623 1826 hunc
647 1786 787 1828 vero
813 1771 1161 1828 terminatur
1207 1773 1510 1831 inferendo
1539 1771 1830 1831 infallibi-

473 1850 608 1907 liter
635 1851 994 1908 exercitium.
1024 1853 1333 1911 Thomistae
1372 1861 1561 1912 autem
1598 1856 1829 1910 nullum

474 1932 537 1987 in
568 1948 630 1990 re
653 1933 866 1990 habent
906 1933 1210 1991 dissidium
1243 1959 1257 2004 ;
1306 1953 1443 1993 nam
1483 1940 1582 2010 qui
1627 1953 1830 1995 conce-

470 2011 616 2068 dunt
642 2014 928 2070 auxilium
954 2014 1149 2072 efficax
1175 2018 1465 2090 complere
1487 2022 1675 2074 actum
1704 2018 1830 2090 pri-

472 2108 655 2160 mum,
686 2093 832 2150 illud
858 2095 1222 2154 considerant
1246 2098 1558 2155 secundum
1587 2115 1829 2172 concep-

472 2183 595 2231 tum
626 2176 1047 2251 inadaequatum
1088 2178 1264 2237 dandi
1286 2181 1440 2237 vires
1469 2180 1538 2237 ad
1586 2182 1828 2238 actuali-

469 2261 665 2322 tatem,
718 2262 773 2312 et
823 2258 1189 2315 existentiam
1239 2261 1588 2332 operationis
1649 2282 1662 2318 :
1715 2277 1828 2333 quo

470 2342 631 2409 pacto
675 2337 999 2394 eminenter
1052 2338 1218 2396 habet
1277 2341 1559 2398 rationem
1619 2341 1825 2399 auxilii

469 2419 817 2484 sufficientis,
868 2422 1019 2476 utin
1050 2422 1395 2481 resolutione
1434 2422 1593 2480 dubii
1625 2440 1828 2498 praece-

468 2498 656 2556 dentis
683 2500 1081 2572 explicuimus.
1101 2502 1411 2566 Quiautem
1428 2510 1654 2577 negant,
1675 2504 1823 2577 quod

467 2578 714 2650 complet
752 2585 941 2636 actum
977 2582 1256 2653 primum,
1305 2589 1362 2640 et
1402 2585 1551 2657 quod
1598 2590 1826 2658 praestat

468 2662 642 2726 vires,
687 2659 832 2716 illud
879 2662 1244 2719 considerant
1286 2665 1596 2722 secundum
1641 2667 1821 2723 alium

463 2746 797 2813 conceptum
822 2740 1243 2815 inadaequatum
1267 2745 1612 2818 applicandi,
1638 2752 1695 2803 et
1718 2748 1823 2805 de-

463 2820 818 2878 terminandi
868 2827 1055 2878 actum
1105 2824 1362 2897 primum
1424 2846 1438 2882 ε
1498 2842 1609 2900 quo
1665 2834 1825 2901 pacto

463 2902 651 2959 solum
686 2901 930 2975 explicat
976 2919 1188 2961 munus
1215 2905 1823 2978 determinationis,‚et

465 2983 882 3056 applicationiS,
908 2989 964 3041 et
990 2986 1152 3044 nullo
1186 2987 1356 3045 modo
1375 2990 1669 3046 constituit
1698 2992 1822 3064 pri-

466 3080 627 3119 mum
658 3063 720 3118 in
756 3079 876 3120 esse
907 3066 1137 3137 praecise
1164 3068 1317 3124 taliS.
1340 3068 1723 3133 Quomobrem
1752 3070 1822 3128 de

461 3144 661 3202 eodem
691 3146 909 3204 auxilio
935 3146 1144 3204 efficaci
1174 3150 1461 3223 adaequate
1485 3157 1734 3225 sumpto,
1766 3158 1823 3209 et

464 3231 631 3297 prout
688 3225 871 3282 ambit
932 3231 1237 3301 utrumque
1302 3246 1532 3296 munus,
1585 3236 1818 3305 possunt

464 3322 662 3374 unum,
693 3311 751 3363 et
777 3308 1023 3363 alterum
1050 3308 1362 3367 secundum
1399 3310 1656 3369 diversas
1682 3328 1822 3370 con-

461 3383 842 3442 siderationes
875 3385 1086 3460 absque
1113 3389 1230 3446 ulla
1258 3389 1705 3449 contradictione
1731 3392 1822 3448 af·
1850 3418 1854 3422 Δ

464 3464 721 3522 firmare.

537 3548 663 3604 334.
688 3548 942 3608 ,Decimo
967 3549 1229 3621 inquirit:
1254 3552 1348 3609 An
1362 3569 1657 3609 concursus
1677 3571 1822 3625 prar-

465 3631 587 3684 vius
600 3632 1072 3686 concurratactive
1082 3631 1527 3706 adoperationem
1537 3642 1816 3700 creaturas,

463 3727 539 3765 an
577 3711 753 3766 solum
776 3727 832 3764 se
855 3711 1050 3767 habeat
1076 3720 1344 3790 tanqua-m
1370 3714 1610 3770 conditio
1635 3732 1818 3770 neces-

463 3793 638 3856 saria,
685 3808 799 3867 quw
823 3794 895 3847 sit
933 3793 1078 3847 velut
1104 3811 1274 3850 causa
1307 3812 1407 3866 per
1432 3796 1683 3851 accidens
1708 3797 1823 3852 ?1n

465 3886 574 3942 quo
604 3886 803 3927 rursus
845 3874 1123 3947 tragicum
1164 3877 1546 3947 spectaculum
1592 3876 1823 3934 exhibet

463 3950 882 4009 discordiarum
925 3954 1076 4011 inter
1128 3955 1473 4025 Thomistas,
1516 3956 1614 4013 sed
1656 3958 1823 4030 quale

464 4031 688 4089 sincera
715 4038 937 4089 tantum
965 4050 1167 4092 eorum
1198 4035 1362 4092 lectio
1383 4034 1663 4094 deturbet.
1688 4039 1825 4095 Res·
1850 4056 1855 4061 .

467 4111 746 4184 pondetur
790 4130 957 4187 ergo,
1018 4115 1448 4187 praemotionem
1503 4116 1816 4190 physicam,

466 4195 587 4251 sive
614 4196 897 4252 auxilium
924 4196 1143 4263 efficax,
1190 4213 1302 4270 qua
1349 4201 1509 4269 parte
1546 4198 1644 4255 dat
1668 4200 1822 4257 vires

468 4273 537 4329 ad
566 4276 967 4342 actualitatem,
986 4281 1041 4333 et
1059 4276 1423 4334 existentiam
1446 4280 1815 4350 operationis,

468 4356 712 4414 influere
757 4358 938 4415 active
991 4359 1052 4414 in
1102 4360 1288 4416 illam.
1343 4361 1503 4425 Quod
1548 4367 1634 4419 est
1675 4362 1822 4420 adeo

467 4438 861 4505 manifestum,
888 4443 951 4494 ut
986 4440 1339 4511 super-fluum
1368 4443 1441 4498 sit
1468 4442 1531 4498 in
1559 4457 1626 4500 eo
1650 4444 1822 4501 evin-

464 4519 644 4577 cendo
690 4520 1013 4578 immorari.
1057 4524 1251 4595 Neque
1278 4522 1336 4579 id
1388 4524 1820 4582 Themistarum

467 4603 620 4661 ullus
668 4603 913 4677 negavit,
966 4619 1069 4659 nec
1107 4604 1345 4661 Suarius
1384 4604 1554 4662 habet
1579 4605 1716 4679 quid
1756 4607 1821 4663 in

464 4684 569 4742 hac
591 4689 751 4757 parte
797 4691 1164 4758 repraesentet
1193 4687 1691 4760 inconsequentiae,
1723 4693 1823 4745 aut

464 4764 862 4840 disJ'unctionis
884 4766 945 4822 in
987 4768 1124 4824 illis.
1157 4767 1340 4843 Majus
1366 4766 1607 4824 dubium
1638 4774 1822 4842 posset

462 4861 585 4903 esse
609 4846 890 4919 loquendo
904 4847 974 4905 de
994 4848 1213 4905 auxilio
1233 4848 1439 4906 efficaci
1462 4849 1821 4908 considerato

461 4927 775 4984 secundum
800 4929 980 4985 alium
1008 4936 1337 5003 conceptum
1367 4931 1815 5000 determinandi,

463 5014 518 5061 et
532 5008 979 5082 applicandi,qui
994 5010 1221 5068 videtur
1239 5013 1343 5085 ipsi
1359 5012 1814 5085 propriissimuS.

1963 553 2049 610 Ad
2063 554 2211 628 quod
2229 559 2423 613 tamen
2452 551 2846 626 respondetur,
2880 548 3164 606 auxilium
3196 546 3323 604 effi-

1961 651 2066 692 cax
2091 636 2171 693 ita
2187 641 2475 709 acceptum
2492 647 2610 691 non
2626 649 2687 690 se
2704 631 2915 688 habere
2949 645 3050 703 per
3082 627 3323 685 modum

1965 734 2122 792 purae
2140 718 2488 776 conditionis
2516 717 2587 775 ad
2609 714 3001 789 operationem
3024 715 3319 777 creaturae;

1961 798 2060 857 sed
2088 800 2410 873 comparari
2435 799 2636 864 active,
2661 802 2719 855 et
2742 793 3024 852 influxive
3068 790 3139 849 ad
3174 805 3325 863 prae-

1961 879 2173 938 dictam
2194 881 2605 954 operationem.
2631 881 2767 944 Quae
2797 881 2882 934 est
2906 889 3140 932 concors
3165 872 3323 929 Tho-

1963 961 2276 1019 mistarum·
2294 960 2579 1019 sententia
2601 958 2874 1017 adversus
2899 954 3147 1013 eundem
3174 954 3321 1009 Sua·
3361 974 3505 1018 sumi

1964 1042 2120 1099 rium
2147 1049 2275 1099 tom.
2341 1044 2359 1097 1
2403 1040 2649 1113 Metaph.
2678 1039 2824 1111 disp.
2851 1038 2945 1102 22,
2974 1041 3100 1091 sect.
3130 1036 3187 1099 2,
3220 1032 3317 1123 ubi
3367 1024 3521 1116 (1339)·

1962 1122 2333 1180 vehementer
2357 1120 2622 1193 deceptus
2645 1124 2730 1176 est
2751 1114 3118 1176 attribuendo
3144 1113 3319 1170 disci-

1964 1203 2114 1275 pulis
2160 1205 2224 1259 D.
2274 1201 2507 1259 Thomae
2550 1200 2702 1274 quod
2742 1198 2981 1258 doceant
3026 1195 3319 1269 physicam

1964 1285 2396 1357 praemotionem
2439 1300 2561 1343 esse
2588 1299 2792 1358 puram
2833 1278 3220 1338 conditionem
3248 1276 3320 1333 ad

1963 1366 2246 1442 agendum
2274 1391 2286 1434 ;
2316 1383 2446 1425 cum
2480 1372 2675 1424 tamen
2703 1363 3023 1438 oppositum
3071 1362 3320 1417 clament

1959 1463 2162 1505 eorum
2188 1450 2417 1522 scripta,
2464 1454 2527 1505 ut
2571 1446 2757 1504 videri
2803 1449 2984 1519 potest
3030 1440 3179 1514 apud
3209 1441 3319 1496 Le-

1960 1528 2217 1586 desmam
2243 1531 2384 1603 disp.
2434 1531 2499 1586 dc
2542 1528 2800 1593 auxiliis,
2851 1532 2963 1580 art.
2992 1525 3046 1588 3,
3078 1522 3179 1594 sol.
3220 1522 3537 1586 76,1.edesm.

1960 1612 2195 1670 conclus.
2219 1614 2274 1679 3,
2319 1612 2417 1669 ubi
2447 1610 2773 1685 praedictam
2821 1606 3176 1664 calumniam
3194 1682 3205 1693 ⁸
3223 1618 3319 1660 re-

1962 1691 2144 1764 pellit.
2174 1691 2347 1766 quue
2372 1692 2510 1748 satis
2533 1691 2713 1764 liquet
2732 1705 2804 1746 ex
2832 1686 3084 1751 motivis,
3111 1682 3319 1757 quibus

1961 1770 2204 1844 probant
2224 1772 2617 1828 necessitatem
2650 1766 2903 1842 praedicti
2952 1763 3172 1831 auxilii,
3222 1767 3321 1819 aut

1959 1853 2231 1910 motionis
2262 1877 2276 1921 3
2315 1870 2453 1910 nam
2474 1851 2683 1927 majori
2724 1866 2796 1907 ex
2839 1852 2998 1920 parte
3023 1845 3319 1918 aequaliter

1957 1933 2251 2000 evincunt,
2275 1939 2333 1991 et
2356 1933 2506 2006 quod
2521 1932 2745 1998 existat,
2768 1935 2824 1987 et
2843 1925 2991 2002 quod
3017 1929 3317 1983 concurrat

1959 2016 2141 2072 active
2167 2015 2238 2073 ad
2283 2016 2676 2088 operationem
2706 2016 3003 2069 creaturas.
3036 2008 3142 2063 Illa
3180 2021 3318 2062 vero

1958 2098 2072 2154 late
2096 2096 2479 2170 expendimus
2505 2095 2722 2152 duobus
2750 2091 2943 2148 dubiis
2984 2086 3318 2145 immediate

1959 2178 2427 2251 praecedentibuS,
2457 2184 2514 2236 et
2538 2179 2679 2250 disp.
2725 2178 2780 2241 5,
2811 2174 2943 2230 dub.
2964 2175 3018 2238 6,
3053 2169 3206 2226 unde
3230 2185 3317 2225 sa-

1959 2259 2032 2314 tis
2069 2258 2183 2316 erit
2221 2256 2383 2315 brevi
2450 2255 2920 2330 recapitulatione
2984 2252 3312 2323 aliquorum

1958 2338 2301 2396 memoriam
2332 2337 2603 2395 refricare
2654 2339 2801 2393 Nam
2830 2336 2889 2389 in
2910 2333 3114 2406 primis
3140 2344 3313 2401 opor·
3329 2334 3523 2425 Ἧιξωο-

1957 2423 2037 2476 tet
2097 2417 2404 2476 concedere
2462 2416 2794 2492 praedictum
2854 2412 3159 2476 auxilium,
3213 2425 3310 2465 seu
3328 2393 3554 2478 ῃὲῃῖξξρ

1957 2499 2392 2572 praemotionem
2419 2539 2433 2564 ,
2503 2513 2576 2554 ne
2615 2501 2875 2553 creatura
2925 2493 3002 2548 sit
3055 2492 3310 2566 primum
3326 2491 3565 2576 &330-

1957 2578 2306 2652 principium
2333 2595 2448 2634 suae
2477 2573 2976 2634 determinationis
3008 2595 3022 2628 ε
3066 2573 3169 2629 hoc
3206 2586 3314 2627 au-
3344 2589 3444 2624 nem
3460 2584 3531 2627 ad

1954 2665 2070 2715 tem
2095 2659 2506 2717 inconveniens
2532 2673 2648 2714 non
2678 2659 3049 2729 praecavetur,
3081 2652 3131 2708 si
3160 2667 3310 2724 prae-
3325 2640 3553 2727 dfff’fig-

1954 2737 2169 2795 dictum
2191 2739 2475 2795 auxilium
2497 2737 2685 2794 solum
2718 2751 2779 2792 se
2812 2733 3016 2791 habeat
3055 2747 3157 2805 per
3183 2748 3312 2788 mo-
3324 2729 3559 2832 ffiffliffli‘.

1953 2818 2091 2876 dum
2110 2836 2266 2893 purae
2284 2818 2644 2885 conditionis,
2659 2822 2715 2873 et
2731 2832 2845 2873 non
2865 2814 3071 2872 influat
3086 2815 3265 2872 active
3293 2836 3307 2882 ;
3368 2828 3507 2874 citer.

1955 2917 2097 2965 nam¹
2121 2901 2225 2959 hoc
2279 2899 2550 2965 admisso,
2575 2897 2758 2956 adhuc
2782 2901 2970 2954 creatu
2980 2911 3043 2952 ra
3060 2895 3173 2952 erit
3192 2894 3313 2967 pri-

1954 2998 2117 3041 mum
2148 2983 2500 3057 principium
2535 2979 2858 3038 effectivum
2884 2993 3003 3034 suae
3037 2976 3315 3034 determi-

1955 3065 2205 3121 nationis
2226 3088 2240 3131 ;
2261 3062 2547 3137 siquidem
2575 3060 2869 3118 inchoabit
2893 3058 3075 3114 active
3109 3057 3205 3131 huj
3217 3073 3314 3112 us-

1953 3144 2109 3202 modi
2125 3134 2689 3204 determinationem.
2719 3142 2981 3200 Praeeerea
3004 3143 3150 3197 Deus
3165 3155 3315 3211 prae-

1952 3226 2239 3284 movendo
2256 3226 2438 3284 active
2458 3224 2653 3281 influit
2680 3222 3148 3296 inssoperationem
3165 3233 3317 3276 crea-

1953 3316 2118 3369 turae:
2136 3302 2285 3384 quod
2299 3308 2585 3367 verificari
2609 3323 2723 3386 non
2737 3308 2939 3380 posset,
2953 3305 3002 3360 si
3020 3302 3318 3377 praemotio

1952 3396 2230 3450 creaturae
2257 3390 2540 3462 impressa
2581 3403 2697 3444 non
2727 3386 2997 3442 influeret
3020 3382 3276 3440 effective
3300 3405 3314 3446 ς

1956 3480 2090 3530 tunc
2115 3473 2326 3545 quippe
2348 3468 2602 3527 influxus
2622 3467 2915 3548 effectivus
2942 3466 3041 3522 Dei
3069 3477 3318 3537 praemo—

1954 3554 2143 3611 ventis
2170 3553 2397 3609 sisteret
2439 3551 2503 3607 in
2533 3551 2655 3623 ipsa
2683 3549 3075 3621 praemotione,
3104 3551 3161 3602 et
3200 3560 3319 3601 non

1954 3635 2284 3710 procederet
2309 3650 2378 3690 ea
2407 3633 2702 3690 mediante
2729 3647 2905 3704 usque
2931 3628 3002 3685 ad
3028 3627 3319 3701 operatio—

1955 3734 2109 3784 nem,
2129 3722 2187 3774 et
2205 3715 2469 3773 effectum
2484 3719 2777 3772 creaturae.
2805 3712 3011 3769 Deinde
3031 3709 3315 3766 auxilium
3352 3746 3361 3751 ι

1951 3799 2169 3865 efficax,
2219 3812 2318 3853 seu
2349 3809 2708 3869 praemovens
2747 3797 2832 3850 est
2870 3790 2948 3859 id,
2995 3790 3186 3847 medio
3203 3805 3317 3862 quo

1956 3882 2102 3937 Deus
2140 3882 2366 3936 exercet
2416 3889 2754 3947 supremum
2782 3872 3111 3930 dominium
3138 3887 3201 3925 su
3211 3886 3317 3942 pra

1952 3961 2311 4017 voluntatem
2340 3962 2611 4022 creatam,
2642 3954 2874 4029 ejusque
2906 3952 3266 4027 operationes
3302 3973 3315 4006 :

1951 4040 2051 4098 sed
2102 4043 2250 4097 Deus
2294 4037 2475 4095 active
2514 4035 2852 4093 dominatur
2898 4031 3201 4099 voluntati,
3257 4037 3318 4090 et

1951 4123 2073 4198 ejus
2095 4117 2527 4194 operationibus
2553 4142 2566 4185 ;
2596 4116 2880 4189 siquidem
2900 4131 3029 4172 eam
3056 4112 3315 4171 effective

1954 4206 2317 4269 transmutat,
2349 4204 2404 4257 et
2441 4214 2572 4256 cum
2612 4199 2944 4271 operatione
2987 4194 3317 4269 conjungit:

1950 4301 2086 4360 ergo
2131 4287 2373 4358 oportet,
2423 4280 2572 4355 quod
2619 4281 2906 4337 auxilium
2951 4278 3164 4344 efficax,
3213 4293 3313 4334 seu

1953 4380 2310 4438 praemovens
2326 4363 2525 4429 active,
2550 4367 2605 4419 et
2628 4360 2911 4427 inssuxive
2930 4377 2991 4418 se
3013 4358 3214 4416 habeat
3240 4358 3315 4415 ad

1952 4447 2314 4522 operationes
2385 4444 2701 4502 voluntatis
2763 4443 2984 4500 crea'tae.
3054 4441 3314 4507 Ulterius,

1954 4527 2081 4585 ideo
2138 4541 2432 4583 necessum
2471 4529 2556 4581 est
2616 4522 2927 4581 concedere
2986 4519 3317 4597 hujusmodi

1952 4607 2259 4675 auxilium,
2295 4605 2431 4679 quia
2460 4602 2905 4677 praedestina'tio,
2936 4618 3064 4676 quae
3092 4617 3162 4659 eo
3187 4617 3319 4658 me-

1950 4689 2147 4747 diante
2185 4687 2558 4761 exequutioni
2610 4685 2941 4753 mandatur,
2989 4682 3156 4742 debet
3192 4698 3322 4741 esse

1950 4775 2122 4839 certa,
2147 4774 2205 4826 et
2232 4766 2583 4834 infallibilis,
2611 4781 2727 4823 non
2755 4768 2942 4824 solum
2970 4761 3325 4822 certitudine

1952 4849 2344 4924 praescientiae,
2393 4847 2491 4904 sed
2539 4847 2884 4905 certitudine
2931 4843 3205 4913 influxus,
3257 4850 3322 4902 et

1950 4929 2301 4987 causalitatis
2332 4948 2346 4984 t
2371 4925 2521 5000 quod
2542 4926 2831 4984 verificari
2856 4943 2974 4984 non
2994 4926 3166 4991 valet,
3200 4925 3319 4982 nisi

1952 5013 2239 5070 auxilium
2285 5009 2481 5069 efficax
2528 5009 2732 5066 habeat
2759 5008 3066 5075 influxum,
3097 5012 3154 5063 et
3178 5022 3323 5063 cau-

2780 5098 2799 5102 “
3024 5088 3320 5147 salitatem
