3647 5753
20 998 138 1042 Uola.

1346 399 1523 456 DISP.
1570 400 1638 464 11,
1683 399 1849 454 DUB.
1894 401 1986 455 111.

199 575 491 647 potentiiS,
536 588 745 646 nempe
789 570 1039 647 gratiam
1068 571 1131 628 in
1158 571 1406 628 essentia
1432 570 1567 628 ani-

199 669 331 720 mae,
382 659 438 710 et
489 659 777 726 peccatum
827 652 891 708 in
939 650 1226 724 potentiiS,
1258 650 1321 707 in
1360 651 1570 723 quibus

194 741 651 794 consummatur.
703 735 879 791 Nulla
902 731 1078 808 igitur
1116 732 1397 806 oppositio
1421 733 1569 807 phy-

200 817 319 874 sica
344 817 637 890 reperitur
685 815 842 872 inter
867 813 1142 890 gratiam,
1172 818 1230 870 et
1275 819 1567 886 peccatum

205 900 447 956 actuale.

281 980 399 1046 Hae,
457 979 694 1051 inquam
721 1017 735 1042 ,
792 974 1135 1049 objectiones
1180 989 1298 1031 non
1340 978 1565 1048 urgent.

204 1058 406 1123 Prima
455 1057 614 1115 enim
665 1071 738 1112 ex
790 1052 1240 1127 aequivocatione
1292 1052 1567 1126 procedit.

199 1142 387 1205 Quam
434 1144 496 1194 ut
538 1136 944 1201 excludamuS,
990 1134 1415 1193 observandum
1461 1138 1565 1203 est,

199 1221 595 1279 causalitatem
631 1219 945 1293 physicam,
981 1218 1068 1275 vel
1123 1218 1404 1274 moralem
1452 1233 1571 1274 non

203 1302 459 1377 regulari
502 1316 673 1375 penes
716 1299 1015 1365 entitatem
1059 1299 1143 1356 rei
1186 1313 1312 1371 quaa
1354 1302 1563 1364 causat,

203 1386 300 1442 vel
328 1383 559 1441 effectus
583 1382 679 1455 qui
709 1381 1046 1455 producitur
1063 1403 1078 1448 ;
1108 1379 1208 1437 sed
1237 1395 1412 1453 penes
1440 1396 1569 1438 mo-

200 1463 348 1520 dum
400 1463 708 1531 causandi,
762 1461 1043 1535 quidquid
1092 1460 1169 1516 sit
1217 1460 1288 1518 de
1333 1462 1571 1518 entitate

200 1559 405 1611 causac,
439 1545 531 1600 vel
568 1543 817 1601 effectus
847 1542 1052 1600 Modus
1077 1545 1270 1599 autem
1298 1541 1570 1598 causandi

204 1625 507 1683 moraliter
527 1624 785 1681 consistit
826 1623 891 1679 in
915 1638 1003 1688 eo,
1052 1622 1201 1694 quod
1247 1637 1414 1679 causa
1454 1637 1570 1678 non

202 1705 448 1779 attingat
470 1702 731 1761 effectum
773 1701 1105 1759 immediate
1153 1717 1255 1774 per
1299 1701 1564 1774 seipsam,

201 1793 260 1844 et
280 1786 488 1859 absque
510 1785 841 1842 interventu
882 1783 1120 1841 alterius
1145 1799 1329 1841 causa}
1357 1783 1571 1839 imme-

203 1869 501 1936 diatioris;
525 1866 623 1925 sed
651 1866 838 1939 potius
862 1869 1089 1923 moveat
1118 1882 1221 1938 per
1266 1865 1565 1930 meritum,

205 1954 304 2007 aut
341 1947 712 2014 demeritum,
757 1945 1069 2011 suadendo,
1106 1944 1430 2013 alliciendo,
1453 1950 1571 2002 ter-

211 2030 407 2097 rend0,
434 2031 527 2088 vel
575 2027 937 2102 provocando
986 2043 1215 2085 causam
1267 2026 1463 2095 aliam,
1510 2031 1572 2083 ut

207 2113 468 2172 effectum
492 2110 827 2172 immediate
871 2126 973 2183 per
1018 2110 1264 2183 seipsam
1306 2110 1565 2183 attingat.

212 2195 282 2248 Et
324 2191 609 2266 oppositus
654 2189 1036 2250 concurrendi
1078 2190 1313 2256 modus»,
1363 2205 1571 2261 nempe

214 2271 560 2337 immediate,
591 2276 648 2329 et
686 2286 789 2344 per
815 2285 893 2336 se,
935 2269 1228 2326 constituit
1275 2269 1569 2342 propriam

216 2352 495 2409 rationem
548 2351 794 2426 physicae
829 2350 1198 2416 causalitatiS,
1229 2350 1353 2406 sive
1403 2364 1572 2405 causa

212 2433 289 2487 sit
314 2432 519 2488 entitas
546 2430 794 2505 physica,
837 2430 960 2487 sive
1001 2445 1138 2487 non.
1188 2430 1299 2485 Hac
1348 2430 1570 2485 ratione

18 2514 174 2562 tristor.
217 2510 548 2568 Aristoteles
606 2511 667 2566 in
717 2507 1307 2582 Postpraedicamentis
1360 2508 1572 2565 dividit

214 2592 630 2665 oppositionem
679 2591 741 2647 in
782 2596 1024 2663 quatuor
1068 2590 1315 2663 species,
1364 2605 1571 2664 nempe

212 2670 586 2736 contrariam,
617 2669 1134 2736 contradictoriam,
1194 2670 1565 2743 privativam,

203 2756 271 2809 et
293 2751 613 2812 relativam.
643 2768 767 2824 quas
786 2767 989 2810 omnes
1013 2756 1150 2808 sunt
1181 2751 1571 2825 oppositiones

202 2834 404 2901 reales,
428 2836 484 2890 et
509 2848 578 2891 ex
608 2837 817 2890 natura
848 2833 953 2899 rei,
986 2832 1252 2906 quamvis
1292 2848 1412 2891 non
1440 2849 1570 2890 om-

201 2917 303 2974 nia
341 2930 542 2971 earum
570 2919 830 2971 extrema
874 2914 993 2971 sint
1036 2914 1193 2973 entia
1234 2915 1432 2979 realia,
1478 2915 1569 2971 vel

193 2994 447 3053 habeant
487 2994 741 3067 aliquam
788 2998 1091 3056 naturam;
1131 2993 1265 3067 quia
1307 2993 1572 3052 videlicet

193 3090 301 3150 per
322 3074 528 3147 seipsa,
553 3079 610 3130 et
631 3072 1087 3147 independenter
1109 3073 1180 3130 ab
1220 3074 1335 3130 alio
1362 3090 1570 3147 super-

194 3157 396 3215 addito
422 3172 481 3214 se
507 3156 756 3213 invicem
783 3156 1112 3212 excludunt.
1185 3152 1188 3157 ⁴

279 3237 499 3296 Deinde
533 3242 690 3303 nota,
710 3236 1007 3293 hominem
1039 3251 1138 3309 per
1161 3242 1446 3309 peccatum
1475 3252 1571 3294 ac-

200 3320 359 3377 tuale
385 3333 620 3375 causare
662 3315 1012 3381 immediate,
1037 3320 1092 3373 et
1137 3316 1345 3389 absque
1386 3317 1571 3374 inter-

205 3405 382 3457 ventu
411 3398 652 3455 alterius
690 3411 903 3463 causae,
938 3395 1322 3468 privationem
1371 3397 1572 3472 gratim

197 3479 635 3546 sanctificantiS,
651 3484 933 3552 quatenus
953 3478 1567 3543 constituitmaculam,

193 3579 299 3620 seu
342 3566 640 3636 peccatum
668 3558 983 3625 habituale,
1008 3574 1076 3616 eo
1115 3558 1303 3627 modo,
1330 3574 1441 3631 quo
1469 3575 1574 3631 po-

194 3650 305 3703 test
325 3644 466 3711 dici,
498 3642 854 3716 privationes
876 3641 1089 3699 habere
1113 3658 1344 3698 causam
1366 3642 1574 3699 effecti.-

193 3742 352 3782 vam.
382 3727 454 3781 Et
485 3723 636 3781 ratio
663 3727 767 3793 est,
791 3724 1067 3797 quoniam
1091 3722 1357 3795 praedicta
1384 3723 1573 3796 priva-

193 3808 277 3864 tio
302 3804 629 3865 secundum
672 3802 836 3859 illam
886 3803 1169 3860 rationem
1223 3808 1309 3860 est
1351 3805 1572 3860 malum

192 3886 440 3953 morale,
474 3880 630 3957 quod
654 3881 896 3955 proinde
923 3882 1123 3955 nequit
1144 3898 1265 3939 esse
1293 3899 1326 3938 a
1352 3884 1486 3948 De0,
1519 3886 1576 3940 et

190 3968 619 4039 consequenter
642 3977 745 4018 nec
770 3963 924 4019 valet
949 3978 1073 4021 esse
1113 3962 1184 4020 ab
1225 3962 1481 4028 homine,
1515 3968 1576 4018 ut

193 4050 386 4107 solum
416 4044 730 4104 moraliter
756 4050 1024 4102 movente
1070 4047 1268 4111 Deum,
1303 4049 1364 4100 ut
1410 4045 1573 4101 illam

198 4129 598 4202 privationem
634 4123 887 4181 inducat.
911 4124 1159 4182 Aliunde
1186 4141 1324 4182 vero
1355 4130 1574 4183 certum

190 4215 282 4268 est
310 4253 324 4277 ,
371 4207 717 4283 praedictam
767 4206 1150 4279 privationem
1204 4206 1413 4264 habere
1463 4207 1576 4264 ali-

190 4306 370 4362 quam
395 4302 658 4352 causam,
683 4302 809 4359 quae
837 4286 1021 4358 ipsam
1045 4302 1145 4358 per
1170 4301 1249 4353 se,
1281 4291 1336 4343 et
1366 4287 1578 4343 imme-

192 4371 351 4429 diate
380 4369 656 4442 attingat,
686 4383 817 4423 cum
844 4367 920 4422 sit
944 4365 1180 4440 quidam
1225 4366 1455 4424 effectus
1507 4366 1578 4425 de

196 4468 351 4510 novo
375 4448 603 4523 positus
632 4447 695 4503 in
719 4462 914 4503 rerum
938 4452 1146 4504 natura
1164 4471 1176 4513 ;
1195 4453 1252 4505 et
1273 4447 1390 4504 haec
1410 4458 1578 4504 causa

101 4578 112 4589 .
200 4530 400 4605 nequit
443 4543 575 4585 esse
629 4526 746 4582 alia
792 4530 1001 4598 praeter
1049 4528 1237 4598 ipsum
1281 4527 1578 4584 hominem

201 4611 535 4669 mortaliter
560 4612 907 4680 peccantem,
936 4611 997 4661 ut
1022 4607 1367 4671 discurrenti
1411 4624 1580 4665 cons-

199 4692 364 4750 tabit.
419 4693 612 4747 Homo
666 4686 844 4763 igitur
890 4704 990 4760 per
1033 4694 1321 4760 peccatum
1363 4689 1581 4746 actuale

197 4779 395 4832 causat
436 4769 803 4835 immediate,
834 4773 890 4826 et
917 4785 1019 4843 per
1044 4785 1123 4835 se,
1156 4774 1324 4843 atque
1352 4770 1580 4844 physice

199 4854 601 4928 privationem
623 4848 822 4923 gratiae
845 4847 906 4903 in
927 4847 1132 4920 seipso.

272 4936 370 4991 92.
390 4934 477 4990 Ex
508 4931 604 4987 his
626 4927 930 5001 principiis
957 4928 1313 4986 ostendimus
1332 4932 1392 4985 in
1416 4938 1574 4988 tract.

197 5018 264 5073 de
281 5016 523 5090 peccatis
549 5010 797 5083 disp.l4,
825 5009 1013 5075 dub.3,
1043 5016 1327 5084 peccatum
1351 5010 1576 5081 Adami,

2958 402 3068 458 363

1703 571 1767 627 in
1788 577 2069 643 quantum
2099 572 2210 628 fuit
2238 577 2526 645 peccatum
2554 572 2774 645 capitiS,
2805 585 3269 631 causassesotvitur

1703 651 1769 706 in
1792 652 2034 722 posteris
2074 653 2319 726 physice,
2349 658 2406 710 et
2446 652 2841 726 principaliter
2870 653 3066 725 priva-

1705 731 1924 788 tionem
1948 731 2183 806 justitiae
2210 732 2533 807 originalis,
2561 733 2624 789 in
2645 748 2755 805 qua
2778 737 3068 805 peccatum

1703 810 1990 885 originale
2018 810 2343 870 formaliter
2372 812 2649 870 consistit.
2681 813 2749 867 Et
2775 813 2839 868 in
2865 810 3068 869 eodem

1702 907 1875 949 sensu
1898 908 2052 948 nunc
2074 893 2403 957 asserimus,
2437 893 2734 949 hominem
2758 908 2857 965 per
2873 909 3070 966 pecca-

1705 976 1829 1028 tum
1852 972 2071 1029 actuale
2095 988 2330 1030 causare
2357 972 2589 1046 physice
2618 973 2682 1028 in
2728 972 2913 1045 seipso
2944 973 3068 1045 pri-

1704 1053 1999 1111 vationem
2047 1054 2247 1129 gratia}
2301 1054 2709 1111 sanctificantis
2729 1096 2742 1121 ,
2776 1054 2903 1109 licet
2950 1059 3068 1110 tam

1705 1139 1993 1206 peccatum
2011 1134 2420 1206 actuale.quam
2439 1134 2685 1207 privatio
2700 1132 3063 1206 subsequuta,

1701 1218 1982 1285 quatenus
2022 1219 2312 1286 peccatum
2338 1219 2441 1281 est,
2473 1214 2590 1269 sint
2633 1213 2769 1287 quid
2825 1215 3067 1270 morale.

1702 1294 1901 1350 Solum
1927 1293 2138 1366 quippe
2166 1291 2543 1359 intendimus,
2571 1310 2689 1351 non
2715 1308 2836 1351 esse
2871 1308 3068 1350 neces-

1702 1373 1922 1430 sarium
1941 1373 2228 1430 influxum
2258 1389 2494 1440 novum,
2520 1379 2576 1431 et
2619 1374 2973 1438 distinctum,
3007 1379 3071 1430 ut

1702 1455 1877 1514 homo
1902 1460 2091 1513 causet
2121 1456 2506 1529 privationem
2526 1456 2743 1531 gratiae,
2787 1463 3070 1530 quatenus

3121 635 3256 693 prima

3082 687 3279 738 objectio.

1701 1540 1787 1591 est
1807 1536 2051 1602 macula,
2105 1542 2161 1593 et
2213 1542 2526 1609 peccatum.
2574 1538 2744 1611 Cujus
2794 1537 3090 1593 doctrinae'

1705 1616 1918 1672 veritas
1944 1615 2277 1674 confirmari
2306 1617 2558 1690 amplius
2586 1624 2765 1690 potest
2804 1619 3068 1691 exemplo

1706 1711 1891 1769 nuper
1935 1696 2200 1765 adducto;
2243 1714 2381 1754 nam
2432 1698 2482 1753 si
2532 1705 2818 1770 peccatum
2860 1699 3068 1755 Adami

1706 1778 1889 1850 potuit
1918 1779 2167 1853 physice,
2210 1783 2266 1835 et
2306 1779 2639 1836 immediate
2681 1796 2781 1853 per
2814 1781 3069 1854 seipsum

1703 1871 1937 1917 causare
1964 1860 2027 1916 in
2055 1861 2295 1933 posteris
2318 1860 2701 1934 privationem
2722 1862 2938 1935 gratiae,
2969 1877 3071 1919 seu

1705 1944 1994 2011 peccatum
2021 1939 2324 2015 originale,
2350 1956 2529 2014 quare
2552 1957 2653 2013 per
2675 1947 2962 2013 peccatum
2986 1958 3073 1999 ac-

1706 2019 1860 2074 tuale
1881 2021 2181 2091 personale
2227 2035 2345 2077 non
2373 2019 2581 2092 poterit
2620 2020 2793 2078 homo
2838 2036 3072 2078 causare

1705 2099 1766 2155 in
1793 2099 1979 2173 seipso
1998 2101 2197 2175 gratiae
2221 2101 2740 2174 privationem,seu
2770 2103 3065 2160 habitualc

1706 2185 2031 2253 peccatum?
2055 2184 2398 2240 Recolantur
2418 2183 2569 2240 dicta
2598 2187 2716 2240 loco
2742 2184 2927 2250 citato,
2962 2184 3059 2239 ubi

1703 2264 1901 2321 solutae
1947 2263 2231 2321 habentur
2278 2265 2482 2338 aliquae
2519 2264 2860 2340 objectiones
2884 2309 2896 2328 ,
2947 2281 3071 2338 quae

1705 2350 1941 2419 possunt
1968 2346 2100 2402 huic
2116 2346 2389 2404 doctrinm
2417 2347 2731 2406 adversari.

1779 2427 1865 2482 Ad
1887 2427 2194 2484 secundam
2228 2428 2602 2501 objectionem
2644 2429 2809 2486 facile
2853 2433 3275 2486 constatoccurri-

1703 2521 1777 2563 ex
1802 2505 2003 2574 dictis3
2037 2523 2173 2563 nam
2196 2507 2406 2565 divisio
2432 2508 2806 2581 oppositionis
2822 2507 2893 2564 ab
2914 2509 3068 2565 Aris-

1706 2592 1803 2646 tot.
1829 2589 2041 2645 tradita
2055 2590 2323 2647 convenit
2341 2591 2707 2662 peculiariter
2721 2590 3065 2663 oppositioni

1705 2671 1960 2737 formali,
1983 2675 2037 2727 et
2059 2671 2429 2729 immediatae.
2451 2674 2745 2730 Peccatum
2769 2678 2961 2729 autem
2981 2689 3070 2729 ac-

1704 2752 1859 2808 tuale
1881 2766 1995 2808 non
2022 2752 2333 2825 opponitur
2373 2753 2715 2818 formaliter,
2746 2759 2803 2811 et
2853 2753 3067 2810 imme-

1704 2833 1856 2892 diate
1875 2834 2074 2908 gratiae
2094 2833 2491 2902 sanctificanti,
2517 2834 2615 2892 sed
2646 2840 2869 2893 tantum
2897 2835 3068 2893 ellec-

1706 2915 1839 2980 tive,
1853 2921 1909 2971 et
1931 2914 2180 2972 mediate
2202 2915 2487 2987 ;producit
2505 2916 2663 2972 enim
2684 2917 3070 2988 privationem

1703 2997 1922 3070 gratiae,
1954 3012 2081 3069 quae
2110 2997 2433 3054 formaliter
2456 2996 2789 3054 immediate
2819 2998 3069 3072 gratiam

1703 3074 1975 3133 excludit.
2009 3077 2077 3131 Et
2099 3075 2226 3134 ideo
2256 3078 2476 3134 mirum
2504 3083 2745 3142 nonest,
2776 3077 2924 3150 quod
2955 3093 3076 3150 pec·

1609 3204 1612 3205 ⁷
1704 3161 1893 3212 catum
1915 3157 2152 3222 actuale,
2180 3163 2237 3213 et
2261 3158 2450 3231 gratia
2492 3172 2607 3213 non
2657 3156 2905 3214 habeant
2958 3158 3075 3214 ali-

1705 3255 1878 3311 quam
1917 3238 2161 3311 speciem
2202 3254 2401 3296 earum
2449 3239 2887 3310 oppositionum,
2938 3257 3078 3313 quas

1708 3319 2089 3392 Philosophus
2113 3321 2428 3386 recensuit;
2458 3325 2515 3375 et
2534 3335 2606 3376 ex
2630 3320 2849 3378 defectu
2872 3336 3075 3379 earum

1708 3417 2009 3475 perperam
2038 3400 2306 3467 infertur,
2356 3400 2503 3473 quod
2533 3407 2819 3474 peccatum
2859 3404 3078 3461 actuale

1708 3498 1827 3539 non
1854 3481 2100 3553 expellat
2142 3482 2373 3556 physice
2397 3481 2666 3555 gratiam.
2701 3483 2854 3538 Sicut
2899 3483 3076 3539 etiam

1706 3563 1854 3620 actio
1873 3577 2113 3619 causans
2139 3563 2444 3619 caecitatem
2491 3577 2609 3618 non
2633 3563 2942 3635 opponitur
2984 3565 3078 3620 vi-

1706 3644 1795 3702 sui
1829 3643 2130 3717 privative,
2154 3641 2615 3709 contradictorie,
2640 3644 2948 3711 contrarie,
2985 3647 3075 3703 vel

1699 3725 1951 3801 ‘relative
1983 3747 1995 3782 :
2026 3731 2081 3782 et
2106 3731 2300 3782 tamen
2326 3724 2639 3796 opponitur
2676 3724 2764 3780 illi
2815 3724 3075 3782 effective

1710 3806 1943 3881 physice
1974 3829 1987 3871 ;
2009 3805 2179 3862 efficit
2205 3803 2364 3863 enim
2380 3804 2706 3871 caecitatem,
2726 3822 2850 3878 quae
2865 3805 3078 3863 forma·

1711 3890 1845 3945 liter
1869 3888 2151 3961 privative
2173 3886 2322 3943 visui
2345 3886 2672 3959 opponitur,
2704 3893 2758 3943 et
2788 3887 2957 3943 illum
2984 3904 3079 3945 ex-

1711 3967 1895 4042 pellit.
1960 3971 2028 4025 Et
2087 3967 2362 4025 similiter
2415 3967 2776 4039 interpositio
2822 3970 3078 4041 corporis

1709 4048 1871 4122 opaci
1898 4050 2062 4106 nulla
2082 4065 2153 4106 ex
2177 4048 2296 4104 illis
2334 4053 2578 4121 quatuor
2623 4048 3078 4121 oppositionibus

1710 4130 2024 4202 opponitur
2070 4128 2220 4196 luci;
2268 4134 2324 4185 et
2358 4134 2557 4186 tamen
2610 4130 2918 4202 opponitur
2966 4131 3076 4203 ipsi

1712 4210 1945 4284 physice
1970 4209 2244 4277 effective,
2288 4211 2423 4284 quia
2472 4210 2784 4268 introducit
2811 4211 3080 4269 umbram

1713 4290 2041 4347 formaliter
2084 4291 2370 4363 privative
2396 4292 2507 4351 luci
2537 4290 2855 4365 oppositam
2876 4334 2889 4357 ,
2915 4308 3078 4348 eam-

1711 4386 1821 4444 que
1846 4370 2169 4429 formaliter
2195 4372 2599 4444 expellentem.
2653 4371 2917 4444 Idemque
2953 4388 3083 4444 pro-

1714 4450 2179 4525 portionabiliter
2201 4450 2270 4508 de
2300 4457 2521 4523 peccato
2541 4450 2746 4507 actuali
2773 4452 3083 4524 respective

1715 4534 1785 4590 ad
1806 4533 2054 4608 gratiam
2082 4531 2391 4589 dicendum
2430 4539 2532 4589 est.
2567 4535 2634 4587 Et
2682 4532 2827 4588 ratio
2879 4532 3080 4591 eadem

1715 4613 1931 4670 militat
1961 4611 2293 4685 utrobique;
2323 4613 2459 4685 quia
2510 4612 2775 4669 videlicet
2802 4612 2947 4670 actio
2974 4614 3085 4670 ha'-

1715 4694 1829 4760 bet,
1860 4699 1917 4749 et
1943 4698 2171 4766 praestat
2196 4692 2473 4759 effective,
2516 4691 2664 4765 quod
2710 4692 2834 4766 ejus
2886 4695 3083 4750 termi-

1717 4791 1828 4831 nus
1856 4772 2042 4838 habet,
2069 4780 2124 4829 et
2141 4778 2368 4846 praestat
2390 4773 2711 4830 formaliter
2731 4796 2745 4839 ;
2771 4778 2937 4846 atque
2960 4773 3085 4832 ideo

1715 4856 1763 4912 si
1790 4854 1914 4928 ejus
1937 4854 2220 4911 terminus
2248 4852 2418 4910 habet
2437 4853 2856 4926 oppositionem
2880 4855 3083 4929 physi-

1715 4951 1841 4992 cam
1867 4934 2170 4992 formalem
2202 4932 2548 5005 privativam
2583 4949 2712 4989 cum
2740 4934 2933 5008 aliqua
2962 4935 3085 4991 sor-

1719 5032 1833 5084 ma,
1887 5029 2123 5087 eamque
2155 5014 2384 5088 physice
2423 5013 2745 5071 formaliter
2794 5015 3081 5090 privative

3108 2497 3174 2535 lut·
3190 2502 3260 2536 Se·

3095 2541 3256 2585 cundae.

3084 2591 3258 2636 aristot.
