3647 5753
440 423 556 483 796

464 623 491 653 α
524 604 828 670 valorum,
886 605 983 676 qui
1030 606 1226 680 utique
1279 604 1529 681 excepto'
1570 607 1820 683 orginali

466 707 491 735 α
523 690 764 757 peccato,
783 683 890 741 sub
910 701 1021 757 quo
1042 703 1243 744 omnes
1264 689 1529 746 homines
1550 689 1822 744 similiter

467 788 493 820 α
524 768 588 823 in
612 768 788 840 primi
812 768 1067 825 hominis
1094 769 1464 829 damnatione
1487 775 1816 835 nascuntur,

466 851 719 907 «nullas
747 848 929 907 adhuc
956 850 1229 909 habentes
1256 854 1599 918 voluntates„
1633 852 1822 907 nullas

470 955 495 987 κ
525 932 789 1006 proprias
840 925 1107 1003 actiones,
1147 950 1265 992 non
1303 934 1431 992 sine
1472 935 1570 991 Dei
1609 931 1823 1007 Judicio

470 1036 495 1067 α
524 1018 923 1081 secernuntur,
957 1021 1018 1070 ut
1053 1021 1184 1072 ante
1224 1013 1632 1073 discretionem
1662 1012 1819 1079 boni,

469 1116 496 1148 «
526 1110 590 1151 ac
609 1094 751 1151 mali
776 1092 847 1151 de
870 1111 973 1151 usu
1013 1096 1179 1151 istius
1204 1096 1338 1152 vitae
1365 1095 1687 1161 auferendi,
1721 1094 1823 1151 alii

468 1196 492 1227 «
525 1189 625 1247 per
654 1176 1147 1248 regenerationem
1189 1177 1342 1232 inter
1381 1177 1624 1234 coelestis
1661 1174 1823 1249 regni

468 1277 493 1307 α
529 1261 902 1312 assumuntur
929 1256 1200 1323 haeredeS,
1234 1256 1336 1313 alii
1369 1257 1496 1314 sine
1533 1256 1826 1329 Baptismo

473 1360 499 1391 α
528 1338 682 1395 inter
710 1339 913 1394 mortis
932 1345 1221 1412 perpetuae
1255 1343 1561 1396 transeunt
1601 1337 1828 1394 debito-

475 1442 500 1473 «
533 1436 658 1477 res:
698 1420 840 1478 tales
879 1421 1040 1477 aiunt
1069 1420 1250 1493 perdi,
1294 1422 1549 1494 talesque
1589 1421 1823 1487 salvari,

474 1526 499 1556 «
530 1504 725 1576 quales
766 1503 987 1560 futuros
1013 1504 1146 1560 illos
1171 1505 1235 1559 in
1279 1504 1451 1560 annis
1490 1502 1823 1579 maioribus,

475 1608 500 1639 α
529 1585 578 1640 si
596 1584 665 1641 ad
683 1585 925 1641 activam
942 1590 1312 1642 servarentur
1327 1591 1570 1652 aetatem,
1590 1584 1831 1641 scientia

475 1690 501 1721 α
530 1667 733 1724 divina
760 1666 1107 1739 praeviderit.
1145 1689 1170 1719 »
1202 1671 1336 1732 Quae
1376 1668 1571 1725 futura
1598 1669 1825 1733 merita,

471 1754 703 1823 propter
729 1763 853 1821 quae
873 1747 1136 1805 dicebant
1156 1748 1555 1806 antecedenter
1579 1747 1831 1807 conferri

470 1830 740 1905 gratiam,
767 1828 999 1884 fundari
1040 1828 1303 1885 dicebant
1332 1846 1449 1888 non
1479 1830 1540 1886 in
1581 1831 1702 1887 sola
1724 1845 1832 1885 na-

472 1918 635 1977 tura,
687 1910 785 1967 sed
835 1909 1011 1966 etiam
1052 1910 1433 1967 concedebant
1485 1910 1719 1967 fundari
1769 1909 1832 1966 in

473 1992 658 2066 gratia
716 1991 976 2063 praevisa,
1033 1995 1095 2045 ut
1157 1997 1351 2062 aperte
1408 1990 1624 2047 indicat
1678 1989 1834 2046 idem

476 2075 724 2144 Prosper
763 2069 1095 2128 immediate
1120 2071 1367 2128 subdens
1394 2093 1408 2127 ε
1446 2094 1471 2124 α
1502 2074 1615 2128 Nec
1641 2070 1833 2128 consi-

479 2175 504 2205 «
536 2153 741 2210 derant
776 2168 836 2209 se
871 2152 1119 2226 gratiam
1163 2151 1283 2217 Dei,
1328 2168 1501 2224 quam
1542 2152 1831 2216 comitem,

474 2254 502 2288 ι(
537 2249 657 2290 non
699 2233 972 2306 praeviam
1015 2232 1404 2288 humanorum
1432 2247 1555 2289 esse
1595 2231 1846 2288 merito-·

482 2337 506 2367 «
540 2331 690 2383 rum,
723 2314 898 2370 etiam
922 2312 1041 2368 illis
1065 2312 1389 2368 volentibus
1411 2312 1672 2379 subdere,
1697 2327 1838 2385 quos

482 2418 506 2448 «
537 2395 608 2451 ab
635 2411 701 2452 ea
746 2393 1061 2451 secundum
1097 2409 1259 2449 suam
1309 2394 1674 2465 phantasiam
1721 2407 1838 2449 non

480 2498 505 2527 «
535 2475 820 2550 negabant
841 2491 960 2532 esse
977 2481 1320 2547 praeventos.
1347 2496 1373 2525 n
1410 2477 1476 2529 Et
1496 2475 1644 2531 circa
1663 2472 1838 2530 finem

480 2553 655 2620 addit,
695 2556 1081 2612 Massilienses
1109 2555 1417 2611 asseruisse
1445 2575 1457 2609 ε
1495 2575 1520 2607 α
1551 2556 1623 2609 Ut
1644 2553 1715 2611 ob
1736 2554 1843 2610 hoc

484 2657 510 2688 α
540 2637 690 2691 Deus
710 2636 851 2692 alios
873 2652 1009 2691 vasa
1030 2636 1285 2700 honoris,
1316 2635 1459 2691 alios
1481 2634 1843 2691 contumeliae

486 2738 511 2768 α
543 2716 758 2781 fecerit,
788 2717 922 2788 quia
951 2715 1126 2772 finem
1157 2717 1601 2789 uniuscnjusque
1630 2716 1843 2787 praevi-

488 2820 512 2852 α
543 2797 712 2863 derit,
744 2804 799 2853 et
838 2797 942 2853 sub
969 2799 1093 2869 ipso
1127 2799 1327 2871 gratiae
1369 2797 1672 2870 adjutorio,
1716 2798 1843 2870 quis

490 2903 515 2933 «
545 2881 774 2936 futurus
798 2885 944 2935 esset
971 2881 1282 2943 voluntate,
1314 2885 1368 2935 et
1396 2880 1635 2945 actione,
1668 2896 1844 2952 praes-

490 2986 516 3017 «
544 2962 729 3019 cierit.
764 2981 789 3011 »
817 2963 996 3025 Quam
1025 2961 1346 3017 doctrinam
1377 2977 1494 3017 non
1528 2963 1846 3036 restringe-

483 3043 623 3100 bant
664 3042 894 3115 praecise
934 3041 1002 3097 ad
1042 3043 1328 3114 parvulOS,
1373 3040 1470 3097 sed
1512 3042 1581 3096 ad
1623 3040 1847 3099 adultos

483 3126 658 3181 etiam
722 3121 1056 3189 dilatabant,
1121 3128 1183 3177 ut
1252 3127 1469 3178 constat
1524 3138 1597 3179 ex
1641 3123 1841 3180 eodem

487 3210 787 3279 Prospero,
830 3205 928 3276 qui
967 3205 1161 3260 statim
1201 3204 1396 3260 addit:
1442 3226 1467 3257 α
1512 3207 1669 3261 Hanc
1709 3220 1849 3262 sane

496 3310 521 3341 α
551 3288 620 3344 de
661 3287 931 3342 humanis
978 3285 1204 3341 meritis
1258 3285 1675 3358 praescientiam
1722 3287 1843 3352 Dei,

498 3393 523 3425 «
552 3367 865 3426 secundum
887 3383 1057 3439 quam
1078 3366 1264 3441 gratia
1282 3368 1535 3423 vocantis
1554 3374 1843 3441 operatur,

499 3475 523 3506 «
553 3451 737 3507 multo
752 3449 1276 3504 sibirationabilius
1290 3447 1555 3505 videntur
1572 3457 1844 3507 astruere.

497 3557 523 3588 «
553 3549 683 3590 cum
712 3531 782 3588 ad
821 3546 1021 3587 earum
1070 3532 1370 3587 nationum
1412 3532 1849 3604 contemplatio-

500 3639 525 3668 «
555 3630 689 3670 nem
720 3612 970 3678 venitur,
1015 3627 1139 3683 quae
1178 3613 1239 3667 in
1283 3613 1590 3684 praeteritis
1626 3613 1852 3669 saeculis

499 3719 525 3748 «
555 3694 806 3750 dimissae
857 3697 991 3747 sunt
1043 3691 1267 3764 ingredi
1308 3693 1433 3749 vias
1471 3710 1620 3759 suaS,
1671 3699 1773 3751 ete.
1820 3713 1846 3745 n

440 3789 455 3794 “
495 3777 659 3833 Unde
687 3776 881 3831 minus
911 3781 1060 3831 recte
1091 3773 1317 3839 dicitur,
1357 3775 1504 3846 quod
1534 3776 1852 3848 Semipela-

280 4220 339 4261 Ι).
356 4219 463 4270 Aug.

493 3858 652 3933 giani
682 3873 800 3914 non
830 3859 1203 3928 respexerunt
1224 3854 1293 3910 ad
1322 3856 1530 3913 merita
1558 3857 1764 3922 futura,
1797 3862 1852 3913 et

496 3957 529 3995 a
553 3939 737 4014 gratia
766 3935 1163 4009 dependentia,
1194 3942 1249 3992 et
1269 3937 1416 4008 quod
1442 3939 1640 3993 Patres
1658 3937 1728 3994 de
1750 3938 1854 3993 hoc

497 4028 703 4094 puncto
728 4037 857 4076 cum
902 4019 1021 4074 illis
1049 4033 1164 4073 non
1203 4016 1648 4089 disputaverint;
1674 4036 1854 4092 oppo-

492 4104 669 4159 situm
697 4102 856 4158 enim
878 4100 1015 4154 satis
1046 4102 1191 4169 patet
1218 4114 1288 4153 ex
1311 4097 1492 4154 dictis.

568 4184 624 4237 9.
657 4181 814 4247 Quod
844 4177 1090 4250 amplius
1131 4176 1504 4233 confirmatur
1531 4195 1603 4234 ex
1630 4182 1692 4234 D.
1713 4181 1854 4233 -Au-

493 4273 643 4341 gust.
673 4264 768 4338 qui
798 4262 888 4318 lib.
922 4261 986 4314 de
1021 4260 1262 4331 praedest.
1306 4258 1416 4316 SS.
1462 4264 1651 4331 (quem
1693 4278 1855 4318 occa-

494 4351 657 4406 sione
702 4344 955 4418 epistolae
1002 4342 1268 4414 Prosperi
1323 4340 1595 4397 adversus
1646 4346 1854 4401 Massi-

497 4432 707 4487 lienses
741 4425 988 4499 scripsit)
1017 4423 1297 4496 praedictae
1337 4424 1688 4496 opinationis
1728 4444 1854 4485 me-

496 4513 690 4577 minit,
725 4512 998 4580 illamque
1036 4522 1107 4562 ex
1137 4505 1385 4578 professo
1429 4505 1668 4563 refellit:
1717 4525 1853 4566 nam

498 4601 559 4649 ut
585 4593 700 4648 alia
746 4591 1098 4653 omittamuS,
1129 4604 1248 4658 cap.
1303 4589 1386 4651 12,
1434 4587 1654 4658 inquit:
1690 4611 1715 4641 «
1746 4588 1855 4645 Sed

500 4701 526 4731 «
558 4675 750 4734 omnis
772 4675 886 4730 haec
910 4672 1072 4737 ratio,
1094 4685 1204 4742 qua
1226 4667 1589 4725 defendimus
1608 4673 1854 4745 gratiam

502 4784 526 4813 «
558 4758 659 4815 Dei
691 4771 791 4828 per
816 4757 1008 4810 Jesum
1053 4751 1343 4805 Christum
1386 4752 1696 4808 Dominum
1720 4769 1856 4810 nos-

502 4865 527 4896 «
559 4847 715 4896 trum
738 4852 873 4892 vere
894 4850 1014 4890 esse
1034 4832 1300 4906 gratiam,
1329 4829 1386 4885 id
1414 4836 1498 4886 est
1521 4848 1635 4888 non
1651 4849 1856 4889 secun-

501 4945 527 4975 «
556 4920 696 4976 dum
751 4916 959 4972 merita
1000 4917 1194 4968 nostra
1233 4910 1380 4976 dari,
1426 4915 1689 4984 quamvis
1739 4914 1857 4970 evi·

502 5025 527 5052 «
558 4997 893 5055 dentissime
928 4993 1264 5048 divinorum
1306 4993 1665 5065 eloquiorum
1695 4994 1855 5051 testi-

503 5080 772 5136 «moniis
827 5080 1140 5134 asseratur,
1190 5079 1382 5130 tamen
1429 5075 1577 5144 apud
1618 5092 1712 5131 eos
1757 5078 1852 5149 qui

1486 437 1580 490 DE
1619 435 1926 490 PRAEMIO
1965 434 2240 490 MERITI.

1960 628 1984 658 α
2021 606 2136 662 nisi
2166 604 2385 678 aliquid
2414 603 2525 660 sibi
2554 605 2863 680 assignent,
2908 600 3057 673 quod
3100 598 3328 672 priores

1886 672 1896 719 ¹
1958 710 1984 740 tt
2029 686 2221 743 dent»
2255 685 2480 757 (saltem
2522 685 2837 743 secundum
2878 680 3320 756 praescientiam,

1955 773 2011 826 et
2063 767 2363 841 prioritate
2403 768 2597 824 meriti
2648 768 2710 822 in
2771 764 3114 839 praevisione
3171 776 3325 834 prae-

1956 849 2215 914 miantis,
2247 854 2310 903 ut
2336 850 2725 905 Massilienses
2764 844 3050 916 dicebant)
3082 866 3107 897 α
3139 848 3199 899 ut
3226 860 3326 899 re-

1964 954 1989 984 «
2019 928 2308 987 tribuatur
2360 931 2462 995 εἰς,
2509 927 2580 984 ab
2637 929 2799 986 omni
2852 927 3043 983 studio
3096 925 3328 999 pietatis

1962 1035 1987 1066 α
2021 1013 2264 1085 reprimi
2305 1028 2364 1069 se
2406 1017 2624 1084 putant.
2672 1009 2989 1071 Laboratur
3018 1005 3331 1080 aliquando

1962 1117 1986 1146 α
2019 1095 2081 1151 in
2121 1100 2283 1151 aetate
2320 1096 2609 1169 majorum
2646 1095 2765 1167 Jam
2808 1093 3095 1149 utentium
3122 1091 3329 1146 volun·
3390 1087 3394 1091 ’

1964 1196 1989 1227 α
2021 1176 2155 1232 tatis
2181 1176 2426 1232 arbitrio
2450 1195 2476 1228 »
2503 1179 2629 1248 (pro
2651 1173 2855 1248 quibus
2876 1171 3328 1246 semipelagiani

1961 1255 2187 1313 facilius
2231 1256 2610 1331 designabant
2660 1255 2868 1312 merita
2941 1254 3136 1309 futura
3195 1258 3334 1308 ante

1961 1338 2326 1395 collationem
2376 1339 2578 1412 gratiae
2625 1337 2885 1411 praevisa)
2919 1357 2932 1389 :
2987 1356 3013 1386 (ι
3074 1333 3172 1390 sed
3227 1332 3328 1389 ubi

1966 1442 1992 1473 «
2026 1421 2257 1478 venitur
2279 1418 2347 1476 ad
2378 1421 2668 1493 parvuIOS,
2695 1419 2888 1475 omnis
2908 1416 3099 1473 deficit
3121 1432 3332 1488 praece·

1970 1523 1994 1555 «
2024 1500 2286 1559 dentium
2301 1503 2548 1575 gratiam
2568 1502 2666 1557 Dei
2684 1501 3071 1556 humanorum
3088 1497 3332 1567 assertio

1968 1606 1993 1637 «
2025 1584 2402 1648 meritorum;
2430 1586 2566 1659 quia
2596 1583 2811 1640 necilli
2843 1583 2976 1638 ullis
3000 1581 3164 1639 bonis
3187 1597 3332 1654 praa·

1970 1687 1995 1718 «
2024 1664 2354 1722 cedentibus
2370 1666 2596 1722 meritis
2611 1666 3018 1721 discernuntur
3035 1679 3065 1720 a
3085 1663 3328 1720 caeteris.

1972 1769 1998 1799 «
2027 1748 2165 1810 Quis
2190 1747 2348 1803 enim
2380 1746 2593 1810 audiat,
2626 1745 2777 1819 quod
2805 1745 3069 1801 dicantur
3098 1743 3333 1817 parvuli

1971 1847 1996 1878 «
2030 1842 2133 1898 pro
2158 1826 2276 1881 suis
2305 1826 2517 1882 futuris
2558 1825 2787 1883 meritis
2815 1826 2878 1881 in
2907 1824 3029 1897 ipsa
3070 1822 3336 1879 infantili

1974 1930 1999 1960 «
2022 1914 2183 1964 aetate
2211 1907 2478 1981 baptizati
2507 1910 2666 1966 exire
2706 1907 2775 1963 de
2803 1908 2906 1963 hac
2953 1907 3108 1962 vita?
3137 1927 3161 1957 n
3195 1908 3338 1970 Qnae

1966 1988 2257 2046 subtexuit
2283 1993 2514 2063 August.
2542 1989 2676 2062 quia
2703 2005 2774 2045 ex
2792 1988 3033 2060 epistola
3060 1988 3334 2059 Prosperi

1969 2074 2209 2126 noverat
2256 2071 2765 2145 Semipelagianos,
2812 2074 2872 2124 ut
2924 2069 3335 2125 discretionem

1968 2169 2039 2210 ex
2063 2158 2222 2226 parte
2251 2154 2434 2210 nostri
2457 2155 2520 2210 in
2548 2153 2992 2225 consequutione
3019 2151 3220 2226 gratiae
3240 2167 3337 2206 as-

1970 2234 2284 2309 signarent,
2319 2234 2630 2291 recurrisse
2675 2233 2745 2290 ad
2779 2236 3005 2295 merita.
3049 2249 3175 2306 quae
3203 2231 3340 2287 licet

1971 2315 2367 2387 temporaliter
2404 2314 2603 2387 gratiae
2641 2313 3023 2376 succederent,
3054 2318 3253 2368 tamen
3275 2315 3342 2365 ut

1972 2397 2184 2461 futura,
2210 2401 2267 2451 et
2295 2395 2572 2467 praescita,
2600 2400 2656 2450 et
2693 2394 2997 2450 existentia
3039 2394 3100 2448 in
3141 2398 3342 2448 mente

1973 2478 2073 2534 Dei
2117 2476 2472 2548 praemiantis
2513 2477 2696 2548 ipsam
2736 2476 2981 2547 gratiam
3004 2472 3330 2529 anteibant.

1975 2556 2135 2623 Quod
2175 2555 2614 2612 fundamentum
2661 2555 2972 2627 prosternit
3004 2558 3245 2628 August.
3276 2553 3343 2609 in

1978 2640 2251 2713 parvuliS‚
2296 2645 2353 2696 et
2392 2637 2600 2695 deinde
2638 2638 2839 2695 eodem
2886 2643 3228 2712 argumento
3269 2634 3343 2691 ad

1976 2721 2221 2796 gratiam
2275 2720 2603 2776 adultorum
2658 2718 2930 2792 procedit.
2988 2718 3153 2774 Unde
3199 2718 3345 2773 satis

1977 2802 2175 2866 elucet,
2239 2800 2729 2873 semipelagianos
2776 2815 2892 2855 non
2951 2799 3137 2854 solum
3193 2797 3343 2853 assi-

1977 2896 2180 2954 gnasse
2224 2882 2434 2937 merita
2471 2885 2729 2952 tempore
2774 2878 3186 2942 antecedentia,
3242 2875 3346 2934 sed

1979 2962 2154 3017 etiam
2208 2962 2422 3027 futura,
2462 2977 2586 3032 quae
2635 2962 2832 3035 gratiae
2870 2960 3236 3017 collationem
3280 2958 3347 3014 in

1983 3046 2339 3118 praescientia
2367 3044 2465 3100 Dei
2498 3041 2897 3115 prat-cederent,
2945 3043 3246 3114 ipsumque
3274 3038 3348 3096 ad

1980 3126 2226 3199 gratiam
2252 3126 2611 3198 inaequaliter
2639 3122 3100 3180 distribuendam
3144 3122 3348 3179 allice·

1983 3210 2151 3273 rent;
2194 3212 2251 3263 et
2289 3206 2609 3278 oppositum
2641 3220 2896 3262 asserere
2914 3212 2998 3260 est
3039 3201 3350 3259 manifesta

1982 3286 2251 3359 deceptio.
2281 3286 2597 3341 videantur
2619 3302 2744 3358 quae
2771 3285 3028 3342 diximus
3055 3292 3212 3340 tract.
3253 3284 3343 3348 14,

1982 3369 2124 3440 disp.
2164 3370 2209 3434 l,
2241 3385 2361 3440 cap.
2387 3369 2444 3428 5,
2471 3365 2566 3421 ubi
2594 3369 2818 3441 egimus
2845 3368 2915 3424 de
2941 3364 3352 3438 Semipelagia-

1985 3466 2193 3507 norum
2222 3447 2535 3506 erroribus.
2556 3451 2738 3505 Immo
2754 3465 2890 3505 vero
2910 3455 2966 3505 et
2982 3447 3347 3521 Pelagianos,

1984 3532 2184 3588 saltem
2240 3530 2302 3586 in
2349 3530 2554 3586 ultimo
2594 3532 2680 3586 sui
2729 3529 3011 3605 dogmatis
3050 3534 3220 3594 statu,
3271 3529 3353 3583 ita

1983 3614 2227 3670 sensisse
2266 3613 2402 3668 satis
2443 3613 2692 3669 declarat
2720 3614 2872 3669 idem
2900 3615 2956 3668 S.
2989 3614 3190 3668 Doctor
3234 3611 3352 3667 loco

1983 3713 2153 3768 supra
2193 3697 2287 3750 cit.
2318 3702 2506 3751 contra
2547 3696 2688 3750 duas
2724 3698 2879 3768 epist.
2917 3693 3200 3763 Pelaqian.
3248 3691 3352 3748 ubi

1987 3777 2360 3850 parvulorum
2426 3779 2757 3849 exemplum
2838 3784 3019 3849 urget,
3100 3779 3157 3831 et
3216 3775 3301 3830 ait
3333 3797 3349 3831 ε

1990 3879 2015 3910 α
2052 3860 2291 3929 Propter
2335 3858 2483 3930 quod
2513 3858 2761 3930 profecto
2788 3857 3067 3930 desipitiS,
3110 3856 3211 3929 qui
3252 3856 3350 3912 di-

1991 3961 2015 3990 «
2045 3946 2206 3994 cente
2232 3940 2513 3995 Veritate:
2548 3942 2674 3994 Non
2718 3956 2788 3995 ex
2817 3937 3103 4012 operibuS,
3135 3936 3236 3993 sed
3277 3954 3354 3994 ex

1993 4043 2019 4074 «
2049 4027 2285 4077 vocante
2312 4021 2524 4078 dictum
2546 4029 2628 4078 est
2649 4046 2661 4086 ;
2688 4040 2788 4079 vos
2808 4022 3015 4084 dicitis,
3040 4036 3111 4077 ex
3135 4019 3355 4076 futuris

1994 4125 2019 4155 α
2049 4103 2332 4175 operibuS‚
2366 4121 2490 4175 quae
2524 4107 2665 4160 Deus
2694 4105 2862 4160 illum
2899 4104 3185 4159 facturum
3228 4118 3360 4160 esse

1994 4206 2018 4236 α
2051 4183 2397 4255 praesciebat,
2430 4184 2598 4241 Jacob
2627 4184 2800 4241 fuisse
2827 4183 3097 4238 dilectum
3126 4203 3139 4236 :
3185 4188 3363 4255 atque

1994 4287 2018 4316 «
2051 4266 2128 4320 ita
2155 4265 2542 4321 contradicitis
2568 4267 2833 4339 Apostolo
2859 4264 3069 4321 dicenti
3093 4284 3105 4318 :
3129 4265 3261 4319 Non
3284 4279 3361 4319 ex

1995 4368 2021 4399 α
2050 4345 2353 4418 operibus;
2398 4348 2557 4417 quasi
2602 4363 2715 4401 non
2761 4352 2942 4418 posset
2969 4345 3187 4401 dicere:
3223 4347 3360 4401 Non

1993 4449 2018 4481 α
2049 4444 2119 4484 ex
2150 4427 2545 4500 praesentibus,
2572 4428 2668 4484 sed
2708 4444 2780 4484 ex
2821 4428 3030 4482 futuris
3056 4425 3355 4498 operibus.

1995 4531 2021 4560 «
2050 4507 2157 4565 Sed
2210 4510 2328 4564 ait:
2380 4513 2505 4566 Non
2546 4527 2614 4566 ex
2660 4507 2945 4582 ‹.=peribuS‚
2999 4513 3061 4562 ut
3102 4508 3361 4582 gratiam

1994 4613 2019 4643 κ
2050 4590 2498 4649 commendaret.
2531 4595 2588 4647 Si
2624 4600 2810 4648 autem
2837 4591 3039 4664 gratia,
3082 4592 3204 4664 jam
3236 4607 3363 4648 non

1993 4693 2019 4724 «
2051 4689 2119 4729 ex
2149 4674 2434 4747 operibuS,
2469 4677 2726 4748 alioquin
2765 4675 2952 4749 gratia
2975 4675 3095 4747 jam
3125 4687 3244 4727 non
3272 4677 3364 4728 est

1996 4775 2021 4805 «
2049 4755 2251 4826 gratia.
2284 4757 2478 4812 Gratia
2517 4758 2727 4828 utique,
2763 4761 2824 4811 ut
2864 4770 2964 4826 per
3003 4753 3171 4808 illam
3211 4750 3365 4808 fiant

1995 4857 2021 4888 ιι
2051 4834 2201 4891 bona
2223 4853 2414 4910 opera,
2437 4854 2511 4894 ne
2530 4839 2579 4893 si
2599 4837 2990 4910 praecesserint
3016 4857 3042 4887 1>
3068 4834 3182 4904 (vel
3203 4839 3363 4891 tem-

1991 4934 2143 4990 pore,
2181 4919 2269 4974 vel
2299 4921 2676 4991 praescientia)
2723 4943 2748 4972 «
2794 4919 2942 4976 bona
2982 4932 3176 4990 opera,
3222 4921 3367 4973 tan-

1995 5021 2021 5049 «
2050 5015 2220 5071 quam
2276 4999 2544 5072 operibus
2592 5000 2861 5056 reddatur
2926 4997 3132 5070 gratia,
3191 5013 3257 5053 ac
3310 4999 3366 5054 si

1996 5105 2020 5130 «ι
2048 5081 2233 5155 gratia
2257 5082 2378 5155 jam
2421 5099 2539 5140 non
2578 5085 2651 5140 sit
2696 5085 2902 5158 gratia.
2935 5081 3041 5138 Sed
3087 5085 3147 5136 ut
3195 5080 3366 5138 vobis

3029 5161 3368 5219 auferretur
