3647 5753
333 1199 491 1303 aaz.

338 1299 468 1345 natio.

518 455 630 516 818

519 625 701 680 Deum
724 637 841 679 non
870 637 1032 695 posse
1056 621 1289 696 exigere
1313 619 1761 677 satisfactionem
1788 617 1888 674 in-

522 705 753 762 finitam
805 705 917 762 sibi
971 721 1077 777 pro
1126 705 1290 780 gravi
1344 703 1558 761 offensa
1609 700 1881 759 debitam.

521 790 682 857 Quod
735 804 875 846 vero
927 790 1232 862 praemium
1282 788 1621 861 respiciatur
1674 787 1888 842 imme-

522 871 690 940 diate,
721 875 778 929 et
818 870 1119 942 primario,
1167 870 1258 927 vel
1288 884 1423 937 non,
1468 869 1621 924 nihil
1649 868 1890 924 interest

523 949 595 1007 ad
637 952 762 1026 ejus
809 951 1116 1018 rationem,
1164 955 1221 1008 et
1274 948 1453 1006 robur
1504 951 1714 1005 nostrae
1751 945 1888 1003 doc-

522 1032 714 1090 trinae.
757 1033 827 1087 Et
852 1037 1262 1105 consequenter
1302 1028 1635 1104 praedictum
1662 1025 1886 1084 addita-

523 1117 787 1170 mentum
813 1112 1035 1168 nullius
1062 1111 1344 1170 momenti
1370 1116 1475 1168 est.

598 1192 708 1249 Sed
760 1193 998 1266 insuper
1051 1193 1358 1251 refellitur.
1419 1189 1704 1257 Quoniam
1757 1187 1891 1245 licet

526 1275 673 1332 facta
697 1273 1125 1347 comparatione
1146 1275 1298 1331 inter
1326 1278 1533 1347 partes,
1559 1275 1659 1327 aut
1676 1268 1894 1344 gradus

525 1354 767 1428 alicujus
804 1354 1108 1429 complexi,
1152 1353 1300 1427 quod
1326 1360 1412 1412 est
1437 1351 1722 1409 terminus
1759 1366 1888 1407 me·-

528 1436 645 1502 riti,
677 1435 805 1493 fieri
833 1437 1033 1509 possit,
1056 1442 1117 1492 ut
1143 1437 1336 1509 aliqua
1363 1450 1514 1508 pars,
1541 1438 1639 1490 aut
1675 1430 1889 1506 gradus

526 1517 914 1591 metaphysice
963 1516 1218 1574 nobilior
1259 1516 1336 1571 sit
1387 1514 1450 1570 in
1508 1512 1890 1586 exequutione

525 1597 655 1655 aliis
682 1599 965 1671 posterior
982 1621 998 1665 ς
1029 1597 1418 1656 nihilominus
1458 1595 1562 1652 illa
1603 1612 1736 1669 pars
1762 1594 1888 1668 pri-

524 1677 730 1737 mario.
756 1678 1168 1744 immediatius,
1199 1684 1255 1735 et
1296 1676 1674 1751 principalius
1702 1674 1890 1749 respi-

522 1761 673 1817 citur
713 1760 775 1816 in
814 1777 936 1818 esse
963 1761 1206 1834 praemii,
1252 1776 1378 1833 quae
1404 1764 1632 1816 caeteras
1658 1761 1889 1831 superat

524 1843 588 1899 in
615 1842 1065 1900 aestimabilitate
1104 1843 1315 1901 morali
1345 1863 1357 1898 :
1388 1842 1542 1914 atqui
1583 1840 1648 1896 in
1690 1844 1889 1897 nostro

525 1939 657 1980 casu
693 1923 839 1981 facta
875 1926 1300 1996 comparatione
1345 1924 1498 1980 inter
1535 1922 1801 1997 gratiam,
1833 1925 1891 1979 et

527 2007 932 2065 remissionem
960 2008 1190 2066 offensae
1215 2011 1307 2078 (ex
1333 2006 1542 2078 quibus
1569 2007 1888 2079 integratur

523 2088 908 2161 complexum,
925 2090 1075 2162 quod
1096 2095 1180 2147 est
1202 2089 1505 2162 praemium
1528 2086 1888 2159 adaequatum

508 2167 721 2225 meriti
736 2167 806 2226 de
831 2170 1115 2244 condigno
1143 2175 1398 2243 respectu
1416 2171 1609 2240 qratiae
1628 2176 1691 2223 ut
1708 2185 1889 2224 secum

523 2251 757 2306 eaeercite
780 2251 1064 2324 afferentis
1089 2252 1299 2323 offensa,
1335 2250 1728 2313 remissionem)
1756 2250 1890 2305 licet

523 2329 710 2404 gratia
750 2331 998 2389 exercite
1026 2331 1301 2404 praecedat
1326 2330 1555 2388 offensae
1591 2330 1887 2387 remissio-

525 2424 680 2476 nem,
719 2409 1106 2468 nihilominus
1131 2411 1438 2468 destructio
1464 2410 1693 2468 offensae
1717 2426 1888 2485 supe-

525 2496 616 2548 rat
642 2493 707 2547 in
733 2492 1182 2550 aestimabilitate
1209 2494 1419 2551 morali
1444 2496 1719 2568 gratiam?
1752 2509 1889 2568 ergo

525 2572 898 2631 asserendum
924 2579 1028 2641 est,
1071 2576 1220 2648 quod
1262 2577 1565 2650 praemium
1607 2577 1890 2651 primario

524 2658 581 2709 et
604 2653 981 2727 principalius
1002 2656 1093 2712 illi
1123 2656 1473 2730 respondens
1495 2673 1614 2715 non
1640 2663 1725 2714 est
1750 2673 1887 2731 gra-

526 2732 624 2799 tia,
655 2733 753 2790 sed
781 2733 1007 2792 offensae
1033 2737 1317 2793 remissio.
1358 2738 1553 2793 Minor
1591 2737 1774 2809 quoad
1802 2737 1900 2805 id,-

525 2813 674 2888 quod
696 2817 985 2888 supponit,
1016 2823 1234 2874 constat
1261 2834 1332 2874 ex
1364 2836 1538 2891 supra
1565 2818 1761 2887 dictis;
1791 2835 1888 2875 os-

526 2894 819 2952 tendimus
863 2898 1044 2964 enim,
1088 2898 1237 2970 quod
1282 2901 1331 2956 si
1376 2902 1553 2957 semel
1593 2900 1798 2976 gratia,
1825 2908 1888 2958 ut

526 2978 773 3035 exercite
799 2994 990 3037 secum
1019 2978 1183 3037 affert
1211 2981 1611 3040 remissionem
1632 2981 1881 3053 offensas,
1935 3054 1938 3055 ⁷

525 3063 609 3116 est
648 3059 953 3132 praemium
993 3061 1188 3117 meriti
1242 3060 1311 3119 de
1361 3062 1664 3139 condIgno,
1691 3066 1889 3138 nequit

526 3155 644 3196 non
666 3140 789 3212 ipsa
806 3142 1070 3199 remissio
1085 3142 1307 3199 intrare
1330 3143 1612 3201 rationem
1637 3147 1881 3218 praemii,

525 3227 691 3294 atque
742 3220 872 3280 ideo
916 3225 1279 3298 complexum
1320 3242 1392 3283 ex
1439 3228 1800 3293 remissione,
1831 3234 1888 3287 et

519 3305 705 3378 gratia
731 3320 855 3362 esse
883 3308 1186 3378 praemium
1228 3308 1584 3381 adaequatum
1627 3311 1717 3367 illi
1759 3327 1886 3368 me-

521 3384 633 3441 rito
662 3387 1030 3459 respondens.
1077 3389 1271 3455 Quoad
1314 3390 1372 3446 id
1402 3406 1557 3457 vero,
1602 3391 1752 3463 quod
1792 3410 1886 3450 as-

518 3463 679 3529 serit,
732 3466 962 3523 videtur
1007 3468 1146 3524 satis
1196 3470 1536 3537 manifesta3
1569 3487 1704 3528 nam
1751 3489 1885 3530 cum

523 3547 799 3604 meritum
828 3548 1131 3607 ordinetur
1166 3551 1235 3609 ad
1264 3553 1568 3624 praemium
1610 3560 1885 3627 tanquam

525 3624 593 3681 ad
620 3626 965 3702 condignam
1016 3628 1106 3685 sui
1153 3633 1701 3702 remunerationem,
1736 3633 1885 3690 illud

526 3707 827 3780 primario,
859 3717 915 3766 et
942 3711 1322 3785 principalius
1349 3713 1516 3772 debet
1556 3718 1617 3773 in
1647 3718 1886 3791 praemio

524 3792 824 3864 respicere,
856 3795 1005 3866 quod
1045 3798 1326 3870 majorem
1353 3798 1890 3869 aestimabilitatem,

520 3886 618 3928 seu
649 3874 906 3929 valorem
934 3877 1231 3949 exprimit,
1261 3883 1457 3952 estque
1496 3881 1682 3955 magis
1708 3896 1886 3954 appe-

524 3950 700 4019 tibile.
734 3953 802 4007 Et
847 3954 953 4011 hac
998 3956 1221 4014 ratione
1268 3958 1396 4015 licet
1442 3962 1640 4017 lumen
1683 3963 1885 4037 gloriae

525 4033 843 4090 necessario
871 4034 934 4091 in
962 4038 1339 4110 exequutione
1386 4042 1666 4112 praecedat
1703 4042 1885 4109 visio-

525 4130 678 4182 nem,
710 4131 809 4172 seu
847 4119 1258 4189 possessionem
1289 4122 1387 4178 Dei
1416 4122 1479 4178 in
1500 4123 1686 4196 seipso
1704 4148 1719 4192 ς
1748 4124 1887 4198 quia

522 4201 718 4254 tamen
757 4198 924 4264 visio,
954 4215 1052 4256 seu
1100 4200 1378 4273 possessio
1414 4200 1660 4276 explicat
1698 4207 1885 4281 majo-

525 4293 648 4335 rem
670 4279 1197 4348 aestimahilitatem,
1228 4288 1283 4340 et
1302 4285 1686 4354 commodum,
1719 4304 1886 4361 prop-

522 4366 679 4419 terea
699 4365 909 4420 merita
926 4369 1122 4421 nostra
1145 4366 1459 4437 respiciunt
1480 4367 1879 4443 principalius,

521 4447 578 4498 et
604 4442 999 4501 immediatius
1022 4446 1325 4513 visionem,
1356 4464 1529 4520 quam
1560 4450 1778 4508 lumen.

596 4528 692 4580 41.
717 4526 787 4579 Et
812 4524 950 4582 hinc
990 4527 1241 4598 amplius
1289 4528 1594 4586 roboratur
1620 4531 1885 4591 doctrina

520 4604 789 4678 superius
836 4607 1049 4663 tradita
1102 4628 1116 4664 ε
1164 4608 1441 4682 quoniam
1487 4611 1760 4668 meritum
1812 4613 1885 4671 de

521 4685 808 4761 condigno
828 4686 995 4745 debet
1037 4688 1251 4748 habere
1295 4691 1557 4748 valorem
1602 4694 1884 4766 aequalem

522 4769 614 4825 illi
658 4768 882 4842 praemii
912 4771 1081 4842 parti,
1114 4786 1212 4828 seu
1241 4772 1469 4847 gradui,
1513 4774 1611 4845 qui
1640 4774 1886 4848 explicat

524 4850 804 4924 majorem
830 4850 1370 4921 aestimabilitatem,
1401 4859 1458 4910 et
1503 4856 1885 4929 principalius

523 4949 558 4988 a
577 4931 787 4988 merito
808 4933 1112 5005 respicitur
1131 4957 1146 5001 ;
1172 4935 1386 5009 alioqui
1414 4953 1532 4994 non
1558 4940 1888 4996 salvaretur

523 5011 824 5083 aequalitas
839 5028 971 5070 cum
997 5016 1237 5088 praemio
1259 5017 1325 5074 in
1350 5032 1472 5075 esse
1497 5020 1743 5090 praemii,
1759 5037 1886 5094 quae

522 5100 608 5151 est
632 5093 702 5150 de
747 5094 969 5152 ratione
1007 5097 1204 5154 meriti
1250 5097 1321 5155 de
1365 5098 1649 5175 condigno
1681 5122 1694 5158 z
1726 5103 1883 5177 atqui

1581 446 1676 501 DE
1721 444 2027 501 PRAEMIO
2064 441 2344 498 MERITI.

2018 631 2169 689 pars,
2194 628 2321 687 quae
2340 613 2405 682 in
2431 613 2727 686 complexo
2746 627 2820 669 ex
2842 611 3050 686 gratia,
3086 615 3145 668 et
3175 609 3383 667 remis-

2016 695 2180 753 sione
2206 692 2435 751 offensae
2453 693 2701 767 explicat
2733 693 3016 767 majorem
3057 689 3383 749 aestimabi-

2018 778 2260 844 litatem,
2276 783 2332 833 et
2353 775 2735 850 principalius
2757 774 3065 847 respicitur
3092 789 3125 828 a
3147 773 3377 840 merito,

2017 866 2103 919 est
2123 858 2386 917 remissio
2401 857 2650 924 offensae,
2660 863 2720 913 ut
2737 858 3000 930 proxime
3012 854 3350 912 dicebamus
3368 877 3383 910 :

2017 959 2154 1018 ergo
2180 942 2455 999 meritum
2482 940 2649 998 dehet
2668 940 2881 999 habere
2898 940 3159 998 valorem
3186 953 3381 1011 aequa-

2019 1026 2134 1084 lem
2181 1024 2618 1082 aestimabilitati
2645 1022 2925 1096 praedictae
2967 1021 3376 1080 remissionis:

2019 1105 2175 1179 atqui
2204 1104 2469 1162 remissio
2494 1105 2692 1180 gravis
2718 1101 2949 1161 offensae
2975 1103 3077 1159 Dei
3101 1103 3384 1175 importat

2017 1185 2525 1245 aestimabilitatem
2545 1185 2889 1258 simpliciter
2902 1183 3219 1252 infinitam,
3236 1184 3385 1240 sicut

2020 1269 2143 1342 ipsa
2163 1268 2380 1327 offensa
2406 1268 2680 1340 importat
2700 1266 2995 1324 infinitam
3034 1266 3384 1338 simpliciter

2017 1349 2398 1422 gravitatem:
2430 1364 2567 1423 ergo
2604 1348 2883 1404 meritum
2922 1346 3279 1421 condignum
3310 1344 3383 1401 ad

2017 1433 2382 1505 complexum
2401 1446 2475 1487 ex
2494 1431 2680 1505 gratia
2703 1435 2760 1486 et
2788 1429 3175 1488 destructione
3203 1428 3385 1486 offen-

2017 1528 2126 1579 sae,
2151 1512 2319 1571 debet
2357 1512 2570 1571 habere
2612 1515 2874 1572 valorem
2914 1513 3260 1585 simpliciter
3283 1513 3383 1569 in-

2019 1591 2250 1650 finitum
2279 1636 2292 1660 ,
2337 1598 2393 1652 et
2436 1594 2534 1667 qui
2579 1593 2862 1653 sufficeret
2911 1592 2982 1651 ad
3030 1591 3380 1668 condignam

2017 1678 2464 1736 satisfactionem
2485 1693 2590 1752 pro
2615 1678 2854 1736 offensa.

2091 1760 2178 1816 Ad
2212 1761 2330 1817 haec
2366 1781 2379 1816 ε
2406 1762 2684 1818 meritum
2711 1760 2784 1817 de
2823 1758 3108 1834 condigno
3134 1756 3556 1852 terminu&

2020 1843 2083 1898 in
2101 1843 2484 1916 exequutione
2515 1843 2802 1916 primarii,
2835 1849 2898 1899 ut
2922 1842 3172 1900 exercite
3198 1841 3381 1899 infert
3412 1866 3542 1952 gg-

2020 1923 2201 1981 alium
2229 1925 2551 1982 terminum
2574 1924 3066 1997 principaliorem,
3093 1921 3260 1980 debet
3280 1923 3380 1980 ha-

2020 2005 2155 2063 bere
2175 2008 2435 2065 valorem
2462 2009 2738 2081 aequalem
2762 2022 2881 2064 non
2906 2007 3093 2063 solum
3121 2006 3380 2062 termino

2021 2086 2083 2142 in
2103 2088 2483 2159 exequutione
2530 2087 2811 2159 primario
2837 2129 2852 2152 ,
2893 2084 2991 2143 sed
3028 2086 3206 2143 etiam
3254 2093 3379 2145 ter-

2019 2167 2182 2224 mino
2219 2166 2617 2240 principaliori
2659 2168 2729 2224 ad
2785 2166 3130 2239 primarium
3178 2183 3380 2225 conse—

2016 2253 2192 2320 quuto
2217 2272 2230 2316 ς
2252 2253 2312 2307 et
2331 2247 2609 2321 implicat,
2634 2247 2786 2322 quod
2808 2248 2985 2321 possit
3005 2247 3073 2304 de
3093 2248 3380 2324 condigno

2018 2344 2251 2386 causare
2295 2329 2550 2402 primum
2593 2329 2916 2386 terminum
2942 2373 2954 2394 ,
3004 2330 3147 2401 quin
3201 2331 3378 2402 possit

2017 2411 2193 2467 etiam
2219 2410 2290 2469 de
2317 2412 2599 2486 condigno
2626 2427 2860 2469 causare
2886 2411 3201 2468 secundum
3236 2434 3250 2467 :
3277 2412 3380 2468 sed

2018 2492 2204 2567 gratia
2225 2497 2286 2547 ut
2309 2508 2500 2550 secum
2523 2494 2771 2551 exercite
2793 2493 2958 2549 affert
2973 2492 3377 2551 remissionem

2018 2575 2266 2641 offensae,
2297 2580 2354 2632 et
2391 2575 2514 2650 ipsa
2544 2577 2809 2634 remissio
2834 2581 3243 2649 comparantur
3277 2576 3377 2631 in-

2018 2662 2106 2715 ter
2129 2674 2191 2716 se
2211 2663 2274 2714 ut
2300 2658 2586 2715 terminus
2625 2660 2689 2714 in
2739 2660 3123 2732 exequutione
3148 2658 3378 2730 prima-

2021 2741 2161 2807 riuS‚
2185 2745 2242 2797 et
2269 2744 2329 2795 ut
2357 2740 2639 2797 terminus
2667 2741 3007 2815 principalis
3027 2741 3098 2798 ad
3121 2742 3376 2813 priorem

2018 2828 2396 2896 consequutus
2421 2844 2434 2879 ε
2456 2837 2591 2897 ergo
2619 2829 2681 2880 ut
2693 2824 2823 2896 quis
2848 2824 3025 2899 possit
3055 2824 3269 2881 mereri
3308 2824 3380 2881 de

2017 2903 2300 2978 condigno
2318 2904 2564 2978 gratiam
2608 2910 2669 2959 ut
2705 2906 2953 2963 exercite
2977 2921 3169 2961 secum
3213 2904 3384 2962 affert

2021 2984 2421 3041 remissionem
2471 2984 2728 3051 offensae,
2768 2984 2935 3042 debet
2978 2986 3186 3043 elicere
3233 3002 3376 3059 opus

2017 3063 2234 3122 habens
2259 3067 2517 3124 valorem
2557 3067 2833 3138 aequalem
2865 3082 2982 3123 non
3022 3068 3211 3123 solum
3237 3084 3376 3140 gra-

2019 3145 2129 3212 tiae,
2153 3145 2252 3203 sed
2272 3146 2447 3203 etiam
2474 3145 2802 3203 remissioni
2818 3145 3138 3214 offeusae,et
3158 3151 3380 3204 utram·

2016 3243 2126 3301 que
2145 3226 2215 3285 de
2233 3228 2516 3303 condigno
2543 3230 2775 3287 mereri.
2830 3229 3114 3297 Probatur
3161 3231 3367 3305 major,

2018 3312 2139 3364 tum
2161 3309 2426 3382 exemplo
2451 3325 2522 3366 ex
2567 3308 2818 3383 physicis
2861 3310 3198 3384 desumpto;
3230 3327 3370 3369 nam

2018 3394 2081 3446 ut
2100 3390 2307 3463 aliquis
2329 3390 2504 3464 possit
2526 3390 2923 3464 principaliter
2946 3392 3258 3464 producere
3280 3410 3370 3450 ca-

2017 3470 2220 3537 lorem,
2255 3477 2315 3526 ut
2339 3471 2584 3528 exercite
2624 3477 2707 3528 est
2734 3473 2945 3529 ultima
2969 3473 3269 3546 dispositio
3297 3475 3370 3530 ad

2017 3551 2265 3608 formam
2287 3550 2745 3619 substantialem,
2776 3569 3016 3626 eamque
3041 3554 3374 3613 infallibili·

2019 3639 2105 3690 ter
2131 3633 2338 3700 infert;
2368 3633 2534 3691 debet
2581 3634 2995 3706 praecontinere
3024 3651 3142 3693 non
3179 3636 3374 3694 solum

2016 3714 2264 3771 calorem
2291 3714 2603 3772 secundum
2648 3731 2723 3781 se,
2748 3715 2845 3770 sed
2891 3716 3067 3773 etiam
3121 3717 3371 3773 formam

2016 3794 2451 3854 substantialem
2481 3818 2493 3853 ε
2529 3803 2585 3854 et
2627 3798 2731 3854 hac
2769 3797 2840 3853 de
2865 3814 3034 3855 causa
3063 3799 3194 3856 licet
3222 3815 3378 3855 unus

2015 3878 2170 3934 calor
2202 3883 2371 3949 queat
2418 3878 2816 3952 principaliter
2843 3877 3155 3952 producere
3188 3880 3374 3936 alium

2014 3959 2264 4015 calorem
2285 3959 2597 4016 secundum
2618 3975 2679 4016 se
2698 3959 3142 4029 consideratum,
3173 3963 3380 4035 nequit

2016 4044 2210 4095 tamen
2234 4037 2545 4110 producere
2589 4039 2837 4098 eundem
2864 4043 3137 4107 calorem,
3167 4048 3229 4097 ut
3259 4042 3374 4100 ha-

2015 4119 2110 4177 bet
2130 4135 2342 4176 munus
2368 4120 2588 4179 ultimae
2610 4120 3005 4194 dispositionis
3032 4122 3101 4178 ad
3119 4122 3374 4180 formam

2015 4200 2470 4268 substantialem,
2495 4218 2735 4274 eamque
2756 4203 3151 4261 infallibiliter
3172 4202 3375 4269 iufert;

2015 4283 2114 4341 sed
2148 4283 2207 4339 id
2233 4290 2460 4357 praestat
2484 4285 2549 4341 in
2597 4287 2809 4342 virtute
2853 4285 3206 4352 substantiae,
3243 4302 3385 4359 quae

2018 4364 2415 4439 principaliter
2434 4367 2688 4424 continet
2730 4367 2981 4425 formam
3021 4367 3383 4424 substantia-

2018 4447 2131 4503 lem
2159 4444 2582 4518 producendam
2617 4469 2629 4504 :
2661 4448 2997 4519 atquivalor
3018 4464 3079 4505 se
3105 4447 3274 4505 habet
3299 4446 3378 4503 ad

2015 4529 2311 4596 meritum,
2329 4529 2474 4586 sicut
2488 4530 2674 4587 virtus
2694 4530 2766 4588 ad
2783 4547 3012 4589 causam
3037 4531 3336 4606 physicam
3369 4552 3386 4586 :

2015 4625 2152 4684 ergo
2176 4614 2242 4665 ut
2266 4610 2541 4666 meritum
2561 4616 2751 4669 causet
2773 4610 2842 4668 de
2862 4610 3147 4686 condigno
3175 4612 3382 4669 termi-

2018 4706 2160 4747 num
2192 4690 2257 4746 in
2290 4692 2670 4764 exequutione
2711 4692 3080 4768 primarium,
3106 4697 3168 4748 ut
3205 4708 3386 4750 exer-

2015 4773 2122 4830 cite
2149 4773 2329 4831 infert
2342 4773 2525 4832 alium
2542 4776 2859 4833 terminum
2880 4775 3385 4848 principaliorem,

2015 4854 2184 4914 debet
2209 4855 2422 4913 habere
2442 4859 2701 4916 valorem
2729 4860 3008 4931 aequalem
3042 4874 3162 4915 non
3186 4859 3387 4916 solum

2015 4936 2268 4996 termino
2290 4937 2591 5011 primario,
2610 4939 2707 4997 sed
2727 4940 2907 4997 etiam
2930 4939 3099 4997 alteri
3122 4940 3391 4998 termino

2014 5035 2087 5078 ex
2113 5020 2216 5078 illo
2240 5026 2686 5095 consequuto;et
2703 5023 2754 5079 si
2786 5039 2904 5080 non
2927 5021 3096 5081 habet
3116 5024 3389 5080 valorem

2016 5102 2295 5176 &qualem
2322 5104 2577 5187 termino
2603 5112 2949 5178 consequuto
2973 5149 2987 5174 ,
3020 5103 3223 5179 nequit
3268 5103 3388 5160 ha-

3243 5182 3395 5241 bere

3573 1370 3611 1424 Γ
