<?xml version="1.0" encoding="UTF-8"?>
<!DOCTYPE html PUBLIC "-//W3C//DTD XHTML 1.0 Transitional//EN"
    "http://www.w3.org/TR/xhtml1/DTD/xhtml1-transitional.dtd">
<html xmlns="http://www.w3.org/1999/xhtml" xml:lang="en" lang="en">
 <head>
  <title>
</title>
<meta http-equiv="Content-Type" content="text/html;charset=utf-8" />
  <meta name='ocr-system' content='tesseract 3.04.00' />
  <meta name='ocr-capabilities' content='ocr_page ocr_carea ocr_par ocr_line ocrx_word'/>
</head>
<body>
  <div class='ocr_page' id='page_1' title='image "./collegiisalmant00carmgoog_0331.png"; bbox 0 0 3647 5753; ppageno 0'>
   <div class='ocr_carea' id='block_1_1' title="bbox 1461 408 3156 475">
    <p class='ocr_par' dir='ltr' id='par_1_1' title="bbox 1461 408 3156 475">
     <span class='ocr_line' id='line_1_1' title="bbox 1461 408 3156 475; baseline 0.002 -12"><span class='ocrx_word' id='word_1_1' title='bbox 1461 408 1640 463; x_wconf 88' lang='lat' dir='ltr'>DISP.</span> <span class='ocrx_word' id='word_1_2' title='bbox 1684 409 1727 475; x_wconf 89' lang='lat'>1,</span> <span class='ocrx_word' id='word_1_3' title='bbox 1770 408 1934 465; x_wconf 89' lang='lat' dir='ltr'>DUB.</span> <span class='ocrx_word' id='word_1_4' title='bbox 1981 410 2025 464; x_wconf 89' lang='lat'>1.</span> <span class='ocrx_word' id='word_1_5' title='bbox 3046 412 3156 467; x_wconf 79' lang='lat'>309</span> 
     </span>
    </p>
   </div>
   <div class='ocr_carea' id='block_1_2' title="bbox 84 580 1676 4919">
    <p class='ocr_par' dir='ltr' id='par_1_2' title="bbox 84 580 1676 4919">
     <span class='ocr_line' id='line_1_2' title="bbox 297 580 1657 655; baseline 0 -18"><span class='ocrx_word' id='word_1_6' title='bbox 297 582 482 647; x_wconf 82' lang='lat' dir='ltr'>facile,</span> <span class='ocrx_word' id='word_1_7' title='bbox 516 582 606 638; x_wconf 88' lang='lat' dir='ltr'>vel</span> <span class='ocrx_word' id='word_1_8' title='bbox 658 580 889 638; x_wconf 85' lang='lat' dir='ltr'>difficile</span> <span class='ocrx_word' id='word_1_9' title='bbox 915 580 1149 639; x_wconf 89' lang='lat' dir='ltr'>mobilis</span> <span class='ocrx_word' id='word_1_10' title='bbox 1181 587 1274 639; x_wconf 82' lang='lat' dir='ltr'>:et</span> <span class='ocrx_word' id='word_1_11' title='bbox 1312 583 1548 655; x_wconf 89' lang='lat' dir='ltr'>insuper</span> <span class='ocrx_word' id='word_1_12' title='bbox 1586 580 1657 637; x_wconf 88' lang='lat' dir='ltr'>ad</span> 
     </span>
     <span class='ocr_line' id='line_1_3' title="bbox 293 663 1659 736; baseline 0 -17"><span class='ocrx_word' id='word_1_13' title='bbox 293 663 599 720; x_wconf 78' lang='lat' dir='ltr'>essentiam</span> <span class='ocrx_word' id='word_1_14' title='bbox 624 664 831 735; x_wconf 89' lang='lat' dir='ltr'>peccati</span> <span class='ocrx_word' id='word_1_15' title='bbox 855 664 1094 719; x_wconf 90' lang='lat' dir='ltr'>actualis</span> <span class='ocrx_word' id='word_1_16' title='bbox 1138 679 1272 719; x_wconf 87' lang='lat' dir='ltr'>non.</span> <span class='ocrx_word' id='word_1_17' title='bbox 1296 664 1542 736; x_wconf 84' lang='lat' dir='ltr'>pertinet</span> <span class='ocrx_word' id='word_1_18' title='bbox 1561 679 1659 719; x_wconf 91' lang='lat' dir='ltr'>ca-</span> 
     </span>
     <span class='ocr_line' id='line_1_4' title="bbox 299 742 1654 817; baseline 0 -18"><span class='ocrx_word' id='word_1_19' title='bbox 299 742 483 800; x_wconf 89' lang='lat' dir='ltr'>rentia</span> <span class='ocrx_word' id='word_1_20' title='bbox 502 742 925 800; x_wconf 75' lang='lat' dir='ltr'>conformitatis</span> <span class='ocrx_word' id='word_1_21' title='bbox 971 742 1282 799; x_wconf 82' lang='lat' dir='ltr'>habitualis</span> <span class='ocrx_word' id='word_1_22' title='bbox 1320 742 1390 799; x_wconf 90' lang='lat' dir='ltr'>ad</span> <span class='ocrx_word' id='word_1_23' title='bbox 1438 744 1654 817; x_wconf 86' lang='lat' dir='ltr'>legem;</span> 
     </span>
     <span class='ocr_line' id='line_1_5' title="bbox 295 822 1658 897; baseline 0.001 -18"><span class='ocrx_word' id='word_1_24' title='bbox 295 840 417 897; x_wconf 86' lang='lat' dir='ltr'>quae</span> <span class='ocrx_word' id='word_1_25' title='bbox 444 829 638 880; x_wconf 89' lang='lat' dir='ltr'>tamen</span> <span class='ocrx_word' id='word_1_26' title='bbox 658 828 869 897; x_wconf 81' lang='lat' dir='ltr'>spectat</span> <span class='ocrx_word' id='word_1_27' title='bbox 887 822 958 880; x_wconf 91' lang='lat' dir='ltr'>ad</span> <span class='ocrx_word' id='word_1_28' title='bbox 986 825 1294 880; x_wconf 86' lang='lat' dir='ltr'>essentiam</span> <span class='ocrx_word' id='word_1_29' title='bbox 1319 826 1527 897; x_wconf 88' lang='lat' dir='ltr'>peccati</span> <span class='ocrx_word' id='word_1_30' title='bbox 1550 825 1658 881; x_wconf 83' lang='lat' dir='ltr'>ha·-</span> 
     </span>
     <span class='ocr_line' id='line_1_6' title="bbox 298 902 1657 969; baseline 0.001 -11"><span class='ocrx_word' id='word_1_31' title='bbox 298 902 551 969; x_wconf 89' lang='lat' dir='ltr'>bitualis,</span> <span class='ocrx_word' id='word_1_32' title='bbox 601 909 665 959; x_wconf 89' lang='lat' dir='ltr'>ut</span> <span class='ocrx_word' id='word_1_33' title='bbox 692 907 951 959; x_wconf 83' lang='lat' dir='ltr'>autumat</span> <span class='ocrx_word' id='word_1_34' title='bbox 978 902 1375 959; x_wconf 83' lang='lat' dir='ltr'>Adversarius.</span> <span class='ocrx_word' id='word_1_35' title='bbox 1398 904 1543 959; x_wconf 89' lang='lat' dir='ltr'>Sunt</span> <span class='ocrx_word' id='word_1_36' title='bbox 1567 908 1657 960; x_wconf 88' lang='lat' dir='ltr'>ta-</span> 
     </span>
     <span class='ocr_line' id='line_1_7' title="bbox 298 982 1658 1059; baseline 0.001 -20"><span class='ocrx_word' id='word_1_37' title='bbox 298 999 434 1040; x_wconf 89' lang='lat' dir='ltr'>men</span> <span class='ocrx_word' id='word_1_38' title='bbox 459 983 714 1059; x_wconf 88' lang='lat' dir='ltr'>ejusdem</span> <span class='ocrx_word' id='word_1_39' title='bbox 738 983 978 1040; x_wconf 88' lang='lat' dir='ltr'>rationis</span> <span class='ocrx_word' id='word_1_40' title='bbox 1011 984 1329 1052; x_wconf 83' lang='lat' dir='ltr'>moraliter,</span> <span class='ocrx_word' id='word_1_41' title='bbox 1363 989 1420 1040; x_wconf 92' lang='lat' dir='ltr'>et</span> <span class='ocrx_word' id='word_1_42' title='bbox 1466 982 1658 1041; x_wconf 89' lang='lat' dir='ltr'>reduc-</span> 
     </span>
     <span class='ocr_line' id='line_1_8' title="bbox 298 1063 1658 1138; baseline 0.001 -19"><span class='ocrx_word' id='word_1_43' title='bbox 298 1066 437 1133; x_wconf 77' lang='lat' dir='ltr'>tive;</span> <span class='ocrx_word' id='word_1_44' title='bbox 457 1066 593 1138; x_wconf 90' lang='lat' dir='ltr'>quia</span> <span class='ocrx_word' id='word_1_45' title='bbox 621 1069 906 1138; x_wconf 89' lang='lat' dir='ltr'>peccatum</span> <span class='ocrx_word' id='word_1_46' title='bbox 948 1063 1241 1121; x_wconf 90' lang='lat' dir='ltr'>habituale</span> <span class='ocrx_word' id='word_1_47' title='bbox 1261 1069 1345 1121; x_wconf 90' lang='lat' dir='ltr'>est</span> <span class='ocrx_word' id='word_1_48' title='bbox 1371 1065 1658 1121; x_wconf 90' lang='lat' dir='ltr'>terminus</span> 
     </span>
     <span class='ocr_line' id='line_1_9' title="bbox 302 1143 1657 1219; baseline 0.001 -20"><span class='ocrx_word' id='word_1_49' title='bbox 302 1144 506 1216; x_wconf 85' lang='lat' dir='ltr'>peccati</span> <span class='ocrx_word' id='word_1_50' title='bbox 558 1144 814 1211; x_wconf 86' lang='lat' dir='ltr'>actualis,</span> <span class='ocrx_word' id='word_1_51' title='bbox 846 1149 903 1200; x_wconf 89' lang='lat' dir='ltr'>et</span> <span class='ocrx_word' id='word_1_52' title='bbox 949 1149 1242 1217; x_wconf 85' lang='lat' dir='ltr'>tamquam</span> <span class='ocrx_word' id='word_1_53' title='bbox 1289 1159 1472 1200; x_wconf 91' lang='lat' dir='ltr'>unum</span> <span class='ocrx_word' id='word_1_54' title='bbox 1519 1143 1657 1219; x_wconf 90' lang='lat' dir='ltr'>quid</span> 
     </span>
     <span class='ocr_line' id='line_1_10' title="bbox 296 1226 1657 1301; baseline 0.001 -19"><span class='ocrx_word' id='word_1_55' title='bbox 296 1230 557 1283; x_wconf 89' lang='lat' dir='ltr'>censetur</span> <span class='ocrx_word' id='word_1_56' title='bbox 600 1227 661 1282; x_wconf 92' lang='lat' dir='ltr'>in</span> <span class='ocrx_word' id='word_1_57' title='bbox 688 1226 890 1283; x_wconf 86' lang='lat' dir='ltr'>ordine</span> <span class='ocrx_word' id='word_1_58' title='bbox 928 1226 998 1283; x_wconf 91' lang='lat' dir='ltr'>ad</span> <span class='ocrx_word' id='word_1_59' title='bbox 1029 1242 1274 1300; x_wconf 83' lang='lat' dir='ltr'>poenam,</span> <span class='ocrx_word' id='word_1_60' title='bbox 1304 1231 1361 1283; x_wconf 91' lang='lat' dir='ltr'>et</span> <span class='ocrx_word' id='word_1_61' title='bbox 1410 1226 1480 1283; x_wconf 90' lang='lat' dir='ltr'>ad</span> <span class='ocrx_word' id='word_1_62' title='bbox 1516 1244 1657 1301; x_wconf 90' lang='lat' dir='ltr'>pru-</span> 
     </span>
     <span class='ocr_line' id='line_1_11' title="bbox 297 1304 1659 1365; baseline 0.003 -4"><span class='ocrx_word' id='word_1_63' title='bbox 297 1304 525 1363; x_wconf 88' lang='lat' dir='ltr'>dentem</span> <span class='ocrx_word' id='word_1_64' title='bbox 547 1306 1009 1362; x_wconf 78' lang='lat' dir='ltr'>aestimationem.</span> <span class='ocrx_word' id='word_1_65' title='bbox 1039 1307 1192 1362; x_wconf 89' lang='lat' dir='ltr'>Sicut</span> <span class='ocrx_word' id='word_1_66' title='bbox 1218 1307 1392 1363; x_wconf 91' lang='lat' dir='ltr'>etiam</span> <span class='ocrx_word' id='word_1_67' title='bbox 1421 1307 1659 1365; x_wconf 91' lang='lat' dir='ltr'>omissio</span> 
     </span>
     <span class='ocr_line' id='line_1_12' title="bbox 298 1387 1658 1461; baseline 0 -18"><span class='ocrx_word' id='word_1_68' title='bbox 298 1387 704 1459; x_wconf 88' lang='lat' dir='ltr'>peccaminosa,</span> <span class='ocrx_word' id='word_1_69' title='bbox 737 1391 797 1444; x_wconf 91' lang='lat' dir='ltr'>et</span> <span class='ocrx_word' id='word_1_70' title='bbox 821 1393 976 1444; x_wconf 85' lang='lat' dir='ltr'>actus</span> <span class='ocrx_word' id='word_1_71' title='bbox 1014 1388 1112 1461; x_wconf 92' lang='lat' dir='ltr'>qui</span> <span class='ocrx_word' id='word_1_72' title='bbox 1154 1393 1240 1445; x_wconf 90' lang='lat' dir='ltr'>est</span> <span class='ocrx_word' id='word_1_73' title='bbox 1267 1404 1436 1444; x_wconf 89' lang='lat' dir='ltr'>causa</span> <span class='ocrx_word' id='word_1_74' title='bbox 1480 1387 1658 1444; x_wconf 91' lang='lat' dir='ltr'>omit-</span> 
     </span>
     <span class='ocr_line' id='line_1_13' title="bbox 295 1466 1658 1541; baseline 0.002 -20"><span class='ocrx_word' id='word_1_75' title='bbox 295 1466 472 1532; x_wconf 84' lang='lat' dir='ltr'>tendi,</span> <span class='ocrx_word' id='word_1_76' title='bbox 501 1471 636 1522; x_wconf 89' lang='lat' dir='ltr'>sunt</span> <span class='ocrx_word' id='word_1_77' title='bbox 658 1468 959 1525; x_wconf 86' lang='lat' dir='ltr'>moraliter</span> <span class='ocrx_word' id='word_1_78' title='bbox 985 1466 1159 1534; x_wconf 90' lang='lat' dir='ltr'>idem,</span> <span class='ocrx_word' id='word_1_79' title='bbox 1190 1468 1457 1541; x_wconf 86' lang='lat' dir='ltr'>quamvis</span> <span class='ocrx_word' id='word_1_80' title='bbox 1483 1471 1658 1524; x_wconf 86' lang='lat' dir='ltr'>meta-</span> 
     </span>
     <span class='ocr_line' id='line_1_14' title="bbox 298 1546 1659 1620; baseline 0.001 -19"><span class='ocrx_word' id='word_1_81' title='bbox 298 1546 528 1620; x_wconf 82' lang='lat' dir='ltr'>physice</span> <span class='ocrx_word' id='word_1_82' title='bbox 569 1546 839 1602; x_wconf 83' lang='lat' dir='ltr'>differant</span> <span class='ocrx_word' id='word_1_83' title='bbox 866 1547 1266 1613; x_wconf 87' lang='lat' dir='ltr'>essentialiter,</span> <span class='ocrx_word' id='word_1_84' title='bbox 1293 1552 1352 1603; x_wconf 94' lang='lat' dir='ltr'>ut</span> <span class='ocrx_word' id='word_1_85' title='bbox 1401 1546 1659 1603; x_wconf 84' lang='lat' dir='ltr'>diximus</span> 
     </span>
     <span class='ocr_line' id='line_1_15' title="bbox 296 1626 1658 1702; baseline 0 -19"><span class='ocrx_word' id='word_1_86' title='bbox 296 1635 458 1684; x_wconf 81' lang='lat' dir='ltr'>tract.</span> <span class='ocrx_word' id='word_1_87' title='bbox 497 1628 579 1696; x_wconf 86' lang='lat'>13,</span> <span class='ocrx_word' id='word_1_88' title='bbox 623 1626 768 1700; x_wconf 79' lang='lat' dir='ltr'>disp.</span> <span class='ocrx_word' id='word_1_89' title='bbox 805 1630 860 1693; x_wconf 84' lang='lat'>6,</span> <span class='ocrx_word' id='word_1_90' title='bbox 894 1646 929 1683; x_wconf 87' lang='lat' dir='ltr'>a</span> <span class='ocrx_word' id='word_1_91' title='bbox 965 1645 1118 1684; x_wconf 82' lang='lat' dir='ltr'>num.</span> <span class='ocrx_word' id='word_1_92' title='bbox 1159 1629 1258 1683; x_wconf 87' lang='lat'>103</span> <span class='ocrx_word' id='word_1_93' title='bbox 1285 1635 1334 1683; x_wconf 86' lang='lat' dir='ltr'>et</span> <span class='ocrx_word' id='word_1_94' title='bbox 1370 1629 1513 1702; x_wconf 76' lang='lat' dir='ltr'>disp.</span> <span class='ocrx_word' id='word_1_95' title='bbox 1536 1630 1591 1693; x_wconf 88' lang='lat'>8,</span> <span class='ocrx_word' id='word_1_96' title='bbox 1621 1644 1658 1683; x_wconf 85' lang='lat' dir='ltr'>a</span> 
     </span>
     <span class='ocr_line' id='line_1_16' title="bbox 299 1707 1660 1783; baseline 0 -18"><span class='ocrx_word' id='word_1_97' title='bbox 299 1728 449 1765; x_wconf 83' lang='lat' dir='ltr'>num.</span> <span class='ocrx_word' id='word_1_98' title='bbox 496 1712 556 1764; x_wconf 90' lang='lat'>7.</span> <span class='ocrx_word' id='word_1_99' title='bbox 603 1707 769 1765; x_wconf 90' lang='lat' dir='ltr'>Unde</span> <span class='ocrx_word' id='word_1_100' title='bbox 820 1708 1083 1783; x_wconf 88' lang='lat' dir='ltr'>neganda</span> <span class='ocrx_word' id='word_1_101' title='bbox 1133 1715 1218 1766; x_wconf 91' lang='lat' dir='ltr'>est</span> <span class='ocrx_word' id='word_1_102' title='bbox 1256 1710 1660 1783; x_wconf 82' lang='lat' dir='ltr'>consequentia</span> 
     </span>
     <span class='ocr_line' id='line_1_17' title="bbox 301 1789 1658 1863; baseline 0.001 -17"><span class='ocrx_word' id='word_1_103' title='bbox 301 1789 574 1856; x_wconf 88' lang='lat' dir='ltr'>absolute,</span> <span class='ocrx_word' id='word_1_104' title='bbox 615 1790 752 1863; x_wconf 88' lang='lat' dir='ltr'>quia</span> <span class='ocrx_word' id='word_1_105' title='bbox 802 1789 973 1847; x_wconf 90' lang='lat' dir='ltr'>modo</span> <span class='ocrx_word' id='word_1_106' title='bbox 1023 1805 1139 1847; x_wconf 93' lang='lat' dir='ltr'>non</span> <span class='ocrx_word' id='word_1_107' title='bbox 1191 1791 1509 1860; x_wconf 89' lang='lat' dir='ltr'>moraliter,</span> <span class='ocrx_word' id='word_1_108' title='bbox 1561 1789 1658 1847; x_wconf 85' lang='lat' dir='ltr'>sed</span> 
     </span>
     <span class='ocr_line' id='line_1_18' title="bbox 303 1869 1660 1945; baseline -0.001 -16"><span class='ocrx_word' id='word_1_109' title='bbox 303 1870 687 1945; x_wconf 86' lang='lat' dir='ltr'>metaphysice</span> <span class='ocrx_word' id='word_1_110' title='bbox 707 1869 1135 1927; x_wconf 87' lang='lat' dir='ltr'>consideramus</span> <span class='ocrx_word' id='word_1_111' title='bbox 1164 1872 1369 1944; x_wconf 90' lang='lat' dir='ltr'>peccati</span> <span class='ocrx_word' id='word_1_112' title='bbox 1393 1870 1660 1929; x_wconf 89' lang='lat' dir='ltr'>habitua-</span> 
     </span>
     <span class='ocr_line' id='line_1_19' title="bbox 306 1950 1660 2024; baseline 0.001 -16"><span class='ocrx_word' id='word_1_113' title='bbox 306 1953 375 2008; x_wconf 88' lang='lat' dir='ltr'>lis</span> <span class='ocrx_word' id='word_1_114' title='bbox 393 1950 723 2008; x_wconf 87' lang='lat' dir='ltr'>essentiam.</span> <span class='ocrx_word' id='word_1_115' title='bbox 753 1953 864 2008; x_wconf 92' lang='lat' dir='ltr'>Nec</span> <span class='ocrx_word' id='word_1_116' title='bbox 893 1952 1086 2017; x_wconf 81' lang='lat' dir='ltr'>refert,</span> <span class='ocrx_word' id='word_1_117' title='bbox 1111 1951 1259 2024; x_wconf 92' lang='lat' dir='ltr'>quod</span> <span class='ocrx_word' id='word_1_118' title='bbox 1288 1957 1445 2008; x_wconf 87' lang='lat' dir='ltr'>actus</span> <span class='ocrx_word' id='word_1_119' title='bbox 1469 1956 1526 2009; x_wconf 91' lang='lat' dir='ltr'>et</span> <span class='ocrx_word' id='word_1_120' title='bbox 1553 1953 1660 2009; x_wconf 89' lang='lat' dir='ltr'>ha-</span> 
     </span>
     <span class='ocr_line' id='line_1_20' title="bbox 304 2031 1662 2106; baseline 0.002 -18"><span class='ocrx_word' id='word_1_121' title='bbox 304 2033 452 2089; x_wconf 90' lang='lat' dir='ltr'>bitus</span> <span class='ocrx_word' id='word_1_122' title='bbox 477 2031 774 2089; x_wconf 88' lang='lat' dir='ltr'>tendentes</span> <span class='ocrx_word' id='word_1_123' title='bbox 799 2032 862 2087; x_wconf 91' lang='lat' dir='ltr'>in</span> <span class='ocrx_word' id='word_1_124' title='bbox 895 2032 1046 2089; x_wconf 91' lang='lat' dir='ltr'>idem</span> <span class='ocrx_word' id='word_1_125' title='bbox 1089 2032 1370 2106; x_wconf 90' lang='lat' dir='ltr'>objectum</span> <span class='ocrx_word' id='word_1_126' title='bbox 1417 2032 1662 2091; x_wconf 88' lang='lat' dir='ltr'>formale</span> 
     </span>
     <span class='ocr_line' id='line_1_21' title="bbox 301 2112 1662 2188; baseline 0 -18"><span class='ocrx_word' id='word_1_127' title='bbox 301 2115 415 2171; x_wconf 85' lang='lat' dir='ltr'>sint</span> <span class='ocrx_word' id='word_1_128' title='bbox 432 2113 685 2188; x_wconf 85' lang='lat' dir='ltr'>ejusdem</span> <span class='ocrx_word' id='word_1_129' title='bbox 711 2114 952 2171; x_wconf 90' lang='lat' dir='ltr'>rationis</span> <span class='ocrx_word' id='word_1_130' title='bbox 970 2112 1154 2188; x_wconf 90' lang='lat' dir='ltr'>quoad</span> <span class='ocrx_word' id='word_1_131' title='bbox 1177 2113 1530 2171; x_wconf 87' lang='lat' dir='ltr'>tendentiam</span> <span class='ocrx_word' id='word_1_132' title='bbox 1540 2130 1662 2187; x_wconf 88' lang='lat' dir='ltr'>spe-</span> 
     </span>
     <span class='ocr_line' id='line_1_22' title="bbox 300 2196 1656 2271; baseline -0.001 -17"><span class='ocrx_word' id='word_1_133' title='bbox 300 2196 537 2262; x_wconf 86' lang='lat' dir='ltr'>cificam,</span> <span class='ocrx_word' id='word_1_134' title='bbox 563 2202 625 2253; x_wconf 91' lang='lat' dir='ltr'>ut</span> <span class='ocrx_word' id='word_1_135' title='bbox 645 2197 768 2271; x_wconf 76' lang='lat' dir='ltr'>Jam</span> <span class='ocrx_word' id='word_1_136' title='bbox 790 2197 1046 2254; x_wconf 88' lang='lat' dir='ltr'>diximus</span> <span class='ocrx_word' id='word_1_137' title='bbox 1070 2198 1133 2253; x_wconf 91' lang='lat' dir='ltr'>in</span> <span class='ocrx_word' id='word_1_138' title='bbox 1155 2196 1354 2255; x_wconf 89' lang='lat' dir='ltr'>eodem</span> <span class='ocrx_word' id='word_1_139' title='bbox 1395 2201 1656 2263; x_wconf 90' lang='lat' dir='ltr'>tractatu,</span> 
     </span>
     <span class='ocr_line' id='line_1_23' title="bbox 299 2276 1664 2350; baseline 0.001 -19"><span class='ocrx_word' id='word_1_140' title='bbox 299 2277 631 2350; x_wconf 79' lang='lat' dir='ltr'>disp.3dub.</span> <span class='ocrx_word' id='word_1_141' title='bbox 654 2278 833 2342; x_wconf 81' lang='lat' dir='ltr'>unico,</span> <span class='ocrx_word' id='word_1_142' title='bbox 864 2295 899 2332; x_wconf 86' lang='lat' dir='ltr'>a</span> <span class='ocrx_word' id='word_1_143' title='bbox 926 2293 982 2332; x_wconf 78' lang='lat' dir='ltr'>n.</span> <span class='ocrx_word' id='word_1_144' title='bbox 1009 2278 1063 2333; x_wconf 89' lang='lat'>8.</span> <span class='ocrx_word' id='word_1_145' title='bbox 1095 2279 1243 2343; x_wconf 90' lang='lat' dir='ltr'>Non,</span> <span class='ocrx_word' id='word_1_146' title='bbox 1271 2276 1527 2350; x_wconf 90' lang='lat' dir='ltr'>inquam,</span> <span class='ocrx_word' id='word_1_147' title='bbox 1559 2276 1664 2334; x_wconf 92' lang='lat' dir='ltr'>hoc</span> 
     </span>
     <span class='ocr_line' id='line_1_24' title="bbox 304 2353 1665 2430; baseline -0.002 -17"><span class='ocrx_word' id='word_1_148' title='bbox 304 2357 511 2421; x_wconf 85' lang='lat' dir='ltr'>refert;</span> <span class='ocrx_word' id='word_1_149' title='bbox 536 2356 672 2430; x_wconf 89' lang='lat' dir='ltr'>quia</span> <span class='ocrx_word' id='word_1_150' title='bbox 699 2360 988 2428; x_wconf 90' lang='lat' dir='ltr'>peccatum</span> <span class='ocrx_word' id='word_1_151' title='bbox 1013 2353 1307 2410; x_wconf 88' lang='lat' dir='ltr'>habituale</span> <span class='ocrx_word' id='word_1_152' title='bbox 1329 2369 1444 2410; x_wconf 96' lang='lat' dir='ltr'>non</span> <span class='ocrx_word' id='word_1_153' title='bbox 1465 2359 1552 2411; x_wconf 90' lang='lat' dir='ltr'>est</span> <span class='ocrx_word' id='word_1_154' title='bbox 1566 2354 1665 2410; x_wconf 90' lang='lat' dir='ltr'>ha-</span> 
     </span>
     <span class='ocr_line' id='line_1_25' title="bbox 303 2433 1665 2509; baseline -0.002 -16"><span class='ocrx_word' id='word_1_155' title='bbox 303 2437 473 2506; x_wconf 90' lang='lat' dir='ltr'>bitus,</span> <span class='ocrx_word' id='word_1_156' title='bbox 498 2451 677 2509; x_wconf 86' lang='lat' dir='ltr'>neque</span> <span class='ocrx_word' id='word_1_157' title='bbox 702 2434 925 2492; x_wconf 87' lang='lat' dir='ltr'>habitui</span> <span class='ocrx_word' id='word_1_158' title='bbox 949 2436 1010 2491; x_wconf 93' lang='lat' dir='ltr'>in</span> <span class='ocrx_word' id='word_1_159' title='bbox 1027 2434 1198 2492; x_wconf 90' lang='lat' dir='ltr'>modo</span> <span class='ocrx_word' id='word_1_160' title='bbox 1218 2433 1494 2491; x_wconf 87' lang='lat' dir='ltr'>tendendi</span> <span class='ocrx_word' id='word_1_161' title='bbox 1515 2449 1665 2492; x_wconf 86' lang='lat' dir='ltr'>oom-</span> 
     </span>
     <span class='ocr_line' id='line_1_26' title="bbox 308 2514 1664 2589; baseline -0.003 -15"><span class='ocrx_word' id='word_1_162' title='bbox 308 2521 541 2589; x_wconf 88' lang='lat' dir='ltr'>paratur</span> <span class='ocrx_word' id='word_1_163' title='bbox 560 2514 687 2573; x_wconf 85' lang='lat' dir='ltr'>:sed</span> <span class='ocrx_word' id='word_1_164' title='bbox 708 2521 790 2573; x_wconf 90' lang='lat' dir='ltr'>est</span> <span class='ocrx_word' id='word_1_165' title='bbox 809 2532 911 2573; x_wconf 88' lang='lat' dir='ltr'>suo</span> <span class='ocrx_word' id='word_1_166' title='bbox 932 2514 1102 2573; x_wconf 91' lang='lat' dir='ltr'>modo</span> <span class='ocrx_word' id='word_1_167' title='bbox 1116 2514 1254 2588; x_wconf 93' lang='lat' dir='ltr'>quid</span> <span class='ocrx_word' id='word_1_168' title='bbox 1276 2515 1449 2570; x_wconf 88' lang='lat' dir='ltr'>altius</span> <span class='ocrx_word' id='word_1_169' title='bbox 1464 2514 1664 2571; x_wconf 87' lang='lat' dir='ltr'>habitu</span> 
     </span>
     <span class='ocr_line' id='line_1_27' title="bbox 306 2595 1659 2672; baseline -0.002 -17"><span class='ocrx_word' id='word_1_170' title='bbox 306 2598 615 2672; x_wconf 89' lang='lat' dir='ltr'>operativo,</span> <span class='ocrx_word' id='word_1_171' title='bbox 641 2599 983 2670; x_wconf 88' lang='lat' dir='ltr'>resultatque</span> <span class='ocrx_word' id='word_1_172' title='bbox 1001 2597 1065 2654; x_wconf 95' lang='lat' dir='ltr'>in</span> <span class='ocrx_word' id='word_1_173' title='bbox 1091 2596 1409 2653; x_wconf 88' lang='lat' dir='ltr'>substantia</span> <span class='ocrx_word' id='word_1_174' title='bbox 1431 2595 1659 2662; x_wconf 80' lang='lat' dir='ltr'>animae,</span> 
     </span>
     <span class='ocr_line' id='line_1_28' title="bbox 304 2677 1662 2753; baseline -0.003 -15"><span class='ocrx_word' id='word_1_175' title='bbox 304 2685 361 2738; x_wconf 89' lang='lat' dir='ltr'>et</span> <span class='ocrx_word' id='word_1_176' title='bbox 379 2696 503 2738; x_wconf 89' lang='lat' dir='ltr'>eam</span> <span class='ocrx_word' id='word_1_177' title='bbox 525 2681 587 2736; x_wconf 90' lang='lat' dir='ltr'>in</span> <span class='ocrx_word' id='word_1_178' title='bbox 611 2679 792 2753; x_wconf 86' lang='lat' dir='ltr'>seipsa</span> <span class='ocrx_word' id='word_1_179' title='bbox 839 2680 1121 2753; x_wconf 89' lang='lat' dir='ltr'>deturpet,</span> <span class='ocrx_word' id='word_1_180' title='bbox 1152 2695 1218 2736; x_wconf 93' lang='lat' dir='ltr'>eo</span> <span class='ocrx_word' id='word_1_181' title='bbox 1248 2677 1662 2753; x_wconf 87' lang='lat' dir='ltr'>proportionali</span> 
     </span>
     <span class='ocr_line' id='line_1_29' title="bbox 307 2759 1661 2835; baseline -0.003 -16"><span class='ocrx_word' id='word_1_182' title='bbox 307 2761 494 2827; x_wconf 85' lang='lat' dir='ltr'>modo,</span> <span class='ocrx_word' id='word_1_183' title='bbox 517 2777 625 2834; x_wconf 92' lang='lat' dir='ltr'>quo</span> <span class='ocrx_word' id='word_1_184' title='bbox 643 2778 704 2819; x_wconf 90' lang='lat' dir='ltr'>se</span> <span class='ocrx_word' id='word_1_185' title='bbox 730 2760 901 2818; x_wconf 87' lang='lat' dir='ltr'>habet</span> <span class='ocrx_word' id='word_1_186' title='bbox 927 2761 1115 2835; x_wconf 89' lang='lat' dir='ltr'>gratia</span> <span class='ocrx_word' id='word_1_187' title='bbox 1134 2759 1516 2827; x_wconf 88' lang='lat' dir='ltr'>sanctificans,</span> <span class='ocrx_word' id='word_1_188' title='bbox 1568 2759 1661 2816; x_wconf 91' lang='lat' dir='ltr'>cui</span> 
     </span>
     <span class='ocr_line' id='line_1_30' title="bbox 307 2839 1663 2915; baseline -0.002 -16"><span class='ocrx_word' id='word_1_189' title='bbox 307 2841 635 2899; x_wconf 88' lang='lat' dir='ltr'>immediate</span> <span class='ocrx_word' id='word_1_190' title='bbox 663 2842 996 2915; x_wconf 87' lang='lat' dir='ltr'>opponitur.</span> <span class='ocrx_word' id='word_1_191' title='bbox 1025 2839 1265 2898; x_wconf 89' lang='lat' dir='ltr'>Habitus</span> <span class='ocrx_word' id='word_1_192' title='bbox 1291 2843 1500 2909; x_wconf 90' lang='lat' dir='ltr'>autem,</span> <span class='ocrx_word' id='word_1_193' title='bbox 1532 2855 1663 2897; x_wconf 93' lang='lat' dir='ltr'>cum</span> 
     </span>
     <span class='ocr_line' id='line_1_31' title="bbox 302 2919 1666 2997; baseline -0.003 -17"><span class='ocrx_word' id='word_1_194' title='bbox 302 2940 412 2997; x_wconf 91' lang='lat' dir='ltr'>quo</span> <span class='ocrx_word' id='word_1_195' title='bbox 431 2928 586 2980; x_wconf 90' lang='lat' dir='ltr'>actus</span> <span class='ocrx_word' id='word_1_196' title='bbox 606 2923 1032 2995; x_wconf 87' lang='lat' dir='ltr'>peccaminosus</span> <span class='ocrx_word' id='word_1_197' title='bbox 1058 2921 1327 2979; x_wconf 90' lang='lat' dir='ltr'>convenit</span> <span class='ocrx_word' id='word_1_198' title='bbox 1345 2922 1410 2977; x_wconf 93' lang='lat' dir='ltr'>in</span> <span class='ocrx_word' id='word_1_199' title='bbox 1431 2919 1666 2977; x_wconf 89' lang='lat' dir='ltr'>tenden-</span> 
     </span>
     <span class='ocr_line' id='line_1_32' title="bbox 301 3001 1667 3079; baseline -0.001 -20"><span class='ocrx_word' id='word_1_200' title='bbox 301 3005 382 3062; x_wconf 86' lang='lat' dir='ltr'>tia</span> <span class='ocrx_word' id='word_1_201' title='bbox 405 3001 661 3079; x_wconf 87' lang='lat' dir='ltr'>specifica</span> <span class='ocrx_word' id='word_1_202' title='bbox 682 3003 754 3059; x_wconf 91' lang='lat' dir='ltr'>ad</span> <span class='ocrx_word' id='word_1_203' title='bbox 774 3002 1076 3077; x_wconf 86' lang='lat' dir='ltr'>objectum,</span> <span class='ocrx_word' id='word_1_204' title='bbox 1094 3001 1430 3075; x_wconf 80' lang='lat' dir='ltr'>producitur</span> <span class='ocrx_word' id='word_1_205' title='bbox 1452 3001 1667 3058; x_wconf 88' lang='lat' dir='ltr'>imme-</span> 
     </span>
     <span class='ocr_line' id='line_1_33' title="bbox 301 3081 1660 3156; baseline -0.004 -16"><span class='ocrx_word' id='word_1_206' title='bbox 301 3085 471 3151; x_wconf 89' lang='lat' dir='ltr'>diate,</span> <span class='ocrx_word' id='word_1_207' title='bbox 501 3089 557 3141; x_wconf 89' lang='lat' dir='ltr'>et</span> <span class='ocrx_word' id='word_1_208' title='bbox 579 3083 812 3156; x_wconf 84' lang='lat' dir='ltr'>proprie</span> <span class='ocrx_word' id='word_1_209' title='bbox 842 3097 944 3155; x_wconf 88' lang='lat' dir='ltr'>per</span> <span class='ocrx_word' id='word_1_210' title='bbox 970 3086 1157 3137; x_wconf 89' lang='lat' dir='ltr'>actum</span> <span class='ocrx_word' id='word_1_211' title='bbox 1182 3081 1660 3156; x_wconf 90' lang='lat' dir='ltr'>peccaminosum,</span> 
     </span>
     <span class='ocr_line' id='line_1_34' title="bbox 305 3161 1666 3237; baseline -0.002 -16"><span class='ocrx_word' id='word_1_212' title='bbox 305 3163 764 3237; x_wconf 91' lang='lat' dir='ltr'>relinquiturque</span> <span class='ocrx_word' id='word_1_213' title='bbox 778 3163 840 3218; x_wconf 93' lang='lat' dir='ltr'>in</span> <span class='ocrx_word' id='word_1_214' title='bbox 856 3161 1055 3219; x_wconf 90' lang='lat' dir='ltr'>eadem</span> <span class='ocrx_word' id='word_1_215' title='bbox 1075 3163 1408 3235; x_wconf 91' lang='lat' dir='ltr'>potentia,et</span> <span class='ocrx_word' id='word_1_216' title='bbox 1421 3161 1666 3234; x_wconf 89' lang='lat' dir='ltr'>appella-</span> 
     </span>
     <span class='ocr_line' id='line_1_35' title="bbox 303 3244 1667 3318; baseline -0.001 -16"><span class='ocrx_word' id='word_1_217' title='bbox 303 3253 397 3302; x_wconf 88' lang='lat' dir='ltr'>tur</span> <span class='ocrx_word' id='word_1_218' title='bbox 423 3245 662 3312; x_wconf 87' lang='lat' dir='ltr'>vitium;</span> <span class='ocrx_word' id='word_1_219' title='bbox 685 3244 835 3318; x_wconf 90' lang='lat' dir='ltr'>quod</span> <span class='ocrx_word' id='word_1_220' title='bbox 860 3250 1057 3302; x_wconf 90' lang='lat' dir='ltr'>tamen</span> <span class='ocrx_word' id='word_1_221' title='bbox 1084 3261 1203 3303; x_wconf 91' lang='lat' dir='ltr'>non</span> <span class='ocrx_word' id='word_1_222' title='bbox 1230 3250 1314 3302; x_wconf 87' lang='lat' dir='ltr'>est</span> <span class='ocrx_word' id='word_1_223' title='bbox 1345 3244 1667 3302; x_wconf 87' lang='lat' dir='ltr'>formaliter</span> 
     </span>
     <span class='ocr_line' id='line_1_36' title="bbox 303 3326 1668 3401; baseline -0.004 -16"><span class='ocrx_word' id='word_1_224' title='bbox 303 3333 633 3401; x_wconf 80' lang='lat' dir='ltr'>peccatum,</span> <span class='ocrx_word' id='word_1_225' title='bbox 690 3328 822 3384; x_wconf 89' lang='lat' dir='ltr'>licet</span> <span class='ocrx_word' id='word_1_226' title='bbox 859 3326 929 3383; x_wconf 89' lang='lat' dir='ltr'>ad</span> <span class='ocrx_word' id='word_1_227' title='bbox 977 3333 1263 3400; x_wconf 88' lang='lat' dir='ltr'>peccatum</span> <span class='ocrx_word' id='word_1_228' title='bbox 1310 3326 1568 3391; x_wconf 86' lang='lat' dir='ltr'>inclinet,</span> <span class='ocrx_word' id='word_1_229' title='bbox 1610 3329 1668 3381; x_wconf 87' lang='lat' dir='ltr'>et</span> 
     </span>
     <span class='ocr_line' id='line_1_37' title="bbox 304 3403 1668 3482; baseline -0.002 -19"><span class='ocrx_word' id='word_1_230' title='bbox 304 3407 497 3466; x_wconf 90' lang='lat' dir='ltr'>tendat</span> <span class='ocrx_word' id='word_1_231' title='bbox 519 3408 580 3463; x_wconf 93' lang='lat' dir='ltr'>in</span> <span class='ocrx_word' id='word_1_232' title='bbox 591 3406 869 3482; x_wconf 84' lang='lat' dir='ltr'>objectum</span> <span class='ocrx_word' id='word_1_233' title='bbox 889 3407 1100 3464; x_wconf 93' lang='lat' dir='ltr'>rationi</span> <span class='ocrx_word' id='word_1_234' title='bbox 1121 3406 1498 3471; x_wconf 90' lang='lat' dir='ltr'>contrarium,</span> <span class='ocrx_word' id='word_1_235' title='bbox 1516 3403 1668 3478; x_wconf 88' lang='lat' dir='ltr'>quod</span> 
     </span>
     <span class='ocr_line' id='line_1_38' title="bbox 306 3483 1670 3562; baseline -0.004 -18"><span class='ocrx_word' id='word_1_236' title='bbox 306 3504 408 3562; x_wconf 89' lang='lat' dir='ltr'>per</span> <span class='ocrx_word' id='word_1_237' title='bbox 435 3492 619 3544; x_wconf 90' lang='lat' dir='ltr'>actum</span> <span class='ocrx_word' id='word_1_238' title='bbox 655 3485 1111 3558; x_wconf 85' lang='lat' dir='ltr'>peccaminosum</span> <span class='ocrx_word' id='word_1_239' title='bbox 1140 3484 1464 3559; x_wconf 88' lang='lat' dir='ltr'>attingitur.</span> <span class='ocrx_word' id='word_1_240' title='bbox 1497 3483 1670 3558; x_wconf 88' lang='lat' dir='ltr'>Cujus</span> 
     </span>
     <span class='ocr_line' id='line_1_39' title="bbox 304 3561 1669 3639; baseline -0.005 -15"><span class='ocrx_word' id='word_1_241' title='bbox 304 3566 687 3624; x_wconf 89' lang='lat' dir='ltr'>distinctionis</span> <span class='ocrx_word' id='word_1_242' title='bbox 711 3563 948 3622; x_wconf 87' lang='lat' dir='ltr'>evidens</span> <span class='ocrx_word' id='word_1_243' title='bbox 992 3565 1225 3639; x_wconf 91' lang='lat' dir='ltr'>signum</span> <span class='ocrx_word' id='word_1_244' title='bbox 1264 3568 1367 3631; x_wconf 85' lang='lat' dir='ltr'>est,</span> <span class='ocrx_word' id='word_1_245' title='bbox 1400 3561 1551 3636; x_wconf 89' lang='lat' dir='ltr'>quod</span> <span class='ocrx_word' id='word_1_246' title='bbox 1605 3562 1669 3618; x_wconf 91' lang='lat' dir='ltr'>in</span> 
     </span>
     <span class='ocr_line' id='line_1_40' title="bbox 299 3643 1668 3722; baseline -0.004 -18"><span class='ocrx_word' id='word_1_247' title='bbox 299 3646 701 3722; x_wconf 81' lang='lat' dir='ltr'>justificatione</span> <span class='ocrx_word' id='word_1_248' title='bbox 746 3643 1065 3702; x_wconf 89' lang='lat' dir='ltr'>destruitur</span> <span class='ocrx_word' id='word_1_249' title='bbox 1091 3645 1335 3703; x_wconf 91' lang='lat' dir='ltr'>omnino</span> <span class='ocrx_word' id='word_1_250' title='bbox 1381 3647 1668 3717; x_wconf 87' lang='lat' dir='ltr'>peccatum</span> 
     </span>
     <span class='ocr_line' id='line_1_41' title="bbox 304 3725 1672 3800; baseline -0.004 -14"><span class='ocrx_word' id='word_1_251' title='bbox 304 3728 612 3793; x_wconf 90' lang='lat' dir='ltr'>habituale,</span> <span class='ocrx_word' id='word_1_252' title='bbox 648 3733 708 3783; x_wconf 92' lang='lat' dir='ltr'>ut</span> <span class='ocrx_word' id='word_1_253' title='bbox 734 3725 910 3792; x_wconf 88' lang='lat' dir='ltr'>dubio</span> <span class='ocrx_word' id='word_1_254' title='bbox 952 3727 1211 3800; x_wconf 89' lang='lat' dir='ltr'>sequenti</span> <span class='ocrx_word' id='word_1_255' title='bbox 1261 3726 1520 3784; x_wconf 81' lang='lat' dir='ltr'>dicemus</span> <span class='ocrx_word' id='word_1_256' title='bbox 1548 3748 1563 3793; x_wconf 70' lang='grc' dir='ltr'>ς</span> <span class='ocrx_word' id='word_1_257' title='bbox 1614 3729 1672 3781; x_wconf 93' lang='lat' dir='ltr'>et</span> 
     </span>
     <span class='ocr_line' id='line_1_42' title="bbox 310 3806 1672 3881; baseline -0.004 -15"><span class='ocrx_word' id='word_1_258' title='bbox 310 3809 698 3866; x_wconf 87' lang='lat' dir='ltr'>nihilominus</span> <span class='ocrx_word' id='word_1_259' title='bbox 716 3813 839 3880; x_wconf 90' lang='lat' dir='ltr'>post</span> <span class='ocrx_word' id='word_1_260' title='bbox 853 3806 1324 3881; x_wconf 85' lang='lat' dir='ltr'>justificationem</span> <span class='ocrx_word' id='word_1_261' title='bbox 1340 3807 1525 3863; x_wconf 86' lang='lat' dir='ltr'>solent</span> <span class='ocrx_word' id='word_1_262' title='bbox 1547 3820 1672 3877; x_wconf 89' lang='lat' dir='ltr'>per-</span> 
     </span>
     <span class='ocr_line' id='line_1_43' title="bbox 310 3886 1666 3962; baseline -0.004 -16"><span class='ocrx_word' id='word_1_263' title='bbox 310 3904 548 3946; x_wconf 91' lang='lat' dir='ltr'>manere</span> <span class='ocrx_word' id='word_1_264' title='bbox 599 3886 827 3945; x_wconf 90' lang='lat' dir='ltr'>habitus</span> <span class='ocrx_word' id='word_1_265' title='bbox 877 3887 1071 3944; x_wconf 89' lang='lat' dir='ltr'>vitiosi</span> <span class='ocrx_word' id='word_1_266' title='bbox 1116 3887 1301 3962; x_wconf 89' lang='lat' dir='ltr'>quoad</span> <span class='ocrx_word' id='word_1_267' title='bbox 1344 3886 1666 3952; x_wconf 87' lang='lat' dir='ltr'>entitatem,</span> 
     </span>
     <span class='ocr_line' id='line_1_44' title="bbox 310 3964 1673 4036; baseline -0.002 -13"><span class='ocrx_word' id='word_1_268' title='bbox 310 3969 442 4025; x_wconf 90' lang='lat' dir='ltr'>licet</span> <span class='ocrx_word' id='word_1_269' title='bbox 473 3983 589 4025; x_wconf 94' lang='lat' dir='ltr'>non</span> <span class='ocrx_word' id='word_1_270' title='bbox 628 3969 691 4022; x_wconf 91' lang='lat' dir='ltr'>in</span> <span class='ocrx_word' id='word_1_271' title='bbox 735 3970 884 4022; x_wconf 86' lang='lat' dir='ltr'>statu</span> <span class='ocrx_word' id='word_1_272' title='bbox 937 3967 1194 4036; x_wconf 87' lang='lat' dir='ltr'>vitii,·ut</span> <span class='ocrx_word' id='word_1_273' title='bbox 1249 3964 1673 4023; x_wconf 86' lang='lat' dir='ltr'>declaravimus</span> 
     </span>
     <span class='ocr_line' id='line_1_45' title="bbox 311 4045 1665 4119; baseline -0.001 -16"><span class='ocrx_word' id='word_1_274' title='bbox 311 4055 471 4103; x_wconf 82' lang='lat' dir='ltr'>tract.</span> <span class='ocrx_word' id='word_1_275' title='bbox 505 4046 569 4101; x_wconf 79' lang='lat' dir='ltr'>de</span> <span class='ocrx_word' id='word_1_276' title='bbox 596 4046 850 4118; x_wconf 75' lang='lat' dir='ltr'>peccatis,</span> <span class='ocrx_word' id='word_1_277' title='bbox 893 4046 1037 4119; x_wconf 78' lang='lat' dir='ltr'>disp.</span> <span class='ocrx_word' id='word_1_278' title='bbox 1069 4047 1116 4112; x_wconf 93' lang='lat' dir='ltr'>l,</span> <span class='ocrx_word' id='word_1_279' title='bbox 1147 4045 1273 4102; x_wconf 80' lang='lat' dir='ltr'>dub.</span> <span class='ocrx_word' id='word_1_280' title='bbox 1313 4046 1358 4111; x_wconf 93' lang='lat' dir='ltr'>l,</span> <span class='ocrx_word' id='word_1_281' title='bbox 1390 4062 1543 4101; x_wconf 78' lang='lat' dir='ltr'>num.</span> <span class='ocrx_word' id='word_1_282' title='bbox 1572 4045 1665 4102; x_wconf 79' lang='lat'>24.</span> 
     </span>
     <span class='ocr_line' id='line_1_46' title="bbox 107 4125 1673 4205; baseline -0.001 -23"><span class='ocrx_word' id='word_1_283' title='bbox 107 4162 272 4205; x_wconf 58' lang='lat' dir='ltr'>mum</span> <span class='ocrx_word' id='word_1_284' title='bbox 395 4128 479 4183; x_wconf 85' lang='lat'>17.</span> <span class='ocrx_word' id='word_1_285' title='bbox 523 4127 708 4191; x_wconf 87' lang='lat' dir='ltr'>Sexta,</span> <span class='ocrx_word' id='word_1_286' title='bbox 733 4130 790 4182; x_wconf 93' lang='lat' dir='ltr'>et</span> <span class='ocrx_word' id='word_1_287' title='bbox 812 4125 1015 4180; x_wconf 88' lang='lat' dir='ltr'>ultima</span> <span class='ocrx_word' id='word_1_288' title='bbox 1036 4125 1321 4182; x_wconf 90' lang='lat' dir='ltr'>sententia</span> <span class='ocrx_word' id='word_1_289' title='bbox 1341 4129 1514 4193; x_wconf 88' lang='lat' dir='ltr'>tenet,</span> <span class='ocrx_word' id='word_1_290' title='bbox 1541 4139 1673 4196; x_wconf 92' lang='lat' dir='ltr'>pec-</span> 
     </span>
     <span class='ocr_line' id='line_1_47' title="bbox 112 4203 1673 4278; baseline -0.003 -14"><span class='ocrx_word' id='word_1_291' title='bbox 112 4212 282 4264; x_wconf 83' lang='lat' dir='ltr'>opinio.</span> <span class='ocrx_word' id='word_1_292' title='bbox 311 4211 501 4263; x_wconf 90' lang='lat' dir='ltr'>catum</span> <span class='ocrx_word' id='word_1_293' title='bbox 523 4205 834 4272; x_wconf 90' lang='lat' dir='ltr'>habituale,</span> <span class='ocrx_word' id='word_1_294' title='bbox 859 4209 978 4261; x_wconf 85' lang='lat' dir='ltr'>tam</span> <span class='ocrx_word' id='word_1_295' title='bbox 1006 4203 1304 4278; x_wconf 81' lang='lat' dir='ltr'>originale,</span> <span class='ocrx_word' id='word_1_296' title='bbox 1336 4220 1509 4277; x_wconf 90' lang='lat' dir='ltr'>quam</span> <span class='ocrx_word' id='word_1_297' title='bbox 1538 4219 1673 4277; x_wconf 89' lang='lat' dir='ltr'>per·</span> 
     </span>
     <span class='ocr_line' id='line_1_48' title="bbox 312 4282 1674 4356; baseline 0 -15"><span class='ocrx_word' id='word_1_298' title='bbox 312 4287 529 4352; x_wconf 88' lang='lat' dir='ltr'>sonale,</span> <span class='ocrx_word' id='word_1_299' title='bbox 559 4285 871 4342; x_wconf 84' lang='lat' dir='ltr'>consistere</span> <span class='ocrx_word' id='word_1_300' title='bbox 892 4284 955 4339; x_wconf 92' lang='lat' dir='ltr'>in</span> <span class='ocrx_word' id='word_1_301' title='bbox 978 4288 1136 4340; x_wconf 88' lang='lat' dir='ltr'>reatu</span> <span class='ocrx_word' id='word_1_302' title='bbox 1159 4282 1229 4340; x_wconf 91' lang='lat' dir='ltr'>ad</span> <span class='ocrx_word' id='word_1_303' title='bbox 1252 4299 1481 4356; x_wconf 87' lang='lat' dir='ltr'>poenam</span> <span class='ocrx_word' id='word_1_304' title='bbox 1502 4288 1674 4341; x_wconf 79' lang='lat' dir='ltr'>aeter-</span> 
     </span>
     <span class='ocr_line' id='line_1_49' title="bbox 314 4361 1674 4437; baseline 0.001 -17"><span class='ocrx_word' id='word_1_305' title='bbox 314 4379 473 4431; x_wconf 86' lang='lat' dir='ltr'>nam,</span> <span class='ocrx_word' id='word_1_306' title='bbox 497 4379 669 4437; x_wconf 87' lang='lat' dir='ltr'>quam</span> <span class='ocrx_word' id='word_1_307' title='bbox 696 4361 912 4419; x_wconf 85' lang='lat' dir='ltr'>subibit</span> <span class='ocrx_word' id='word_1_308' title='bbox 958 4366 1231 4435; x_wconf 90' lang='lat' dir='ltr'>peccator,</span> <span class='ocrx_word' id='word_1_309' title='bbox 1262 4362 1313 4418; x_wconf 91' lang='lat' dir='ltr'>si</span> <span class='ocrx_word' id='word_1_310' title='bbox 1353 4362 1417 4418; x_wconf 91' lang='lat' dir='ltr'>in</span> <span class='ocrx_word' id='word_1_311' title='bbox 1452 4369 1674 4436; x_wconf 85' lang='lat' dir='ltr'>peccato</span> 
     </span>
     <span class='ocr_line' id='line_1_50' title="bbox 97 4441 1670 4513; baseline 0 -12"><span class='ocrx_word' id='word_1_312' title='bbox 97 4458 274 4513; x_wconf 67' lang='lat' dir='ltr'>scotus.</span> <span class='ocrx_word' id='word_1_313' title='bbox 315 4443 549 4501; x_wconf 88' lang='lat' dir='ltr'>mortali</span> <span class='ocrx_word' id='word_1_314' title='bbox 569 4441 819 4499; x_wconf 84' lang='lat' dir='ltr'>decedat.</span> <span class='ocrx_word' id='word_1_315' title='bbox 843 4442 934 4499; x_wconf 90' lang='lat' dir='ltr'>Sic</span> <span class='ocrx_word' id='word_1_316' title='bbox 953 4441 1155 4498; x_wconf 88' lang='lat' dir='ltr'>docent</span> <span class='ocrx_word' id='word_1_317' title='bbox 1180 4443 1372 4499; x_wconf 91' lang='lat' dir='ltr'>Scotus</span> <span class='ocrx_word' id='word_1_318' title='bbox 1385 4443 1517 4509; x_wconf 68' lang='lat' dir='ltr'>inci,</span> <span class='ocrx_word' id='word_1_319' title='bbox 1539 4442 1670 4502; x_wconf 78' lang='lat' dir='ltr'>dist.</span> 
     </span>
     <span class='ocr_line' id='line_1_51' title="bbox 84 4507 1674 4608; baseline -0.001 -28"><span class='ocrx_word' id='word_1_320' title='bbox 84 4507 290 4608; x_wconf 41' lang='lat'>0323?</span> <span class='ocrx_word' id='word_1_321' title='bbox 325 4524 405 4590; x_wconf 69' lang='grc' dir='ltr'>ιιι,</span> <span class='ocrx_word' id='word_1_322' title='bbox 435 4529 616 4600; x_wconf 59' lang='lat' dir='ltr'>quast.</span> <span class='ocrx_word' id='word_1_323' title='bbox 643 4523 691 4590; x_wconf 86' lang='lat'>1,</span> <span class='ocrx_word' id='word_1_324' title='bbox 714 4525 747 4593; x_wconf 63' lang='lat' dir='ltr'>a</span> <span class='ocrx_word' id='word_1_325' title='bbox 768 4523 904 4579; x_wconf 66' lang='lat' dir='ltr'>mco</span> <span class='ocrx_word' id='word_1_326' title='bbox 923 4521 1220 4593; x_wconf 53' lang='lat' dir='ltr'>§quanam</span> <span class='ocrx_word' id='word_1_327' title='bbox 1240 4521 1416 4579; x_wconf 78' lang='lat' dir='ltr'>etiam</span> <span class='ocrx_word' id='word_1_328' title='bbox 1442 4521 1674 4580; x_wconf 76' lang='lat' dir='ltr'>Gabriel</span> 
     </span>
     <span class='ocr_line' id='line_1_52' title="bbox 104 4604 1675 4679; baseline -0.001 -16"><span class='ocrx_word' id='word_1_329' title='bbox 104 4605 285 4663; x_wconf 47' lang='lat' dir='ltr'>3⁸⁸⁵!st</span> <span class='ocrx_word' id='word_1_330' title='bbox 317 4612 497 4679; x_wconf 68' lang='lat' dir='ltr'>quast.</span> <span class='ocrx_word' id='word_1_331' title='bbox 538 4605 585 4672; x_wconf 89' lang='lat' dir='ltr'>l,</span> <span class='ocrx_word' id='word_1_332' title='bbox 610 4611 719 4661; x_wconf 80' lang='lat' dir='ltr'>art.</span> <span class='ocrx_word' id='word_1_333' title='bbox 759 4606 803 4673; x_wconf 93' lang='lat' dir='ltr'>l,</span> <span class='ocrx_word' id='word_1_334' title='bbox 838 4604 1043 4678; x_wconf 85' lang='lat' dir='ltr'>Major,</span> <span class='ocrx_word' id='word_1_335' title='bbox 1076 4604 1345 4671; x_wconf 86' lang='lat' dir='ltr'>Bassolis,</span> <span class='ocrx_word' id='word_1_336' title='bbox 1368 4604 1675 4662; x_wconf 81' lang='lat' dir='ltr'>Almainus</span> 
     </span>
     <span class='ocr_line' id='line_1_53' title="bbox 85 4657 1676 4765; baseline 0 -22"><span class='ocrx_word' id='word_1_337' title='bbox 85 4657 287 4699; x_wconf 74' lang='lat' dir='ltr'>Almam.</span> <span class='ocrx_word' id='word_1_338' title='bbox 318 4693 500 4765; x_wconf 71' lang='lat' dir='ltr'>quast.</span> <span class='ocrx_word' id='word_1_339' title='bbox 539 4687 558 4742; x_wconf 92' lang='lat'>1</span> <span class='ocrx_word' id='word_1_340' title='bbox 604 4690 661 4742; x_wconf 91' lang='lat' dir='ltr'>et</span> <span class='ocrx_word' id='word_1_341' title='bbox 687 4685 790 4742; x_wconf 92' lang='lat' dir='ltr'>alii</span> <span class='ocrx_word' id='word_1_342' title='bbox 837 4701 909 4742; x_wconf 92' lang='lat' dir='ltr'>ex</span> <span class='ocrx_word' id='word_1_343' title='bbox 954 4683 1395 4759; x_wconf 86' lang='lat' dir='ltr'>antiquioribus.</span> <span class='ocrx_word' id='word_1_344' title='bbox 1443 4686 1676 4744; x_wconf 80' lang='lat' dir='ltr'>Funda-</span> 
     </span>
     <span class='ocr_line' id='line_1_54' title="bbox 317 4765 1676 4841; baseline -0.001 -16"><span class='ocrx_word' id='word_1_345' title='bbox 317 4773 579 4825; x_wconf 88' lang='lat' dir='ltr'>mentum</span> <span class='ocrx_word' id='word_1_346' title='bbox 607 4765 918 4824; x_wconf 89' lang='lat' dir='ltr'>desumunt</span> <span class='ocrx_word' id='word_1_347' title='bbox 937 4782 1009 4824; x_wconf 91' lang='lat' dir='ltr'>ex</span> <span class='ocrx_word' id='word_1_348' title='bbox 1041 4768 1108 4823; x_wconf 91' lang='lat' dir='ltr'>D.</span> <span class='ocrx_word' id='word_1_349' title='bbox 1136 4768 1370 4841; x_wconf 81' lang='lat' dir='ltr'>August.</span> <span class='ocrx_word' id='word_1_350' title='bbox 1400 4768 1499 4840; x_wconf 92' lang='lat' dir='ltr'>qui</span> <span class='ocrx_word' id='word_1_351' title='bbox 1545 4768 1676 4840; x_wconf 88' lang='lat' dir='ltr'>plu-</span> 
     </span>
     <span class='ocr_line' id='line_1_55' title="bbox 321 4845 1671 4919; baseline -0.001 -14"><span class='ocrx_word' id='word_1_352' title='bbox 321 4848 479 4905; x_wconf 90' lang='lat' dir='ltr'>ribus</span> <span class='ocrx_word' id='word_1_353' title='bbox 507 4847 571 4904; x_wconf 94' lang='lat' dir='ltr'>in</span> <span class='ocrx_word' id='word_1_354' title='bbox 592 4846 731 4904; x_wconf 89' lang='lat' dir='ltr'>locis</span> <span class='ocrx_word' id='word_1_355' title='bbox 752 4863 855 4919; x_wconf 92' lang='lat' dir='ltr'>pro</span> <span class='ocrx_word' id='word_1_356' title='bbox 875 4845 1075 4903; x_wconf 89' lang='lat' dir='ltr'>eodem</span> <span class='ocrx_word' id='word_1_357' title='bbox 1103 4850 1341 4918; x_wconf 85' lang='lat' dir='ltr'>usurpat</span> <span class='ocrx_word' id='word_1_358' title='bbox 1365 4847 1671 4915; x_wconf 80' lang='lat' dir='ltr'>maculam,</span> 
     </span>
    </p>
   </div>
   <div class='ocr_carea' id='block_1_3' title="bbox 317 4927 1679 5002">
    <p class='ocr_par' dir='ltr' id='par_1_3' title="bbox 317 4927 1679 5002">
     <span class='ocr_line' id='line_1_56' title="bbox 317 4927 1679 5002; baseline -0.004 -13"><span class='ocrx_word' id='word_1_359' title='bbox 317 4934 374 4989; x_wconf 86' lang='lat' dir='ltr'>et</span> <span class='ocrx_word' id='word_1_360' title='bbox 394 4933 618 4987; x_wconf 86' lang='lat' dir='ltr'>reatum</span> <span class='ocrx_word' id='word_1_361' title='bbox 651 4929 863 4985; x_wconf 84' lang='lat' dir='ltr'>:sentit</span> <span class='ocrx_word' id='word_1_362' title='bbox 883 4927 1060 5002; x_wconf 87' lang='lat' dir='ltr'>igitur</span> <span class='ocrx_word' id='word_1_363' title='bbox 1080 4928 1384 4994; x_wconf 85' lang='lat' dir='ltr'>maculam,</span> <span class='ocrx_word' id='word_1_364' title='bbox 1412 4941 1513 4985; x_wconf 90' lang='lat' dir='ltr'>seu</span> <span class='ocrx_word' id='word_1_365' title='bbox 1546 4943 1679 5002; x_wconf 89' lang='lat' dir='ltr'>pec-</span> 
     </span>
    </p>
   </div>
   <div class='ocr_carea' id='block_1_4' title="bbox 316 5006 1674 5081">
    <p class='ocr_par' dir='ltr' id='par_1_4' title="bbox 316 5006 1674 5081">
     <span class='ocr_line' id='line_1_57' title="bbox 316 5006 1674 5081; baseline -0.001 -12"><span class='ocrx_word' id='word_1_366' title='bbox 316 5014 505 5069; x_wconf 86' lang='lat' dir='ltr'>catum</span> <span class='ocrx_word' id='word_1_367' title='bbox 516 5006 808 5065; x_wconf 87' lang='lat' dir='ltr'>habituale</span> <span class='ocrx_word' id='word_1_368' title='bbox 823 5009 886 5064; x_wconf 91' lang='lat' dir='ltr'>in</span> <span class='ocrx_word' id='word_1_369' title='bbox 904 5006 1170 5081; x_wconf 72' lang='lat' dir='ltr'>praedicto</span> <span class='ocrx_word' id='word_1_370' title='bbox 1180 5012 1339 5065; x_wconf 86' lang='lat' dir='ltr'>reatu</span> <span class='ocrx_word' id='word_1_371' title='bbox 1348 5007 1674 5067; x_wconf 79' lang='lat' dir='ltr'>consistere.</span> 
     </span>
    </p>
   </div>
   <div class='ocr_carea' id='block_1_5' title="bbox 1786 580 3375 5077">
    <p class='ocr_par' dir='ltr' id='par_1_5' title="bbox 1787 580 3339 1060">
     <span class='ocr_line' id='line_1_58' title="bbox 1787 580 3339 656; baseline 0.003 -20"><span class='ocrx_word' id='word_1_372' title='bbox 1787 582 1858 637; x_wconf 87' lang='lat' dir='ltr'>Et</span> <span class='ocrx_word' id='word_1_373' title='bbox 1897 580 2276 639; x_wconf 85' lang='lat' dir='ltr'>confirmatur</span> <span class='ocrx_word' id='word_1_374' title='bbox 2303 626 2316 649; x_wconf 94' lang='lat'>,</span> <span class='ocrx_word' id='word_1_375' title='bbox 2366 583 2503 656; x_wconf 89' lang='lat' dir='ltr'>quia</span> <span class='ocrx_word' id='word_1_376' title='bbox 2552 584 2633 639; x_wconf 89' lang='lat' dir='ltr'>ita</span> <span class='ocrx_word' id='word_1_377' title='bbox 2683 600 2746 641; x_wconf 90' lang='lat' dir='ltr'>se</span> <span class='ocrx_word' id='word_1_378' title='bbox 2790 584 2959 641; x_wconf 89' lang='lat' dir='ltr'>habet</span> <span class='ocrx_word' id='word_1_379' title='bbox 3003 588 3159 641; x_wconf 84' lang='lat' dir='ltr'>actus</span> <span class='ocrx_word' id='word_1_380' title='bbox 3174 593 3339 635; x_wconf 63' lang='lat' dir='ltr'>motiva.</span> 
     </span>
     <span class='ocr_line' id='line_1_59' title="bbox 1787 664 3156 741; baseline 0.001 -19"><span class='ocrx_word' id='word_1_381' title='bbox 1787 664 1973 722; x_wconf 90' lang='lat' dir='ltr'>bonus</span> <span class='ocrx_word' id='word_1_382' title='bbox 1995 665 2059 721; x_wconf 92' lang='lat' dir='ltr'>in</span> <span class='ocrx_word' id='word_1_383' title='bbox 2085 666 2293 723; x_wconf 90' lang='lat' dir='ltr'>ordine</span> <span class='ocrx_word' id='word_1_384' title='bbox 2337 665 2406 721; x_wconf 88' lang='lat' dir='ltr'>ad</span> <span class='ocrx_word' id='word_1_385' title='bbox 2435 664 2864 740; x_wconf 88' lang='lat' dir='ltr'>deputationem</span> <span class='ocrx_word' id='word_1_386' title='bbox 2914 666 2985 723; x_wconf 91' lang='lat' dir='ltr'>ad</span> <span class='ocrx_word' id='word_1_387' title='bbox 3028 666 3156 741; x_wconf 87' lang='lat' dir='ltr'>glo·</span> 
     </span>
     <span class='ocr_line' id='line_1_60' title="bbox 1787 744 3154 819; baseline 0 -19"><span class='ocrx_word' id='word_1_388' title='bbox 1787 744 1961 811; x_wconf 91' lang='lat' dir='ltr'>riam,</span> <span class='ocrx_word' id='word_1_389' title='bbox 1986 744 2133 801; x_wconf 92' lang='lat' dir='ltr'>sicut</span> <span class='ocrx_word' id='word_1_390' title='bbox 2160 750 2316 802; x_wconf 88' lang='lat' dir='ltr'>actus</span> <span class='ocrx_word' id='word_1_391' title='bbox 2355 746 2545 801; x_wconf 90' lang='lat' dir='ltr'>malus</span> <span class='ocrx_word' id='word_1_392' title='bbox 2565 747 2628 802; x_wconf 90' lang='lat' dir='ltr'>in</span> <span class='ocrx_word' id='word_1_393' title='bbox 2649 747 2855 804; x_wconf 90' lang='lat' dir='ltr'>ordine</span> <span class='ocrx_word' id='word_1_394' title='bbox 2875 746 2945 802; x_wconf 88' lang='lat' dir='ltr'>ad</span> <span class='ocrx_word' id='word_1_395' title='bbox 2972 745 3154 819; x_wconf 87' lang='lat' dir='ltr'>depu-</span> 
     </span>
     <span class='ocr_line' id='line_1_61' title="bbox 1787 823 3159 898; baseline 0.001 -18"><span class='ocrx_word' id='word_1_396' title='bbox 1787 823 2066 881; x_wconf 88' lang='lat' dir='ltr'>tationem</span> <span class='ocrx_word' id='word_1_397' title='bbox 2089 823 2159 879; x_wconf 88' lang='lat' dir='ltr'>ad</span> <span class='ocrx_word' id='word_1_398' title='bbox 2188 840 2414 898; x_wconf 86' lang='lat' dir='ltr'>poenam</span> <span class='ocrx_word' id='word_1_399' title='bbox 2439 824 2575 881; x_wconf 82' lang='lat' dir='ltr'>:sed</span> <span class='ocrx_word' id='word_1_400' title='bbox 2614 842 2687 882; x_wconf 90' lang='lat' dir='ltr'>ex</span> <span class='ocrx_word' id='word_1_401' title='bbox 2708 830 2833 882; x_wconf 89' lang='lat' dir='ltr'>actu</span> <span class='ocrx_word' id='word_1_402' title='bbox 2863 824 3013 882; x_wconf 91' lang='lat' dir='ltr'>bono</span> <span class='ocrx_word' id='word_1_403' title='bbox 3038 836 3159 881; x_wconf 90' lang='lat' dir='ltr'>non</span> 
     </span>
     <span class='ocr_line' id='line_1_62' title="bbox 1790 903 3158 979; baseline 0.001 -20"><span class='ocrx_word' id='word_1_404' title='bbox 1790 904 2139 977; x_wconf 89' lang='lat' dir='ltr'>relinquitur</span> <span class='ocrx_word' id='word_1_405' title='bbox 2179 904 2417 979; x_wconf 90' lang='lat' dir='ltr'>aliquid,</span> <span class='ocrx_word' id='word_1_406' title='bbox 2451 905 2565 960; x_wconf 87' lang='lat' dir='ltr'>nisi</span> <span class='ocrx_word' id='word_1_407' title='bbox 2600 905 2889 978; x_wconf 88' lang='lat' dir='ltr'>deputatio</span> <span class='ocrx_word' id='word_1_408' title='bbox 2936 903 3006 960; x_wconf 88' lang='lat' dir='ltr'>ad</span> <span class='ocrx_word' id='word_1_409' title='bbox 3032 906 3158 978; x_wconf 89' lang='lat' dir='ltr'>glo-</span> 
     </span>
     <span class='ocr_line' id='line_1_63' title="bbox 1790 985 3152 1060; baseline 0 -19"><span class='ocrx_word' id='word_1_410' title='bbox 1790 985 1941 1043; x_wconf 91' lang='lat' dir='ltr'>riam</span> <span class='ocrx_word' id='word_1_411' title='bbox 1977 1007 1991 1041; x_wconf 87' lang='lat'>:</span> <span class='ocrx_word' id='word_1_412' title='bbox 2017 1001 2155 1060; x_wconf 90' lang='lat' dir='ltr'>ergo</span> <span class='ocrx_word' id='word_1_413' title='bbox 2180 1002 2250 1043; x_wconf 86' lang='lat' dir='ltr'>ex</span> <span class='ocrx_word' id='word_1_414' title='bbox 2278 991 2402 1043; x_wconf 88' lang='lat' dir='ltr'>actu</span> <span class='ocrx_word' id='word_1_415' title='bbox 2451 987 2606 1043; x_wconf 90' lang='lat' dir='ltr'>malo</span> <span class='ocrx_word' id='word_1_416' title='bbox 2634 1002 2752 1043; x_wconf 93' lang='lat' dir='ltr'>non</span> <span class='ocrx_word' id='word_1_417' title='bbox 2781 986 3152 1058; x_wconf 88' lang='lat' dir='ltr'>relinquitur,</span> 
     </span>
    </p>

    <p class='ocr_par' dir='ltr' id='par_1_6' title="bbox 1788 1066 3155 1220">
     <span class='ocr_line' id='line_1_64' title="bbox 1789 1066 3155 1140; baseline 0.001 -18"><span class='ocrx_word' id='word_1_418' title='bbox 1789 1066 1906 1122; x_wconf 93' lang='lat' dir='ltr'>nisi</span> <span class='ocrx_word' id='word_1_419' title='bbox 1946 1066 2255 1140; x_wconf 90' lang='lat' dir='ltr'>deputatio,</span> <span class='ocrx_word' id='word_1_420' title='bbox 2286 1083 2385 1124; x_wconf 91' lang='lat' dir='ltr'>seu</span> <span class='ocrx_word' id='word_1_421' title='bbox 2437 1073 2628 1124; x_wconf 88' lang='lat' dir='ltr'>reatus</span> <span class='ocrx_word' id='word_1_422' title='bbox 2667 1066 2737 1123; x_wconf 88' lang='lat' dir='ltr'>ad</span> <span class='ocrx_word' id='word_1_423' title='bbox 2792 1082 3022 1139; x_wconf 86' lang='lat' dir='ltr'>poenam</span> <span class='ocrx_word' id='word_1_424' title='bbox 3049 1089 3064 1123; x_wconf 69' lang='grc' dir='ltr'><strong>ε</strong></span> <span class='ocrx_word' id='word_1_425' title='bbox 3095 1066 3155 1123; x_wconf 91' lang='lat' dir='ltr'>id</span> 
     </span>
     <span class='ocr_line' id='line_1_65' title="bbox 1788 1145 3153 1220; baseline -0.001 -17"><span class='ocrx_word' id='word_1_426' title='bbox 1788 1152 1981 1205; x_wconf 87' lang='lat' dir='ltr'>autem</span> <span class='ocrx_word' id='word_1_427' title='bbox 2006 1145 2157 1219; x_wconf 89' lang='lat' dir='ltr'>quod</span> <span class='ocrx_word' id='word_1_428' title='bbox 2188 1147 2538 1220; x_wconf 88' lang='lat' dir='ltr'>relinquitur</span> <span class='ocrx_word' id='word_1_429' title='bbox 2560 1162 2630 1203; x_wconf 89' lang='lat' dir='ltr'>ex</span> <span class='ocrx_word' id='word_1_430' title='bbox 2660 1153 2881 1220; x_wconf 89' lang='lat' dir='ltr'>peccato</span> <span class='ocrx_word' id='word_1_431' title='bbox 2927 1146 3153 1212; x_wconf 89' lang='lat' dir='ltr'>actuali,</span> 
     </span>
    </p>

    <p class='ocr_par' dir='ltr' id='par_1_7' title="bbox 1787 1225 3154 1381">
     <span class='ocr_line' id='line_1_66' title="bbox 1787 1225 3154 1300; baseline -0.004 -15"><span class='ocrx_word' id='word_1_432' title='bbox 1787 1232 1875 1285; x_wconf 87' lang='lat' dir='ltr'>est</span> <span class='ocrx_word' id='word_1_433' title='bbox 1917 1231 2207 1300; x_wconf 86' lang='lat' dir='ltr'>peccatum</span> <span class='ocrx_word' id='word_1_434' title='bbox 2253 1225 2546 1295; x_wconf 71' lang='lat' dir='ltr'>habituale</span> <span class='ocrx_word' id='word_1_435' title='bbox 2580 1247 2593 1282; x_wconf 75' lang='grc' dir='ltr'><strong>ε</strong></span> <span class='ocrx_word' id='word_1_436' title='bbox 2625 1227 2729 1284; x_wconf 91' lang='lat' dir='ltr'>hoc</span> <span class='ocrx_word' id='word_1_437' title='bbox 2766 1226 2947 1300; x_wconf 87' lang='lat' dir='ltr'>igitur</span> <span class='ocrx_word' id='word_1_438' title='bbox 3001 1225 3154 1281; x_wconf 89' lang='lat' dir='ltr'>nihil</span> 
     </span>
     <span class='ocr_line' id='line_1_67' title="bbox 1788 1306 2867 1381; baseline -0.001 -17"><span class='ocrx_word' id='word_1_439' title='bbox 1788 1307 1949 1364; x_wconf 90' lang='lat' dir='ltr'>aliud</span> <span class='ocrx_word' id='word_1_440' title='bbox 1974 1312 2077 1375; x_wconf 89' lang='lat' dir='ltr'>est,</span> <span class='ocrx_word' id='word_1_441' title='bbox 2107 1324 2280 1381; x_wconf 90' lang='lat' dir='ltr'>quam</span> <span class='ocrx_word' id='word_1_442' title='bbox 2312 1314 2501 1380; x_wconf 82' lang='lat' dir='ltr'>reatus</span> <span class='ocrx_word' id='word_1_443' title='bbox 2522 1306 2593 1365; x_wconf 91' lang='lat' dir='ltr'>ad</span> <span class='ocrx_word' id='word_1_444' title='bbox 2621 1323 2867 1380; x_wconf 88' lang='lat' dir='ltr'>poenam.</span> 
     </span>
    </p>

    <p class='ocr_par' dir='ltr' id='par_1_8' title="bbox 1786 1386 3369 2502">
     <span class='ocr_line' id='line_1_68' title="bbox 1863 1386 3343 1482; baseline 0 -38"><span class='ocrx_word' id='word_1_445' title='bbox 1863 1387 2256 1461; x_wconf 85' lang='lat' dir='ltr'>Respondetur</span> <span class='ocrx_word' id='word_1_446' title='bbox 2279 1388 2471 1460; x_wconf 91' lang='lat' dir='ltr'>primo</span> <span class='ocrx_word' id='word_1_447' title='bbox 2492 1390 2554 1444; x_wconf 92' lang='lat' dir='ltr'>D.</span> <span class='ocrx_word' id='word_1_448' title='bbox 2581 1390 2818 1461; x_wconf 74' lang='lat' dir='ltr'>August:</span> <span class='ocrx_word' id='word_1_449' title='bbox 2852 1386 2935 1442; x_wconf 86' lang='lat' dir='ltr'>eis</span> <span class='ocrx_word' id='word_1_450' title='bbox 2963 1386 3028 1443; x_wconf 95' lang='lat' dir='ltr'>in</span> <span class='ocrx_word' id='word_1_451' title='bbox 3064 1386 3156 1444; x_wconf 91' lang='lat' dir='ltr'>lo-</span> <span class='ocrx_word' id='word_1_452' title='bbox 3170 1388 3343 1482; x_wconf 65' lang='lat'>⁰1⁰⁰}&#39;0&#39;&#39;</span> 
     </span>
     <span class='ocr_line' id='line_1_69' title="bbox 1789 1449 3344 1543; baseline -0.002 -17"><span class='ocrx_word' id='word_1_453' title='bbox 1789 1469 1871 1526; x_wconf 91' lang='lat' dir='ltr'>cis</span> <span class='ocrx_word' id='word_1_454' title='bbox 1892 1483 2011 1526; x_wconf 94' lang='lat' dir='ltr'>non</span> <span class='ocrx_word' id='word_1_455' title='bbox 2032 1470 2187 1542; x_wconf 86' lang='lat' dir='ltr'>loqui</span> <span class='ocrx_word' id='word_1_456' title='bbox 2216 1468 2288 1525; x_wconf 91' lang='lat' dir='ltr'>de</span> <span class='ocrx_word' id='word_1_457' title='bbox 2314 1475 2475 1526; x_wconf 86' lang='lat' dir='ltr'>reatu</span> <span class='ocrx_word' id='word_1_458' title='bbox 2517 1469 2802 1543; x_wconf 88' lang='lat' dir='ltr'>proximo,</span> <span class='ocrx_word' id='word_1_459' title='bbox 2826 1468 2926 1541; x_wconf 90' lang='lat' dir='ltr'>qui</span> <span class='ocrx_word' id='word_1_460' title='bbox 2953 1468 3047 1525; x_wconf 86' lang='lat' dir='ltr'>vel</span> <span class='ocrx_word' id='word_1_461' title='bbox 3071 1472 3177 1525; x_wconf 85' lang='lat' dir='ltr'>est·</span> <span class='ocrx_word' id='word_1_462' title='bbox 3209 1449 3261 1482; x_wconf 81' lang='lat'>¹¹¹¹</span> <span class='ocrx_word' id='word_1_463' title='bbox 3281 1449 3344 1481; x_wconf 71' lang='lat'>&#39;³¹&#39;</span> 
     </span>
     <span class='ocr_line' id='line_1_70' title="bbox 1789 1546 3158 1622; baseline 0 -19"><span class='ocrx_word' id='word_1_464' title='bbox 1789 1546 2187 1605; x_wconf 90' lang='lat' dir='ltr'>denominatio</span> <span class='ocrx_word' id='word_1_465' title='bbox 2211 1549 2533 1606; x_wconf 88' lang='lat' dir='ltr'>extrinseca</span> <span class='ocrx_word' id='word_1_466' title='bbox 2552 1551 2780 1622; x_wconf 90' lang='lat' dir='ltr'>sumpta</span> <span class='ocrx_word' id='word_1_467' title='bbox 2824 1546 2895 1603; x_wconf 88' lang='lat' dir='ltr'>ab</span> <span class='ocrx_word' id='word_1_468' title='bbox 2915 1547 3158 1604; x_wconf 86' lang='lat' dir='ltr'>ordina-</span> 
     </span>
     <span class='ocr_line' id='line_1_71' title="bbox 1790 1624 3161 1701; baseline -0.001 -18"><span class='ocrx_word' id='word_1_469' title='bbox 1790 1627 1950 1685; x_wconf 88' lang='lat' dir='ltr'>tione</span> <span class='ocrx_word' id='word_1_470' title='bbox 1972 1628 2174 1697; x_wconf 85' lang='lat' dir='ltr'>activa,</span> <span class='ocrx_word' id='word_1_471' title='bbox 2194 1644 2308 1701; x_wconf 89' lang='lat' dir='ltr'>qua</span> <span class='ocrx_word' id='word_1_472' title='bbox 2328 1627 2532 1684; x_wconf 90' lang='lat' dir='ltr'>divina</span> <span class='ocrx_word' id='word_1_473' title='bbox 2553 1629 2646 1685; x_wconf 90' lang='lat' dir='ltr'>lex</span> <span class='ocrx_word' id='word_1_474' title='bbox 2662 1632 3010 1701; x_wconf 87' lang='lat' dir='ltr'>peccatorem</span> <span class='ocrx_word' id='word_1_475' title='bbox 3028 1624 3161 1682; x_wconf 89' lang='lat' dir='ltr'>sub-</span> 
     </span>
     <span class='ocr_line' id='line_1_72' title="bbox 1786 1706 3161 1782; baseline -0.001 -20"><span class='ocrx_word' id='word_1_476' title='bbox 1786 1706 1909 1782; x_wconf 83' lang='lat' dir='ltr'>jicit</span> <span class='ocrx_word' id='word_1_477' title='bbox 1929 1721 2147 1780; x_wconf 78' lang='lat' dir='ltr'>poenae;</span> <span class='ocrx_word' id='word_1_478' title='bbox 2170 1709 2261 1764; x_wconf 85' lang='lat' dir='ltr'>vel</span> <span class='ocrx_word' id='word_1_479' title='bbox 2282 1712 2367 1764; x_wconf 90' lang='lat' dir='ltr'>est</span> <span class='ocrx_word' id='word_1_480' title='bbox 2394 1709 2729 1781; x_wconf 87' lang='lat' dir='ltr'>proprietas,</span> <span class='ocrx_word' id='word_1_481' title='bbox 2749 1713 2848 1765; x_wconf 88' lang='lat' dir='ltr'>aut</span> <span class='ocrx_word' id='word_1_482' title='bbox 2860 1712 3161 1780; x_wconf 87' lang='lat' dir='ltr'>conceptus</span> 
     </span>
     <span class='ocr_line' id='line_1_73' title="bbox 1790 1786 3161 1861; baseline 0.001 -18"><span class='ocrx_word' id='word_1_483' title='bbox 1790 1786 2030 1860; x_wconf 89' lang='lat' dir='ltr'>quidam</span> <span class='ocrx_word' id='word_1_484' title='bbox 2051 1789 2320 1844; x_wconf 88' lang='lat' dir='ltr'>virtualis</span> <span class='ocrx_word' id='word_1_485' title='bbox 2339 1804 2689 1860; x_wconf 88' lang='lat' dir='ltr'>consequens</span> <span class='ocrx_word' id='word_1_486' title='bbox 2707 1789 3057 1861; x_wconf 87' lang='lat' dir='ltr'>primariam</span> <span class='ocrx_word' id='word_1_487' title='bbox 3073 1802 3161 1844; x_wconf 89' lang='lat' dir='ltr'>ra·</span> 
     </span>
     <span class='ocr_line' id='line_1_74' title="bbox 1792 1869 3160 1943; baseline 0 -18"><span class='ocrx_word' id='word_1_488' title='bbox 1792 1870 2011 1927; x_wconf 91' lang='lat' dir='ltr'>tionem</span> <span class='ocrx_word' id='word_1_489' title='bbox 2038 1872 2246 1943; x_wconf 90' lang='lat' dir='ltr'>peccati</span> <span class='ocrx_word' id='word_1_490' title='bbox 2275 1869 2606 1936; x_wconf 86' lang='lat' dir='ltr'>habitualis,</span> <span class='ocrx_word' id='word_1_491' title='bbox 2640 1875 2701 1926; x_wconf 95' lang='lat' dir='ltr'>ut</span> <span class='ocrx_word' id='word_1_492' title='bbox 2750 1886 2927 1943; x_wconf 91' lang='lat' dir='ltr'>supra</span> <span class='ocrx_word' id='word_1_493' title='bbox 2945 1887 3098 1927; x_wconf 78' lang='lat' dir='ltr'>num.</span> <span class='ocrx_word' id='word_1_494' title='bbox 3124 1871 3160 1925; x_wconf 89' lang='lat'>8</span> 
     </span>
     <span class='ocr_line' id='line_1_75' title="bbox 1791 1947 3152 2022; baseline 0.001 -17"><span class='ocrx_word' id='word_1_495' title='bbox 1791 1950 2194 2022; x_wconf 82' lang='lat' dir='ltr'>explicuimus.</span> <span class='ocrx_word' id='word_1_496' title='bbox 2225 1948 2332 2005; x_wconf 90' lang='lat' dir='ltr'>Sed</span> <span class='ocrx_word' id='word_1_497' title='bbox 2361 1948 2616 2022; x_wconf 89' lang='lat' dir='ltr'>loquitur</span> <span class='ocrx_word' id='word_1_498' title='bbox 2642 1950 2713 2007; x_wconf 90' lang='lat' dir='ltr'>de</span> <span class='ocrx_word' id='word_1_499' title='bbox 2739 1954 2899 2007; x_wconf 88' lang='lat' dir='ltr'>reatu</span> <span class='ocrx_word' id='word_1_500' title='bbox 2929 1947 3152 2006; x_wconf 83' lang='lat' dir='ltr'>radica·</span> 
     </span>
     <span class='ocr_line' id='line_1_76' title="bbox 1794 2028 3162 2103; baseline 0.002 -19"><span class='ocrx_word' id='word_1_501' title='bbox 1794 2029 1946 2097; x_wconf 90' lang='lat' dir='ltr'>liter,</span> <span class='ocrx_word' id='word_1_502' title='bbox 1976 2035 2034 2086; x_wconf 90' lang='lat' dir='ltr'>et</span> <span class='ocrx_word' id='word_1_503' title='bbox 2081 2029 2598 2087; x_wconf 81' lang='lat' dir='ltr'>fundamentaliter</span> <span class='ocrx_word' id='word_1_504' title='bbox 2642 2028 3020 2096; x_wconf 90' lang='lat' dir='ltr'>considerato,</span> <span class='ocrx_word' id='word_1_505' title='bbox 3050 2044 3162 2103; x_wconf 87' lang='lat' dir='ltr'>quo</span> 
     </span>
     <span class='ocr_line' id='line_1_77' title="bbox 1795 2108 3159 2183; baseline -0.002 -17"><span class='ocrx_word' id='word_1_506' title='bbox 1795 2115 1954 2183; x_wconf 89' lang='lat' dir='ltr'>pacto</span> <span class='ocrx_word' id='word_1_507' title='bbox 1971 2108 2258 2183; x_wconf 87' lang='lat' dir='ltr'>significat</span> <span class='ocrx_word' id='word_1_508' title='bbox 2269 2109 2655 2183; x_wconf 88' lang='lat' dir='ltr'>privationem</span> <span class='ocrx_word' id='word_1_509' title='bbox 2677 2109 2900 2183; x_wconf 83' lang='lat' dir='ltr'>gratiae,</span> <span class='ocrx_word' id='word_1_510' title='bbox 2923 2124 3051 2183; x_wconf 80' lang='lat' dir='ltr'>quae</span> <span class='ocrx_word' id='word_1_511' title='bbox 3074 2113 3159 2166; x_wconf 88' lang='lat' dir='ltr'>est</span> 
     </span>
     <span class='ocr_line' id='line_1_78' title="bbox 1795 2187 3160 2262; baseline -0.001 -16"><span class='ocrx_word' id='word_1_512' title='bbox 1795 2189 1962 2246; x_wconf 87' lang='lat' dir='ltr'>radix</span> <span class='ocrx_word' id='word_1_513' title='bbox 1988 2189 2302 2245; x_wconf 88' lang='lat' dir='ltr'>intrinseca</span> <span class='ocrx_word' id='word_1_514' title='bbox 2321 2190 2456 2245; x_wconf 89' lang='lat' dir='ltr'>talis</span> <span class='ocrx_word' id='word_1_515' title='bbox 2481 2187 2869 2262; x_wconf 80' lang='lat' dir='ltr'>obligationis,</span> <span class='ocrx_word' id='word_1_516' title='bbox 2896 2193 2952 2244; x_wconf 93' lang='lat' dir='ltr'>et</span> <span class='ocrx_word' id='word_1_517' title='bbox 2975 2187 3160 2261; x_wconf 89' lang='lat' dir='ltr'>depu-</span> 
     </span>
     <span class='ocr_line' id='line_1_79' title="bbox 1793 2269 3159 2343; baseline -0.002 -16"><span class='ocrx_word' id='word_1_518' title='bbox 1793 2270 2029 2327; x_wconf 90' lang='lat' dir='ltr'>tationis</span> <span class='ocrx_word' id='word_1_519' title='bbox 2067 2269 2138 2326; x_wconf 91' lang='lat' dir='ltr'>ad</span> <span class='ocrx_word' id='word_1_520' title='bbox 2166 2285 2415 2343; x_wconf 66' lang='lat' dir='ltr'>posnam,</span> <span class='ocrx_word' id='word_1_521' title='bbox 2464 2275 2522 2327; x_wconf 88' lang='lat' dir='ltr'>et</span> <span class='ocrx_word' id='word_1_522' title='bbox 2564 2271 2710 2327; x_wconf 88' lang='lat' dir='ltr'>solet</span> <span class='ocrx_word' id='word_1_523' title='bbox 2745 2269 2921 2327; x_wconf 90' lang='lat' dir='ltr'>etiam</span> <span class='ocrx_word' id='word_1_524' title='bbox 2969 2274 3159 2326; x_wconf 88' lang='lat' dir='ltr'>reatus</span> 
     </span>
     <span class='ocr_line' id='line_1_80' title="bbox 1794 2346 3369 2423; baseline -0.007 -16"><span class='ocrx_word' id='word_1_525' title='bbox 1794 2350 2101 2423; x_wconf 89' lang='lat' dir='ltr'>appellari,</span> <span class='ocrx_word' id='word_1_526' title='bbox 2142 2350 2308 2423; x_wconf 85' lang='lat' dir='ltr'>juxta</span> <span class='ocrx_word' id='word_1_527' title='bbox 2352 2350 2500 2407; x_wconf 90' lang='lat' dir='ltr'>illud</span> <span class='ocrx_word' id='word_1_528' title='bbox 2528 2348 2708 2406; x_wconf 87' lang='lat' dir='ltr'>Exodi</span> <span class='ocrx_word' id='word_1_529' title='bbox 2734 2349 2807 2405; x_wconf 82' lang='lat'>32</span> <span class='ocrx_word' id='word_1_530' title='bbox 2839 2370 2851 2405; x_wconf 73' lang='grc' dir='ltr'><strong><em>ε</em></strong></span> <span class='ocrx_word' id='word_1_531' title='bbox 2885 2346 3156 2405; x_wconf 74' lang='lat' dir='ltr'>Percussit</span> <span class='ocrx_word' id='word_1_532' title='bbox 3174 2356 3369 2400; x_wconf 58' lang='lat' dir='ltr'>Exodsa</span> 
     </span>
     <span class='ocr_line' id='line_1_81' title="bbox 1794 2428 2849 2502; baseline -0.003 -14"><span class='ocrx_word' id='word_1_533' title='bbox 1794 2429 2068 2488; x_wconf 72' lang='lat' dir='ltr'>Dominus</span> <span class='ocrx_word' id='word_1_534' title='bbox 2075 2430 2341 2502; x_wconf 76' lang='lat' dir='ltr'>populum</span> <span class='ocrx_word' id='word_1_535' title='bbox 2360 2447 2459 2502; x_wconf 82' lang='lat' dir='ltr'>pro</span> <span class='ocrx_word' id='word_1_536' title='bbox 2479 2436 2639 2485; x_wconf 77' lang='lat' dir='ltr'>reatu</span> <span class='ocrx_word' id='word_1_537' title='bbox 2665 2428 2849 2485; x_wconf 78' lang='lat' dir='ltr'>vituli.</span> 
     </span>
    </p>

    <p class='ocr_par' dir='ltr' id='par_1_9' title="bbox 1793 2508 3356 3142">
     <span class='ocr_line' id='line_1_82' title="bbox 1870 2508 3162 2584; baseline -0.001 -18"><span class='ocrx_word' id='word_1_538' title='bbox 1870 2509 2298 2584; x_wconf 84' lang='lat' dir='ltr'>Respondemus</span> <span class='ocrx_word' id='word_1_539' title='bbox 2323 2510 2589 2576; x_wconf 90' lang='lat' dir='ltr'>secundo,</span> <span class='ocrx_word' id='word_1_540' title='bbox 2614 2508 2907 2584; x_wconf 88' lang='lat' dir='ltr'>quodcum</span> <span class='ocrx_word' id='word_1_541' title='bbox 2935 2510 3162 2567; x_wconf 90' lang='lat' dir='ltr'>macula</span> 
     </span>
     <span class='ocr_line' id='line_1_83' title="bbox 1795 2590 3156 2664; baseline -0.001 -18"><span class='ocrx_word' id='word_1_542' title='bbox 1795 2590 2118 2663; x_wconf 88' lang='lat' dir='ltr'>appellatur</span> <span class='ocrx_word' id='word_1_543' title='bbox 2143 2598 2347 2656; x_wconf 79' lang='lat' dir='ltr'>reatus,</span> <span class='ocrx_word' id='word_1_544' title='bbox 2380 2595 2694 2663; x_wconf 89' lang='lat' dir='ltr'>usurpatur</span> <span class='ocrx_word' id='word_1_545' title='bbox 2740 2604 2842 2663; x_wconf 91' lang='lat' dir='ltr'>per</span> <span class='ocrx_word' id='word_1_546' title='bbox 2887 2594 3156 2664; x_wconf 85' lang='lat' dir='ltr'>metony-</span> 
     </span>
     <span class='ocr_line' id='line_1_84' title="bbox 1794 2667 3162 2743; baseline 0 -19"><span class='ocrx_word' id='word_1_547' title='bbox 1794 2670 1977 2725; x_wconf 91' lang='lat' dir='ltr'>miam</span> <span class='ocrx_word' id='word_1_548' title='bbox 2002 2684 2171 2725; x_wconf 91' lang='lat' dir='ltr'>causa</span> <span class='ocrx_word' id='word_1_549' title='bbox 2193 2685 2295 2743; x_wconf 89' lang='lat' dir='ltr'>pro</span> <span class='ocrx_word' id='word_1_550' title='bbox 2340 2670 2559 2734; x_wconf 82' lang='lat' dir='ltr'>effectu,</span> <span class='ocrx_word' id='word_1_551' title='bbox 2591 2669 2684 2726; x_wconf 89' lang='lat' dir='ltr'>vel</span> <span class='ocrx_word' id='word_1_552' title='bbox 2729 2684 2945 2726; x_wconf 93' lang='lat' dir='ltr'>nomen</span> <span class='ocrx_word' id='word_1_553' title='bbox 2984 2667 3162 2726; x_wconf 90' lang='lat' dir='ltr'>medii</span> 
     </span>
     <span class='ocr_line' id='line_1_85' title="bbox 1796 2746 3356 2823; baseline -0.003 -17"><span class='ocrx_word' id='word_1_554' title='bbox 1796 2749 2118 2823; x_wconf 88' lang='lat' dir='ltr'>applicatur</span> <span class='ocrx_word' id='word_1_555' title='bbox 2137 2754 2416 2820; x_wconf 86' lang='lat' dir='ltr'>extremo,</span> <span class='ocrx_word' id='word_1_556' title='bbox 2443 2754 2504 2805; x_wconf 96' lang='lat' dir='ltr'>ut</span> <span class='ocrx_word' id='word_1_557' title='bbox 2524 2747 2682 2811; x_wconf 88' lang='lat' dir='ltr'>docet</span> <span class='ocrx_word' id='word_1_558' title='bbox 2703 2749 2768 2804; x_wconf 91' lang='lat' dir='ltr'>D.</span> <span class='ocrx_word' id='word_1_559' title='bbox 2794 2748 2999 2806; x_wconf 91' lang='lat' dir='ltr'>Thom.</span> <span class='ocrx_word' id='word_1_560' title='bbox 3025 2750 3086 2805; x_wconf 81' lang='lat' dir='ltr'>in</span> <span class='ocrx_word' id='word_1_561' title='bbox 3101 2750 3157 2816; x_wconf 81' lang='lat'>2,</span> <span class='ocrx_word' id='word_1_562' title='bbox 3198 2746 3356 2790; x_wconf 74' lang='lat' dir='ltr'><strong>D-Tho·</strong></span> 
     </span>
     <span class='ocr_line' id='line_1_86' title="bbox 1793 2828 3168 2904; baseline 0 -16"><span class='ocrx_word' id='word_1_563' title='bbox 1793 2831 1924 2888; x_wconf 76' lang='lat' dir='ltr'>dist.</span> <span class='ocrx_word' id='word_1_564' title='bbox 1956 2831 2050 2899; x_wconf 81' lang='lat'>42,</span> <span class='ocrx_word' id='word_1_565' title='bbox 2074 2837 2254 2904; x_wconf 64' lang='lat' dir='ltr'>quast.</span> <span class='ocrx_word' id='word_1_566' title='bbox 2288 2832 2335 2898; x_wconf 96' lang='lat' dir='ltr'>l,</span> <span class='ocrx_word' id='word_1_567' title='bbox 2365 2838 2473 2888; x_wconf 87' lang='lat' dir='ltr'>art.</span> <span class='ocrx_word' id='word_1_568' title='bbox 2506 2833 2561 2897; x_wconf 81' lang='lat'>2,</span> <span class='ocrx_word' id='word_1_569' title='bbox 2604 2830 2695 2887; x_wconf 88' lang='lat' dir='ltr'>his</span> <span class='ocrx_word' id='word_1_570' title='bbox 2715 2828 2946 2888; x_wconf 84' lang='lat' dir='ltr'>verbis:</span> <span class='ocrx_word' id='word_1_571' title='bbox 2978 2830 3168 2896; x_wconf 75' lang='lat' dir='ltr'>«Quia</span> 
     </span>
     <span class='ocr_line' id='line_1_87' title="bbox 1804 2909 3167 2985; baseline 0.001 -20"><span class='ocrx_word' id='word_1_572' title='bbox 1804 2933 1833 2965; x_wconf 69' lang='grc' dir='ltr'><strong>α</strong></span> <span class='ocrx_word' id='word_1_573' title='bbox 1873 2909 2146 2985; x_wconf 88' lang='lat' dir='ltr'>obligatio</span> <span class='ocrx_word' id='word_1_574' title='bbox 2173 2926 2355 2983; x_wconf 84' lang='lat' dir='ltr'>poenae</span> <span class='ocrx_word' id='word_1_575' title='bbox 2378 2909 2801 2984; x_wconf 88' lang='lat' dir='ltr'>quodammodo</span> <span class='ocrx_word' id='word_1_576' title='bbox 2840 2915 2926 2967; x_wconf 92' lang='lat' dir='ltr'>est</span> <span class='ocrx_word' id='word_1_577' title='bbox 2972 2909 3167 2968; x_wconf 89' lang='lat' dir='ltr'>media</span> 
     </span>
     <span class='ocr_line' id='line_1_88' title="bbox 1803 2991 3166 3066; baseline 0.001 -20"><span class='ocrx_word' id='word_1_578' title='bbox 1803 3014 1832 3046; x_wconf 69' lang='grc' dir='ltr'><strong>α</strong></span> <span class='ocrx_word' id='word_1_579' title='bbox 1872 2992 2026 3050; x_wconf 89' lang='lat' dir='ltr'>inter</span> <span class='ocrx_word' id='word_1_580' title='bbox 2063 2994 2313 3066; x_wconf 89' lang='lat' dir='ltr'>culpam,</span> <span class='ocrx_word' id='word_1_581' title='bbox 2364 2999 2422 3049; x_wconf 90' lang='lat' dir='ltr'>et</span> <span class='ocrx_word' id='word_1_582' title='bbox 2462 3008 2689 3065; x_wconf 88' lang='lat' dir='ltr'>poenam</span> <span class='ocrx_word' id='word_1_583' title='bbox 2723 3013 2738 3048; x_wconf 76' lang='lat' dir='ltr'><strong><em>z</em></strong></span> <span class='ocrx_word' id='word_1_584' title='bbox 2776 2991 2912 3049; x_wconf 86' lang='lat' dir='ltr'>ideo</span> <span class='ocrx_word' id='word_1_585' title='bbox 2952 3008 3166 3050; x_wconf 91' lang='lat' dir='ltr'>nomen</span> 
     </span>
     <span class='ocr_line' id='line_1_89' title="bbox 1801 3072 3169 3142; baseline 0.002 -16"><span class='ocrx_word' id='word_1_586' title='bbox 1801 3094 1829 3126; x_wconf 72' lang='grc' dir='ltr'><strong>α</strong></span> <span class='ocrx_word' id='word_1_587' title='bbox 1876 3072 2055 3131; x_wconf 91' lang='lat' dir='ltr'>medii</span> <span class='ocrx_word' id='word_1_588' title='bbox 2077 3074 2497 3130; x_wconf 88' lang='lat' dir='ltr'>transmittitur</span> <span class='ocrx_word' id='word_1_589' title='bbox 2521 3073 2592 3130; x_wconf 91' lang='lat' dir='ltr'>ad</span> <span class='ocrx_word' id='word_1_590' title='bbox 2611 3078 2959 3142; x_wconf 90' lang='lat' dir='ltr'>extremum,</span> <span class='ocrx_word' id='word_1_591' title='bbox 2991 3079 3054 3131; x_wconf 92' lang='lat' dir='ltr'>ut</span> <span class='ocrx_word' id='word_1_592' title='bbox 3073 3074 3169 3130; x_wconf 86' lang='lat' dir='ltr'>in-</span> 
     </span>
    </p>

    <p class='ocr_par' dir='ltr' id='par_1_10' title="bbox 1802 3152 3169 3290">
     <span class='ocr_line' id='line_1_90' title="bbox 1802 3152 3169 3227; baseline 0.002 -21"><span class='ocrx_word' id='word_1_593' title='bbox 1802 3175 1830 3206; x_wconf 71' lang='grc' dir='ltr'><strong><em>κ</em></strong></span> <span class='ocrx_word' id='word_1_594' title='bbox 1871 3152 2103 3211; x_wconf 90' lang='lat' dir='ltr'>terdum</span> <span class='ocrx_word' id='word_1_595' title='bbox 2136 3154 2259 3226; x_wconf 90' lang='lat' dir='ltr'>ipsa</span> <span class='ocrx_word' id='word_1_596' title='bbox 2282 3155 2467 3227; x_wconf 89' lang='lat' dir='ltr'>culpa,</span> <span class='ocrx_word' id='word_1_597' title='bbox 2502 3154 2594 3210; x_wconf 91' lang='lat' dir='ltr'>vel</span> <span class='ocrx_word' id='word_1_598' title='bbox 2623 3169 2808 3227; x_wconf 86' lang='lat' dir='ltr'>poeua,</span> <span class='ocrx_word' id='word_1_599' title='bbox 2859 3159 3051 3212; x_wconf 89' lang='lat' dir='ltr'>reatus</span> <span class='ocrx_word' id='word_1_600' title='bbox 3075 3152 3169 3210; x_wconf 91' lang='lat' dir='ltr'>di-</span> 
     </span>
     <span class='ocr_line' id='line_1_91' title="bbox 1802 3238 2531 3290; baseline 0.007 -5"><span class='ocrx_word' id='word_1_601' title='bbox 1802 3254 1830 3285; x_wconf 78' lang='lat'><strong>«</strong></span> <span class='ocrx_word' id='word_1_602' title='bbox 1873 3238 2056 3290; x_wconf 85' lang='lat' dir='ltr'>catur.</span> <span class='ocrx_word' id='word_1_603' title='bbox 2526 3263 2531 3272; x_wconf 85' lang='lat'>.</span> 
     </span>
    </p>

    <p class='ocr_par' dir='ltr' id='par_1_11' title="bbox 1793 3315 3176 4353">
     <span class='ocr_line' id='line_1_92' title="bbox 1871 3315 3163 3389; baseline 0.001 -19"><span class='ocrx_word' id='word_1_604' title='bbox 1871 3315 1958 3370; x_wconf 86' lang='lat' dir='ltr'>Ad</span> <span class='ocrx_word' id='word_1_605' title='bbox 1983 3315 2479 3373; x_wconf 84' lang='lat' dir='ltr'>confirmationem</span> <span class='ocrx_word' id='word_1_606' title='bbox 2523 3315 2785 3389; x_wconf 88' lang='lat' dir='ltr'>neganda</span> <span class='ocrx_word' id='word_1_607' title='bbox 2819 3320 2905 3372; x_wconf 87' lang='lat' dir='ltr'>est</span> <span class='ocrx_word' id='word_1_608' title='bbox 2944 3315 3163 3382; x_wconf 89' lang='lat' dir='ltr'>minor,</span> 
     </span>
     <span class='ocr_line' id='line_1_93' title="bbox 1797 3394 3168 3469; baseline 0.001 -19"><span class='ocrx_word' id='word_1_609' title='bbox 1797 3394 1932 3467; x_wconf 90' lang='lat' dir='ltr'>quia</span> <span class='ocrx_word' id='word_1_610' title='bbox 1951 3394 2103 3467; x_wconf 89' lang='lat' dir='ltr'>quod</span> <span class='ocrx_word' id='word_1_611' title='bbox 2131 3396 2321 3469; x_wconf 92' lang='lat' dir='ltr'>primo</span> <span class='ocrx_word' id='word_1_612' title='bbox 2350 3409 2451 3467; x_wconf 87' lang='lat' dir='ltr'>per</span> <span class='ocrx_word' id='word_1_613' title='bbox 2477 3400 2664 3451; x_wconf 89' lang='lat' dir='ltr'>actum</span> <span class='ocrx_word' id='word_1_614' title='bbox 2679 3395 3048 3452; x_wconf 88' lang='lat' dir='ltr'>meritorium</span> <span class='ocrx_word' id='word_1_615' title='bbox 3078 3395 3168 3452; x_wconf 92' lang='lat' dir='ltr'>in-</span> 
     </span>
     <span class='ocr_line' id='line_1_94' title="bbox 1799 3471 3164 3546; baseline 0.001 -19"><span class='ocrx_word' id='word_1_616' title='bbox 1799 3471 2044 3541; x_wconf 88' lang='lat' dir='ltr'>ducitur,</span> <span class='ocrx_word' id='word_1_617' title='bbox 2072 3490 2190 3531; x_wconf 91' lang='lat' dir='ltr'>non</span> <span class='ocrx_word' id='word_1_618' title='bbox 2215 3479 2300 3531; x_wconf 89' lang='lat' dir='ltr'>est</span> <span class='ocrx_word' id='word_1_619' title='bbox 2345 3473 2636 3546; x_wconf 90' lang='lat' dir='ltr'>deputatio</span> <span class='ocrx_word' id='word_1_620' title='bbox 2681 3474 3023 3539; x_wconf 89' lang='lat' dir='ltr'>extrinseca,</span> <span class='ocrx_word' id='word_1_621' title='bbox 3071 3476 3164 3531; x_wconf 92' lang='lat' dir='ltr'>vel</span> 
     </span>
     <span class='ocr_line' id='line_1_95' title="bbox 1793 3553 3167 3627; baseline 0 -19"><span class='ocrx_word' id='word_1_622' title='bbox 1793 3553 1890 3627; x_wconf 87' lang='lat' dir='ltr'>jus</span> <span class='ocrx_word' id='word_1_623' title='bbox 1911 3554 2243 3625; x_wconf 87' lang='lat' dir='ltr'>proximum</span> <span class='ocrx_word' id='word_1_624' title='bbox 2272 3553 2343 3610; x_wconf 95' lang='lat' dir='ltr'>ad</span> <span class='ocrx_word' id='word_1_625' title='bbox 2363 3554 2611 3627; x_wconf 89' lang='lat' dir='ltr'>gloriam</span> <span class='ocrx_word' id='word_1_626' title='bbox 2640 3576 2655 3619; x_wconf 85' lang='lat'>;</span> <span class='ocrx_word' id='word_1_627' title='bbox 2684 3553 2781 3610; x_wconf 92' lang='lat' dir='ltr'>sed</span> <span class='ocrx_word' id='word_1_628' title='bbox 2805 3559 2888 3609; x_wconf 91' lang='lat' dir='ltr'>est</span> <span class='ocrx_word' id='word_1_629' title='bbox 2916 3567 3083 3620; x_wconf 87' lang='lat' dir='ltr'>nova,</span> <span class='ocrx_word' id='word_1_630' title='bbox 3109 3558 3167 3611; x_wconf 91' lang='lat' dir='ltr'>et</span> 
     </span>
     <span class='ocr_line' id='line_1_96' title="bbox 1799 3634 3169 3709; baseline 0 -19"><span class='ocrx_word' id='word_1_631' title='bbox 1799 3634 1988 3708; x_wconf 87' lang='lat' dir='ltr'>major</span> <span class='ocrx_word' id='word_1_632' title='bbox 2012 3635 2217 3708; x_wconf 88' lang='lat' dir='ltr'>gratia,</span> <span class='ocrx_word' id='word_1_633' title='bbox 2257 3635 2462 3690; x_wconf 87' lang='lat' dir='ltr'>saltem</span> <span class='ocrx_word' id='word_1_634' title='bbox 2490 3635 2555 3690; x_wconf 91' lang='lat' dir='ltr'>in</span> <span class='ocrx_word' id='word_1_635' title='bbox 2580 3649 2702 3691; x_wconf 90' lang='lat' dir='ltr'>esse</span> <span class='ocrx_word' id='word_1_636' title='bbox 2725 3634 2926 3709; x_wconf 78' lang='lat' dir='ltr'>gratias</span> <span class='ocrx_word' id='word_1_637' title='bbox 2951 3654 2965 3691; x_wconf 76' lang='lat' dir='ltr'>z</span> <span class='ocrx_word' id='word_1_638' title='bbox 2992 3649 3169 3708; x_wconf 89' lang='lat' dir='ltr'>auge·-</span> 
     </span>
     <span class='ocr_line' id='line_1_97' title="bbox 1800 3713 3169 3788; baseline 0 -18"><span class='ocrx_word' id='word_1_639' title='bbox 1800 3719 1897 3770; x_wconf 88' lang='lat' dir='ltr'>tur</span> <span class='ocrx_word' id='word_1_640' title='bbox 1917 3714 2079 3772; x_wconf 91' lang='lat' dir='ltr'>enim</span> <span class='ocrx_word' id='word_1_641' title='bbox 2108 3730 2209 3787; x_wconf 90' lang='lat' dir='ltr'>per</span> <span class='ocrx_word' id='word_1_642' title='bbox 2236 3713 2550 3788; x_wconf 91' lang='lat' dir='ltr'>quemlibet</span> <span class='ocrx_word' id='word_1_643' title='bbox 2573 3720 2762 3770; x_wconf 90' lang='lat' dir='ltr'>actum</span> <span class='ocrx_word' id='word_1_644' title='bbox 2796 3713 3169 3771; x_wconf 88' lang='lat' dir='ltr'>meritorium</span> 
     </span>
     <span class='ocr_line' id='line_1_98' title="bbox 1799 3794 3169 3870; baseline -0.001 -18"><span class='ocrx_word' id='word_1_645' title='bbox 1799 3795 1988 3870; x_wconf 80' lang='lat' dir='ltr'>gratia</span> <span class='ocrx_word' id='word_1_646' title='bbox 2015 3797 2407 3869; x_wconf 61' lang='lat' dir='ltr'>praeexistens,</span> <span class='ocrx_word' id='word_1_647' title='bbox 2438 3800 2500 3850; x_wconf 90' lang='lat' dir='ltr'>ut</span> <span class='ocrx_word' id='word_1_648' title='bbox 2530 3802 2774 3850; x_wconf 80' lang='lat' dir='ltr'>tractatu</span> <span class='ocrx_word' id='word_1_649' title='bbox 2812 3813 2917 3869; x_wconf 80' lang='lat' dir='ltr'>seq.</span> <span class='ocrx_word' id='word_1_650' title='bbox 2947 3794 3088 3868; x_wconf 73' lang='lat' dir='ltr'>disp.</span> <span class='ocrx_word' id='word_1_651' title='bbox 3113 3796 3169 3865; x_wconf 81' lang='lat'>4,</span> 
     </span>
     <span class='ocr_line' id='line_1_99' title="bbox 1800 3875 3174 3950; baseline 0.001 -18"><span class='ocrx_word' id='word_1_652' title='bbox 1800 3877 1929 3934; x_wconf 75' lang='lat' dir='ltr'>dub.</span> <span class='ocrx_word' id='word_1_653' title='bbox 1954 3878 2008 3944; x_wconf 90' lang='lat'>5,</span> <span class='ocrx_word' id='word_1_654' title='bbox 2046 3875 2484 3934; x_wconf 90' lang='lat' dir='ltr'>declarabimus.</span> <span class='ocrx_word' id='word_1_655' title='bbox 2535 3879 2605 3932; x_wconf 88' lang='lat' dir='ltr'>Et</span> <span class='ocrx_word' id='word_1_656' title='bbox 2651 3877 2754 3933; x_wconf 94' lang='lat' dir='ltr'>hoc</span> <span class='ocrx_word' id='word_1_657' title='bbox 2799 3881 3174 3950; x_wconf 88' lang='lat' dir='ltr'>augmentum</span> 
     </span>
     <span class='ocr_line' id='line_1_100' title="bbox 1800 3955 3175 4033; baseline -0.003 -19"><span class='ocrx_word' id='word_1_658' title='bbox 1800 3957 2001 4033; x_wconf 84' lang='lat' dir='ltr'>gratiae</span> <span class='ocrx_word' id='word_1_659' title='bbox 2018 3962 2103 4014; x_wconf 84' lang='lat' dir='ltr'>est</span> <span class='ocrx_word' id='word_1_660' title='bbox 2119 3956 2284 4013; x_wconf 87' lang='lat' dir='ltr'>radix</span> <span class='ocrx_word' id='word_1_661' title='bbox 2305 3957 2623 4014; x_wconf 87' lang='lat' dir='ltr'>intrinseca</span> <span class='ocrx_word' id='word_1_662' title='bbox 2632 3956 2684 4030; x_wconf 88' lang='lat' dir='ltr'>ej</span> <span class='ocrx_word' id='word_1_663' title='bbox 2693 3972 2758 4011; x_wconf 90' lang='lat' dir='ltr'>us</span> <span class='ocrx_word' id='word_1_664' title='bbox 2779 3955 3175 4029; x_wconf 90' lang='lat' dir='ltr'>dispositionis</span> 
     </span>
     <span class='ocr_line' id='line_1_101' title="bbox 1805 4034 3174 4112; baseline -0.002 -18"><span class='ocrx_word' id='word_1_665' title='bbox 1805 4038 2084 4112; x_wconf 74' lang='lat' dir='ltr'>proximae</span> <span class='ocrx_word' id='word_1_666' title='bbox 2110 4081 2123 4104; x_wconf 93' lang='lat'>,</span> <span class='ocrx_word' id='word_1_667' title='bbox 2177 4054 2289 4110; x_wconf 87' lang='lat' dir='ltr'>qua</span> <span class='ocrx_word' id='word_1_668' title='bbox 2337 4038 2509 4094; x_wconf 92' lang='lat' dir='ltr'>homo</span> <span class='ocrx_word' id='word_1_669' title='bbox 2545 4038 2731 4112; x_wconf 77' lang='lat' dir='ltr'>Justus</span> <span class='ocrx_word' id='word_1_670' title='bbox 2776 4035 2839 4092; x_wconf 88' lang='lat' dir='ltr'>fit</span> <span class='ocrx_word' id='word_1_671' title='bbox 2877 4036 3063 4108; x_wconf 90' lang='lat' dir='ltr'>aptior</span> <span class='ocrx_word' id='word_1_672' title='bbox 3104 4034 3174 4092; x_wconf 86' lang='lat' dir='ltr'>ad</span> 
     </span>
     <span class='ocr_line' id='line_1_102' title="bbox 1802 4115 3176 4194; baseline -0.003 -19"><span class='ocrx_word' id='word_1_673' title='bbox 1802 4119 2089 4192; x_wconf 90' lang='lat' dir='ltr'>majorem</span> <span class='ocrx_word' id='word_1_674' title='bbox 2108 4119 2377 4194; x_wconf 88' lang='lat' dir='ltr'>gloriam.</span> <span class='ocrx_word' id='word_1_675' title='bbox 2424 4117 2580 4173; x_wconf 90' lang='lat' dir='ltr'>Idem</span> <span class='ocrx_word' id='word_1_676' title='bbox 2603 4132 2739 4191; x_wconf 90' lang='lat' dir='ltr'>ergo</span> <span class='ocrx_word' id='word_1_677' title='bbox 2767 4115 3176 4189; x_wconf 88' lang='lat' dir='ltr'>proportiona-</span> 
     </span>
     <span class='ocr_line' id='line_1_103' title="bbox 1803 4195 3174 4273; baseline -0.002 -18"><span class='ocrx_word' id='word_1_678' title='bbox 1803 4198 2001 4257; x_wconf 88' lang='lat' dir='ltr'>biliter</span> <span class='ocrx_word' id='word_1_679' title='bbox 2023 4198 2094 4257; x_wconf 90' lang='lat' dir='ltr'>de</span> <span class='ocrx_word' id='word_1_680' title='bbox 2114 4205 2241 4257; x_wconf 89' lang='lat' dir='ltr'>actu</span> <span class='ocrx_word' id='word_1_681' title='bbox 2290 4198 2704 4273; x_wconf 86' lang='lat' dir='ltr'>peccaminoso,</span> <span class='ocrx_word' id='word_1_682' title='bbox 2729 4201 2786 4255; x_wconf 90' lang='lat' dir='ltr'>et</span> <span class='ocrx_word' id='word_1_683' title='bbox 2812 4201 3035 4270; x_wconf 88' lang='lat' dir='ltr'>peccato</span> <span class='ocrx_word' id='word_1_684' title='bbox 3060 4195 3174 4252; x_wconf 88' lang='lat' dir='ltr'>ha-</span> 
     </span>
     <span class='ocr_line' id='line_1_104' title="bbox 1804 4276 3166 4353; baseline -0.004 -16"><span class='ocrx_word' id='word_1_685' title='bbox 1804 4278 2012 4337; x_wconf 89' lang='lat' dir='ltr'>bituali</span> <span class='ocrx_word' id='word_1_686' title='bbox 2040 4279 2355 4353; x_wconf 85' lang='lat' dir='ltr'>respective</span> <span class='ocrx_word' id='word_1_687' title='bbox 2377 4278 2449 4335; x_wconf 90' lang='lat' dir='ltr'>ad</span> <span class='ocrx_word' id='word_1_688' title='bbox 2472 4294 2699 4352; x_wconf 87' lang='lat' dir='ltr'>poenam</span> <span class='ocrx_word' id='word_1_689' title='bbox 2727 4276 3036 4334; x_wconf 89' lang='lat' dir='ltr'>dicendum</span> <span class='ocrx_word' id='word_1_690' title='bbox 3062 4281 3166 4333; x_wconf 90' lang='lat' dir='ltr'>est.</span> 
     </span>
    </p>

    <p class='ocr_par' dir='ltr' id='par_1_12' title="bbox 1803 4358 3375 5077">
     <span class='ocr_line' id='line_1_105' title="bbox 1887 4358 3375 4431; baseline -0.002 -13"><span class='ocrx_word' id='word_1_691' title='bbox 1887 4362 1971 4418; x_wconf 85' lang='grc'>18.</span> <span class='ocrx_word' id='word_1_692' title='bbox 2015 4360 2294 4425; x_wconf 88' lang='lat' dir='ltr'>Quamvis</span> <span class='ocrx_word' id='word_1_693' title='bbox 2314 4374 2518 4417; x_wconf 85' lang='lat' dir='ltr'>omnes</span> <span class='ocrx_word' id='word_1_694' title='bbox 2543 4359 2849 4431; x_wconf 89' lang='lat' dir='ltr'>opiniones</span> <span class='ocrx_word' id='word_1_695' title='bbox 2895 4358 3170 4415; x_wconf 89' lang='lat' dir='ltr'>hactenus</span> <span class='ocrx_word' id='word_1_696' title='bbox 3187 4380 3375 4426; x_wconf 77' lang='lat' dir='ltr'>Primum</span> 
     </span>
     <span class='ocr_line' id='line_1_106' title="bbox 1805 4439 3369 4524; baseline -0.001 -24"><span class='ocrx_word' id='word_1_697' title='bbox 1805 4443 2003 4500; x_wconf 79' lang='lat' dir='ltr'>relatae</span> <span class='ocrx_word' id='word_1_698' title='bbox 2015 4442 2154 4499; x_wconf 88' lang='lat' dir='ltr'>satis</span> <span class='ocrx_word' id='word_1_699' title='bbox 2175 4442 2330 4499; x_wconf 87' lang='lat' dir='ltr'>inter</span> <span class='ocrx_word' id='word_1_700' title='bbox 2352 4457 2414 4498; x_wconf 90' lang='lat' dir='ltr'>se</span> <span class='ocrx_word' id='word_1_701' title='bbox 2440 4439 2774 4505; x_wconf 90' lang='lat' dir='ltr'>dissideant,</span> <span class='ocrx_word' id='word_1_702' title='bbox 2822 4439 3172 4498; x_wconf 85' lang='lat' dir='ltr'>fulciantur·</span> <span class='ocrx_word' id='word_1_703' title='bbox 3187 4440 3280 4524; x_wconf 55' lang='lat' dir='ltr'>mgni</span> <span class='ocrx_word' id='word_1_704' title='bbox 3302 4439 3369 4524; x_wconf 48' lang='grc' dir='ltr'>ὣς,</span> 
     </span>
     <span class='ocr_line' id='line_1_107' title="bbox 1803 4519 3367 4596; baseline -0.004 -17"><span class='ocrx_word' id='word_1_705' title='bbox 1803 4538 1915 4596; x_wconf 87' lang='lat' dir='ltr'>que</span> <span class='ocrx_word' id='word_1_706' title='bbox 1963 4521 2353 4595; x_wconf 87' lang='lat' dir='ltr'>peculiaribus</span> <span class='ocrx_word' id='word_1_707' title='bbox 2377 4519 2789 4587; x_wconf 77' lang='lat' dir='ltr'>fundamentis,</span> <span class='ocrx_word' id='word_1_708' title='bbox 2822 4535 2947 4594; x_wconf 77' lang='lat' dir='ltr'>quae</span> <span class='ocrx_word' id='word_1_709' title='bbox 2972 4520 3168 4578; x_wconf 88' lang='lat' dir='ltr'>hucus·</span> <span class='ocrx_word' id='word_1_710' title='bbox 3204 4529 3367 4587; x_wconf 64' lang='lat' dir='ltr'>attente</span> 
     </span>
     <span class='ocr_line' id='line_1_108' title="bbox 1805 4588 3371 4678; baseline -0.001 -17"><span class='ocrx_word' id='word_1_711' title='bbox 1805 4619 1916 4678; x_wconf 86' lang='lat' dir='ltr'>que</span> <span class='ocrx_word' id='word_1_712' title='bbox 1936 4603 2217 4660; x_wconf 89' lang='lat' dir='ltr'>diluimus</span> <span class='ocrx_word' id='word_1_713' title='bbox 2236 4627 2252 4671; x_wconf 66' lang='grc' dir='ltr'><strong><em>ς</em></strong></span> <span class='ocrx_word' id='word_1_714' title='bbox 2275 4602 2631 4661; x_wconf 88' lang='lat' dir='ltr'>conveniunt</span> <span class='ocrx_word' id='word_1_715' title='bbox 2667 4606 2864 4658; x_wconf 91' lang='lat' dir='ltr'>tamen</span> <span class='ocrx_word' id='word_1_716' title='bbox 2913 4601 2980 4657; x_wconf 92' lang='lat' dir='ltr'>in</span> <span class='ocrx_word' id='word_1_717' title='bbox 3017 4616 3173 4660; x_wconf 87' lang='lat' dir='ltr'>asse-</span> <span class='ocrx_word' id='word_1_718' title='bbox 3189 4588 3371 4672; x_wconf 48' lang='lat' dir='ltr'>„¹322ss</span> 
     </span>
     <span class='ocr_line' id='line_1_109' title="bbox 1807 4678 3362 4771; baseline -0.003 -27"><span class='ocrx_word' id='word_1_719' title='bbox 1807 4683 2162 4756; x_wconf 85' lang='lat' dir='ltr'>rendo,quod</span> <span class='ocrx_word' id='word_1_720' title='bbox 2178 4688 2466 4756; x_wconf 90' lang='lat' dir='ltr'>peccatum</span> <span class='ocrx_word' id='word_1_721' title='bbox 2477 4680 2772 4739; x_wconf 86' lang='lat' dir='ltr'>habituale</span> <span class='ocrx_word' id='word_1_722' title='bbox 2785 4695 2902 4738; x_wconf 91' lang='lat' dir='ltr'>non</span> <span class='ocrx_word' id='word_1_723' title='bbox 2917 4682 3176 4740; x_wconf 87' lang='lat' dir='ltr'>consistit</span> <span class='ocrx_word' id='word_1_724' title='bbox 3216 4678 3362 4771; x_wconf 52' lang='lat'>⁵32⁰·</span> 
     </span>
     <span class='ocr_line' id='line_1_110' title="bbox 1807 4755 3340 4838; baseline -0.002 -14"><span class='ocrx_word' id='word_1_725' title='bbox 1807 4764 2134 4826; x_wconf 88' lang='lat' dir='ltr'>formaliter</span> <span class='ocrx_word' id='word_1_726' title='bbox 2160 4763 2225 4820; x_wconf 92' lang='lat' dir='ltr'>in</span> <span class='ocrx_word' id='word_1_727' title='bbox 2246 4764 2369 4821; x_wconf 88' lang='lat' dir='ltr'>sola</span> <span class='ocrx_word' id='word_1_728' title='bbox 2390 4763 2716 4838; x_wconf 89' lang='lat' dir='ltr'>privatione</span> <span class='ocrx_word' id='word_1_729' title='bbox 2734 4763 2934 4836; x_wconf 78' lang='lat' dir='ltr'>gratiae</span> <span class='ocrx_word' id='word_1_730' title='bbox 2958 4763 3176 4822; x_wconf 85' lang='lat' dir='ltr'>sancti·</span> <span class='ocrx_word' id='word_1_731' title='bbox 3330 4755 3340 4765; x_wconf 81' lang='lat'>&#39;</span> 
     </span>
     <span class='ocr_line' id='line_1_111' title="bbox 1807 4843 3178 4921; baseline -0.003 -15"><span class='ocrx_word' id='word_1_732' title='bbox 1807 4846 2032 4906; x_wconf 78' lang='lat' dir='ltr'>ficantis</span> <span class='ocrx_word' id='word_1_733' title='bbox 2044 4869 2059 4913; x_wconf 91' lang='lat'>;</span> <span class='ocrx_word' id='word_1_734' title='bbox 2082 4850 2139 4901; x_wconf 88' lang='lat' dir='ltr'>et</span> <span class='ocrx_word' id='word_1_735' title='bbox 2158 4844 2263 4902; x_wconf 90' lang='lat' dir='ltr'>hoc</span> <span class='ocrx_word' id='word_1_736' title='bbox 2290 4844 2537 4919; x_wconf 89' lang='lat' dir='ltr'>probant</span> <span class='ocrx_word' id='word_1_737' title='bbox 2572 4843 2980 4902; x_wconf 87' lang='lat' dir='ltr'>communibus</span> <span class='ocrx_word' id='word_1_738' title='bbox 3000 4860 3178 4921; x_wconf 89' lang='lat' dir='ltr'>argu-</span> 
     </span>
     <span class='ocr_line' id='line_1_112' title="bbox 1807 4925 3180 5002; baseline -0.004 -14"><span class='ocrx_word' id='word_1_739' title='bbox 1807 4928 2041 4995; x_wconf 90' lang='lat' dir='ltr'>mentis,</span> <span class='ocrx_word' id='word_1_740' title='bbox 2065 4942 2190 5002; x_wconf 81' lang='lat' dir='ltr'>quae</span> <span class='ocrx_word' id='word_1_741' title='bbox 2216 4926 2459 5001; x_wconf 89' lang='lat' dir='ltr'>proinde</span> <span class='ocrx_word' id='word_1_742' title='bbox 2477 4925 2549 4984; x_wconf 91' lang='lat' dir='ltr'>ad</span> <span class='ocrx_word' id='word_1_743' title='bbox 2590 4926 2746 4983; x_wconf 86' lang='lat' dir='ltr'>hunc</span> <span class='ocrx_word' id='word_1_744' title='bbox 2771 4927 2960 4984; x_wconf 90' lang='lat' dir='ltr'>locum</span> <span class='ocrx_word' id='word_1_745' title='bbox 2988 4940 3180 4985; x_wconf 86' lang='lat' dir='ltr'>reser-</span> 
     </span>
     <span class='ocr_line' id='line_1_113' title="bbox 1811 5004 3179 5077; baseline -0.004 -8"><span class='ocrx_word' id='word_1_746' title='bbox 1811 5009 2102 5076; x_wconf 86' lang='lat' dir='ltr'>vavimus,</span> <span class='ocrx_word' id='word_1_747' title='bbox 2130 5012 2194 5064; x_wconf 92' lang='lat' dir='ltr'>ut</span> <span class='ocrx_word' id='word_1_748' title='bbox 2211 5007 2296 5065; x_wconf 90' lang='lat' dir='ltr'>eis</span> <span class='ocrx_word' id='word_1_749' title='bbox 2314 5007 2515 5077; x_wconf 88' lang='lat' dir='ltr'>simul,</span> <span class='ocrx_word' id='word_1_750' title='bbox 2546 5021 2612 5064; x_wconf 90' lang='lat' dir='ltr'>ac</span> <span class='ocrx_word' id='word_1_751' title='bbox 2636 5004 2893 5065; x_wconf 82' lang='lat' dir='ltr'>breviter</span> <span class='ocrx_word' id='word_1_752' title='bbox 2912 5021 3179 5066; x_wconf 82' lang='lat' dir='ltr'>occurra-</span> 
     </span>
    </p>
   </div>
  </div>
 </body>
</html>
