3647 5753
444 437 557 493 686
1483 432 1577 487 DE
1616 431 1921 487 NATURA
1957 430 2237 486 MERITI.

453 635 480 665 α
533 612 828 685 pertinens
897 612 968 669 ad
1027 611 1421 670 damnationis
1475 625 1724 684 poenam.
1776 629 1801 661 n

224 702 434 745 Aliudar·
521 695 613 750 35.
658 693 914 752 Secundo
942 694 1217 768 probatur
1248 712 1260 747 :
1292 694 1569 767 quoniam
1608 691 1807 747 Chris-

238 761 407 845 mffiw
445 783 537 834 tus
565 777 975 851 perfectissime
1015 779 1231 836 meruit
1255 777 1387 846 sibi,
1431 780 1489 833 et
1530 774 1715 842 nobiS,
1745 779 1809 830 ut

442 865 529 916 est
579 857 903 915 communis
950 861 1222 926 Patrum,
1272 864 1326 916 et
1383 857 1805 930 Theologorum

440 942 729 998 sententia
756 963 768 997 z
794 946 850 999 at
871 940 1131 998 Christus
1152 941 1432 998 Dominus
1452 951 1678 1008 semper
1699 935 1807 991 fuit

439 1023 905 1094 comprehensor,
936 1028 994 1079 et
1033 1023 1442 1095 consequenter
1485 1024 1649 1075 extra
1686 1021 1805 1073 sta-

442 1109 565 1160 tum
597 1106 704 1161 viee
730 1120 902 1181 :ergo
927 1110 1107 1161 status
1128 1105 1219 1162 hic
1248 1119 1366 1161 non
1395 1102 1713 1174 requiritur
1735 1099 1805 1156 ad

443 1186 741 1247 meritum.

513 1270 903 1328 confirmatur
937 1293 951 1328 ε
979 1288 1118 1329 nam
1148 1271 1220 1329 ab
1248 1269 1487 1328 instanti
1516 1284 1632 1325 suae
1653 1282 1806 1324 mor-

439 1350 514 1405 tis
567 1356 785 1407 certum
829 1356 912 1408 est
958 1352 1250 1409 Christum
1310 1349 1624 1407 Dominum
1686 1363 1804 1404 non

441 1430 618 1487 fuisse
643 1431 958 1504 viatorem;
998 1438 1055 1489 et
1080 1437 1275 1489 tamen
1300 1431 1362 1487 in
1390 1431 1495 1487 illo
1537 1429 1798 1494 instanti,

439 1517 495 1568 et
534 1516 658 1585 post
698 1512 844 1568 illud
885 1514 1139 1570 meruit:
1171 1528 1326 1588 ergo,
1372 1518 1477 1569 etc.
1518 1510 1806 1567 Probatur

437 1595 634 1653 minor
666 1616 680 1651 t
710 1601 831 1652 tum
869 1598 1006 1669 quia
1040 1596 1257 1654 meruit
1295 1611 1397 1667 per
1425 1595 1610 1667 ipsam
1640 1609 1800 1650 mor-

437 1684 573 1744 tem,
595 1679 758 1752 juxta
785 1680 959 1737 illud:
980 1680 1240 1737 obediens
1265 1696 1432 1756 usque
1457 1677 1532 1732 acl
1552 1684 1798 1742 mortem,

430 1768 655 1833 propter
680 1764 839 1838 quod,
871 1770 968 1820 etc.
1007 1764 1156 1818 'rum
1196 1761 1332 1834 quia
1373 1777 1478 1818 nos
1520 1758 1801 1830 redempti

438 1856 639 1896 sumus
660 1857 691 1897 a
716 1842 952 1914 peccatis
981 1858 1081 1916 per
1106 1841 1470 1917 sanguinem,
1501 1839 1600 1912 qui
1627 1837 1697 1895 de
1724 1838 1805 1894 la-

439 1925 561 1978 tere
598 1922 811 1978 Christi
859 1926 978 1998 jam
1024 1924 1239 1980 mortui
1280 1924 1478 1979 lancea
1514 1919 1802 1993 perforato

221 2011 406 2104 1).Αυῖ
438 2001 605 2059 fluxit
644 2020 659 2056 ε
714 2003 786 2062 01)
831 2004 1003 2078 idque
1062 2007 1296 2078 August.
1349 2009 1511 2059 tract.
1569 2002 1691 2068 121,
1741 2003 1803 2056 in

250 1276 411 1335 contir-

254 1332 397 1370 mano.

152 2099 158 2108 ,
221 2061 374 2103 1).Am

247 2111 291 2150 g,
312 2112 401 2154 ιω
436 2082 725 2153 Joannem,
758 2085 959 2142 Ambr.
1007 2085 1098 2142 lib.
1153 2089 1200 2154 l,
1235 2086 1301 2141 de
1325 2083 1720 2148 Sacram-entia,
1746 2085 1803 2138 et

252 2160 376 2211 ¹²³¹*-
437 2166 548 2223 Leo
589 2168 743 2238 Papa
782 2167 937 2239 epist.
982 2168 1038 2232 4,
1069 2184 1193 2240 cap.
1221 2169 1277 2234 6,
1311 2165 1604 2239 appellant
1631 2162 1801 2218 illum

434 2250 780 2324 sanguinem
834 2247 1247 2322 redemptionis
1287 2270 1300 2304 ε
1349 2251 1537 2303 actum
1585 2249 1796 2314 autem,

435 2345 548 2403 quo
569 2332 828 2387 Christus
851 2346 955 2406 nos
977 2330 1239 2397 redemit,
1275 2333 1495 2386 certum
1522 2330 1607 2384 est
1628 2325 1802 2382 fuisse

436 2415 805 2471 meritorium
835 2435 848 2470 :
877 2407 1032 2487 ergo,
1059 2419 1165 2470 etc.

215 2500 1363 2654 33³2?ss-0h¹r³55³22⁰ffl¹1²11¹1155m¹³1132¹ffi¹t
1403 2499 1554 2634 2325
1582 2499 1802 2633 3¹23&

236 2621 405 2705 ames·
440 2679 576 2737 pore
603 2664 857 2731 mortali,
885 2663 956 2719 ob
977 2664 1281 2735 specialem
1307 2661 1406 2719 Dei
1428 2658 1803 2732 dispensatio-

435 2758 571 2800 nem
599 2745 775 2799 simul
805 2744 980 2800 fuisse
1004 2743 1304 2809 viatorem,
1336 2746 1393 2799 et
1418 2740 1800 2813 comprehen-

434 2838 649 2881 sorem.
697 2825 765 2879 Et
808 2824 891 2881 sic
937 2823 1151 2880 mereri
1193 2822 1393 2897 potuit,
1428 2835 1545 2876 non
1582 2823 1642 2874 ut
1677 2824 1803 2875 erat

433 2905 906 2977 comprehensor,
963 2903 1061 2960 sed
1125 2909 1189 2960 ut
1251 2904 1459 2960 viator.
1530 2902 1801 2973 Separata

433 2990 625 3041 autem
673 2986 869 3042 anima
897 3000 931 3040 a
957 3000 1196 3058 corpore
1242 3000 1342 3058 per
1385 2986 1650 3050 mortem,
1681 2997 1800 3038 non

431 3065 544 3121 fuit
567 3065 814 3138 amplius
841 3065 1046 3133 viator,
1080 3064 1178 3123 sed
1207 3066 1393 3122 solum
1421 3062 1801 3135 comprehen-

430 3166 543 3218 sor,
575 3155 629 3206 et
656 3150 734 3205 ita
763 3154 886 3222 post
915 3156 1163 3208 mortem
1194 3164 1297 3205 nec
1334 3146 1465 3212 sihi,
1501 3162 1605 3204 nec
1628 3145 1800 3203 nobis

432 3230 683 3303 amplius
710 3232 945 3288 meruit.

222 3348 288 3391 Ad
307 3358 404 3392 eon·
506 3318 590 3374 Ad
618 3318 1120 3376 confirmationem
1138 3315 1511 3390 respondetur
1534 3313 1799 3390 negando

218 3398 418 3443 ¹¹¹·112110·
433 3399 756 3463 minorem,
806 3407 863 3458 et
907 3401 977 3458 ad
1032 3400 1432 3474 probationem
1496 3396 1800 3471 respondet

256 3458 367 3492 'mm‘
432 3484 498 3539 D.
523 3483 728 3541 Thom.
774 3486 809 3539 3
835 3492 981 3554 part.
1008 3491 1186 3557 quaest.
1212 3485 1303 3549 50,
1334 3490 1444 3540 art.
1473 3485 1528 3549 6,
1557 3483 1647 3538 his
1672 3499 1800 3540 ver·

434 3565 564 3622 bis:
599 3587 624 3619 «
669 3566 1003 3631 Dicendum,
1054 3564 1203 3640 quod
1242 3564 1314 3623 de
1352 3571 1538 3622 morte
1584 3566 1797 3622 Christi

439 3670 465 3702 α
507 3648 810 3722 dupliciter
853 3648 1009 3722 loqui
1059 3664 1359 3722 possumus
1404 3670 1418 3704 ε
1465 3664 1583 3706 uno
1628 3649 1798 3708 modo

438 3754 466 3785 α
506 3730 820 3788 secundum
867 3732 1016 3805 quod
1062 3737 1149 3788 est
1196 3732 1259 3788 in
1301 3730 1450 3799 fieri,
1485 3733 1599 3790 alio
1627 3733 1798 3791 modo

438 3838 464 3869 α
505 3813 818 3871 secundum
843 3814 992 3888 quod
1031 3820 1115 3872 est
1141 3817 1204 3873 in
1234 3815 1383 3873 facto
1404 3832 1545 3873 esse.
1577 3816 1798 3873 Dicitur

434 3918 461 3949 α
506 3901 695 3951 autem
723 3912 881 3952 mors
903 3912 1025 3953 esse
1053 3897 1115 3952 in
1153 3896 1301 3964 fieri,
1329 3896 1561 3971 quando
1584 3897 1798 3971 aliquis

434 4000 463 4030 α
507 3993 607 4050 per
629 3977 884 4049 aliquam
904 3978 1226 4051 passionem
1246 3977 1431 4036 tendit
1447 3979 1507 4035 in
1525 3984 1794 4043 mortem.

435 4080 464 4114 α
505 4060 576 4114 Et
621 4059 726 4114 hoc
769 4059 942 4116 modo
981 4058 1135 4115 idem
1175 4066 1260 4116 est
1299 4060 1453 4134 loqui
1502 4059 1573 4117 de
1613 4066 1798 4118 morte

436 4162 464 4193 α
507 4139 739 4208 Christi,
770 4145 826 4197 et
866 4134 936 4196 d'e
965 4141 1228 4212 passione
1255 4142 1437 4215 ipsius
1463 4166 1476 4200 z
1507 4145 1563 4197 et
1589 4156 1796 4198 secun-

435 4244 464 4277 «
503 4221 642 4279 dum
669 4224 821 4279 hunc
843 4221 1076 4280 modum
1099 4239 1257 4280 mors
1284 4223 1499 4280 Christi
1521 4239 1689 4280 causa
1714 4231 1798 4283 est

434 4327 461 4358 α
501 4305 703 4362 salutis
758 4309 983 4370 nostrae,
1040 4305 1355 4361 secundum
1415 4303 1474 4360 id
1519 4304 1669 4378 quod
1726 4305 1797 4363 de

433 4408 459 4438 cs
505 4387 767 4459 passione
792 4401 967 4458 supra
1008 4384 1223 4442 dictum
1271 4391 1356 4443 est
1391 4405 1417 4437 n
1451 4383 1530 4456 (id
1570 4390 1654 4441 est
1695 4403 1796 4459 per

426 4468 664 4525 modum
705 4468 923 4534 meriti,
966 4467 1392 4535 satisfactionis,
1429 4471 1486 4523 et
1528 4467 1795 4542 redemp-

426 4551 670 4622 tionis);
709 4573 733 4605 α
775 4549 875 4608 sed
922 4551 986 4606 in
1032 4549 1181 4608 facto
1218 4566 1339 4608 esse
1381 4566 1538 4607 mors
1579 4552 1794 4609 Christi

432 4655 459 4687 α
499 4630 895 4689 consideratur
940 4630 1255 4688 secundum
1300 4632 1449 4706 quod
1484 4632 1606 4707 jam
1648 4633 1796 4691 facta

432 4737 458 4768 α
499 4719 585 4772 est
603 4714 888 4786 separatio
916 4715 1190 4787 corporis,
1216 4720 1272 4770 et
1293 4715 1524 4771 animae.
1551 4717 1668 4772 Hoc
1688 4731 1795 4772 au-
1901 4718 1907 4725 “

428 4816 457 4848 α
499 4801 615 4853 tem
657 4794 826 4852 modo
868 4812 1022 4853 mors
1062 4795 1274 4851 Christi
1313 4812 1429 4853 non
1465 4800 1645 4869 potest
1671 4810 1796 4854 esse

429 4899 458 4930 α
498 4893 669 4934 causa
694 4876 897 4933 salutis
926 4882 1136 4934 nostras
1170 4893 1270 4951 per
1306 4877 1543 4934 modum
1572 4877 1789 4944 meriti,

429 4980 460 5010 a
502 4958 600 5016 sed
629 4974 728 5032 per
756 4957 993 5015 modum
1018 4958 1350 5025 efficientiae,
1383 4966 1488 5016 etc.
1522 4981 1548 5012 n

499 5039 587 5095 Ad
609 5036 916 5096 secundam
948 5040 1344 5113 probationem
1374 5041 1528 5098 dicas
1553 5040 1794 5116 sangui-

1943 624 2076 666 nem
2108 607 2253 664 illud
2281 609 2564 682 appellari
2586 606 3017 680 redemptionis,
3052 622 3175 664 non
3193 606 3321 665 fot*

1941 690 2197 756 maliter,
2228 689 2324 746 sed
2368 689 2661 763 objective,
2695 694 2973 762 quatenus
3009 705 3043 744 a
3081 687 3323 746 Christo

1941 773 2208 842 Domin0,
2263 788 2395 829 cum
2455 770 2641 829 adhuc
2686 772 2927 837 viveret,
2984 771 3096 826 fuit
3147 771 3314 827 Patri

1940 853 2165 910 oblatus
2205 867 2305 926 per
2330 853 2568 910 modum
2598 854 2769 926 pretii
2798 857 3007 910 nostrae
3037 850 3336 928 redemps

1940 937 2134 994 tionis.
2168 939 2254 994 Ex
2298 954 2410 1010 quo
2447 936 2529 1005 fit,
2559 936 2710 1009 quod
2747 952 2865 993 non
2906 935 3030 1008 ipsa
3070 935 3320 992 actualis

1939 1017 2140 1076 effusio
2178 1019 2484 1093 sanguinis
2515 1018 2859 1091 subsequuta
2888 1023 3011 1089 post
3038 1022 3308 1084 mortem,

1938 1098 2036 1156 sed
2064 1098 2279 1157 oblatio
2304 1101 2427 1174 ejus
2453 1100 2517 1156 in
2545 1099 2684 1165 vita,
2715 1115 2816 1156 seu
2844 1098 2909 1155 in
2938 1097 3032 1155 via
3060 1099 3313 1156 exercita

1939 1182 2115 1239 fuerit
2167 1183 2232 1239 in
2279 1182 2506 1240 Christo
2556 1187 2713 1239 actus
2762 1181 3195 1250 satisfactorias,
3253 1187 3314 1238 et

1939 1265 2295 1322 meritorius·

2012 1355 2105 1410 36.
2148 1354 2368 1411 Deinde
2405 1359 2603 1411 contra
2630 1352 2780 1410 dicta
2816 1355 2880 1411 in
2919 1353 3090 1411 tertia
3117 1368 3309 1410 asser-
3364 1347 3482 1408 4¹¹¹?

1935 1436 2095 1494 tione
2138 1437 2288 1494 circa
2338 1436 2886 1494 determinationem
2936 1441 3116 1492 status
3167 1436 3303 1503 viae,
3343 1398 3509 1492 ‘'Q''

1937 1525 2072 1575 sunt
2096 1520 2270 1576 etiam
2310 1519 2463 1577 varii
2507 1518 2662 1576 modi
2691 1518 2937 1576 dicendi.
2971 1522 3118 1574 Nam
3145 1518 3308 1574 Abu·

1937 1600 2116 1657 lensis
2141 1603 2331 1674 (quem
2362 1601 2537 1658 refert
2565 1602 2761 1673 Vasq.)
2780 1608 2965 1678 quaest.
2990 1602 3118 1667 566,
3143 1618 3308 1673 super

1936 1698 2056 1753 cap.
2101 1683 2175 1738 25
2234 1681 2502 1750 Mummi,
2553 1687 2781 1754 tempus
2826 1680 2938 1737 viae
2975 1680 3113 1736 dicit
3156 1696 3297 1746 esse,

1936 1761 2192 1835 quandiu
2222 1762 2377 1818 adest
2407 1765 2675 1821 voluntas
2710 1760 3152 1824 contrarietatis,
3178 1765 3306 1820 sive

1938 1844 2221 1902 libertatis
2250 1845 2318 1902 ad
2348 1845 2585 1911 bonum,
2616 1850 2672 1902 et
2697 1846 2939 1900 malum.
2975 1845 3078 1900 Hic
3104 1848 3306 1901 tamen

1935 1925 2163 1983 dicendi
2191 1927 2396 1984 modus
2423 1927 2809 1985 communiter
2850 1926 3127 2000 rejicitur,
3161 1943 3301 1983 nam
3623 1957 3634 2038 1

1934 2024 2007 2066 ex
2027 2008 2130 2066 illo
2155 2010 2432 2083 sequitur,
2459 2009 2752 2065 Christum
2776 2025 2892 2066 non
2916 2008 3090 2066 fuisse
3112 2010 3303 2067 viato-

1937 2104 2077 2157 rem,
2102 2091 2200 2164 qui
2230 2106 2524 2164 nunquam
2548 2089 2749 2147 habuit
2777 2087 3104 2164 praedictam
3129 2089 3303 2147 liber-

1935 2175 2129 2228 tatem.

2010 2251 2301 2309 Secundus
2321 2251 2546 2308 dicendi
2570 2249 2772 2307 modus
2792 2256 2877 2309 est
2898 2252 3171 2327 Cnjetani,
3198 2252 3302 2324 qui
3318 2249 3514 2304 cajeta

1935 2336 2195 2409 quamvis
2239 2336 2488 2408 spatium
2533 2335 2642 2391 viae
2686 2334 2836 2391 dicat
2874 2335 3184 2391 terminari
3235 2335 3300 2390 in

1935 2423 2121 2474 morte
2141 2440 2155 2483 ;
2181 2418 2259 2474 ait
2282 2417 2668 2474 nihilominus
2690 2417 2878 2489 ipsum
2903 2417 3125 2472 instans
3146 2430 3306 2472 mor-

1935 2499 2009 2555 tis
2050 2499 2363 2557 intrinsece
2403 2500 2693 2573 pertinere
2721 2498 2790 2555 ad
2817 2504 3027 2554 statum
3056 2498 3188 2562 vite,
3219 2499 3306 2555 ita

1933 2587 1998 2636 ut
2026 2580 2089 2637 in
2113 2583 2216 2639 illo
2245 2582 2484 2638 instanti
2525 2582 2700 2637 simul
2728 2597 2848 2637 esse
2875 2580 3093 2653 possint
3119 2583 3307 2636 meri-

1934 2666 2079 2730 tum,
2109 2668 2164 2719 et
2193 2662 2521 2736 praemium.
2551 2662 2642 2719 Sic
2661 2667 2823 2736 ‚tenet
2859 2677 2975 2717 non
3015 2661 3205 2716 solum
3234 2660 3307 2717 de

1934 2743 2187 2818 Angelis,
2218 2742 2317 2800 sed
2368 2744 2544 2798 etiam
2587 2742 2656 2800 de
2702 2739 3055 2808 hominibus,
3097 2743 3114 2796 1
3145 2749 3299 2814 part.

1933 2832 2115 2902 quaest.
2152 2826 2244 2893 63,
2276 2831 2389 2881 art.
2426 2827 2483 2893 6,
2522 2829 2579 2883 et
2612 2831 2798 2904 quaest.
2826 2825 2919 2889 64,
2964 2830 3073 2880 art.
3106 2825 3160 2880 2.
3194 2821 3303 2879 Sed

1934 2906 2027 2963 hic
2052 2907 2226 2963 etiam
2255 2906 2481 2965 dicendi
2524 2906 2728 2964 modus
2754 2907 3142 2963 communiter
3183 2919 3303 2961 non

1934 2987 2277 3055 admittitur,
2329 2996 2562 3063 propter
2599 2988 2941 3064 ‚testimonia
2990 2989 3304 3060 scripturae

1932 3086 1989 3124 π.
2033 3069 2124 3134 38,
2167 3076 2218 3124 et
2255 3072 2348 3136 45,
2382 3069 2639 3127 adducta.
2675 3070 2740 3125 In
2785 3067 2991 3142 quibus
3034 3083 3306 3140 expresse

1933 3149 2162 3217 dicitur,
2196 3151 2460 3210 homines
2504 3153 2694 3209 solum
2742 3167 2902 3224 posse
2941 3149 3177 3216 mereri,
3207 3151 3303 3207 vel

1932 3232 2219 3291 demereri
2261 3242 2394 3294 ante
2435 3241 2700 3303 mortem,
2736 3250 2853 3291 non
2890 3250 3026 3291 vero
3073 3233 3136 3289 in
3178 3233 3303 3305 ipsa

1932 3319 2136 3371 morte.
2169 3317 2240 3370 Et
2286 3315 2568 3388 praecipue
2619 3315 2677 3371 id
2717 3321 2928 3372 sonant
2975 3315 3079 3371 illa
3125 3313 3303 3371 verba

1931 3396 2174 3451 «loannis
2192 3412 2313 3469 cap.
2347 3398 2423 3453 9:
2459 3397 2676 3471 Oportet
2713 3400 2949 3471 operari,
2982 3396 3148 3452 donec
3185 3396 3303 3451 dies

1930 3484 2045 3531 est:
2072 3479 2248 3532 veniet
2274 3496 2407 3547 nox,
2440 3482 2502 3535 in
2529 3497 2640 3558 qua
2667 3497 2822 3535 nenio
2855 3486 3031 3552 potest
3056 3480 3293 3551 operari.

2004 3559 2216 3616 Suarez
2238 3576 2375 3618 vero
2397 3564 2472 3632 (et
2492 3568 2575 3618 est
2598 3562 2803 3618 tertius
2824 3560 3048 3618 dicendi
3073 3560 3300 3632 modus)
3327 3558 3504 3604 θωΰ-

1933 3637 2025 3695 lib.
2066 3642 2151 3705 12,
2193 3642 2257 3697 de
2292 3644 2499 3712 qratia,
2544 3661 2665 3716 cap.
2709 3645 2790 3709 15,
2817 3651 2867 3698 et
2895 3650 3022 3699 tom.
3056 3644 3112 3710 2,
3149 3645 3213 3697 in
3238 3644 3293 3708 3,

1922 3726 2076 3792 part.
2101 3723 2243 3795 disp.
2264 3724 2355 3790 55,
2374 3731 2501 3780 sect.
2527 3726 2572 3792 1,
2593 3729 2647 3781 et
2668 3725 2925 3792 vasquez
2950 3726 3006 3779 in
3021 3725 3294 3797 prasenti,
3339 3718 3476 3771 vasu.

1930 3803 2071 3877 disp.
2091 3806 2219 3875 216,
2240 3824 2360 3880 cap.
2389 3809 2471 3874 14,
2494 3808 2609 3865 alia
2631 3807 2726 3864 via
2749 3825 2781 3864 a
2805 3807 2970 3865 nobis
2993 3806 3294 3873 recedunt3

1933 3886 2288 3962 restringunt
2306 3888 2466 3945 enim
2484 3890 2696 3945 statum
2714 3889 2821 3946 viae
2838 3889 2908 3945 ad
2929 3903 3306 3946 communem

1931 3966 2168 4025 modum
2199 3969 2430 4026 vivendi
2472 3970 2536 4025 in
2577 3986 2750 4028 carne
2776 3969 3030 4037 mortali,
3057 3969 3162 4025 hoc
3187 3974 3294 4034 est,

1929 4046 2036 4104 sub
2055 4048 2405 4119 conditione,
2437 4052 2577 4126 lege,
2611 4057 2668 4108 et
2690 4057 2841 4109 statu
2886 4051 3255 4108 mortalitatis
3281 4073 3307 4117 ;.

1930 4137 2097 4206 atque
2124 4132 2264 4190 adeo
2287 4150 2417 4190 cum
2446 4134 2723 4201 miseriiS,
2756 4134 3055 4199 aerumnis,
3090 4133 3310 4191 labori·

1930 4213 2054 4275 hus.
2085 4220 2187 4272 etc.
2221 4218 2288 4272 Et
2317 4223 2559 4274 utuntur
2603 4218 2708 4275 hac
2749 4217 3110 4275 restrictione
3152 4232 3310 4288 prae-

1928 4297 2064 4354 dicti
2083 4303 2365 4367 Doctores,
2385 4307 2446 4357 ut
2466 4318 2639 4376 opera
2659 4301 3021 4359 Sanctissimi
3037 4300 3311 4357 Patriar-

1928 4379 2046 4436 chae
2074 4381 2256 4438 nostri
2285 4383 2444 4450 Elias,
2476 4389 2533 4441 et
2561 4384 2774 4449 Enoch,
2806 4382 2904 4456 qui
2947 4386 3111 4438 extra
3139 4397 3308 4438 com-

1927 4475 2169 4519 munem
2233 4463 2604 4521 mortalitatis
2673 4463 2912 4521 modum
2988 4464 3309 4521 mortalem

1927 4540 2113 4598 vitam
2141 4542 2372 4618 degunt,
2405 4561 2439 4601 a
2468 4545 2691 4603 ratione
2717 4542 2912 4600 meriti
2941 4542 3253 4601 excludant
3287 4565 3307 4600 ε

1929 4639 2033 4696 pro
2058 4624 2146 4699 cuj
2155 4641 2219 4681 us
2240 4625 2324 4682 rei
2352 4625 2739 4684 declaratione
2763 4625 2877 4683 erit

3005 5126 3179 5183 ΗΠΒ.
3221 5129 3304 5185 V.
