3647 5753
252 56 257 65 .

52 43 333 281 J

130 152 137 163 ἐ

34 278 49 289 .

532 311 644 365 714
1375 313 1377 316 ⁴
1463 313 1554 367 DE
1595 313 2082 368 NECESSITATE
2124 316 2439 373 GRATIAE.

535 489 593 539 ut
620 484 807 557 gratia
849 501 966 541 non
1012 485 1086 541 sit
1124 501 1194 542 ex
1237 491 1396 557 parte
1435 485 1635 542 forma>
1676 486 1896 558 imper-

534 565 731 622 fectior
759 565 1002 632 visione,
1028 566 1176 639 quod
1198 584 1325 624 eam
1355 582 1455 639 per
1482 567 1718 624 modum
1749 566 1897 623 radi·

532 650 612 705 cis
640 649 855 705 virtute
903 650 1326 722 praecontineat.
1361 656 1524 722 atque
1565 649 1703 707 adeo
1747 648 1897 721 quod

530 732 676 788 sicut
708 730 852 789 visio
879 732 1131 788 excludit
1169 748 1341 789 omne
1381 735 1600 789 malum
1631 733 1898 790 formali-

535 820 638 877 ter,
667 811 931 871 excludat
958 812 1106 869 illud
1133 814 1319 888 gratia
1342 815 1686 871 radicaliter.

320 885 517 980 Sssssugfla
618 895 700 950 15.
744 893 903 950 Adde
946 900 1125 951 totum
1154 910 1468 959 excessum,
1499 895 1597 966 qui
1638 911 1707 951 ex
1738 897 1898 966 parte

319 946 345 978 ⁰
373 945 417 988 ’Β
462 946 690 1031 ¹⁰‘modi
718 974 963 1040 essendi,
992 981 1090 1030 aut
1116 990 1185 1030 ex
1214 975 1347 1030 aliis
1374 973 1651 1046 capitibus
1673 974 1899 1030 inveni-

534 1064 629 1114 tur
677 1060 739 1113 in
780 1058 1003 1115 visione
1048 1057 1212 1114 beata
1261 1064 1514 1129 respectu
1561 1058 1778 1132 gratiae,
1830 1055 1899 1113 de

534 1138 825 1194 materiali
854 1154 914 1194 se
940 1136 1152 1194 habere
1175 1137 1242 1194 ad
1269 1139 1417 1203 illas,
1451 1145 1618 1209 prout
1644 1137 1899 1194 conside·

537 1226 741 1277 rantur
807 1219 1218 1278 formalissime
1283 1220 1345 1275 in
1414 1221 1634 1277 ratione
1699 1219 1899 1276 sormae

532 1299 942 1375 dignificantiS,
974 1307 1029 1358 et
1050 1300 1113 1356 in
1145 1301 1377 1357 ratione·
1406 1302 1663 1374 praemii3
1689 1306 1744 1356 et
1772 1300 1900 1359 ideo

532 1381 747 1452 optime
773 1386 884 1437 stat
920 1380 1214 1451 aequalitas
1257 1380 1408 1437 inter
1447 1397 1541 1438 eas
1585 1379 1897 1436 secundum

534 1464 682 1520 hanc
712 1463 995 1520 rationem
1018 1479 1146 1519 cum
1170 1479 1416 1529 excessu,
1436 1470 1490 1520 et
1514 1462 1900 1535 inaequalitate

536 1544 823 1617 praedicta,
849 1560 972 1616 quae
1001 1544 1186 1617 potius
1212 1550 1295 1601 est
1324 1545 1574 1619 physica,
1605 1551 1660 1601 et
1689 1546 1750 1600 in
1779 1561 1900 1602 esse

538 1628 643 1690 rei,
676 1644 848 1700 quam
877 1627 1162 1691 formalis,
1194 1633 1250 1684 et
1278 1642 1378 1699 per
1405 1644 1465 1685 se
1505 1627 1800 1701 pertinens
1830 1626 1899 1684 ad

540 1710 824 1765 rationem
854 1708 1071 1773 meriti,
1103 1714 1158 1765 et
1188 1709 1430 1781 praemii.

614 1790 857 1863 Objicies
901 1787 1164 1856 secundo,
1213 1789 1362 1862 quod
1408 1789 1633 1846 etiamsi
1675 1791 1896 1856 demus,

534 1872 782 1946 gratiam
823 1886 946 1926 esse
984 1872 1219 1943 aequalis
1254 1869 1466 1926 valoris
1493 1887 1621 1927 cum
1654 1869 1901 1943 beatitu-

535 1953 691 2017 dine,
722 1970 837 2011 non
865 1959 1059 2010 tamen
1079 1971 1149 2012 ex
1172 1955 1276 2012 hoc
1308 1953 1392 2020 fit,
1418 1952 1573 2010 idem
1595 1953 1900 2010 dicendum

535 2049 658 2091 esse
685 2033 755 2091 de
776 2034 992 2091 actibus
1019 2036 1353 2103 meritoriis,
1379 2035 1515 2107 quia
1539 2050 1669 2090 cum
1701 2034 1795 2108 huj
1806 2051 1903 2090 us-

539 2116 695 2175 modi
742 2123 897 2175 actus
949 2135 1068 2176 non
1120 2118 1427 2192 procedant
1484 2117 1819 2175 immediate
1871 2134 1903 2173 a

536 2200 745 2274 gratia,
777 2217 901 2274 quas
928 2218 1045 2258 non
1086 2208 1169 2258 est
1208 2200 1541 2258 immediate
1585 2192 1898 2272 operativa,

542 2297 661 2338 non
703 2289 936 2354 apparet
975 2283 1224 2355 qualiter
1266 2282 1327 2339 in
1374 2283 1507 2339 illos
1552 2282 1776 2348 influat,
1807 2287 1905 2337 aut

540 2363 926 2420 communicet
971 2363 1091 2419 illis
1136 2381 1304 2420 suum
1355 2365 1632 2421 valorem.
1680 2364 1762 2420 Eo
1817 2363 1905 2419 vel

542 2443 816 2510 maxime,
844 2442 991 2515 quod
1015 2444 1078 2499 in
1102 2444 1385 2517 praedictis
1409 2443 1624 2500 actibus
1650 2444 1799 2500 nihil
1821 2448 1907 2499 est

542 2523 888 2597 assignabile
916 2542 948 2580 a
973 2525 1162 2599 gratia
1183 2526 1607 2598 participatum,
1635 2542 1735 2598 per
1756 2522 1905 2597 quod

541 2606 844 2663 eleventur
873 2606 941 2664 ad
969 2606 1327 2683 dignitatem,
1360 2613 1416 2663 et
1441 2609 1697 2665 valorem
1727 2608 1907 2681 ipsius

540 2687 761 2760 gratiae,
793 2693 891 2744 aut
927 2688 989 2743 in
1017 2704 1128 2761 quo
1155 2687 1459 2760 praedictus
1498 2689 1661 2746 valor
1687 2689 1908 2745 consis-

333 2865 531 2912 Solvitur.
622 2850 1018 2924 Respondetur
1059 2850 1321 2926 negando
1356 2852 1726 2920 antecedens;
1770 2868 1907 2909 nam

548 2940 608 2991 ut
635 2933 822 3008 gratia
848 2934 1234 2991 communicet
1259 2951 1427 2991 suum
1467 2936 1720 2991 valorem
1767 2936 1909 2991 acti-

546 3017 652 3073 bus
700 3016 1036 3083 meritoriiS,
1088 3033 1205 3074 non
1250 3023 1335 3074 est
1374 3033 1616 3082 necesse,
1647 3016 1796 3089 quod
1836 3018 1911 3074 sit

547 3099 884 3157 immediate
903 3099 1218 3172 operativa,
1250 3098 1349 3157 sed
1376 3101 1513 3157 satis
1535 3105 1637 3163 est,
1661 3099 1811 3172 quod
1837 3100 1912 3156 sit

546 3181 844 3252 operativa
885 3178 1232 3246 radicaliter,
1264 3185 1321 3236 et
1353 3178 1561 3237 mediis
1600 3178 1911 3236 virtutibus

547 3261 780 3328 infusis,
809 3277 935 3334 quae
963 3259 1032 3317 ab
1060 3261 1165 3317 illa
1206 3261 1467 3333 proxime
1501 3260 1825 3327 dimanant,
1857 3266 1913 3317 et

546 3343 611 3399 in
638 3358 705 3398 ea
745 3341 1095 3398 radicantur.
1129 3340 1334 3397 Mediis
1361 3342 1520 3398 enim
1550 3341 1640 3397 his
1675 3340 1913 3397 virtuti-

549 3423 670 3488 buS,
706 3422 961 3480 maxime
1007 3438 1145 3479 vero
1186 3420 1376 3478 media
1415 3422 1711 3487 charitate,
1757 3426 1913 3478 actus

548 3504 804 3578 praedicti
834 3503 1145 3577 procedunt
1173 3520 1205 3561 a
1225 3504 1429 3578 gratia,
1462 3510 1518 3560 et
1542 3505 1727 3579 gratia
1752 3521 1913 3561 com-

549 3587 806 3643 municat
835 3588 953 3644 illis
978 3603 1142 3644 suam
1172 3586 1442 3644 Deificam
1467 3587 1832 3653 vitalitatem,
1857 3591 1913 3643 et

546 3669 909 3743 dignitatem.
960 3666 1455 3733 Quemadmodum
1503 3670 1691 3726 forma
1738 3667 1907 3741 ignis,

550 3752 679 3807 licet
706 3766 823 3806 non
850 3750 926 3805 sit
951 3749 1285 3806 immediate
1313 3749 1625 3822 operativa,
1659 3750 1757 3806 sed
1786 3764 1913 3805 me-

549 3829 744 3888 diante
771 3831 980 3897 calore,
1015 3830 1205 3887 medio
1233 3831 1336 3888 illo
1362 3832 1548 3888 elevat
1585 3831 1913 3888 calefactio-

550 3929 705 3979 nem,
732 3918 789 3970 et
808 3911 1193 3969 communicat
1215 3910 1306 3966 illi
1329 3912 1602 3968 virtutem
1627 3909 1907 3985 igniendi,

494 4021 495 4024 ¹
548 4000 603 4052 et
664 3993 1012 4066 producendi
1066 3993 1311 4049 alterum
1367 3993 1560 4067 ignem
1587 4018 1600 4058 ;
1662 3999 1718 4049 et
1767 3992 1913 4052 sicut

547 4077 745 4133 anima
771 4074 978 4134 mediis
1005 4072 1291 4148 potentiiS,
1323 4090 1446 4147 quae
1472 4073 1541 4130 ab
1579 4074 1682 4130 illa
1711 4089 1914 4146 proce-

546 4155 710 4224 dunt,
741 4157 1127 4215 communicat
1154 4155 1274 4210 suis
1301 4153 1730 4227 operationibus
1758 4155 1912 4212 vita-

487 4307 491 4311 ,
546 4241 786 4297 litatem.
821 4240 891 4294 Et
917 4256 1017 4313 per
1046 4240 1148 4296 hoc
1176 4241 1329 4310 patet
1365 4236 1435 4294 ad
1463 4237 1716 4310 primam
1745 4244 1912 4295 ante-

543 4319 795 4377 cedentis
822 4318 1241 4392 probationem.
1903 4367 1914 4372 ,

619 4401 702 4457 Ad
729 4398 1038 4457 secundam
1062 4398 1370 4456 dicendum
1391 4402 1494 4463 est,
1522 4404 1709 4455 actum
1738 4400 1913 4456 meri-

544 4481 758 4539 torium
801 4479 1145 4553 participare
1185 4493 1219 4534 a
1254 4478 1443 4552 gratia
1482 4478 1605 4545 hoc,
1649 4477 1799 4551 quod
1828 4485 1914 4536 est

542 4564 740 4620 vivere
769 4564 830 4619 in
858 4561 1064 4619 ordine
1098 4559 1169 4617 ad
1198 4559 1372 4617 finem
1401 4563 1911 4634 supernaturalem

540 4646 660 4703 vita
693 4644 1141 4716 supernaturali,
1174 4648 1231 4699 et
1256 4645 1341 4713 (ut
1364 4642 1446 4699 sic
1477 4642 1757 4716 dicamus)
1783 4642 1911 4701 dei'-

540 4724 644 4782 fica
683 4740 785 4797 per
832 4723 1352 4797 participationem,
1388 4727 1555 4797 atque
1580 4722 1722 4781 adeo
1759 4720 1912 4796 quod

537 4808 613 4864 sit
642 4820 743 4880 per
779 4804 1277 4878 participationem
1315 4802 1553 4862 divinus
1580 4803 1906 4874 divinitate,

537 4904 662 4962 quae
689 4902 789 4960 per
810 4887 1118 4945 essentiam
1135 4901 1250 4959 ‘per
1269 4901 1332 4943 se
1353 4886 1544 4959 primo
1564 4891 1649 4943 est
1676 4886 1912 4960 propria

536 4969 716 5028 solius
762 4971 983 5027 naturae
1022 4965 1255 5038 divinae,
1301 4971 1363 5025 ut
1411 4965 1789 5043 distinguitur
1836 4964 1910 5024 ab

2029 487 2339 546 attributis
2373 493 2520 547 Nam
2563 491 2709 548 sicut
2744 491 2808 548 in
2850 489 3214 547 naturalibus
3253 488 3404 547 ratio

2028 568 2162 626 vitae
2191 586 2292 643 per
2329 586 2391 631 se
2433 571 2625 644 primo
2667 573 2955 645 reperitur
2996 573 3059 629 in
3100 571 3317 639 anima,
3347 576 3406 627 et

2030 648 2100 705 ab
2129 650 2230 707 illa
2259 651 2328 708 ad
2370 653 2673 725 potentias,
2708 651 2778 709 ab
2819 653 2910 709 his
2952 669 3091 710 vero
3131 651 3203 708 ad
3244 657 3403 708 actus

2029 727 2327 786 derivatur
2362 754 2374 788 ε
2408 733 2486 788 ita
2526 732 2704 789 etiam
2750 732 2814 787 in
2861 731 3404 805 supernaturalibus

2031 813 2392 885 participatio
2450 812 2667 870 divinae
2708 814 2840 871 vitae
2891 817 2976 885 (ut
3027 815 3283 888 loquitur
3330 816 3395 870 D.

2030 894 2234 951 Thom.
2293 898 2352 951 in
2403 896 2457 964 3,
2509 897 2639 954 disc.
2686 899 2777 961 27,
2831 904 3016 976 quaest.
3075 899 3120 963 l,
3177 906 3289 954 art.
3339 882 3447 964 4,¹’
3477 884 3563 926 m

2030 979 2342 1052 qums-tiano.
2390 980 2447 1048 4)
2493 994 2597 1051 per
2654 994 2715 1035 se
2755 978 2946 1050 primo
3002 979 3292 1052 reperitur
3335 979 3397 1034 in

2029 1057 2234 1130 gratia,
2265 1074 2390 1130 quae
2416 1065 2500 1115 est
2530 1059 2721 1132 prima
2744 1059 2934 1116 forma
2960 1076 3061 1133 per
3090 1060 3401 1133 participa-
3447 1071 3454 1075 ·

2032 1139 2248 1195 tionem
2291 1140 2425 1197 viva
2464 1141 2528 1197 in
2578 1142 2684 1198 hoc
2719 1140 2951 1211 ordine;
2993 1159 3026 1199 a
3049 1143 3235 1217 gratia
3263 1158 3400 1200 vero

2031 1220 2329 1278 derivatur
2356 1221 2427 1278 ad
2450 1223 2810 1290 charitatem,
2837 1229 2892 1281 et
2914 1222 3103 1280 media
3123 1224 3400 1282 charitate

2032 1303 2376 1379 participant
2390 1304 2556 1360 illam
2573 1311 2790 1361 caeterae
2805 1304 3065 1370 virtutes,
3082 1305 3399 1380 exindeque

2032 1384 2102 1442 ad
2131 1392 2286 1442 actus
2311 1384 2630 1444 derivatur.
2663 1394 2719 1445 et
2761 1389 2823 1444 in
2852 1389 2959 1445 hac
2991 1392 3217 1443 actuum
3245 1390 3397 1446 vita-

2033 1466 2195 1523 litate
2242 1470 2694 1540 supernaturali,
2752 1479 2806 1526 et
2857 1472 2940 1540 (ut
2988 1469 3071 1524 sic
3122 1467 3398 1541 dicamus)

2031 1545 2253 1615 deifica,
2293 1565 2495 1606 eorum
2543 1551 2708 1606 valor
2748 1550 3086 1607 meritorius
3132 1567 3235 1623 pro
3274 1551 3396 1609 for-

2033 1629 2175 1684 mali
2204 1630 2480 1686 consistit.
3149 1626 3154 1631 ’

2116 1713 2197 1767 16.
2244 1713 2438 1769 Tertio
2490 1711 2764 1769 adversus
2808 1721 3116 1770 secundam
3171 1721 3398 1772 antece·
3430 1737 3546 1781 m

2032 1789 2220 1847 dentis
2244 1793 2484 1850 rationis
2507 1800 2713 1850 nostras
2730 1792 3125 1866 probationem
3142 1786 3564 1869 objicies&

2035 1889 2171 1929 nam
2200 1890 2329 1931 cum
2352 1873 2578 1940 dicitur,
2606 1876 2753 1948 quod
2773 1877 2960 1951 gratia
2995 1877 3278 1934 informat
3303 1893 3400 1934 ac-

2035 1961 2143 2021 tuS,
2175 1955 2272 2028 qui
2308 1954 2377 2012 ab
2407 1957 2510 2011 illa
2558 1955 2888 2029 procedunt,
2916 1958 3008 2013 vel
3049 1958 3401 2032 intelligitur

2035 2035 2105 2093 de
2129 2037 2473 2093 formatione
2493 2038 2686 2109 aliqua
2707 2037 3113 2105 intrinseca3et
3133 2038 3240 2095 hoc
3254 2055 3398 2105 non,

2034 2120 2168 2191 quia
2180 2119 2365 2193 gratia
2378 2118 2698 2176 extrinseca
2712 2125 2797 2175 est
2816 2118 3036 2176 actibus
3059 2120 3403 2178 meritoriis:

2035 2203 2129 2258 vel
2157 2201 2226 2258 de
2248 2201 2595 2259 formatione
2620 2203 2808 2259 solum
2824 2202 3147 2260 extrinseca
3168 2228 3181 2270 ς
3206 2210 3263 2260 et
3283 2205 3408 2262 haec

2035 2294 2165 2341 cum
2214 2284 2365 2340 nihil
2408 2284 2786 2341 intrinsecum
2819 2290 2992 2358 ponat
3017 2285 3080 2340 in
3117 2284 3408 2358 praedictis

2038 2365 2272 2433 actibuS,
2303 2365 2653 2423 insufficiens
2681 2373 2764 2423 est
2786 2367 2856 2424 ad
2885 2368 2991 2424 hoc
3013 2372 3074 2423 ut
3114 2384 3214 2440 per
3234 2369 3408 2426 illam

2036 2447 2454 2504 constituantur
2477 2446 2789 2503 intrinsece
2808 2446 3076 2523 condigni
3107 2448 3225 2504 vita
3245 2454 3411 2506 aeter-

2040 2543 2145 2593 na;
2172 2541 2307 2582 nam
2330 2524 2391 2582 id
2429 2525 2577 2599 quod
2604 2528 2832 2598 praecise
2863 2533 2949 2583 est
2988 2527 3403 2595 extrinsecum,

2039 2607 2236 2679 nequit
2261 2606 2526 2664 conferre
2568 2606 2950 2664 intrinsecum
2972 2610 3231 2667 valorem
3259 2630 3273 2665 :
3304 2625 3406 2667 er-

2075 2705 2127 2754 0,
2152 2694 2255 2745 etc.

2038 2705 2074 2764 g
2115 2761 2510 2836 Respondetur
2555 2764 2803 2838 gratiam
2850 2765 3163 2824 intrinsece
3209 2766 3582 2834 infor-num

2042 2860 2202 2904 mare
2230 2852 2386 2903 actus
2411 2846 2761 2913 meritoriosz,
2790 2848 3271 2919 nonimmediate,
3303 2849 3409 2907 sed

2041 2928 2250 2986 mediis
2283 2931 2422 2995 illis,
2448 2946 2572 3003 quae
2594 2929 2763 2987 modo
2778 2931 3181 3004 explicuimus,
3199 2949 3410 3007 nempe

2042 3009 2233 3067 media
2281 3012 2384 3068 illa
2413 3012 2637 3068 ratione
2680 3012 2816 3069 vitae
2862 3011 3095 3079 deificas,
3126 3020 3186 3070 et
3210 3016 3409 3072 eleva-

2044 3091 2199 3148 tione
2226 3091 2290 3148 in
2332 3092 2604 3149 ultimum
2653 3090 2831 3150 finem
2877 3096 3401 3166 supernaturalem,

2043 3188 2170 3244 quae
2198 3179 2351 3229 actus
2396 3175 2634 3247 agratia
2675 3174 3039 3248 participant.
3086 3177 3215 3232 Haec
3245 3178 3407 3234 enim

2043 3253 2356 3311 intrinsece
2375 3260 2510 3310 sunt
2557 3255 2619 3310 in
2642 3256 2784 3328 ipsis
2823 3254 3061 3322 actibus,
3086 3264 3142 3314 et
3185 3256 3408 3315 intrin-

2043 3351 2165 3393 sece
2185 3336 2316 3394 illos
2344 3336 2682 3403 informant,
2710 3338 3172 3413 constituuntque
3195 3341 3406 3398 intrin-

2044 3431 2166 3473 sece
2187 3415 2388 3490 dignos
2415 3417 2533 3473 vita
2560 3421 2794 3474 aeterna.

2127 3501 2210 3554 17.
2254 3497 2511 3571 Denique
2531 3499 2763 3574 objicies
2789 3506 2989 3557 contra
3011 3501 3242 3558 tertiam
3267 3517 3406 3576 pro·
3440 3527 3580 3570 mum

2044 3580 2336 3637 bationem
2382 3580 2636 3655 ejusdem
2667 3582 3071 3650 antecedentis,
3099 3584 3249 3657 quod
3274 3585 3406 3658 Spi-
3422 3575 3604 3630 ‘’hm-

2047 3661 2191 3717 ritus
2210 3667 2438 3717 sanctus
2460 3678 2576 3720 non
2597 3661 2884 3720 inhabitat
2910 3665 3192 3732 animam,
3226 3681 3410 3739 neque

2045 3742 2334 3799 concurrit
2380 3740 2448 3798 ad
2493 3749 2679 3799 actum
2708 3744 3073 3801 meritorium
3121 3746 3234 3802 nisi
3282 3762 3413 3804 me—

2045 3822 2239 3880 diante
2262 3823 2482 3891 effectu,
2514 3841 2686 3898 quem
2709 3824 2773 3880 in
2804 3825 2905 3882 illa
2933 3832 3158 3894 causat3
3185 3827 3282 3885 hic
3305 3844 3416 3884 au·

2045 3909 2160 3960 tem
2182 3901 2410 3960 effectus
2433 3919 2550 3961 non
2572 3910 2808 3977 apparet
2834 3906 3126 3977 quisalius
3146 3923 3268 3965 esse
3289 3923 3417 3981 pos-

2043 3985 2138 4049 sit,
2198 3983 2311 4039 nisi
2363 3984 2604 4057 ipsamet
2642 3985 2829 4060 gratia
2863 3984 3064 4043 :idem
3106 4004 3242 4063 ergo
3278 3988 3416 4055 erit,-

2043 4064 2192 4138 quod
2221 4070 2376 4121 actus
2430 4065 2772 4122 meritorius
2799 4065 3069 4139 procedat
3097 4084 3130 4125 a
3177 4070 3416 4136 virtute,

2043 4152 2101 4204 et
2126 4147 2381 4204 motione
2402 4148 2652 4221 Spiritus
2673 4148 2874 4216 sancti,
2901 4153 2959 4205 et
2978 4149 3127 4221 quod
3151 4150 3425 4224 procedat

2045 4247 2076 4287 a
2101 4230 2288 4305 gratia
2324 4251 2337 4286 ε
2368 4247 2546 4302 quare
2571 4231 2620 4287 si
2647 4247 2718 4289 ex
2768 4231 2873 4288 hoc
2923 4232 3171 4305 praecise,
3203 4232 3356 4307 quod
3383 4249 3427 4291 ει

2043 4311 2227 4384 gratia
2250 4310 2521 4384 procedit,
2554 4328 2673 4370 non
2715 4312 3149 4386 fueritaequalis
3199 4315 3429 4372 valoris

2043 4408 2173 4449 cum
2203 4392 2325 4448 vita
2344 4398 2578 4460 aeterna,
2607 4408 2789 4466 neque
2811 4394 2986 4451 etiam
3012 4393 3070 4450 id
3093 4392 3329 4452 habebit
3345 4411 3428 4466 ex

2043 4489 2129 4539 eo,
2172 4472 2320 4546 quod
2350 4473 2615 4546 procedat
2662 4490 2695 4531 a
2737 4472 3005 4547 praedicta
3042 4475 3320 4542 motione,
3362 4481 3427 4532 et

2045 4555 2260 4613 virtute
2304 4556 2554 4629 Spiritus
2581 4556 2782 4614 sancti.
2817 4555 2984 4614 Unde
3008 4558 3127 4615 haec
3153 4555 3425 4632 probatio

2046 4636 2197 4694 nibil
2220 4636 2379 4695 addit
2397 4656 2574 4712 supra
2601 4637 3001 4712 praecedentes.

2117 4717 2204 4773 Ad
2232 4718 2382 4776 hanc
2409 4719 2788 4795 objectionem
2837 4719 3215 4793 respondetur
3240 4720 3424 4780 effec-
3453 4752 3612 4806 1³39·-

2043 4804 2165 4857 tum
2190 4800 2381 4870 illum,
2400 4818 2571 4875 quem
2607 4802 2856 4877 Spiritus
2873 4807 3105 4860 sanctus
3125 4804 3191 4860 in
3212 4804 3427 4863 anima
3510 4809 3579 4843 9-
3603 4831 3612 4844 ·

2044 4881 2325 4957 producit,
2376 4891 2430 4942 et
2471 4884 2662 4943 medio
2709 4902 2820 4961 quo
2866 4884 3063 4942 influit
3098 4885 3162 4942 in
3217 4892 3418 4946 actum

2041 4967 2430 5039 meritorium,
2462 4984 2581 5030 non
2607 4983 2729 5028 esse
2761 4968 2996 5044 praecise
3047 4969 3235 5043 ipsam
3273 4986 3427 5056 gra-

3262 5050 3422 5105 utun
