3647 5753
75 528 107 572 Η*
120 551 126 579 1
138 535 161 565 ἰ

138 576 159 593 ¹⁵5

76 619 146 648 ³²¹7·-

76 642 161 673 ι.,.(ῐξ

80 704 124 731 7¹:

76 717 162 762 *at

105 775 107 778 Α
134 758 137 770 l

77 788 133 811 4³2
152 804 161 815 ⁴.

78 803 161 849 ‘⁴⁸4³

1307 350 1484 408 DISP.
1530 351 1625 417 VI,
1670 351 1837 407 DUB.
1882 352 1953 406 V.

196 529 315 603 ejus
364 528 591 602 passiva
656 525 1134 583 conservatione:
1181 541 1317 599 ergo
1374 523 1552 598 gratis

196 625 471 676 concesso,
498 605 647 679 quod
673 608 877 681 gratia,
904 607 1135 680 ejusque
1163 606 1386 679 passiva
1413 621 1553 662 con-

196 692 440 750 servatio
469 695 753 764 nequeant
791 691 896 746 sub
938 690 1144 746 merito
1182 688 1400 752 cadere,
1435 689 1577 745 ῐιιί-Κ

197 772 353 829 nime
379 772 654 844 sequitur,
680 769 829 844 quod
876 769 933 826 id
983 774 1259 845 repugnet
1286 768 1553 843 praedicto

82 874 104 895 »·
197 853 432 910 auxilio.

76 902 93 909 .,
118 898 149 920 ,g—

76 1044 157 1085 &21²

112 1092 114 1101 l
132 1082 158 1091 ,δ’

79 1107 81 1137 ζ
98 1128 156 1151 d,

76 1154 82 1159 ,
98 1156 153 1181 rw

76 1202 152 1247 &nr

118 1244 152 1256 ⁷¹—-

76 1292 155 1331 m·

270 935 663 1009 Respondetur
687 934 947 1009 negando
969 934 1266 1008 majorem.
1289 933 1372 988 Ad
1393 934 1479 1009 cuj
1489 950 1554 989 us

196 1019 591 1091 probationem
614 1016 920 1074 dicendum
943 1024 1044 1082 est,
1070 1017 1219 1089 quod
1267 1016 1397 1072 licet
1447 1032 1552 1072 au-

194 1100 403 1156 xilium
424 1101 778 1173 conjungens
798 1098 1044 1174 gratiam
1066 1114 1194 1155 cum
1216 1098 1403 1173 gloria
1431 1096 1553 1153 dis-

196 1181 491 1255 tinguatur
515 1179 802 1254 adaequate
847 1186 966 1236 tam
1012 1195 1044 1235 a
1088 1180 1292 1253 gratia,
1319 1194 1491 1252 quam
1520 1195 1553 1235 a

194 1262 419 1335 passiva
470 1262 592 1335 ejus
642 1261 1073 1318 conservatione
1097 1284 1111 1327 ;
1168 1260 1554 1317 nihilominus

79 1366 153 1423 us:
190 1348 344 1399 tenet
390 1358 451 1399 se
489 1358 559 1399 ex
609 1348 769 1414 parte
798 1340 1076 1414 praedictae
1101 1341 1553 1398 conservationis

191 1441 293 1499 per
334 1423 568 1481 modum
613 1424 902 1497 principii,
936 1425 1028 1480 vel
1076 1424 1357 1497 requisiti.
1389 1424 1554 1481 Ratio

120 1552 138 1561 ,
192 1513 405 1572 autem,
433 1523 555 1579 quae
579 1505 780 1578 probat
807 1505 1135 1579 praedictam
1162 1507 1553 1563 conservatio-

192 1605 327 1646 nem
369 1604 486 1646 non
542 1604 702 1660 posse
747 1588 957 1645 habere
988 1590 1271 1646 rationem
1305 1587 1549 1660 praemii,

132 1666 143 1729 Ῐ.
190 1672 327 1745 quia
367 1687 427 1727 se
454 1675 609 1727 tenet
668 1686 738 1727 ex
787 1675 947 1743 parte
985 1674 1347 1735 meritorum,
1399 1668 1553 1725 idem

189 1753 483 1809 convincit
504 1752 573 1808 de
595 1753 696 1818 eis,
729 1767 852 1824 quae
874 1768 975 1824 per
1002 1752 1235 1809 modum
1259 1750 1548 1825 principii,

78 1888 79 1897 ξ
120 1884 137 1895 ,
189 1835 285 1891 vel
315 1834 572 1906 requisiti
595 1849 656 1891 se
690 1838 886 1890 tenent
912 1849 981 1890 ex
1010 1837 1168 1906 parte
1198 1834 1378 1905 ipsius
1415 1848 1555 1889 con-

86 1912 139 1991 ,ζ
188 1914 557 1979 servationis,
580 1920 640 1970 ut
662 1914 827 1970 facile
846 1913 1235 1971 consideranti
1251 1914 1548 1971 constabit.

76 1992 129 2055 '72
189 1995 404 2051 Omnia
424 1995 655 2068 quippe,
688 2011 812 2067 quae
834 2009 903 2050 ex
930 2001 1089 2067 parte
1122 1997 1466 2053 meritorum
1494 2001 1555 2052 ut

80 2058 133 2141 fh
190 2077 563 2135 influentium
610 2077 673 2133 in
716 2078 1024 2151 praemium
1076 2094 1136 2135 se
1188 2085 1402 2144 tenent,
1438 2095 1555 2136 non

76 2156 117 2225 fs*
186 2157 402 2215 habent
434 2158 715 2213 rationem
745 2158 999 2223 termini,
1031 2159 1154 2215 sive
1176 2158 1405 2215 effectus
1426 2176 1555 2216 cau-

80 2246 125 2307 s
184 2237 434 2295 salitalis
486 2239 837 2306 meritoriam
887 2238 986 2295 sed
1035 2239 1217 2312 magis
1270 2239 1554 2296 rationem

191 2320 472 2394 principii
507 2341 520 2374 ε
549 2321 812 2392 quocirca
846 2329 1134 2394 nequeunt
1184 2322 1423 2378 retribui
1457 2338 1555 2395 per

182 2405 428 2462 modum
460 2404 706 2476 praemii.
731 2404 888 2469 Quod
916 2421 1058 2462 vero
1082 2404 1419 2477 praedictum
1449 2423 1556 2463 au-

106 2494 117 2501 ·
185 2486 406 2543 xilium
445 2484 773 2556 requiratur
802 2485 870 2541 ad
897 2486 1392 2543 conservationem
1418 2503 1557 2562 gra-

185 2565 306 2632 tiae,
356 2572 413 2621 et
465 2565 807 2622 meritorum
854 2565 967 2638 ipsi
1021 2567 1419 2632 innitentium,
1464 2567 1557 2622 hic

94 2658 111 2666 “
183 2647 618 2705 discutiendum
649 2664 766 2705 non
792 2655 892 2715 est,
925 2649 1023 2706 sed
1046 2648 1212 2706 debet
1251 2646 1321 2705 ab
1360 2649 1556 2704 omni-

182 2731 297 2787 bus
337 2729 618 2802 supponi;
651 2730 909 2803 alioquin
956 2731 1251 2787 immerito
1298 2730 1556 2802 appella·

183 2812 349 2867 bitur
395 2810 614 2868 donum
665 2813 1123 2885 perseverantias,
1181 2827 1277 2868 seu
1337 2809 1554 2866 donum

75 3565 138 3623 tia

76 3621 167 3658 uo.

183 2900 466 2969 praestans
505 2896 627 2959 hoc,
675 2894 822 2968 quod
862 2902 947 2952 est
984 2896 1231 2971 gratiam
1285 2894 1553 2970 conjungi

183 2993 324 3035 cum
364 2976 569 3049 gloria,
603 2976 673 3033 ab
714 2978 945 3051 ejusque
988 2977 1385 3033 consecutione
1437 2989 1556 3030 non

183 3058 453 3117 deficere.
498 3058 665 3115 Unde
722 3060 772 3116 si
827 3061 974 3116 ratio
1026 3061 1221 3115 'nostra
1265 3056 1557 3114 convincit

184 3138 485 3215 passivam
513 3140 1008 3197 conservationem
1036 3138 1256 3210 gratias,
1287 3143 1343 3192 et
1371 3134 1557 3191 meri-

184 3230 388 3280 torum
419 3221 784 3293 praesupponi
813 3220 883 3275 ad
923 3219 1286 3275 collationem
1306 3213 1551 3288 praemii,

189 3319 259 3359 ac
280 3299 526 3357 subinde
555 3315 670 3356 non
701 3314 861 3371 posse
888 3299 1187 3354 involvere
1216 3295 1440 3368 praemii
1469 3311 1558 3351 ra-

187 3382 412 3437 tionem
447 3401 458 3436 :
492 3378 643 3436 idem
675 3379 889 3452 pariter
916 3377 1205 3435 convincit
1232 3378 1380 3434 circa
1409 3392 1558 3449 prae-

186 3462 411 3518 dictum
443 3461 747 3518 auxilium.

271 3541 362 3596 98.
409 3540 514 3598 Sed
547 3538 848 3612 replicabis
887 3540 963 3609 (et
988 3540 1063 3595 sit
1103 3538 1272 3596 tertia
1299 3537 1559 3612 objectio)

188 3636 335 3678 nam
358 3621 407 3675 si
439 3622 556 3677 haec
576 3621 836 3677 doctrina
862 3636 998 3676 vera
1020 3626 1121 3685 est,
1155 3620 1412 3692 sequitur
1432 3619 1559 3693 jus-

186 3709 325 3759 tum
354 3717 471 3759 non
497 3718 655 3774 posse
677 3702 888 3758 mereri
914 3702 1401 3773 perseverantiam
1429 3702 1558 3774 glo-

186 3787 316 3851 rias,
348 3802 447 3842 seu
496 3783 695 3860 gratiae
733 3788 1558 3855 consummataezconsequens

180 3873 275 3926 est
335 3872 535 3924 contra
565 3869 628 3922 D.
660 3866 863 3922 Thorn.
916 3869 975 3921 in
1012 3867 1265 3939 praesenti
1303 3872 1413 3921 art.
1458 3863 1556 3920 ubi

180 3950 501 4024 distinguit
521 3948 807 4020 duplicem
828 3948 1311 4021 perseverantiam
1342 3968 1354 4002 ε
1380 3946 1556 4003 aliam

181 4034 323 4100 vias,
357 4049 530 4105 quam
561 4030 807 4087 affirmat
849 4047 966 4088 non
996 4046 1154 4103 posse
1196 4030 1303 4086 sub
1349 4029 1558 4088 merito

179 4115 395 4173 cadere
419 4138 431 4179 ;
461 4120 517 4171 et
557 4113 733 4169 aliam
759 4114 974 4185 patriae,
1000 4130 1096 4169 seu
1119 4112 1338 4188 glorias,
1383 4127 1556 4184 quam

178 4195 452 4254 concedit
494 4194 694 4251 cadere
720 4193 825 4249 sub
853 4195 1061 4250 merito
1095 4216 1106 4250 :
1137 4209 1271 4266 ergo
1297 4191 1558 4249 doctrina

180 4278 409 4337 tradita
454 4295 591 4335 vera
634 4295 751 4334 non
790 4283 892 4334 est.
925 4278 1162 4349 Sequela
1189 4274 1508 4333 ostenditur
1541 4295 1554 4329 :

82 4394 89 4398 -
181 4374 333 4418 nam
357 4359 780 4431 perseverantia
805 4358 1003 4431 gratiae
1023 4361 1430 4413 consummatae
1453 4369 1559 4411 ne-

178 4442 316 4516 quit
338 4457 459 4498 esse
489 4441 791 4513 praemium
815 4441 1175 4506 meritorum,
1207 4437 1322 4494 nisi
1342 4454 1557 4510 suppo-

182 4527 295 4581 nat
319 4523 527 4577 merita
548 4521 821 4577 continuo
844 4535 1228 4593 perseverare,
1251 4524 1414 4592 atque
1430 4517 1559 4574 ideo

179 4602 311 4659 nisi
351 4618 413 4658 se
460 4607 651 4658 teneat
680 4618 750 4657 ex
805 4608 965 4673 parte
1011 4602 1251 4657 illorum
1285 4622 1297 4655 :
1351 4598 1449 4656 sed
1486 4597 1558 4656 ob

181 4685 345 4740 hanc
392 4682 675 4739 rationem
715 4683 1027 4738 asserimus
1061 4682 1377 4755 implicare,
1409 4678 1559 4752 quod

180 4764 630 4841 perseverantia
659 4764 770 4821 viae
810 4764 971 4822 cadat
1003 4766 1109 4820 sub
1148 4764 1392 4820 merito:
1425 4778 1560 4837 ergo

178 4846 240 4904 si
267 4851 467 4902 nostra
495 4845 754 4903 doctrina
775 4862 912 4903 vera
930 4851 1033 4913 est,
1061 4847 1319 4919 sequitur
1339 4846 1558 4919 justum

176 4945 313 4987 non
352 4945 514 5001 posse
543 4930 756 4985 mereri
800 4930 1287 5001 perseverantiam
1335 4927 1554 5003 gloriae,

176 5025 294 5068 seu
322 5010 523 5084 gratiae
548 5016 974 5067 consummatas.

347 5089 635 5150 Salmant.
663 5092 826 5151 Curs.
859 5092 1083 5162 theolog).
1110 5098 1239 5148 tom.
1271 5087 1342 5148 X.

2938 352 3046 407 857

1762 524 2160 596 Respondetur
2210 525 2471 600 negando
2516 529 2828 600 sequelam.
2867 529 2936 583 Et
2975 526 3044 584 ad
3061 533 3260 579 Diluitur.

1685 607 1806 681 ejus
1837 608 2230 681 probationem
2259 609 2522 675 dicimuS‚
2549 609 2695 682 quod
2724 612 2868 667 sicut
2890 612 3045 668 exis-

1688 691 1865 747 tentia
1904 691 2102 763 gloriae
2144 707 2259 747 non
2315 693 2630 764 requiritur
2681 693 2751 749 ad
2795 694 3043 765 primam

1685 771 2053 828 existentiam
2083 774 2459 839 meritorum;
2490 775 2583 830 ⁴ita
2618 776 3046 848 perseverantia

1685 853 1886 927 glorias
1917 869 2033 910 non
2075 855 2392 927 requiritur
2433 855 2504 912 ad
2544 856 2885 913 meritorum
2916 872 3049 930 per-

1684 936 2098 991 severantiam.
2130 934 2296 992 Unde
2336 953 2454 995 non
2494 953 2554 994 se
2596 942 2749 993 tenet
2779 953 2860 994 exi
2890 945 3051 1011 parte

1687 1016 1945 1084 illorum,
1999 1017 2091 1073 vel
2137 1021 2200 1071 ut
2252 1018 2440 1090 primo
2484 1019 2814 1085 eliciuntur,
2848 1021 2938 1076 vel
2989 1025 3049 1075 ut

1688 1096 1880 1163 postea
1937 1098 2383 1160 conservantur;
2440 1093 2537 1150 sed
2591 1092 2762 1150 habet
2814 1111 3046 1167 prorsus

1689 1173 1973 1229 rationem
2021 1173 2281 1239 termini,
2315 1180 2371 1231 et
2396 1174 2646 1242 effectus,
2690 1192 2754 1232 ac
2795 1176 3043 1248 praemii.

1687 1254 2023 1327 Oppositum
2078 1259 2268 1310 autem
2322 1255 2524 1312 accidit
2551 1257 2615 1312 in
2643 1258 2857 1332 gratia;
2908 1273 3044 1313 nam

1687 1335 1832 1392 sicut
1873 1335 1942 1392 ad
1971 1335 2228 1408 primum
2259 1351 2391 1392 esse
2417 1338 2761 1395 meritorum
2792 1354 3048 1413 praesup-

1689 1418 1924 1490 ponitur
1970 1416 2289 1474 necessario
2329 1419 2634 1477 existentia
2678 1423 2896 1496 gratias,
2927 1431 3052 1493 quat

1689 1498 1931 1571 proinde
1992 1515 2108 1556 non
2153 1507 2522 1572 comparatur
2578 1503 2651 1560 ad
2690 1506 2899 1560 merita
2952 1521 3051 1578 per

1687 1580 1925 1636 modum
1967 1584 2211 1654 praemii,
2256 1589 2311 1640 et
2348 1585 2609 1650 termini,
2654 1586 2752 1643 sed
2782 1604 2883 1660 per
2922 1605 3053 1646 mo-

1688 1660 1827 1717 dum
1875 1663 2307 1735 principiifita
2337 1669 2766 1736 perseverantia
2810 1671 3053 1728 merito-

1690 1758 1821 1798 rum
1865 1745 2136 1817 supponit
2179 1747 2496 1802 necess'ario
2547 1749 2746 1820 gratia-2
2788 1768 3054 1824 perseve-·

1691 1825 1977 1891 rantiam3
2037 1826 2300 1897 quocirca
2369 1828 2566 1901 nequit
2620 1829 2736 1886 haec
2797 1849 3056 1904 perseve-

1691 1909 1882 1965 rantia
1928 1910 2249 1982 comparari
2299 1909 2370 1967 ad
2411 1912 2619 1969 merita
2668 1915 2768 1986 per
2819 1916 3054 1973 modum

1690 1988 1949 2058 termini,
1981 1994 2037 2046 et
2079 1991 2338 2063 praemii;
2370 1990 2466 2047 sed
2513 2010 2575 2050 se
2617 2001 2767 2053 tenet
2794 2014 2866 2054 ex
2895 2006 3057 2072 parte

1690 2070 1949 2143 ipsorum
1980 2072 2321 2128 meritorum
2345 2088 2447 2144 per
2476 2074 2712 2132 modum
2755 2079 3051 2152 principii.

1690 2153 1759 2207 Et
1787 2151 1934 2207 hanc
1974 2150 2361 2208 differentiam
2405 2155 2559 2211 inter
2598 2172 2797 2224 unam,
2829 2166 2884 2216 et
2913 2160 3057 2216 alte-

1693 2250 1817 2289 ram
1867 2234 2353 2305 perseverantiam
2402 2234 2576 2292 tradit
2625 2239 2914 2313 eleganter
2979 2244 3059 2298 De

1690 2315 1893 2372 Thom.
1922 2317 1981 2369 in
2006 2316 2104 2370 hoc
2124 2323 2232 2370 art.
2266 2317 2357 2371 his
2385 2317 2614 2375 verbis:
2653 2343 2678 2373 α
2708 2324 2851 2377 Cum
2883 2324 3058 2381 homo

1697 2418 1723 2450 «
1766 2399 2111 2455 naturaliter
2169 2397 2374 2456 habeat
2425 2400 2678 2459 liberum
2746 2404 3057 2462 arbitrium

1697 2503 1723 2534 α
1764 2479 2018 2538 flexibile
2045 2479 2115 2537 ad
2157 2479 2392 2548 bonum,
2428 2491 2484 2541 et
2530 2485 2601 2542 ad
2657 2490 2901 2556 malum,
2947 2488 3059 2544 du·

1697 2584 1723 2616 α
1754 2563 1977 2634 pliciter
2006 2568 2185 2636 potest
2223 2565 2433 2639 aliquis
2462 2571 2951 2639 perseverantiam
2997 2572 3059 2627 in

1695 2667 1720 2698 α
1766 2644 1917 2702 bono
1938 2645 2198 2703 obtinere
2225 2663 2257 2703 a
2292 2651 2426 2706 Deo.
2475 2651 2602 2707 Uno
2629 2652 2862 2724 quidem
2891 2652 3060 2710 modo

1694 2748 1720 2778 «
1765 2742 1868 2798 per
1904 2727 2029 2793 hoc,
2056 2728 2204 2799 quod
2236 2728 2488 2785 liberum
2530 2730 2841 2790 arbitrium
2870 2734 3062 2790 deter-

1696 2828 1722 2861 α
1764 2807 2021 2864 minetur
2048 2808 2118 2865 ad
2147 2809 2365 2866 bonum
2397 2826 2497 2883 per
2524 2813 2774 2885 gratiam
2799 2831 3063 2871 consum-

1696 2912 1722 2943 «
1764 2896 1983 2946 matam
2004 2914 2017 2955 ;
2042 2890 2189 2961 quod
2207 2891 2319 2946 erit
2347 2891 2410 2946 in
2424 2892 2770 2965 gloria.Alio
2793 2894 2963 2952 modo
2990 2912 3060 2951 ex

1695 2991 1720 3021 ι
1765 2976 1927 3041 parte
1973 2970 2245 3025 motionis
2291 2970 2524 3035 divinae,
2583 2988 2709 3045 quae
2757 2974 3056 3030 hominem

1698 3071 1723 3102 α
1766 3052 2011 3106 inclinat
2042 3050 2111 3106 ad
2135 3052 2350 3108 bonum
2375 3068 2553 3125 usque
2580 3053 2650 3109 ad
2671 3053 2868 3112 finem.
2904 3056 3059 3111 Sicut

1699 3152 1724 3183 α
1768 3135 1961 3187 autem
2011 3148 2081 3188 ex
2127 3132 2293 3189 dictis
2322 3139 2492 3206 patet,
2544 3134 2693 3190 illud
2749 3135 2898 3193 cadit
2952 3138 3057 3193 sub

1696 3234 1723 3266 «
1767 3215 2023 3272 humano
2068 3216 2308 3279 merito,
2374 3217 2523 3288 quod
2569 3226 2934 3291 comparatur
2987 3222 3056 3278 ad

1698 3317 1724 3348 «
1766 3300 1988 3352 motum
2017 3293 2186 3352 liberi
2217 3294 2448 3353 arbitrii
2489 3298 2692 3355 directi
2724 3315 2755 3355 a
2790 3303 2906 3358 Deo
2928 3318 3057 3359 mo-

1699 3399 1725 3428 «
1769 3382 1939 3434 vente
1984 3377 2129 3432 sicut
2177 3377 2496 3446 terminus;
2556 3396 2675 3437 non
2729 3387 2920 3438 autem
2974 3383 3055 3449 id,

1696 3480 1722 3510 x
1766 3458 1917 3531 quod
1963 3466 2329 3531 comparatur
2358 3459 2426 3517 ad
2457 3462 2790 3534 praedictum
2835 3472 3058 3523 motum

1696 3562 1723 3594 α
1765 3542 1911 3597 sicut
1922 3541 2297 3614 principium.
2318 3543 2481 3601 Unde
2499 3551 2669 3617 patet,
2692 3547 2838 3618 quod
2863 3565 3060 3621 perse-

1699 3644 1725 3676 α
1766 3622 2032 3678 verantia
2071 3623 2287 3697 glorias,
2320 3641 2445 3697 quse
2470 3631 2555 3682 est
2590 3628 2880 3684 terminus
2910 3647 3059 3704 prae-

1696 3725 1722 3756 α
1767 3702 1903 3759 dicti
1947 3708 2153 3770 motus,
2188 3703 2339 3760 cadit
2365 3705 2471 3762 sub
2517 3707 2746 3764 merito.
2781 3711 3059 3769 Perseve-

1696 3806 1722 3837 «
1768 3785 1962 3842 rantia
2002 3791 2194 3842 autem
2224 3787 2331 3844 viae
2359 3804 2475 3845 non
2518 3789 2669 3846 cadit
2695 3789 2802 3846 sub
2824 3795 3050 3861 merito,

1698 3891 1724 3921 α
1766 3870 1900 3942 quia
1927 3867 2208 3940 dependet
2233 3872 2418 3927 solum
2447 3888 2518 3929 ex
2547 3873 2802 3931 motione
2829 3876 3051 3944 divina,

1698 3973 1723 4004 «
1764 3968 1889 4024 quse
1914 3955 1999 4008 est
2027 3951 2377 4024 principium
2406 3955 2604 4010 omnis
2631 3957 2849 4014 meriti.
2885 3978 2909 4008 »
2947 3959 3054 4015 Ubi

1692 4031 1965 4105 principii
2021 4031 2260 4089 nomine
2324 4050 2442 4091 non
2490 4039 2718 4092 tantum
2771 4038 3058 4112 significat

1691 4111 1857 4181 illud,
1889 4111 2038 4185 quod
2060 4113 2346 4168 concurrit
2371 4112 2439 4169 ad
2471 4115 2723 4187 primam
2754 4123 2908 4174 actus
2939 4135 3056 4176 me-

1694 4193 1884 4250 ritorii
1956 4193 2328 4258 elicientiam,
2421 4194 2519 4250 sed
2617 4200 3054 4271 comprehendit

1691 4275 1867 4331 etiam
1897 4273 2060 4338 illud,
2093 4273 2241 4345 quod
2279 4278 2570 4333 concurrit
2606 4278 2676 4334 ab
2704 4280 2883 4351 ipsius
2924 4297 3052 4337 me-

1694 4355 1790 4413 riti
1806 4355 2302 4411 conservationem
2325 4380 2338 4422 ;
2366 4372 2466 4428 par
2489 4358 2648 4413 enim
2668 4361 2814 4417 ratio
2839 4363 3053 4419 militat

1692 4437 2011 4510 utrobique,
2035 4445 2286 4510 utsupra
2301 4438 2439 4494 satis
2455 4445 2649 4512 aperte
2671 4445 3047 4512 ostendimu5‚

1691 4526 1747 4578 et
1767 4519 2145 4593 ponderavim
2155 4536 2234 4575 us.

1765 4605 1860 4659 99.
1892 4603 2135 4660 Instabis
2163 4625 2175 4660 :
2203 4618 2338 4659 nam
2367 4603 2465 4675 qui
2509 4613 2765 4663 meretur
2789 4625 3055 4681 perseve-

1694 4688 1943 4744 rantiam
1967 4688 2165 4761 gratiae
2186 4691 2613 4753 consummatae,
2640 4697 2894 4748 meretur
2920 4710 3049 4764 gra-

1693 4768 1786 4824 tiae
1833 4768 2342 4841 perseverantiam,
2395 4783 2521 4839 quae
2577 4769 2638 4824 in
2691 4773 3058 4842 persistentia

1691 4850 1891 4924 gratias
1912 4854 2318 4906 consummatae
2347 4851 2666 4908 necessario
2695 4853 3012 4912 includitur
3043 4879 3056 4913 :
3145 4903 3150 4908 .

1691 4930 1790 4988 sed
1807 4932 2010 5005 justus,
2041 4936 2099 4985 ut
2125 4929 2509 4997 concedimus,
2538 4937 2718 5005 potest
2745 4938 2961 4994 mereri
2990 4939 3063 4996 de

1700 5011 1983 5088 condigno
2024 5013 2511 5086 perseverantiam
2555 5014 2774 5089 gloriae,
2809 5033 2934 5089 quae
2977 5027 3064 5077 est

2841 5112 2914 5148 OD
