3647 5753
1507 366 1686 456 msr.
1730 398 1826 465 111,
1872 399 2040 456 Dua.
2083 400 2180 457 iv,
3092 398 3205 455 605

326 575 412 631 ria
439 572 848 646 correspondet
880 595 892 629 :
923 589 1057 647 ergo
1080 578 1236 630 actus
1262 571 1472 629 ultimo
1498 571 1696 645 dispo-

323 663 526 719 nentes
585 655 654 711 ad
697 653 1170 728 justificationem
1224 669 1341 711 non
1394 658 1695 711 merentur

111 839 282 881 conar-
322 737 788 876 glfgggffimamr
830 808 1039 882 primo,
1078 809 1214 882 quia
1259 807 1441 882 posita
1488 807 1694 864 ultima

120 893 269 988 3)ηὲξέ
320 893 696 967 dispositione
740 891 811 950 ad
849 892 1121 967 gratiam,
1155 890 1339 948 adhuc
1379 890 1545 946 istius
1572 891 1694 948 col-

269 969 280 980 '
322 976 465 1032 latio
503 979 588 1031 est
633 990 849 1031 novum
879 972 1222 1031 beneficium
1259 994 1272 1029 ε
1304 986 1441 1046 ergo
1482 971 1694 1027 ultima

320 1054 620 1129 dispositio
640 1054 710 1111 ad
756 1055 1003 1128 gratiam
1040 1070 1158 1111 non
1180 1052 1435 1128 procedit
1465 1051 1534 1109 ab
1565 1051 1687 1107 illa.

320 1135 677 1194 ,antecedens
709 1134 936 1192 videtur
974 1142 1195 1193 certum
1231 1158 1244 1193 ε
1273 1141 1398 1192 tum
1426 1134 1564 1208 quia
1586 1149 1693 1206 po-

316 1216 429 1273 sita
456 1217 660 1273 ultima
703 1215 1077 1289 dispositione
1105 1216 1175 1273 ad
1202 1216 1469 1291 gratiam,
1504 1213 1692 1271 adhuc

317 1299 506 1373 gratia
532 1299 827 1357 confertur
852 1300 1050 1374 gratis,
1096 1305 1154 1356 et
1180 1304 1359 1372 potest
1387 1298 1530 1355 citra
1557 1311 1691 1353 om-

321 1396 459 1438 nem
507 1380 786 1454 injuriam
835 1380 1033 1456 negari
1068 1396 1247 1454 :ergo
1289 1380 1412 1455 ejus
1457 1375 1691 1435 collatio

318 1466 405 1519 est
455 1459 789 1517 distinctum
849 1460 1210 1519 beneficium.
1274 1457 1691 1532 Consequentia

320 1558 460 1599 vero
489 1540 762 1614 probatur
793 1560 805 1594 :
838 1542 973 1613 quia
998 1542 1046 1598 si
1077 1548 1231 1599 actus
1257 1541 1466 1597 ultimo
1492 1539 1688 1612 dispo-

318 1626 521 1678 nentes
549 1619 619 1676 ad
660 1621 909 1696 gratiam
938 1620 1007 1678 ab
1042 1638 1109 1678 ea
1138 1619 1526 1695 procederent,
1558 1633 1687 1675 eam

315 1702 661 1776 simpliciter
687 1707 1093 1774 supponerent,
1119 1707 1176 1759 et
1197 1702 1385 1777 gratia
1413 1718 1533 1760 non
1557 1718 1691 1776 pos-

314 1792 400 1843 set
441 1785 667 1860 negari,
698 1802 823 1859 quae
849 1785 1195 1858 supponitur
1234 1801 1356 1843 esse
1385 1785 1689 1858 praedicto-

319 1884 450 1924 rum
496 1874 726 1924 actuum
757 1868 1111 1940 principium
1158 1889 1172 1925 ε
1214 1884 1351 1942 ergo
1380 1883 1496 1925 non
1540 1873 1689 1926 esset

319 1947 663 2006 beneficium
691 1946 1005 2017 diversum,
1031 1949 1122 2005 vel
1156 1947 1374 2005 actibus
1410 1964 1687 2022 superve-

320 2031 507 2088 niens.
1135 2070 1154 2085 .

97 2130 297 2177 soeunao
394 2110 783 2170 confirmatur
827 2110 1104 2179 secundo,
1150 2112 1286 2184 quia
1329 2114 1484 2167 actus
1523 2127 1582 2167 v.
1625 2128 1680 2188 g.

318 2194 679 2251 contritionis
706 2195 770 2251 in
798 2193 1038 2250 instanti
1060 2190 1490 2268 justificationis
1515 2193 1685 2249 elici-

320 2283 409 2332 tus
447 2281 530 2333 est
575 2276 870 2349 dispositio
917 2274 1158 2331 moralis
1204 2272 1276 2330 ad
1325 2273 1685 2333 infusionem

319 2360 517 2432 gratiae
550 2380 563 2415 :
592 2375 726 2433 ergo
754 2376 871 2416 non
901 2355 1151 2432 procedit
1186 2355 1257 2414 ab
1286 2357 1410 2413 illa.
1440 2359 1685 2415 Antece-

319 2439 462 2497 dens
492 2440 781 2514 probatur,
815 2443 948 2514 quia
975 2438 1275 2513 praedictus
1302 2444 1457 2495 actus
1485 2437 1684 2512 dispo-

324 2524 411 2579 nit
438 2522 721 2579 movendo
746 2522 1004 2578 divinam
1033 2522 1410 2587 voluntatem,
1445 2525 1509 2576 ut
1545 2537 1683 2595 gra-

321 2606 464 2661 tiam
512 2605 796 2673 infundat,
842 2609 898 2660 et
942 2608 1161 2677 peccata
1210 2603 1481 2670 remittat,
1520 2602 1685 2677 juxta

94 2699 152 2739 D.
173 2697 275 2741 Luc.
321 2685 468 2742 illud
497 2688 656 2742 Lucae
681 2689 716 2741 7
751 2708 763 2741 :
802 2685 1175 2743 Remittuntur
1198 2686 1249 2739 εἰ
1274 2692 1494 2758 peecata
1534 2686 1684 2741 mul-

316 2775 395 2835 tu,
428 2769 689 2844 quoniam
715 2767 911 2822 ditavit
931 2765 1168 2821 multum
1186 2783 1205 2819 .·
1232 2764 1463 2821 allicere
1490 2769 1681 2821 autem

317 2849 670 2907 voluntatem
702 2848 801 2906 Dei
828 2854 915 2906 est
961 2844 1261 2921 proprium
1288 2843 1683 2919 dispositionis

313 2930 551 2987 moralis
579 2951 591 2985 :
621 2946 775 3005 ergo,
801 2935 905 2987 etc.
931 2927 1349 3000 Consequentia
1376 2932 1567 2984 autem
1590 2944 1676 2985 os:

309 3014 584 3078 tenditur,
616 3013 889 3088 quoniam
918 3028 985 3069 eo
1013 3012 1153 3083 ipso,
1185 3007 1335 3081 quod
1363 3011 1511 3065 Deus
1554 3025 1681 3066 mo-

312 3104 511 3155 veatur
555 3113 624 3155 ex
670 3093 1082 3169 complacentia
1126 3092 1276 3148 circa
1310 3098 1499 3148 actum
1541 3108 1683 3150 con-

308 3178 563 3236 tritionis
592 3177 662 3234 ad
685 3176 1037 3234 infusionem
1060 3171 1278 3247 gratiae,
1305 3176 1362 3228 et
1386 3173 1682 3230 remissio-

311 3276 441 3320 nem
490 3261 683 3333 culpae,
741 3259 910 3316 debet
955 3256 1116 3330 prius
1164 3253 1434 3311 intuitive
1481 3254 1682 3312 videre

309 3344 498 3396 actum
538 3340 900 3397 contritionis
935 3337 1296 3399 existentem,
1340 3349 1515 3406 quam
1541 3350 1683 3408 gra-

310 3423 484 3489 tiam3
517 3439 634 3478 non
661 3423 819 3479 enim
848 3426 1114 3478 movetur
1140 3421 1288 3473 Deus
1315 3415 1386 3473 ad
1426 3432 1562 3491 erog
1574 3433 1682 3474 an-

310 3503 448 3557 dum
475 3502 720 3575 gratiam
767 3501 837 3558 ab
883 3502 972 3563 iis,
1018 3515 1142 3571 quae
1167 3497 1680 3571 supponuntsim-

315 3582 536 3655 pliciter
578 3582 844 3656 gratiam,
894 3580 992 3637 sed
1039 3579 1108 3636 ab
1155 3579 1227 3636 iis
1261 3594 1385 3652 quae
1427 3577 1679 3652 gratiam

311 3662 651 3735 simpliciter
691 3661 1030 3719 antecedunt
1061 3682 1074 3716 ε
1122 3660 1219 3718 sed
1246 3674 1376 3715 cum
1407 3658 1512 3714 hoc
1554 3675 1675 3718 non

312 3745 573 3810 cohaeret,
610 3743 759 3816 quod
782 3749 933 3800 actus
959 3742 1322 3800 contritionis
1350 3739 1622 3813 procedat
1646 3758 1677 3800 a

313 3826 534 3900 gratia:
564 3841 699 3900 ergo
721 3824 795 3880 ab
823 3825 925 3881 illa
947 3839 1064 3880 non
1088 3821 1362 3897 procedit.

92 3931 626 4080 &pff-‘minorem
677 3992 739 4043 ut
783 3991 1001 4043 constat
1038 4001 1109 4042 ex
1147 3999 1321 4057 supra
1359 3981 1525 4039 dictis
1566 3989 1682 4042 toto

146 4083 246 4121 tum.
315 4072 346 4138 g
370 4069 425 4124 2.
457 4066 543 4123 Ad
588 4067 674 4142 cuj
685 4085 746 4123 us
774 4065 1170 4139 probationem
1198 4063 1558 4121 admittimus
1584 4080 1682 4121 se-

312 4152 561 4223 quelam,
607 4157 661 4208 et
702 4165 974 4224 negamus
1015 4149 1326 4212 minorem,
1369 4163 1544 4220 quam
1581 4147 1681 4204 in-

312 4238 478 4289 sertae
499 4232 862 4306 probationes
877 4247 995 4290 non
1015 4232 1310 4289 evincunt.
1325 4234 1453 4288 Non
1466 4232 1675 4304 prima,

310 4315 447 4387 quia
468 4316 609 4371 sicut
630 4314 814 4390 gloria
834 4314 1089 4387 corporis
1109 4313 1218 4370 fuit
1240 4313 1429 4370 debita
1456 4312 1682 4370 Christo

316 4397 560 4455 Domino
588 4397 801 4471 duplici
830 4398 1016 4466 titulo,
1050 4413 1256 4470 nempe
1276 4395 1678 4456 connaturali-

315 4481 466 4547 tatis,
498 4485 646 4539 etex
667 4480 892 4537 meritis
922 4502 936 4537 ε
966 4481 1044 4536 ita
1075 4480 1261 4552 prima
1285 4481 1472 4555 gloria
1503 4484 1681 4552 potest

312 4560 440 4620 dari
469 4563 540 4621 ob
587 4561 728 4618 duos
773 4563 985 4628 titulos,
1031 4561 1243 4618 scilicet
1271 4567 1330 4617 ut
1375 4560 1679 4619 haereditas

314 4643 665 4716 respondens
694 4644 898 4716 primae
922 4642 1139 4717 gratiae,
1172 4647 1226 4697 et
1254 4647 1315 4697 ut
1340 4657 1551 4698 corona
1577 4641 1680 4699 de-

312 4723 430 4782 bita
459 4725 649 4799 primo
677 4728 824 4783 actui
867 4725 1170 4782 meritorio
1197 4723 1261 4779 in
1288 4724 1529 4781 instanti
1553 4725 1681 4798 jus-

311 4805 644 4864 tificationis
688 4809 897 4865 elicito.
927 4810 1042 4863 Nec
1085 4805 1341 4870 secunda,
1385 4805 1520 4878 quia
1551 4806 1681 4864 licet

311 4892 467 4944 actus
513 4890 866 4957 meritorius,
898 4889 996 4962 qui
1043 4884 1262 4945 excedit
1291 4886 1679 4943 intensionem

306 4970 526 5044 gratiae,
554 4977 765 5044 nequat
811 4970 1027 5028 mereri
1067 4967 1336 5044 gloriam,
1367 4965 1511 5040 quin
1539 4983 1680 5042 aug-

309 5055 572 5109 mentum
595 5053 796 5127 gratiae
821 5056 1149 5119 mereatur;
1180 5055 1335 5109 actus
1362 5055 1559 5108 tamen
1582 5051 1678 5125 qui

388 3904 475 3960 Ad
533 3910 937 3980 argumentum
990 3902 1365 3977 respondetur
1421 3901 1682 3976 negando
1739 3919 1740 3922 ’

1830 572 2064 645 profluit
2084 591 2117 632 a
2139 575 2329 648 prima
2354 577 2561 652 gratia,
2586 580 2642 633 et
2670 575 2759 632 illi
2791 575 2853 631 in
2874 574 2986 631 'sua
3014 572 3203 629 inten-

1829 656 1993 746 sione
2049 665 2552 717 commensuratur
2571 703 2584 726 ,
2643 658 2787 715 bene
2840 661 3019 731 potest
3071 655 3201 729 glo-

1830 752 1979 794 riam
2010 739 2242 805 mereri,
2275 740 2416 813 quin
2441 740 2690 814 primam
2718 740 2964 814 gratiam
2987 750 3203 793 merea-

1827 822 1937 874 tur.
1971 821 2038 874 Et
2067 820 2210 877 ratio
2239 825 2341 888 est,
2383 821 2521 894 quia
2556 819 2853 894 praedictus
2881 824 3034 875 actus
3062 832 3201 888 sup-

1829 900 1991 973 ponit
2031 901 2278 975 gratiam
2314 907 2587 975 tanquam
2642 899 3014 975 principium,
3048 896 3202 953 unde

1828 984 2028 1056 nequit
2051 999 2179 1040 eam
2208 984 2421 1040 mereri
2451 983 2735 1058 :gloriam
2762 996 2901 1037 vero
2925 995 3041 1037 non
3067 994 3203 1051 sup-

1828 1064 2007 1136 ponit,
2037 1063 2136 1121 sed
2183 1062 2485 1121 antecedit.
2531 1063 2807 1128 Quocirca
2847 1061 3011 1115 illam
3062 1074 3200 1131 pro-

1825 1146 2039 1203 mereri
2066 1147 2238 1203 valet.
2270 1146 2340 1200 Et
2367 1145 2505 1218 quia
2552 1143 2776 1216 primus
2825 1146 2980 1197 actus
3009 1139 3195 1195 meri-

1826 1228 2007 1284 torius
2020 1226 2295 1300 supponit
2310 1224 2630 1283 necessario
2648 1223 2902 1297 primam
2923 1220 3194 1295 gratiam,

1826 1314 2128 1383 propterea
2157 1309 2356 1382 nequit
2382 1323 2511 1365 eam
2554 1304 2896 1378 promereri.
2941 1302 3099 1368 Quod
3127 1302 3200 1360 de

1825 1390 1972 1447 facto
2014 1388 2085 1446 ab
2132 1388 2403 1446 omnibus
2449 1385 2796 1450 admittitur,
2849 1384 2972 1440 sive
3006 1382 3197 1457 gratia

1825 1475 2301 1545 praesupponatur
2347 1467 2419 1525 ad
2464 1467 2635 1524 illum
2683 1471 2872 1523 actum
2918 1469 2980 1520 ut
3026 1476 3197 1520 causa

1821 1553 2090 1618 efficiens,
2115 1553 2239 1609 sive
2259 1556 2320 1608 ut
2341 1551 2529 1608 forma
2552 1549 2791 1607 moralis
2814 1549 2978 1604 illam
3007 1546 3196 1622 digni-

1821 1635 2033 1705 ficans3
2074 1633 2368 1711 quodlibet
2412 1634 2571 1691 enim
2620 1634 2830 1690 horum
2865 1630 3087 1697 sufficit,
3119 1645 3194 1688 ne

1821 1725 1977 1776 actus
2011 1724 2302 1776 mereatur
2327 1714 2709 1772 substantiam
2739 1714 2943 1788 primae
2964 1712 3186 1788 gratiae,

1821 1801 1952 1860 licet
1990 1801 2064 1857 sit
2104 1799 2443 1857 meritorius
2485 1798 2688 1872 primae
2714 1796 2936 1872 gloriae.
2973 1800 3049 1852 De
3075 1811 3189 1870 quo

1822 1884 1994 1941 latius
2020 1898 2253 1957 agemus
2280 1888 2445 1937 tract.
2468 1898 2575 1956 seq.
2608 1880 2750 1952 disp.
2771 1880 2827 1944 6,
2852 1879 2979 1934 dub.
3021 1879 3067 1935 1.
3285 1942 3294 1951 ·

1904 1965 2023 2020 103.
2073 1962 2159 2018 Ad
2219 1962 2470 2036 primam
2516 1957 3014 2017 confirmationem
3063 1973 3187 2015 res-
3224 1941 3379 2035 ἓξὲξ

1821 2042 2104 2116 pondetur
2151 2043 2410 2118 negando
2455 2038 2794 2100 antecedens
2822 2038 3183 2096 intellectum
3215 2041 3392 2137 gffgffii

1818 2125 1891 2182 de
1917 2141 2067 2184 novo
2106 2124 2399 2192 beneficio,
2431 2121 2581 2197 quod
2606 2121 2682 2177 sit
2706 2120 3046 2193 simpliciter
3072 2135 3183 2178 no·
3370 2122 3383 2134 ·

1819 2225 1978 2283 vum,
2019 2213 2076 2266 et
2100 2206 2435 2264 distinctum
2483 2205 2659 2278 :quia
2702 2206 2847 2259 Deus
2889 2203 3056 2258 unica
3084 2217 3182 2258 ac-

1817 2292 1975 2348 tione
2021 2290 2279 2363 producit
2305 2296 2360 2348 et
2384 2288 2651 2365 gratiam,
2683 2291 2738 2343 et
2766 2286 3032 2342 ultimam
3059 2283 3183 2341 dis-

1819 2373 2162 2445 positionem
2190 2371 2259 2429 ad
2286 2372 2532 2447 gratiam
2579 2391 2593 2426 :
2622 2370 2766 2425 sicut
2794 2369 2963 2424 unica
3001 2366 3179 2424 etiam

1818 2455 2040 2512 actione
2066 2452 2326 2527 producit
2366 2452 2615 2510 formam
2642 2449 3098 2513 substantialem,
3129 2453 3187 2505 et

1819 2534 2190 2608 proprietates
2231 2533 2302 2591 ab
2347 2549 2413 2590 ea
2459 2532 2718 2597 fluenteS,
2748 2546 2873 2604 quae
2899 2528 2969 2586 ad
2995 2527 3179 2601 ipsius

1818 2616 2202 2689 receptionem
2230 2615 2563 2687 disponunt.
2596 2609 2760 2668 Unde
2782 2626 2898 2667 non
2921 2610 3181 2667 interve·

1816 2697 1906 2753 nit
1927 2696 2008 2754 ibi
2037 2696 2152 2753 nisi
2180 2696 2416 2753 unicum
2443 2692 2782 2766 simpliciter
2812 2688 3177 2757 beneficium,

1815 2778 2230 2837 considerando
2257 2777 2599 2836 beneficium
2646 2772 2990 2839 formaliter,
3022 2777 3078 2829 et
3118 2771 3182 2828 in

1817 2868 1988 2927 recto,
2003 2878 2073 2920 ex
2091 2866 2249 2934 parte
2265 2861 2503 2919 actionis
2518 2855 3044 2920 divinae.DiximuS,
3060 2871 3185 2911 con-

1814 2945 2108 3001 siderando
2136 2945 2472 3016 beneficium,
2515 2949 2614 2999 etc.
2642 2941 2778 3013 quia
2813 2939 2863 2995 si
2919 2937 3184 2994 attenda-

1814 3044 1946 3083 mus
1966 3026 2036 3083 ad
2057 3026 2207 3084 dona
2235 3025 2523 3099 producta,
2548 3040 2674 3097 quae
2701 3022 2876 3079 etiam
2907 3019 3183 3078 beneficia

1815 3109 2106 3176 dicuntur,
2132 3113 2214 3165 tot
2235 3108 2315 3164 ibi
2339 3107 2738 3166 interveniunt
2766 3101 3039 3161 beneficia
3062 3117 3183 3159 ma-

1816 3192 2117 3256 terialiter,
2149 3196 2205 3246 et
2230 3190 2603 3247 terminative
2629 3186 3003 3251 considerata,
3046 3189 3184 3257 quot

1814 3279 1949 3330 sunt
1978 3273 2354 3347 perfectiones
2379 3288 2411 3329 a
2445 3274 2559 3329 Deo
2586 3270 2886 3344 productae,
2919 3273 2975 3324 et
3003 3268 3182 3324 reali-

1814 3359 1904 3412 ter
1954 3354 2107 3410 inter
2166 3369 2227 3411 se
2276 3351 2571 3409 distinctas.
2638 3350 2723 3406 Ad
2779 3348 3180 3424 probationem

1816 3440 2005 3495 autem
2051 3434 2115 3490 in
2161 3433 2521 3491 contrarium
2569 3431 2877 3489 dIcendum
2921 3435 3038 3497 est,
3089 3435 3180 3488 to·

1814 3523 1935 3574 tam
1970 3513 2434 3592 justificationem
2483 3512 2608 3570 fieri
2661 3511 3003 3585 simpliciter
3040 3523 3179 3586 gra-

1816 3599 1929 3669 tis;
1976 3599 2111 3673 quia
2157 3596 2383 3654 nullum
2441 3595 2715 3652 meritum
2763 3593 3171 3667 praesupponit.

1817 3681 2140 3753 possetque,
2167 3682 2444 3752 quantum
2471 3680 2555 3734 est
2580 3692 2651 3734 ex
2678 3676 2737 3734 vi
2778 3675 2963 3750 hujus,
2995 3674 3179 3748 posita

1815 3762 2021 3819 ultima
2046 3758 2437 3833 dispositione,
2470 3758 2613 3814 citra
2635 3773 2868 3815 omnem
2893 3757 2974 3830 inj
2985 3756 3175 3812 uriam

1816 3842 2017 3919 negari
2063 3840 2252 3899 forma
2290 3838 2624 3915 justificans.
2669 3840 2941 3896 Absolute
2984 3831 3181 3894 tamen

1817 3924 1875 3981 id
1904 3923 2030 3981 fieri
2065 3923 2279 3996 nequit,
2309 3922 2513 3979 saltem
2538 3920 3014 3984 connaturaliter;
3043 3918 3182 3992 quia

1815 4004 2021 4063 ultima
2042 4001 2339 4078 dispositio
2372 4002 2646 4075 supponit
2671 4000 3015 4075 slmpliciter
3040 4015 3179 4073 gra-

1816 4086 1958 4143 tiam
1986 4082 2455 4149 sanctificantem,
2487 4099 2612 4156 quae
2638 4087 2719 4140 est
2747 4082 2867 4156 ejus
2894 4082 3181 4138 connatu-

1816 4166 1938 4223 rale
1985 4165 2354 4239 principium.
2402 4162 2566 4220 Unde
2610 4164 2753 4220 sicut
2794 4177 2864 4218 ex
2912 4159 3179 4232 supposi-

1815 4246 1991 4310 tione,
2010 4244 2160 4318 quod
2174 4244 2361 4320 gratia
2380 4242 2740 4302 sanctificans
2763 4241 2938 4299 fuerit
2960 4240 3172 4303 infusa,

1814 4325 2013 4398 nequit
2059 4325 2258 4399 negari
2292 4326 2415 4381 :ita
2459 4341 2530 4382 ex
2574 4323 2982 4397 suppositione,
3030 4318 3182 4393 quod

1813 4405 1962 4464 adsit
1989 4405 2194 4461 ultima
2218 4404 2516 4478 dispositio
2543 4403 2614 4460 ad
2639 4403 2909 4477 gratiam,
2938 4402 3047 4457 ista
3071 4415 3180 4457 ne-

1812 4486 1938 4562 gari
1984 4503 2101 4545 non
2147 4488 2353 4544 valet:
2394 4485 2725 4558 implicatur
2771 4484 2932 4541 enim
2979 4481 3181 4540 eadem

1810 4569 2147 4643 suppositio.

1886 4650 1974 4707 Ad
2001 4649 2311 4708 secundam
2355 4647 2855 4707 confirmationem
2900 4645 3390 4705 constabitocourri-

1812 4731 1988 4790 dubio
2027 4731 2305 4805 sequenti.
2336 4733 2499 4787 Nunc
2527 4729 2781 4787 breviter
2809 4727 3185 4803 respondetur
3204 4710 3372 4806 effi&

1812 4813 2075 4888 negando
2097 4810 2455 4869 antecedens:
2473 4811 2609 4883 quia
2623 4810 2925 4884 dispositio
2942 4807 3187 4866 moralis

1812 4893 2046 4967 proprie
2060 4892 2208 4949 dicta
2218 4897 2409 4949 movet
2422 4890 2687 4949 divinam
2704 4893 2836 4947 volu
2847 4897 3060 4947 ntatem
3084 4903 3187 4962 per

1810 4973 2049 5031 modum
2078 4973 2271 5029 meriti
2295 4972 2365 5031 de
2383 4989 2650 5048 congruo,
2686 4974 2781 5029 vel
2806 4972 2876 5029 de
2897 4970 3184 5044 condigno

1812 5054 1883 5113 ad
1912 5054 2181 5119 formam,
2204 5051 2274 5111 ad
2299 5070 2472 5127 quam
2495 5053 2769 5126 disponit.
2791 5055 2959 5108 Actus
2989 5057 3184 5109 autem
