3647 5753
97 2568 208 2612 uitur

96 2619 195 2677 ilir-

99 2674 191 2713 uo.

1420 430 1598 487 DISP.
1642 428 1742 497 vl,
1787 430 1956 487 DUB.
1997 430 2094 486 VI.

232 628 261 658 α
303 604 543 661 cundum
567 607 979 677 expositionem,
1007 621 1121 681 qua!
1143 605 1321 674 mayis
1357 602 1497 677 facit
1515 602 1592 658 ad

231 708 259 739 α
305 702 420 743 rem
443 688 793 758 prasentem),
817 685 921 742 hoc
944 690 1124 757 potest
1145 683 1350 742 referri
1374 682 1444 740 ad
1461 683 1584 750 hoc,

232 788 260 819 α
305 766 455 840 quod
532 767 782 840 patiatur
840 764 1205 823 tolerabilius
1280 764 1585 838 judicium.

236 872 263 905 ι
305 847 472 905 Unde
517 849 657 905 dicit
706 851 941 923 August.
994 849 1058 904 in
1097 846 1199 904 lib.
1249 847 1321 905 de
1349 848 1585 922 patient.

234 953 262 984 α
304 933 433 987 Non
482 945 784 1002 possumus
829 929 1016 987 dicere
1042 929 1402 987 schismatico
1430 931 1592 985 :Me-

232 1034 260 1065 «
306 1011 420 1067 lius
465 1010 681 1079 fuisset,
713 1016 775 1067 ut
800 1012 1089 1068 Christum
1132 1008 1393 1085 negando
1439 1008 1592 1066 nihil

237 1115 262 1146 α
301 1107 504 1150 eorum
526 1098 836 1164 pateretur,
881 1108 1005 1165 quae
1044 1107 1242 1165 passus
1286 1097 1371 1148 est
1408 1087 1592 1147 confi-

238 1195 265 1227 «
306 1170 477 1230 tendo
510 1171 651 1229 :sed
676 1172 1131 1230 existimandum
1177 1175 1262 1229 est
1314 1169 1591 1229 tolerabi-

239 1278 266 1308 α
294 1255 423 1312 ‘lius
442 1254 495 1310 ei
518 1252 778 1311 futurum
797 1253 1097 1328 judicium,
1123 1268 1297 1326 quam
1317 1252 1367 1308 si
1390 1251 1587 1308 Chris-

240 1360 266 1391 «
308 1340 432 1393 tum
479 1335 739 1409 negando
775 1336 926 1392 nihil
953 1352 1154 1393 eorum
1205 1339 1510 1409 pateretur.
1560 1353 1586 1385 »

233 1418 379 1484 Quia
424 1416 693 1474 videlicet
745 1417 1006 1492 negando
1052 1419 1343 1475 Christum
1374 1430 1590 1473 novum

234 1506 518 1575 peccatum
549 1500 952 1569 committeret,
992 1517 1103 1574 quo
1131 1499 1408 1557 acerbiori
1432 1495 1594 1572 judi—

232 1581 338 1647 ci0,
364 1586 420 1637 et
438 1581 694 1654 graviori
720 1596 900 1653 poenae
923 1580 1263 1638 redderetur
1284 1577 1588 1636 obnoxius:

235 1660 473 1719 vitando
525 1667 715 1718 autem
771 1661 1109 1734 praedictum
1160 1664 1448 1734 peccatum
1492 1672 1594 1731 per

230 1744 648 1802 confessionem
696 1744 945 1812 Christi,
991 1745 1135 1801 vitat
1178 1743 1353 1801 etiam
1406 1739 1595 1799 acrius

228 1823 531 1901 judicium,
564 1830 620 1881 et
641 1824 937 1882 duriorem
967 1840 1229 1898 poenam;
1261 1828 1428 1897 atque
1467 1820 1596 1878 ideo

236 1906 368 1962 licet
394 1921 513 1962 non
535 1912 845 1970 mereatur,
877 1905 1241 1977 consequitur
1263 1909 1459 1960 tamen
1506 1907 1596 1958 to·

237 1983 537 2044 [erabilius
557 1986 858 2060 judicium.
888 1984 1052 2043 Unde
1080 1985 1279 2059 adjecit
1303 1987 1365 2040 D.
1386 1984 1591 2040 Tbom.

238 2089 264 2121 α
309 2065 371 2123 Id
399 2067 549 2141 quod
590 2068 671 2123 ait
697 2067 1001 2141 Apostolus
1032 2087 1046 2125 ε
1075 2067 1126 2122 si
1154 2064 1446 2123 tradidero
1467 2081 1596 2122 cor-

237 2169 264 2201 «
310 2163 413 2220 pus
435 2162 651 2213 meum,
672 2146 751 2204 ita
774 2154 835 2203 ut
862 2146 1463 2212 ardeam,charitatem
1492 2162 1598 2203 au-

237 2250 262 2283 «
308 2235 425 2285 tem
464 2244 584 2285 non
625 2229 899 2296 habuero,
934 2229 1085 2285 nihil
1132 2228 1281 2284 mibi
1326 2228 1594 2301 prodest;

240 2331 267 2363 α
308 2309 659 2385 intelligitur
710 2309 781 2366 ad
830 2326 1075 2386 regnum
1127 2309 1406 2365 coelorum
1444 2308 1599 2366 obti-

237 2413 264 2443 α
308 2392 585 2457 nendum,
620 2408 737 2449 non
766 2399 957 2450 autem
990 2392 1062 2449 ad
1096 2391 1344 2448 extremi
1370 2393 1600 2466 suppli-

237 2494 262 2525 «
308 2473 382 2530 cii
417 2472 700 2548 judicium
728 2474 1089 2531 tolerabilius
1128 2472 1519 2530 subeundum.
1566 2494 1593 2526 n

308 2552 393 2609 Ad
420 2552 921 2611 confirmationem
951 2559 1192 2629 negatur
1219 2553 1557 2613 antecedens
1585 2575 1598 2610 z

235 2635 394 2710 cujus
422 2635 787 2708 probationes
815 2651 931 2692 non
954 2642 1178 2711 urgent,
1199 2638 1333 2713 quia
1355 2652 1458 2693 nec
1477 2634 1604 2693 obs-

234 2718 481 2783 tetrices,
534 2734 638 2775 nec
676 2717 988 2793 Babylonis
1036 2735 1169 2785 rex,
1204 2735 1308 2777 nec
1354 2718 1601 2776 Romani

238 2816 340 2874 per
384 2817 488 2857 sua
533 2815 707 2874 opera
763 2804 907 2874 (sive
958 2802 1258 2860 moraliter
1306 2801 1602 2874 undequa-

235 2902 344 2959 que
364 2885 549 2953 bona,=
566 2888 689 2943 sive
716 2887 908 2959 aliqua
930 2886 1358 2944 circumstantia
1379 2886 1602 2957 vitiata)

237 2977 578 3027 meruerunt
605 2970 836 3044 proprie
864 2969 1093 3044 aliquod
1135 2969 1350 3026 bonum
1379 2972 1603 3042 tempo-

241 3051 361 3108 rale
385 3071 397 3117 ;
419 3051 517 3109 sed
547 3054 776 3126 physice
802 3058 1026 3109 tantum
1056 3050 1341 3123 assequuti
1364 3049 1598 3116 suntid,

240 3131 314 3188 ad
358 3132 505 3206 quod
553 3133 936 3190 movebantur
984 3149 1016 3188 a
1061 3133 1207 3191 De03
1235 3146 1361 3202 quae
1404 3146 1605 3187 conse-

238 3216 438 3288 quutio
454 3221 635 3289 potest
659 3215 977 3289 improprie
1001 3210 1279 3284 appellari
1303 3212 1599 3280 meritum,

239 3296 373 3372 quia
402 3302 487 3353 est
511 3303 701 3353 motus
728 3297 799 3353 ad
848 3311 991 3359 rem,
1027 3309 1151 3367 quae
1180 3299 1365 3368 posset
1392 3291 1607 3350 habere

245 3379 529 3437 rationem
580 3377 880 3436 mercedis.
914 3381 1039 3442 Quo
1084 3394 1260 3434 sensu
1290 3377 1496 3433 asserit
1535 3379 1603 3432 D.

242 3461 446 3519 Thom.
490 3464 556 3519 in
603 3461 895 3535 praesenti,
928 3460 1078 3534 quod
1133 3459 1404 3534 praedicta
1455 3458 1607 3516 bona

2978 432 3082 489 871

1723 602 2068 674 temporalia
2092 599 2307 658 cadunt
2330 599 2437 656 sub
2489 600 2699 658 merito
2743 621 2757 656 ε
2787 599 2865 658 In
2909 616 3095 678 quan-

1722 690 1859 747 tum,
1910 682 2118 755 inquit,
2168 683 2413 738 homine-s·
2454 689 2743 739 moventur
2782 700 2820 738 a
2861 682 2976 738 Deo
3022 680 3098 736 ad

1721 764 1918 841 aliqua
1946 763 2320 837 temporaliter
2342 764 2575 833 agenda,
2610 766 2673 819 in
2699 763 2901 839 quibus
2934 779 3098 819 suum

1716 847 2063 918 propositum
2106 852 2536 923 consequuntur,
2569 844 2682 902 Deo
2708 846 2947 919 favente.
2975 841 3096 899 Ad-

1723 928 1919 985 dimus
1964 931 2161 996 etiam,
2209 928 2359 1002 quod
2400 933 2464 986 D.
2496 929 2701 995 Thom‚
2734 930 2847 985 loco
2890 931 2986 986 cit.
3030 928 3094 983 de

1722 1013 1987 1081 reqimine
2017 1010 2265 1084 Princip.
2305 1010 2561 1082 loquitur
2588 1009 2659 1067 de
2686 1010 2900 1067 merito
2925 1010 3093 1084 juxta

1723 1109 1961 1151 sensum
2013 1093 2387 1167 antiquorum
2442 1092 2928 1165 Philosophorum
2961 1133 2975 1159 ,
3037 1096 3093 1148 et

1725 1175 2011 1250 praecipua
2037 1175 2364 1233 Aristotelis
2409 1180 2471 1233 in
2515 1176 2551 1228 5
2603 1173 2791 1230 Ethic.
2845 1173 2943 1246 qui
2973 1176 3095 1229 tan-

1724 1264 1850 1314 tum
1898 1255 2270 1315 attendebant
2322 1257 2392 1315 ad
2455 1256 2886 1332 proportionem
2941 1255 3097 1313 inter

1726 1340 2022 1407 meritum,
2053 1345 2109 1398 et
2136 1341 2445 1413 praemium
2490 1337 2808 1396 secundum
2857 1353 2937 1403 se,
2975 1352 3094 1395 non

1726 1437 1865 1478 vero
1888 1420 1957 1478 ad
1992 1422 2424 1494 proportionem
2448 1423 2603 1478 inter
2631 1418 2934 1475 hominem
2965 1434 3094 1475 me-

1728 1507 1972 1565 rentem,
2003 1506 2061 1558 et
2086 1504 2266 1559 Deum
2295 1502 2697 1574 praemiantem
2730 1518 2743 1555 ε
2769 1513 2874 1554 nec
2900 1499 3094 1555 consi-

1725 1582 2007 1639 derabant
2032 1587 2243 1641 statum
2290 1584 2518 1656 peccati,
2549 1586 2605 1639 et
2653 1578 2967 1654 peccatoris
2993 1579 3095 1637 in-

1727 1661 2089 1737 dignitatem.
2120 1666 2234 1720 Nos
2280 1669 2473 1720 autem
2521 1661 2818 1735 loquimur
2844 1658 2916 1716 de
2961 1675 3089 1717 me-

1729 1744 1843 1801 rito
1886 1744 2202 1818 theologice
2247 1749 2490 1817 accepto,
2542 1759 2656 1817 qua
2707 1742 2934 1798 ratione
2976 1757 3096 1798 non

1730 1825 2060 1899 praescindit
2099 1841 2133 1882 a
2162 1825 2493 1882 conditione
2537 1823 2835 1888 merentis,
2867 1821 2964 1879 sed
2993 1839 3096 1895 po-

1727 1909 1844 1964 tius
1865 1908 1937 1965 ab
1961 1909 2062 1964 illa
2085 1907 2263 1964 trahit
2278 1924 2446 1963 suum
2467 1906 2749 1971 valorem,
2763 1904 2929 1977 juxta
2951 1903 3095 1960 illud

1729 1993 1931 2048 Genes.
1961 1992 1997 2046 4
2031 2012 2043 2045 ε
2067 1989 2325 2064 Respexit
2353 1988 2627 2046 Dominus
2652 1987 2727 2042 ad
2749 1985 2906 2054 Abel,
2944 1992 2995 2042 et
3020 1986 3098 2041 ad

1731 2091 1960 2130 munera
2005 2075 2124 2145 ejus
2147 2093 2165 2127 :
2187 2088 2287 2146 per
2314 2070 2463 2145 quod
2489 2067 2867 2145 significatur,
2915 2071 3096 2125 Deum

1732 2156 1913 2231 prius,
1944 2162 2001 2211 et
2029 2155 2211 2230 magis
2239 2154 2522 2227 respicere
2565 2167 2892 2228 personam,
2923 2168 3099 2224 quam

1730 2238 1894 2294 illius
1944 2250 2137 2311 opera.
2182 2239 2366 2302 Quam
2395 2235 2815 2307 expositionem
2845 2231 3020 2289 tradit
3039 2235 3094 2289 S.

1732 2323 1937 2377 Doctor
1964 2326 2147 2398 quaest.
2172 2320 2265 2384 27,
2285 2317 2349 2372 de
2382 2313 2610 2374 Veritat.
2643 2322 2753 2371 art.
2783 2314 2837 2379 5,
2865 2315 2925 2367 in
2945 2331 3093 2386 corp.

1734 2400 1938 2457 Ethaec
1952 2399 2022 2457 de
2041 2400 2269 2464 merito,
2284 2402 2340 2455 et
2361 2395 2431 2453 de
2453 2402 2568 2453 tota
2585 2395 2786 2452 Prima
2809 2392 3097 2451 Secundae.

1735 2484 1870 2547 Quae
1899 2482 2123 2538 utinam
2151 2478 2355 2537 cedant
2378 2479 2440 2535 in
2483 2478 2765 2534 honorem
2797 2474 3101 2532 sanctissi-

1735 2577 1845 2617 mae
1868 2559 2546 2631 Trinitatis,laudemque
2570 2557 2843 2613 omnium
2866 2557 3102 2612 Sancto-

1738 2660 1869 2700 rum
1890 2688 1903 2711 ,
1951 2643 2236 2716 praecipue
2277 2658 2415 2699 vero
2469 2639 2825 2697 Beatissimae
2874 2652 3102 2709 semper

1736 2724 1995 2799 Virginis
2024 2725 2227 2782 Mariae
2255 2723 2325 2781 de
2354 2726 2551 2779 monte
2579 2719 2854 2787 Carmeli,
2890 2733 3102 2792 paren-

1735 2811 1861 2863 tum
1909 2805 2067 2871 Eliae,
2116 2810 2173 2862 et
2213 2803 2519 2871 Theresiae,
2555 2817 2616 2858 ac
2654 2802 2814 2859 Beati
2859 2798 3101 2858 Joannis

1735 2903 1768 2943 a
1796 2889 1990 2954 Cruce,
2026 2902 2250 2944 necnon
2294 2882 2648 2941 sanctissimi
2698 2881 3096 2955 Praeceptoris,

1735 2973 1790 3024 et
1844 2968 2102 3023 Doctoris
2147 2966 2332 3022 nostri
2380 2967 2443 3020 D.
2474 2964 2730 3028 Thomas,
2763 2963 2922 3035 qu’us
2967 2960 3102 3018 doc-

1736 3049 1910 3103 trinae
1937 3048 1986 3102 si
2015 3045 2153 3119 quid
2201 3046 2511 3101 adversum
2541 3042 2883 3106 dixerimus,
2911 3040 3102 3098 liben-

1738 3135 1827 3185 ter
1852 3143 2208 3184 revocamus.
2239 3124 2346 3183 Sed
2368 3126 2511 3182 etin
2538 3122 2764 3196 primis,
2789 3123 2839 3178 si
2863 3123 2953 3178 his
2978 3139 3104 3196 quas

1738 3211 1944 3265 Sancta
1972 3211 2231 3266 Romana
2260 3212 2414 3264 tenet
2454 3204 2702 3261 Ecclesia
2740 3203 2920 3276 (qu‘us
2944 3201 3104 3278 judi-

1738 3289 1828 3346 cio
1850 3290 2048 3346 omnia
2076 3295 2274 3344 nostra
2299 3285 2716 3354 submittimus)
2740 3283 2960 3356 aliquid
2980 3282 3103 3340 dis—-

1737 3388 1969 3437 sonum,
2001 3370 2093 3426 vel
2123 3370 2320 3424 minus
2341 3381 2656 3424 consonum
2677 3363 2970 3432 exciderit,
2995 3365 3106 3420 ite-

1742 3469 1895 3519 rum,
1918 3457 2084 3525 atque
2107 3450 2322 3506 iterum
2347 3453 2741 3506 retractamus.

1245 3759 1677 3827 LAUS
1782 3753 2092 3818 DEO
