3647 5753
1375 379 1554 437 DISP.
1597 379 1717 447 vn,
1762 378 1925 435 DUB.
1969 379 2064 436 IV.

257 575 282 604 α
326 552 460 607 aliis
499 551 570 607 ad
594 552 737 608 alios
765 552 956 607 nullus
997 554 1167 625 possit
1189 551 1469 619 accedere,
1499 567 1611 625 quo

259 655 285 685 «
328 633 578 706 pertinet
639 639 793 690 tanta
844 635 1197 690 extrinsecus
1245 633 1611 692 correctionis

259 737 283 766 u
329 715 643 770 instantia?
679 736 703 766 n
739 716 809 769 Et
839 718 1077 771 Faustus
1119 714 1611 790 semipelagianus

255 794 345 850 tib.
386 795 432 858 1.
464 811 585 866 cap.
616 797 672 859 4,
706 795 894 868 inquit
924 814 937 846 τ
978 817 1002 847 «
1049 796 1227 869 Igitur
1272 794 1410 851 dum
1443 793 1611 851 liberi

181 923 188 931 .
261 898 286 926 α
328 874 736 946 interpretator
764 874 995 932 arbitrii
1024 877 1124 944 (sic
1152 880 1313 933 vocat
1342 875 1612 949 Augusti-

259 976 283 1005 «
326 958 490 1024 num)
536 956 599 1010 in
649 957 985 1013 alterutram
1036 961 1255 1028 partem
1302 956 1502 1013 omnia
1539 971 1613 1012 ex

258 1059 284 1086 α
327 1034 826 1107 praedestinatione
851 1041 1075 1102 statuta,
1118 1044 1173 1094 et
1212 1036 1448 1094 definita
1490 1051 1613 1093 esse

257 1139 283 1167 «
327 1118 690 1188 pronuntiat;
714 1119 891 1174 etiam
913 1135 1183 1191 suprema
1207 1117 1462 1175 remedia
1490 1135 1612 1190 poe—

258 1220 282 1250 a
328 1198 582 1256 nitentiae
625 1215 798 1256 sensu
840 1199 1094 1273 abruptae
1122 1200 1434 1273 impietatis
1472 1215 1613 1256 eva·

259 1300 285 1330 a
326 1284 468 1335 cuat.
497 1300 523 1330 κ
549 1281 805 1352 Denique
832 1296 949 1337 non
976 1279 1313 1338 dubitarunt
1341 1279 1612 1355 Augusti-

256 1376 419 1427 num,
446 1363 675 1436 ejusque
700 1363 1008 1437 discipulos
1049 1364 1120 1421 ob
1146 1369 1375 1420 assertae
1414 1363 1612 1438 gratiae

256 1442 504 1515 rigorem
532 1443 979 1500 Manichaeorum
1006 1444 1212 1500 infami
1236 1461 1371 1502 voce
1388 1448 1606 1510 notare,

251 1527 315 1577 ut
360 1525 592 1578 testatur
638 1522 792 1579 idem
840 1525 894 1579 S.
948 1526 1148 1580 Doctor
1193 1524 1285 1581 tib.
1334 1525 1388 1590 3,
1420 1530 1610 1580 contra

250 1602 394 1656 duas
428 1603 585 1674 epist.
617 1601 1061 1673 Pelaqianorum,
1094 1622 1214 1676 cap.
1262 1605 1315 1672 9,
1351 1603 1450 1659 ubi
1481 1604 1563 1660 ait
1595 1623 1609 1658 ε

255 1707 280 1736 α
315 1685 792 1756 Excogitaverunt
813 1686 1259 1761 Manichaeorum
1289 1685 1611 1742 detestabili

255 1787 280 1817 α
327 1767 563 1823 nomine
605 1767 917 1840 imperitos,
965 1784 1105 1840 quos
1153 1771 1476 1841 potuerunt,
1509 1765 1615 1823 de-

254 1871 280 1901 «
328 1854 575 1916 terrere,
620 1865 694 1905 ne
733 1848 1007 1906 adversus
1042 1866 1242 1908 eorum
1293 1849 1613 1922 perversis-

254 1950 279 1980 «
321 1929 473 1985 sima
498 1928 763 2003 dogmata
810 1946 975 1987 aures
1002 1929 1428 1988 accommodent
1456 1929 1613 1986 veri-

254 2033 278 2063 «
310 2011 439 2066 tati.
466 2032 490 2062 n

55 2096 234 2139 Diluitur·
320 2094 453 2148 276.
489 2092 667 2167 Igitur
713 2093 783 2149 ad
825 2100 987 2151 vetus
1013 2097 1135 2162 hoc,
1166 2100 1221 2153 et
1262 2094 1615 2153 revirescens

248 2189 407 2231 nunc
465 2181 868 2251 argumentum
933 2178 1306 2251 respondetur
1353 2175 1615 2252 negando

248 2256 563 2328 sequelam.
615 2256 786 2329 Cujus
829 2257 1228 2330 'probationem
1275 2259 1491 2331 optime
1541 2272 1614 2313 ex

52 2343 236 2395 urrosr.
248 2335 541 2392 sententia
560 2336 648 2391 sui
681 2338 1053 2410 Praeceptoris
1078 2337 1251 2394 diluit
1276 2341 1338 2393 D.
1369 2340 1615 2410 Prosper

249 2415 341 2471 tib.
367 2417 424 2484 2,
443 2416 507 2470 de
530 2419 807 2472 vocatione
823 2421 1084 2489 peruium,
1111 2437 1228 2492 cap.
1250 2420 1341 2485 36,
1369 2418 1458 2474 his
1479 2433 1616 2474 vet·-

250 2495 338 2552 bis
390 2517 406 2552 :
458 2519 484 2548 α
526 2498 802 2562 Quamvis
829 2498 978 2571 quod
1017 2500 1214 2555 statuit
1253 2502 1418 2565 Deus,
1453 2499 1612 2554 nulla

252 2598 278 2629 α
320 2582 513 2650 posset
553 2579 776 2635 ratione
823 2595 939 2636 non
987 2579 1134 2647 fieri,
1185 2580 1374 2636 studia
1422 2585 1616 2650 tamen

251 2679 276 2710 α
319 2673 443 2715 non
472 2660 762 2716 tolluntur
788 2660 1016 2726 orandi,
1050 2677 1151 2718 nec
1194 2677 1295 2734 per
1322 2660 1617 2718 electionis

252 2759 278 2789 a
322 2739 683 2810 propositum
727 2739 898 2796 liberi
926 2741 1156 2797 arbitrii
1186 2740 1416 2798 devotio
1461 2740 1616 2796 rela-

174 2893 178 2897 .
253 2843 278 2872 «
321 2824 498 2875 xatur
525 2844 538 2887 3
570 2837 699 2878 cum
731 2821 1040 2895 implenda.»
1065 2822 1381 2882 voluntatis
1412 2821 1508 2880 Dei
1538 2822 1618 2878 ita

251 2924 278 2955 «
319 2903 396 2958 sit
425 2903 850 2977 praeordinatus
874 2904 1122 2973 effectus,
1146 2911 1209 2962 ut
1237 2922 1338 2979 per
1360 2904 1616 2962 laborem

249 3006 275 3035 a
316 3000 588 3057 operum,
615 3001 720 3058 per
746 2986 1081 3043 instantiam
1108 2986 1611 3060 supplicationum,

253 3086 280 3115 α
321 3081 427 3138 per
452 3066 733 3123 exercitia
763 3067 1042 3123 virtutum
1091 3066 1233 3123 fiant
1262 3068 1619 3124 incrementa

252 3168 277 3198 α
321 3147 677 3203 meritorum
707 3168 720 3203 ε
744 3152 802 3203 et
826 3147 923 3220 qui
947 3147 1096 3205 bona
1121 3150 1362 3223 egerint,
1396 3163 1514 3204 non
1534 3163 1620 3204 so-

249 3249 274 3278 «
305 3228 431 3283 lum
452 3226 778 3284 secundum
804 3229 1154 3300 propositum
1179 3229 1297 3292 Dei,
1323 3228 1421 3285 sed
1441 3228 1617 3285 etiam

251 3330 274 3358 α
316 3307 646 3364 secundum
669 3325 774 3364 sua
795 3310 1002 3365 merita
1022 3315 1389 3367 coronentur.
1411 3309 1495 3365 Ob
1516 3310 1620 3366 hoc

250 3412 275 3442 α
315 3391 483 3447 enim
518 3390 586 3446 in
617 3390 1003 3449 remotissimo
1031 3391 1099 3448 ab
1123 3392 1378 3449 humana
1405 3392 1619 3467 cogita-

249 3491 274 3521 «
318 3471 481 3528 tione
538 3476 754 3528 secreto
782 3470 1087 3543 praefinitio
1132 3472 1302 3546 hujus
1327 3473 1620 3529 electionis

47 3564 208 3618 nerag.
246 3572 273 3603 α
315 3550 668 3611 abscondita
693 3558 798 3610 est.
832 3574 857 3604 υ
893 3554 961 3609 Et
986 3553 1259 3610 similiter
1286 3556 1347 3609 D.
1381 3555 1614 3629 Gregor.

238 3633 332 3691 tib.
394 3638 414 3691 l
464 3636 681 3706 dialog.
729 3652 852 3707 cap.-
901 3636 955 3703 8,
1003 3634 1234 3706 inquit:
1291 3658 1316 3688 α
1359 3635 1617 3693 Obtineri

247 3736 272 3766 α
314 3731 695 3790 nequaquam
745 3721 996 3789 possunt,
1040 3731 1165 3789 quae
1218 3715 1622 3789 praedestinata

246 3818 271 3847 α
314 3812 436 3855 non
493 3798 759 3854 fuerunt.
813 3796 920 3855 Sed
972 3813 1037 3854 ea
1097 3813 1222 3871 quae
1276 3797 1386 3853 viri
1440 3797 1621 3854 sancti

247 3898 272 3927 α
314 3879 545 3935 orando
565 3877 841 3943 efficiunt,
864 3879 940 3935 ita
971 3878 1366 3951 praedestinata
1387 3883 1540 3945 sunt,
1561 3882 1622 3933 ut

247 3980 272 4009 α
318 3959 597 4031 precibus
627 3957 1015 4016 obtineantur.
1063 3962 1207 4015 Nam
1253 3960 1373 4031 ipsa
1399 3973 1621 4032 quoque

248 4060 272 4088 κ
317 4039 609 4110 perennis
655 4038 818 4112 regni
865 4036 1287 4110 praedestinatio
1335 4038 1412 4094 ita
1439 4042 1523 4094 est
1550 4036 1622 4094 ab

246 4139 272 4167 κ
312 4118 719 4191 omnipotenti
741 4119 854 4174 Deo
868 4116 1158 4190 disposita,
1182 4123 1241 4173 ut
1256 4117 1325 4174 ad
1343 4117 1445 4174 hoc
1458 4118 1621 4174 electi

246 4219 271 4247 α
313 4200 411 4271 pio
460 4198 670 4254 labore
699 4198 1059 4270 perveniant,
1108 4203 1387 4272 quatenus
1426 4201 1622 4271 postu-

247 4300 273 4329 «
315 4279 495 4338 lando
525 4285 871 4337 mereantur
898 4280 1166 4353 accipere,
1199 4279 1348 4352 quod
1382 4280 1465 4336 eis
1491 4295 1622 4337 om-

248 4383 272 4412 σ
315 4362 597 4436 nipotens
629 4365 779 4419 Deus
825 4367 956 4420 ante
979 4363 1168 4419 secula
1213 4360 1491 4435 disposuit
1517 4360 1624 4417 do-

250 4466 274 4493 ιι
316 4458 485 4502 nare.
535 4466 564 4496 n
604 4447 804 4517 Itaque
842 4445 941 4501 Dei
973 4445 1236 4501 voluntas
1262 4443 1457 4501 efficax
1504 4457 1622 4500 non

239 4524 429 4582 solum
473 4525 748 4583 decernit
788 4530 945 4581 actus
997 4529 1252 4590 nostros,
1302 4523 1399 4581 sed
1445 4523 1621 4581 etiam

240 4606 444 4663 omnia
472 4621 565 4672 ea,
587 4619 720 4677 quae
740 4603 813 4660 ad
833 4620 1035 4661 eorum
1055 4604 1406 4661 elicientiam
1432 4604 1625 4677 requi-

243 4690 492 4754 runtur,
549 4686 652 4743 vel
700 4684 1043 4750 conducunt,
1073 4682 1262 4758 'prout
1307 4684 1426 4757 ipse
1477 4688 1625 4743 Deus

240 4765 500 4840 disponit
548 4787 564 4822 ε
609 4764 875 4823 decernit
923 4770 1110 4822 autem
1159 4765 1512 4838 plerumque,
1563 4770 1628 4822 ut

242 4850 539 4906 auxilium
570 4846 780 4905 efficax
828 4848 1185 4919 requisitum,
1235 4865 1292 4903 v.
1323 4864 1377 4922 g.
1409 4848 1478 4904 ad
1507 4848 1627 4906 vic-

240 4932 454 4989 toriam
483 4928 775 5006 gravium
816 4928 1197 4986 tentationum
1228 4946 1344 4987 non
1366 4928 1627 4988 obtinea—

242 5028 394 5081 mus,
427 5013 547 5070 nisi
582 5010 1011 5085 praesupposita
1035 5012 1310 5079 oratione,
1354 5025 1465 5084 quo
1492 5025 1630 5084 prae-

3010 378 3106 433 197

1743 551 1960 609 dictum
1996 552 2282 608 auxilium
2312 552 2664 624 postulemus
2697 572 2709 606 ε
2738 557 2792 607 et
2821 551 2946 608 ideo
2971 552 3108 608 tali-

1744 639 1831 690 ter
1879 635 2059 706 posite
2104 650 2170 692 eo
2215 634 2433 691 auxilio
2483 634 2809 701 vincemuS,
2864 633 3013 706 quod
3058 634 3107 690 si

1743 713 1929 771 oratio
1976 730 2093 770 non
2148 714 2536 787 praecessisset,
2597 730 2700 770 nec
2750 712 3108 772 conferretur

1744 793 1933 865 ipsum
1974 793 2279 850 auxilium.
2316 794 2700 858 Quamobrem
2748 791 2960 848 falsum
2999 798 3103 858 est,

1742 872 1893 945 quod
1913 874 2035 930 sive
2062 889 2310 940 oremus,
2329 873 2452 930 sive
2480 889 2596 929 non
2619 888 2868 938 oremus,
2892 872 3108 930 infalli-

1744 951 1940 1010 biliter
1985 953 2359 1026 operabimur
2422 970 2547 1027 quae
2600 955 2747 1010 Deus
2809 951 3109 1011 efficaciter

1744 1036 1886 1104 vult,
1904 1038 1960 1092 et
1987 1035 2056 1091 ad
2078 1051 2204 1107 quae
2227 1051 2331 1092 nos
2350 1035 2648 1092 efficaciter
2672 1034 2949 1107 applicat;
2974 1035 3110 1108 quia

1743 1115 2036 1172 multoties
2069 1131 2171 1172 nec
2209 1116 2352 1182 vult,
2400 1132 2502 1172 nec
2528 1116 2775 1187 applicat
2812 1114 3111 1174 efficaciter

1744 1195 1812 1253 ad
1842 1199 2048 1261 actum,
2102 1195 2214 1251 nisi
2254 1196 2318 1252 in
2346 1196 2726 1269 exequutione
2752 1194 2961 1252 decreti
2990 1198 3111 1254 col-

1745 1277 1907 1334 lativi
1948 1278 2151 1334 auxilii
2175 1277 2245 1335 ad
2277 1294 2460 1334 unum
2491 1284 2679 1334 actum
2710 1284 3112 1353 praesupponat

1743 1373 1815 1414 ex
1857 1361 2014 1430 parte
2041 1358 2222 1414 nostri
2245 1359 2601 1417 orationem:
2632 1359 2758 1414 vult
2784 1360 2943 1415 enim
2971 1359 3110 1417 dare

1747 1437 2078 1511 praedictum
2126 1439 2414 1495 auxilium
2461 1437 2849 1511 dependenter
2895 1438 2967 1497 ab
3005 1440 3112 1497 illo

1745 1519 1954 1587 medio,
1974 1525 2141 1593 atque
2162 1525 2472 1593 utrumque
2490 1519 2765 1585 decernit,
2791 1525 2846 1577 et
2860 1537 2964 1578 sua
2984 1538 3113 1595 gra-

1746 1601 1827 1656 tia
1871 1604 2082 1656 causat.
2129 1602 2197 1656 Et
2245 1599 2396 1674 quod
2441 1600 2689 1656 dicimus
2732 1599 2802 1656 de
2853 1603 3114 1659 oratione

1745 1681 1988 1755 aliisque
2009 1682 2218 1739 mediis
2241 1683 2305 1739 in
2321 1682 2526 1740 ordine
2547 1682 2617 1738 ad
2642 1682 2875 1739 unicum
2901 1690 3111 1753 actum;

1745 1761 2051 1819 dicendum
2078 1762 2255 1820 etiam
2281 1769 2365 1819 est
2413 1762 2483 1819 de
2507 1761 2724 1819 eisdem
2756 1763 2962 1820 mediis
2991 1780 3115 1821 res-

1748 1846 1964 1918 pective
1992 1845 2062 1903 ad
2092 1845 2552 1918 consequendum
2603 1847 2890 1903 auxilium
2916 1846 3111 1906 efficax

1748 1927 2193 2001 perseverantiae
2222 1927 2436 1995 finalis,
2465 1934 2522 1985 et
2550 1929 2619 1985 ad
2648 1936 2834 1987 actum
2856 1930 3109 1990 finaliter

1748 2008 2179 2081 perseverandi.

1819 2093 1953 2146 277.
1986 2088 2094 2163 Sed
2124 2094 2185 2146 ut
2212 2089 2395 2164 magis
2415 2096 2684 2162 appareat
2707 2093 2915 2149 veritas
2942 2093 3110 2167 hujus
3125 2095 3311 2139 mustra·

3139 2150 3205 2189 tur
3219 2155 3305 2189 res·

1746 2169 2034 2238 doctrinas,
2066 2176 2121 2227 et
2146 2170 2320 2227 simul
2348 2176 2581 2237 constet,
2624 2188 2795 2244 quam
2821 2174 3109 2247 superflua
3141 2195 3303 2247 pomo,

1745 2254 1821 2309 sit
1840 2252 2079 2309 scientia
2100 2252 2290 2310 media
2312 2252 2382 2309 ad
2403 2255 2854 2327 componendam
2873 2257 3112 2314 necessi·

1747 2338 1943 2401 tatem,
1966 2337 2024 2390 et
2052 2333 2355 2390 utilitatem
2377 2334 2656 2391 orationis
2675 2352 2803 2391 cum
2831 2335 3110 2394 determi-

1748 2415 1983 2471 natione
2010 2413 2109 2470 Dei
2139 2420 2355 2471 aeterna
2382 2414 2530 2470 circa
2573 2419 2795 2472 nostras
2823 2418 3112 2489 operatio-

1749 2512 1868 2564 nes,
1920 2500 1975 2552 et
2021 2496 2266 2552 salutem
2308 2520 2322 2563 ;
2353 2501 2409 2551 et
2452 2495 2735 2568 quomodo
2781 2503 2961 2554 totum
3010 2498 3115 2556 hoc

1748 2575 2041 2650 negotium
2072 2574 2460 2632 reducendum
2487 2577 2767 2649 primario
2792 2579 2866 2634 sit
2893 2578 2964 2636 ad
2993 2594 3113 2636 om-

1749 2656 2151 2729 nipotentiam,
2206 2659 2264 2712 et
2319 2672 2608 2713 summam
2656 2651 2958 2716 efficaciam
2979 2703 2992 2727 ,
3050 2676 3113 2716 ac

1711 2734 1715 2738 ’
1749 2737 2245 2796 universalitatem
2273 2735 2491 2795 divinae
2520 2741 2852 2806 voluntatis,
2886 2747 2943 2799 et
2984 2756 3113 2799 me—

1748 2821 1997 2889 diorum,
2027 2834 2127 2894 per
2145 2833 2270 2893 quae
2296 2820 2412 2895 agit
2437 2844 2451 2888 ;
2485 2822 2697 2894 placuit
2726 2823 3112 2883 transcribere

1750 2903 1927 2962 verba
1954 2906 2018 2960 D.
2068 2903 2271 2960 Thom.
2298 2903 2352 2970 3,
2395 2912 2584 2961 contra
2607 2914 2802 2976 qenteS,
2848 2925 2971 2981 cap.
3015 2909 3106 2975 96,

1752 2987 1882 3043 licet
1927 2984 2350 3057 aliquantulum
2380 2985 2643 3060 longiora
2677 2987 2856 3059 :quia
2898 2985 3113 3046 doctri-

1753 3082 1889 3123 nam
1923 3081 2096 3138 supra
2137 3063 2406 3121 traditam
2438 3067 2692 3125 maxime
2716 3067 3023 3136 elucidant,
3055 3075 3112 3127 et

1751 3148 1927 3204 simul
1954 3147 2206 3203 clamant
2239 3162 2410 3219 quam
2446 3148 2672 3205 alienus
2694 3149 2867 3205 fuerit
2887 3152 2945 3206 S.
2970 3152 3116 3208 Doc-

1752 3235 1843 3287 tor
1889 3245 1922 3285 a
1969 3228 2271 3301 principiis
2318 3229 2570 3287 scientim
2616 3231 2837 3293 mediae.
2870 3237 2924 3288 et
2968 3233 3117 3307 quod

1752 3326 1981 3383 semper
2018 3325 2149 3365 cum
2192 3312 2254 3366 D.
2289 3312 2605 3385 Augustino
2626 3313 2851 3370 steterit
2879 3331 2983 3387 pro
3015 3313 3119 3373 de-

1752 3397 1927 3460 creto,
1974 3396 2030 3448 et
2067 3391 2286 3449 auxilio
2317 3407 2390 3448 ex
2422 3408 2482 3449 sc
2507 3394 2823 3451 efficacibus
2850 3397 2945 3452 Ait
2982 3412 3119 3472 ergo

1753 3474 1876 3530 loco
1914 3473 2084 3529 citato
2118 3492 2130 3526 ι
2180 3493 2205 3524 «
2249 3474 2549 3529 Ostensum
2590 3481 2693 3540 est,
2738 3474 2886 3548 quod
2914 3474 3119 3532 divina

1760 3578 1785 3609 α
1831 3553 2193 3629 providentia
2243 3570 2440 3611 causas
2486 3557 2630 3612 alias
2681 3572 2796 3612 non
2843 3557 3113 3626 excludit,

1759 3658 1786 3690 «
1827 3635 1970 3709 quin
1988 3635 2173 3708 potius
2194 3634 2533 3692 ordinateas
2549 3636 2618 3692 ad
2640 3636 2763 3705 hoc,
2782 3636 2931 3710 quod
2953 3637 3113 3707 ord0,

1760 3740 1786 3771 α
1828 3733 1998 3791 quem
2040 3714 2189 3790 apud
2215 3732 2275 3775 se
2313 3718 2531 3785 statuit,
2566 3718 2735 3775 rebus
2761 3720 3112 3793 imponatur.

1760 3822 1786 3854 α
1830 3801 1901 3854 Et
1937 3799 2017 3856 sic
2043 3814 2227 3855 causae
2265 3798 2527 3856 secundae
2573 3801 2950 3873 providentiae
2999 3821 3119 3862 non

1761 3901 1785 3933 α
1831 3882 2170 3952 repugnant,
2203 3877 2301 3935 sed
2329 3879 2513 3953 magis
2559 3880 2936 3953 providentiae
2979 3899 3117 3942 exe-

1761 3983 1786 4015 «
1813 3966 2071 4034 quuntur
2091 3960 2378 4017 effectum.
2403 3962 2491 4018 Sic
2505 3978 2639 4038 ergo
2654 3964 2941 4021 orationes
2964 3965 3115 4040 apud

1761 4065 1786 4095 α
1830 4044 2007 4098 Deum
2029 4041 2276 4098 efficaces
2301 4046 2456 4109 sunt,
2483 4059 2597 4101 non
2628 4048 2820 4100 tamen
2848 4044 3115 4103 ordinem

1760 4144 1786 4175 α
1828 4119 2252 4177 immutabilem
2292 4120 2510 4179 divinae
2541 4122 2913 4196 providentias
2936 4146 2961 4176 n
2996 4126 3115 4198 (qui

1753 4200 1949 4273 utique
1994 4198 2376 4257 immutabilis
2425 4217 2542 4257 non
2569 4206 2729 4269 esset,
2770 4203 2817 4257 si
2863 4206 3118 4278 exequu-

1753 4282 1899 4339 tioni
1925 4281 2301 4340 mandaretur
2351 4298 2452 4355 per
2482 4283 2672 4342 media
2701 4284 3115 4355 indifferentia,

1754 4381 1788 4422 a
1807 4363 1973 4422 nobis
1999 4364 2373 4430 frustrabilia,
2399 4370 2455 4422 et
2478 4366 2773 4423 vertibilia
2801 4367 2865 4424 in
2888 4374 3117 4425 utram-

1754 4457 1865 4522 que
1892 4449 2135 4520 partem)
2169 4469 2194 4499 α
2221 4447 2454 4504 solvunt
2471 4471 2487 4514 ;
2516 4450 2650 4520 quia
2673 4455 2729 4506 et
2766 4449 2872 4506 hoc
2897 4450 3113 4523 ipsum,

1763 4549 1790 4582 α
1830 4526 1980 4600 quod
2002 4525 2102 4582 tali
2131 4524 2344 4600 petenti
2371 4526 2476 4583 hoc
2495 4527 2853 4593 concedatur,
2885 4528 2991 4585 sub
3017 4545 3118 4586 or-

1764 4628 1789 4660 α
1832 4604 1969 4661 dine
2010 4604 2383 4677 providentia.²
2409 4604 2577 4663 cadit.
2629 4607 2835 4664 Simile
2859 4612 2945 4663 est
2981 4623 3119 4683 ergo

1765 4709 1790 4740 «
1831 4685 2040 4753 dicere,
2060 4700 2177 4742 non
2199 4700 2323 4742 esse
2341 4685 2646 4754 orandum,
2666 4693 2729 4744 ut
2749 4686 2968 4761 aliquid
2989 4702 3120 4744 con·

1765 4791 1790 4823 α
1831 4782 2140 4840 sequamur
2179 4783 2212 4824 a
2240 4768 2371 4834 Dee,
2401 4770 2538 4841 quia
2581 4768 2722 4826 ordo
2768 4785 2883 4825 suae
2921 4770 3120 4842 provi-

1766 4871 1791 4902 «
1832 4848 2043 4905 dentiae
2082 4853 2166 4905 est
2194 4843 2702 4918 immutabilis3'ac
2727 4850 2776 4905 si
2811 4848 3118 4919 diceretur,

1766 4951 1794 4982 α
1835 4927 1985 5003 quod
2024 4943 2143 4985 non
2168 4934 2314 4985 esset
2341 4928 2780 4998 ambulandum,
2826 4934 2886 4985 ut
2915 4945 3122 5003 perve—

1767 5032 1793 5063 «
1836 5010 2068 5067 niamus
2100 5008 2170 5066 ad
2198 5009 2384 5067 locum
2408 5033 2424 5080 ς
2452 5026 2556 5068 nec
2580 5009 3015 5080 comedendum,
3059 5016 3121 5067 ut

3150 2916 3203 2959 D.
3218 2916 3319 2958 Tbo.
