3647 5753
476 413 587 468 588
1150 413 1242 467 DE
1282 414 1891 473 DISPOSITIONIBUS
1912 419 2027 472 >AD
2063 419 2093 472 J
2100 417 2728 474 USTIFICATIONEM.

478 598 618 639 nam
664 584 882 640 secluso
902 584 1066 641 omni
1112 584 1336 642 influxu
1360 586 1581 661 gratiae,
1624 594 1743 646 tam
1786 590 1850 647 in

474 664 877 731 substantiam,
910 683 1084 739 quam
1108 669 1172 722 in
1194 668 1430 726 modum
1472 672 1845 743 operationiS‚

474 746 677 819 nequit
719 749 906 821 gratia
953 749 1124 805 aliter
1149 765 1278 806 eam
1324 750 1680 826 dignificare,
1720 755 1848 811 'nisi

474 844 576 901 per
606 846 829 887 meram
879 832 1361 905 conjunctionem,
1394 851 1494 892 seu
1536 836 1850 894 coexisten-

472 911 613 968 tiam
674 914 735 969 in
779 913 979 971 eodem
1022 915 1332 988 supposito,
1392 922 1454 973 ut
1528 917 1848 991 explicabat

474 996 666 1067 prima
714 995 1025 1067 responsio,
1062 1011 1234 1068 quam
1288 1014 1464 1071 supra
1517 1001 1840 1074 reJ‘ecimuS.

474 1079 671 1135 Minor
693 1083 884 1135 autem
925 1076 1244 1136 ostenditur
1278 1085 1442 1137 :tum
1469 1083 1604 1154 quia
1638 1082 1846 1139 modus

472 1158 575 1214 ille
610 1156 1043 1214 informationis
1083 1174 1201 1216 non
1228 1161 1505 1217 terminat
1545 1163 1841 1235 propriam

471 1239 776 1304 actionem,
829 1254 932 1294 nec
1003 1239 1337 1312 producitur
1387 1242 1844 1316 independenter

472 1336 505 1376 a
524 1319 844 1376 substantia
871 1326 1042 1387 actus,
1068 1319 1160 1376 cui
1205 1321 1372 1380 inest.
1399 1325 1467 1378 Et
1482 1322 1585 1380 hac
1609 1322 1680 1380 de
1705 1341 1842 1381 cau-

467 1419 532 1460 sa
577 1402 708 1458 licet
745 1404 987 1461 virtutes
1015 1419 1133 1461 non
1159 1404 1503 1462 ordinentur
1529 1422 1632 1479 per
1657 1422 1718 1463 se
1769 1406 1840 1464 ad

469 1485 770 1542 entitatem
802 1492 957 1542 actus
993 1487 1258 1555 virtuosi,
1307 1494 1600 1562 nequeunt
1643 1496 1840 1547 tamen

469 1568 754 1642 attingere
780 1567 1015 1624 modum
1043 1568 1421 1637 rectitudiniS‚
1454 1586 1622 1644 quem
1654 1587 1757 1645 per
1777 1587 1840 1629 se

469 1651 802 1723 respiciunt,
855 1651 967 1707 nisi
1040 1651 1209 1725 prius,
1265 1653 1607 1726 exequutive
1658 1655 1838 1710 simul

466 1750 598 1790 cum
627 1733 878 1806 potentia
906 1734 1191 1808 attingant
1210 1735 1510 1792 entitatem
1538 1740 1712 1804 actua,
1744 1737 1835 1794 cui

467 1817 746 1874 rectitudo
791 1817 962 1873 inest.
995 1816 1158 1873 Unde
1186 1817 1361 1875 etiam
1403 1833 1504 1891 per
1549 1834 1610 1876 se
1655 1819 1835 1875 attin-

465 1904 610 1971 gunt
637 1899 821 1970 ipsam
845 1898 1145 1955 entitatem
1172 1899 1542 1971 operationiS,
1571 1915 1688 1956 non
1701 1901 1834 1972 qui-

464 1977 597 2034 dem
624 1983 913 2050 sumptam
962 1980 1364 2047 materialiter,
1396 1985 1453 2036 et
1480 1979 1773 2054 praecisive
1799 1996 1834 2037 a

466 2056 655 2114 modis
684 2057 1063 2125 rectitudiniS,
1095 2061 1187 2115 vel
1204 2058 1495 2116 facilitatis
1526 2085 1540 2129 ;
1569 2058 1665 2115 sed
1693 2074 1833 2116 con-

464 2137 776 2196 sideratam
830 2139 1154 2196 formaliter
1193 2140 1257 2197 in
1302 2156 1424 2197 esse
1464 2139 1831 2197 fundamenti

464 2221 766 2295 utriusque
792 2222 970 2290 modi,
997 2227 1058 2277 ut
1085 2222 1340 2279 diximus
1368 2229 1531 2279 tract.
1567 2225 1653 2291 12,
1682 2224 1827 2297 disp.

471 2304 518 2371 1,
550 2302 679 2360 dub.
701 2307 755 2369 3,
782 2306 889 2373 §4,
921 2303 1090 2360 concl.
1120 2306 1178 2359 4.
1210 2305 1358 2379 Ergo
1379 2309 1442 2360 ut
1466 2305 1654 2378 gratia
1673 2320 1833 2361 sanc-

462 2383 688 2441 tificans
741 2384 1010 2458 producat
1039 2385 1211 2442 illum
1257 2386 1495 2444 modum
1541 2387 1831 2443 informa-

460 2466 656 2530 tionis,
679 2473 735 2524 et
778 2466 1094 2541 dignitatis,
1142 2485 1316 2543 quam
1367 2469 1485 2525 haec
1535 2469 1832 2542 responsio

460 2547 718 2604 admittit
745 2547 1067 2622 dependere
1088 2550 1159 2607 ab
1188 2551 1293 2607 illa
1317 2557 1588 2624 tanquam
1612 2567 1645 2606 a
1672 2551 1831 2624 prin-

458 2631 612 2703 cipio
637 2631 915 2699 effectivo,
948 2631 1113 2689 debet
1141 2649 1241 2704 per
1270 2634 1430 2706 prius
1462 2632 1707 2690 influere
1733 2649 1831 2689 ac-

430 2739 433 2742 *
456 2713 695 2783 tive,vel
718 2715 1185 2785 imperative,vel
1209 2714 1461 2772 elicitive
1478 2715 1541 2770 in
1556 2713 1829 2770 substan·

459 2794 681 2863 tiam,et
704 2795 1006 2851 entitatem
1031 2795 1269 2865 illorum
1288 2795 1643 2868 actuum,qui
1674 2811 1829 2868 prae-

456 2874 608 2934 dicto
655 2875 824 2933 modo
853 2878 1198 2935 afficiuntur.
1251 2878 1399 2933 Tum
1445 2878 1638 2945 etiam,
1691 2876 1829 2949 quia

456 2959 646 3014 virtus
689 2959 892 3032 gratias
933 2960 1131 3032 nequit
1171 2957 1416 3015 influere
1469 2959 1532 3014 in
1588 2956 1826 3014 modum

457 3045 628 3109 actus,
656 3041 770 3097 nisi
791 3057 891 3113 per
908 3041 1190 3099 actionem
1207 3041 1458 3098 elicitam
1481 3057 1513 3097 a
1536 3040 1822 3112 potentia;

452 3122 664 3196 quippe
685 3139 813 3179 cum
842 3122 1029 3178 virtus
1056 3138 1174 3180 non
1222 3121 1427 3178 influat
1463 3120 1739 3188 solitarie,
1770 3126 1828 3176 et

452 3202 704 3261 divisive
727 3221 760 3260 a
784 3203 1039 3275 potentia
1065 3202 1198 3260 :sed
1216 3220 1332 3260 non
1349 3202 1665 3276 requiritur
1681 3201 1827 3258 actio

452 3283 722 3341 distincta
770 3283 840 3341 ab
894 3300 979 3352 ea,
1024 3301 1148 3358 quae
1196 3290 1281 3341 est
1332 3284 1453 3357 ipsa
1506 3282 1829 3339 substantia

455 3364 828 3437 operationis,
882 3371 944 3421 ut
987 3366 1125 3421 satis
1152 3381 1223 3421 ex
1261 3380 1322 3421 se
1367 3366 1565 3437 liquet,
1610 3362 1826 3436 alioqui

456 3446 618 3519 prior
647 3448 755 3505 illa
781 3449 925 3505 actio
954 3464 1072 3505 non
1101 3452 1246 3505 esset
1271 3449 1549 3514 virtuosa,
1584 3462 1690 3503 nec
1715 3445 1826 3501 ha-

455 3527 616 3585 beret
663 3528 898 3585 modum
920 3528 1195 3585 virtutis:
1236 3544 1370 3602 ergo
1399 3529 1584 3584 virtus
1622 3527 1825 3601 gratias

455 3610 634 3666 simul
661 3628 790 3667 cum
838 3612 1093 3685 potentia
1133 3610 1325 3667 influit
1366 3611 1546 3668 active
1566 3611 1631 3666 in
1657 3608 1826 3665 subs-

454 3693 702 3748 tantiam
750 3696 903 3749 actus
943 3692 1185 3757 virtuosi
1211 3716 1226 3759 ;
1272 3692 1614 3757 ita'tamen,
1671 3689 1825 3764 quod

451 3775 713 3846 operatio
739 3773 1054 3831 secundum
1081 3772 1461 3830 substantiam
1483 3788 1825 3846 correspon-

448 3852 579 3911 deat
602 3872 704 3929 per
725 3871 785 3912 59
807 3855 1075 3928 potentia}
1097 3854 1267 3911 modo
1283 3854 1438 3910 iufra
1453 3852 1816 3919 declarandO,

446 3941 501 3993 et
550 3938 865 3994 secundum
903 3935 1141 3994 modum
1196 3934 1559 3994 rectitudinis
1597 3952 1823 3992 corres-

448 4018 695 4089 pondeat
717 4034 817 4091 per
861 4034 920 4075 se
950 4018 1175 4074 virtuti.
1223 4021 1502 4074 Caeterum
1548 4017 1693 4072 sicut
1719 4032 1822 4088 po-

422 4101 631 4160 tentia
660 4117 776 4159 non
799 4100 1029 4176 attingit
1052 4100 1284 4172 praecise
1321 4098 1702 4156 substantiam
1727 4114 1822 4154 ac-

448 4184 556 4246 tus,
582 4182 680 4238 sed
708 4182 883 4239 etiam
906 4179 1240 4238 extenditur
1264 4180 1334 4237 ad
1381 4177 1617 4235 modum
1649 4179 1821 4235 recti-

447 4262 670 4321 tudinis
697 4286 709 4320 :
736 4267 815 4322 ita
836 4265 1024 4321 virtus
1047 4279 1165 4319 non
1188 4262 1416 4337 attingit
1438 4261 1668 4335 praecise
1689 4277 1821 4318 mo-

447 4344 587 4401 dum
651 4354 825 4413 actua,
869 4346 967 4403 sed
1031 4346 1209 4403 etiam
1269 4345 1486 4417 praevie
1551 4341 1817 4416 producit

449 4423 832 4484 substantiam
855 4428 996 4501 ejuS.

236 4512 440 4565 Aperitur
524 4500 615 4554 82.
664 4502 730 4555 Et
757 4503 889 4559 hinc
918 4500 1101 4559 obiter
1122 4504 1359 4566 constat,
1390 4497 1528 4572 quid
1551 4497 1816 4555 intendat

235 4564 420 4656 ’4)ξέῧὲ
452 4581 520 4638 D.
544 4580 751 4639 Thom.
784 4584 845 4639 in
872 4582 1203 4640 testimonio
1255 4597 1431 4655 supra
1455 4581 1654 4647 relat0‚
1682 4597 1813 4637 cum

449 4666 672 4730 asserit,
705 4663 967 4720 habitum
1006 4679 1128 4719 9559
1169 4663 1415 4721 formale
1460 4660 1815 4734 principium

451 4750 608 4801 actus
659 4745 915 4812 formati,
942 4749 998 4801 et
1040 4744 1252 4801 habere
1299 4744 1584 4800 rationem
1635 4759 1817 4801 causae

446 4825 722 4882 effectivae
762 4831 1017 4899 respectu
1072 4826 1452 4883 formationis
1498 4828 1644 4881 Nam
1685 4841 1815 4881 cum

449 4906 775 4965 substantia
795 4915 949 4965 actus
988 4924 1105 4965 non
1124 4905 1565 4981 correspondeat
1592 4907 1814 4964 habitui

450 4994 723 5060 tanquam
784 4989 1070 5046 terminus
1110 5005 1212 5062 per
1250 5005 1311 5046 se
1363 4989 1666 5061 inspectus,
1718 4994 1816 5045 aut

446 5069 722 5137 intentus,
748 5069 848 5126 sed
876 5076 1099 5126 tantum
1141 5070 1443 5143 potentiae;
1493 5071 1701 5128 merito
1729 5086 1815 5127 ac-

1982 596 2079 647 tus
2105 590 2422 649 secundum
2436 588 2818 647 substantiam
2839 596 3096 662 acceptus
3114 607 3351 665 compa-

1983 678 2147 728 ratur
2186 671 2410 729 habitui
2460 678 2737 745 tanquam
2780 671 3130 728 substratum
3165 680 3352 731 mate-

1983 755 2149 821 riale,
2199 753 2348 827 quod
2395 770 2497 828 per
2538 753 2803 810 habitum
2850 752 3241 819 formandum,
3291 763 3350 813 et

1981 834 2398 908 perficiendum
2437 841 2541 893 est.
2585 838 2866 893 Caeterum
2913 835 3185 893 formatio
3223 836 3347 908 ipsa

1979 918 2122 988 (sive
2148 919 2221 974 sit
2249 918 2576 977 differentia
2608 919 2933 976 essentialis
2970 919 3341 991 operationis,

1977 999 2101 1056 sive
2138 1000 2342 1057 modus
2361 1000 2413 1056 ei
2441 999 2864 1071 superadditus)
2883 1005 2967 1056 est
2990 1001 3219 1056 effectus
3241 1017 3343 1074 per

1976 1097 2038 1139 se
2077 1082 2380 1155 inspectus,
2406 1089 2463 1141 et
2489 1085 2746 1140 intentus
2766 1081 2838 1138 ab
2865 1081 3062 1139 habitu
3090 1106 3104 1150 ;
3128 1088 3185 1141 et
3204 1099 3344 1140 con-

1975 1169 2281 1236 sequenter
2320 1162 2548 1222 habitus
2572 1169 2798 1222 exercet
2818 1179 2920 1236 per
2956 1179 3017 1220 se
3059 1166 3343 1220 rationem

1976 1262 2156 1303 causae
2178 1246 2473 1304 efficientis
2502 1252 2755 1320 respectu
2785 1246 3171 1314 formationis,
3206 1263 3345 1319 sup-

1976 1327 2092 1400 plet
2137 1327 2368 1401 quippe,
2414 1326 2565 1401 quod
2621 1326 2875 1401 potentia
2918 1327 3232 1385 secundum
3283 1343 3346 1384 se

1974 1422 2093 1464 non
2150 1407 2339 1464 habet.
2374 1407 2532 1473 Quod
2572 1413 2769 1464 tamen
2810 1423 2929 1464 non
2972 1407 3234 1480 impedit,
3279 1417 3340 1464 ut

1972 1486 2204 1544 habitus
2230 1490 2408 1545 simul
2435 1504 2564 1545 cum
2595 1489 2867 1562 potentia,
2897 1493 2956 1545 et
2982 1504 3083 1561 per
3119 1488 3335 1545 indivi-

1970 1570 2202 1629 sibilem
2244 1570 2530 1628 influxum
2571 1578 2872 1629 concurrat
2914 1586 3015 1644 per
3063 1572 3224 1644 prius
3263 1571 3332 1629 ad

1969 1655 2350 1712 substantiam
2398 1655 2768 1728 operationis,
2813 1671 2985 1728 quam
3016 1655 3086 1712 ad
3114 1655 3333 1713 forma·

1969 1736 2146 1793 tionis
2181 1735 2437 1802 modum,
2485 1742 2547 1791 ut
2574 1752 2759 1809 nuper
2797 1734 3145 1793 dicebamus.
3178 1739 3334 1794 Prae-

1967 1818 2167 1873 sertim
2207 1834 2337 1874 cum
2390 1817 2592 1874 modus
2636 1817 3004 1875 formationis
3050 1818 3337 1875 multoties

1967 1898 2043 1953 sit
2062 1898 2391 1958 differentia
2434 1899 2695 1972 specifica
2714 1900 3084 1972 operationiS,
3109 1903 3165 1956 et
3214 1916 3331 1958 non

1966 1978 2194 2036 differat
2241 1979 2312 2037 ab
2340 1982 2461 2054 ejus
2510 1980 2848 2046 substantia,
2883 1980 2980 2037 sed
3025 1981 3211 2053 potius
3248 1982 3332 2054 ip·

1965 2077 2088 2118 sam
2110 2062 2646 2134 supernaturalizet,
2669 2071 2725 2120 et
2749 2062 2823 2117 sit
2850 2061 3013 2128 ratio,
3046 2068 3107 2118 ut
3126 2062 3332 2120 consti·

1965 2146 2160 2197 tuatur
2200 2142 2263 2198 in
2290 2141 2495 2199 ordine
2532 2142 2819 2215 superiori
2854 2162 2868 2196 :
2897 2157 3070 2214 quam
3111 2144 3332 2215 perfec-—

1964 2225 2185 2281 tionem
2215 2240 2331 2281 non
2355 2224 2695 2297 importaret
2739 2222 3076 2290 substantia,
3110 2225 3216 2282 hoc
3246 2231 3336 2283 est

1965 2306 2322 2378 operationis
2348 2322 2525 2381 genus
2554 2304 2847 2378 praecisive
2870 2304 2941 2361 ab
2967 2321 3034 2363 ea
3053 2305 3334 2365 differen-

1964 2387 2067 2443 tia.
2098 2389 2164 2443 In
2185 2403 2296 2460 quo
2322 2403 2492 2444 sensu
2515 2390 2581 2443 D.
2611 2386 2815 2443 Thom.
2841 2389 2896 2455 2,
2920 2389 2975 2454 2,
2996 2395 3173 2462 quast.
3201 2390 3330 2455 171,

1964 2475 2074 2525 art.
2117 2469 2136 2523 1
2188 2468 2263 2523 ad
2296 2468 2350 2533 3,
2383 2466 2534 2523 dixit
2569 2488 2582 2523 ε
2636 2488 2662 2520 «
2696 2467 2857 2533 Quod
2902 2483 3075 2525 omne
3112 2467 3333 2526 donum

1969 2570 1994 2600 «
2017 2548 2215 2623 gratiae
2243 2549 2540 2606 hominem
2586 2549 2771 2606 elevat
2799 2548 2869 2605 ad
2911 2549 3149 2622 aliquid,
3181 2553 3335 2624 quod

1968 2651 1993 2681 «
2031 2636 2114 2685 est
2148 2646 2323 2702 supra
2350 2635 2620 2686 naturam
2647 2631 2986 2698 humanam.
3019 2631 3180 2697 Quod
3199 2633 3334 2706 qui-

1967 2709 2150 2766 «dem
2211 2716 2392 2783 potest
2435 2726 2557 2768 esse
2602 2709 2951 2783 dupliciter:
2999 2730 3118 2771 uno
3163 2713 3336 2771 modo

1966 2812 1992 2843 «
2022 2796 2302 2862 quantum
2369 2791 2440 2847 ad
2504 2790 2883 2847 substantiam
2954 2801 3129 2863 actus,
3191 2795 3338 2851 sicut

1965 2895 1992 2926 α
2018 2874 2301 2931 miracula
2329 2873 2537 2942 facere,
2567 2879 2623 2932 et
2672 2891 2976 2949 agnoscere
3016 2879 3254 2944 occulta,
3279 2885 3338 2936 et

1964 2975 1990 3005 «
2025 2955 2241 3012 incerta
2270 2954 2485 3013 divinae
2508 2955 2824 3029 sapientire.
2855 2958 2927 3011 Et
2960 2957 3031 3013 ad
3055 2959 3159 3015 hos
3179 2965 3336 3016 actus

1965 3056 1990 3088 «
2023 3052 2140 3094 non
2152 3036 2319 3093 datur
2330 3037 2556 3094 homini
2572 3037 2788 3095 donum
2800 3038 3000 3112 gratiae
3017 3037 3328 3098 habituale.

1964 3139 1990 3171 «
2023 3120 2154 3176 Alio
2181 3120 2352 3178 modo
2374 3125 2459 3177 est
2487 3120 2708 3194 aliquid
2723 3137 2898 3193 supra
2927 3126 3197 3179 naturam
3219 3122 3333 3179 hu·-

1964 3222 1990 3253 α
2015 3217 2254 3257 manam
2292 3206 2572 3274 quantum
2601 3200 2671 3257 ad
2711 3200 2950 3259 modum
2993 3208 3168 3269 actuS,
3214 3218 3333 3262 non

1964 3302 1990 3334 α
2022 3287 2214 3338 autem
2256 3287 2539 3361 quantum
2568 3282 2639 3340 ad
2682 3283 3065 3340 substantiam
3105 3284 3283 3356 ipsius
3312 3310 3329 3352 ;

1964 3383 1990 3414 ι(
2020 3364 2165 3420 sicut
2185 3362 2429 3438 diligere
2456 3367 2659 3434 Deum,
2681 3369 3086 3439 etcognoscere
3105 3381 3238 3422 eum
3265 3365 3330 3421 in

1964 3465 1991 3497 «
2021 3446 2250 3518 speculo
2296 3451 2716 3503 creaturarum.
2751 3440 2832 3501 'Et
2878 3445 2948 3502 ad
3009 3446 3111 3504 hos
3160 3445 3329 3503 datur

1964 3549 1989 3579 α
2015 3526 2232 3584 donum
2259 3528 2460 3602 gratiae
2506 3527 2817 3585 habituale.
2849 3549 2875 3579 ι)
2906 3527 3013 3593 Qui
3046 3528 3195 3585 locus
3243 3527 3329 3583 si-

1959 3610 2247 3666 millimus
2336 3616 2419 3668 est
2505 3611 2673 3668 alteri
2750 3611 3079 3667 testimonio
3150 3624 3326 3681 supra

1960 3692 2158 3759 relato,
2190 3699 2253 3749 ut
2296 3707 2364 3749 ea
2421 3691 2740 3749 conferenti
2813 3690 3104 3749 constabit.
3154 3687 3322 3745 Unde

1956 3771 2104 3828 sicut
2149 3777 2217 3830 D.
2269 3775 2477 3831 Thom.
2533 3774 2596 3829 in
2637 3773 2742 3829 hoc
2786 3772 2909 3829 loco
2958 3786 3071 3828 non
3117 3768 3314 3826 inten-

1956 3851 2064 3919 dit,
2123 3854 2272 3927 quod
2328 3855 2532 3930 gratia,
2588 3859 2645 3911 et
2716 3853 2944 3910 habitus
3023 3850 3316 3924 charitatis

1957 3933 2210 3991 influant
2254 3935 2317 3991 in
2367 3933 2751 3990 substantiam
2796 3938 2951 3990 actus
3001 3931 3312 3998 charitatis,

1954 4013 2054 4069 sed
2101 4016 2330 4086 praecise
2384 4014 2447 4070 in
2476 4014 2728 4086 aliquem
2773 4012 3010 4070 modum
3036 4011 3322 4086 praedicto

1956 4094 2106 4150 actui
2175 4093 2609 4168 superadditum
2653 4092 2736 4164 (id
2783 4095 2992 4166 quippe
3064 4092 3320 4149 alienum

1956 4192 2190 4249 prorsus
2235 4181 2320 4232 est
2365 4174 2435 4232 ab
2485 4175 2608 4249 ejus
2647 4181 2859 4242 mente,
2888 4181 2949 4231 ut
2993 4176 3212 4229 constat
3252 4189 3325 4230 ex

1954 4257 2250 4312 communi
2319 4256 2752 4312 Thomistarum
2824 4252 3326 4327 interpretatione)

1952 4337 2051 4395 sed
2095 4339 2283 4395 solum
2331 4336 2508 4404 docet,
2553 4337 2702 4411 quod
2743 4336 2970 4394 habitus
3022 4336 3326 4393 charitatis

1955 4420 2186 4495 attingit
2201 4419 2601 4491 substantiam,
2624 4427 2681 4478 et
2698 4421 2927 4494 respicit
2955 4435 3056 4493 per
3077 4433 3137 4475 se
3155 4433 3322 4474 suam

1952 4502 2345 4574 operationem
2385 4502 2804 4560 consideratam
2869 4499 3184 4558 secundum
3213 4498 3325 4554 dif-

1952 4582 2259 4640 ferentiam
2306 4581 2626 4656 specificam
2654 4586 2847 4656 (quam
2877 4580 3116 4638 modum
3162 4584 3323 4636 actus

1951 4664 2221 4737 appellat,
2278 4666 2412 4737 quia
2450 4664 2802 4721 determinat
2859 4677 3062 4720 omnes
3106 4660 3321 4735 gradus

1949 4746 2295 4819 superiores)
2334 4747 2414 4802 ita
2459 4747 2523 4801 in
2551 4747 2731 4803 altero
2776 4743 3124 4809 testimonio,
3167 4742 3321 4816 quod

1951 4827 2117 4885 nobis
2137 4827 2423 4901 objicitur,
2458 4842 2575 4883 non
2592 4833 2778 4901 negat,
2809 4825 2958 4903 quod
3001 4824 3230 4881 habitus
3255 4839 3321 4883 se

1949 4908 2156 4966 habeat
2180 4907 2434 4967 effective
2454 4906 2525 4963 ad
2552 4912 2737 4964 totum
2766 4913 2954 4964 actum
2977 4906 3315 4973 formatum,

1947 4996 2003 5047 et
2054 4990 2423 5048 meritorium
2459 5010 2472 5044 ε
2501 4987 2598 5046 sed
2640 4991 2830 5047 solum
2859 4987 3129 5055 intendit,
3163 4987 3319 5062 quod

1949 5072 2099 5129 ratio
2140 5088 2241 5145 per
2268 5087 2328 5129 se
2376 5072 2648 5145 inspecta,
2680 5076 2736 5129 et
2783 5070 2890 5128 sub
2935 5087 3046 5144 qua
3094 5075 3320 5198 cat-atem

3058 5158 3320 5200 ramnes
