3647 5753
260 1601 445 1652 Respon-

461 439 570 496 282

464 609 591 665 duci
627 630 640 664 ε
670 606 764 663 sed
787 604 1099 677 supposito,
1127 600 1275 675 quod
1317 599 1409 656 hic
1438 594 1830 671 productionis

464 687 668 746 modus
697 702 814 743 non
843 684 1117 757 implicet,
1144 678 1543 739 attribuendus
1584 682 1666 734 est
1691 692 1829 750 gra-

465 770 594 836 tiae;
632 765 917 840 siquidem
967 764 1089 838 ejus
1137 762 1389 837 dignitas
1428 759 1487 816 id
1532 757 1786 830 exposcit
1812 776 1827 811 ι

466 865 601 923 ergo
621 848 805 922 gratia
828 862 945 903 non
967 844 1032 901 fit
1061 860 1161 916 per
1182 841 1562 907 eductionem,
1602 836 1702 895 sed
1731 852 1831 909 per

467 933 836 989 creationem.
867 927 1151 985 Probatur
1173 926 1385 990 minor,
1412 922 1548 995 quia
1570 935 1688 976 non
1714 919 1832 974 im-

471 1015 657 1087 plicat,
701 1009 850 1085 quod
904 1007 1162 1065 accidens
1212 1004 1315 1062 fiat
1359 1000 1748 1075 dependenter
1799 1014 1833 1055 a

467 1093 735 1167 subject0,
763 1096 817 1148 et
843 1088 1052 1147 deinde
1073 1088 1276 1146 existat
1293 1081 1744 1156 independenter
1760 1079 1831 1135 ab

469 1177 594 1243 illo,
621 1181 678 1231 ut
704 1179 853 1245 patet
880 1173 943 1227 in
990 1167 1374 1228 accidentibus
1409 1162 1782 1222 Eucharistiae
1815 1182 1830 1217 ε

467 1272 603 1330 ergo
623 1271 656 1312 e
680 1268 955 1311 converso
983 1267 1100 1308 non
1138 1249 1416 1322 implicat,
1446 1244 1594 1318 quod
1620 1243 1827 1318 gratia,

469 1337 602 1392 licet
625 1336 700 1389 sit
728 1330 1007 1397 accidens,
1034 1329 1133 1386 fiat
1153 1325 1609 1400 independenter
1635 1340 1668 1381 a
1692 1322 1832 1378 sub-

463 1415 629 1489 jecto,
661 1420 716 1470 et
742 1411 949 1470 deinde
967 1411 1022 1468 ei
1064 1410 1318 1474 uniatur,
1370 1412 1425 1465 et
1470 1403 1674 1462 habeat
1710 1418 1833 1460 esse

470 1492 860 1568 dependenter
886 1492 957 1549 ab
983 1492 1110 1548 illo.

547 1575 631 1631 Ad
659 1579 1064 1649 argumentum
1093 1568 1468 1644 respondetur
1496 1564 1834 1624 sustinendo

263 1648 816 1714 ⁵¹⁰³dar‘solutionem
865 1655 1017 1710 inter
1066 1650 1423 1726 arguendum
1473 1648 1684 1715 datam,
1709 1661 1835 1718 ‹111ae

277 1707 444 1750 gumen·

310 1754 408 1792 tum.
473 1740 689 1813 optima
716 1743 817 1794 est.
874 1735 1160 1801 Quoniam
1203 1735 1334 1791 licet
1385 1731 1455 1788 ad
1509 1732 1630 1797 hoc,
1682 1728 1834 1803 quod

473 1822 663 1880 forma
710 1819 1190 1893 praecontineatur
1234 1817 1297 1872 in
1344 1813 1596 1888 potentia
1651 1811 1836 1868 activa

473 1903 691 1978 agentis
739 1898 1093 1973 principalia,
1125 1913 1268 1969 opus
1317 1897 1390 1952 sit
1436 1893 1585 1967 quod
1631 1893 1835 1967 hujus-

471 1981 628 2039 modi
653 1980 904 2054 potentia
927 1979 1000 2033 sit
1044 1974 1300 2050 ejusdem
1348 1973 1590 2040 ordinis,
1614 1978 1670 2029 et
1712 1987 1836 2045 per-

471 2060 734 2119 fectionis
760 2076 888 2116 cum
942 2059 1128 2114 forma
1177 2053 1559 2130 producenda,
1592 2069 1658 2109 eo
1684 2049 1834 2124 quod

467 2138 917 2214 unumquodque
939 2139 1055 2212 agit
1074 2136 1390 2195 secundum
1419 2134 1497 2201 id,
1529 2131 1680 2206 quod
1708 2137 1834 2188 actu

467 2221 680 2288 habet;
734 2219 1142 2276 nihilominus,
1173 2216 1244 2273 ad
1285 2216 1407 2284 hoe,
1457 2213 1606 2287 quod
1646 2213 1837 2269 forma

468 2301 952 2376 praecontineatur
978 2297 1338 2370 inpotentia
1364 2311 1505 2369 pure
1527 2293 1829 2366 receptiva,

466 2399 608 2455 opus
629 2396 746 2438 non
767 2384 869 2442 est,
900 2377 1048 2452 quod
1089 2375 1418 2451 hujusmodi
1466 2375 1719 2449 potentia
1760 2373 1835 2428 sit

465 2463 765 2521 entitative
791 2460 1044 2536 ejusdem
1085 2458 1327 2523 ordinis,
1366 2464 1421 2514 et
1470 2455 1835 2530 perfectionis

467 2559 597 2599 cum
627 2542 814 2598 forma
869 2537 1197 2612 recipienda
1222 2562 1237 2605 ;
1266 2538 1402 2609 quia
1441 2537 1695 2609 potentia
1739 2550 1834 2591 re-

465 2621 886 2695 ceptivasolum
911 2620 1186 2691 importat
1197 2632 1418 2673 meram
1440 2616 1829 2688 capacitatem,

467 2707 531 2758 ut
552 2702 741 2757 forma
769 2698 867 2755 fiat
924 2714 1024 2771 per
1073 2699 1196 2772 ejus
1247 2699 1830 2761 transmutationem;

465 2780 562 2839 sed
594 2786 718 2836 actu
743 2795 857 2836 non
881 2778 1049 2834 habet
1075 2779 1123 2851 ej
1133 2794 1196 2833 us
1225 2775 1650 2850 perfectionem.
1672 2772 1834 2839 Quod

370 2866 384 2880 '
464 2861 603 2920 satis
627 2860 806 2932 liquet
827 2863 949 2914 tum
974 2858 1035 2914 in
1058 2857 1300 2914 materia
1317 2855 1506 2929 prima
1524 2854 1835 2926 respective

421 2976 430 2983 ·
467 2941 537 3000 ad
555 2941 805 2998 formam
834 2938 1270 2996 substantialem
1301 2943 1456 2994 :tum
1485 2936 1548 2992 in
1574 2934 1835 2991 substan-

285 4205 442 4248 Dssrho.

469 3018 549 3080 tia
576 3023 829 3078 naturali
856 3021 1244 3093 comparative
1270 3018 1341 3075 ad
1363 3019 1612 3077 formam
1644 3017 1785 3074 artis
1818 3036 1832 3072 ε

469 3110 592 3160 tum
621 3101 867 3175 denique
894 3103 957 3159 in
980 3102 1340 3157 humanitate
1366 3100 1576 3156 Christi
1599 3097 1833 3155 Domini

471 3184 780 3257 respective
803 3182 872 3239 ad
900 3181 1137 3239 modum
1166 3180 1403 3238 unionis
1443 3180 1831 3254 hypostaticae.

469 3265 632 3323 Unde
663 3272 723 3321 ut
747 3264 932 3339 gratia
959 3263 1232 3321 educatur
1250 3279 1319 3319 ex
1339 3262 1604 3336 subjecto,
1638 3275 1835 3318 neces-

466 3349 686 3404 sarium
714 3351 959 3413 nonest,
986 3345 1134 3419 quod
1162 3345 1478 3419 subjectum
1507 3344 1583 3400 sit
1616 3344 1835 3401 entita-

468 3430 586 3486 tive
603 3427 858 3504 ejusdem
885 3426 1110 3484 ordinis
1132 3442 1261 3483 cum
1283 3425 1489 3500 gratia,
1534 3441 1635 3482 nec
1662 3425 1836 3500 hujus

469 3509 720 3585 dignitas
743 3507 800 3564 id
821 3507 1087 3581 exposcit.
1121 3506 1228 3564 Sed
1259 3506 1396 3578 quia
1418 3507 1607 3581 gratia
1634 3511 1834 3563 estor-

470 3592 626 3648 dinis
653 3590 861 3658 divini,
892 3596 949 3647 et
968 3606 1000 3647 a
1018 3590 1140 3647 solo
1169 3591 1281 3646 Deo
1302 3594 1503 3662 agente
1525 3587 1834 3661 principali

474 3670 709 3744 produci
730 3675 925 3744 potest,
942 3674 1242 3743 propterea
1253 3666 1420 3725 debet
1441 3666 1603 3725 educi
1621 3683 1690 3724 ex
1705 3665 1836 3722 sub·

468 3755 615 3828 jecto
636 3752 949 3810 secundum
974 3751 1288 3824 potentiam
1317 3749 1438 3823 ejus
1477 3748 1836 3807 obedientia-

474 3835 588 3891 lem
605 3854 616 3895 ;
635 3835 755 3891 haec
767 3834 975 3905 quippe
991 3832 1266 3903 importat
1284 3830 1583 3886 entitatem
1603 3830 1835 3895 rei,nou

474 3920 780 3989 utcumque
808 3918 1111 3986 acceptam,
1148 3910 1248 3968 sed
1276 3916 1337 3967 ut
1364 3910 1673 3986 subjectam
1696 3913 1829 3976 Dec,

474 4001 538 4053 ut
562 4013 632 4053 ex
654 3997 777 4062 illa,
802 4000 858 4051 et
878 3994 939 4050 in
963 3993 1065 4049 illa
1091 3991 1259 4048 faciat
1279 3990 1556 4064 quidquid
1572 4007 1690 4048 non
1717 3990 1836 4046 im-

479 4077 650 4149 plicat
665 4072 1193 4132 contradictionem.
1209 4072 1277 4127 Et
1299 4072 1361 4127 in
1387 4071 1491 4126 hoc
1503 4086 1671 4126 sensu
1690 4068 1837 4125 dixit

478 4159 543 4213 D.
575 4157 682 4213 Th.
709 4158 769 4211 in
797 4157 842 4222 l,
875 4154 927 4209 d.
963 4155 1046 4218 17,
1072 4169 1123 4228 q.
1149 4153 1204 4217 2,
1234 4157 1345 4206 art.
1377 4152 1414 4206 2
1435 4152 1494 4205 in
1514 4168 1661 4224 corp.
1685 4149 1836 4224 quod

476 4240 622 4296 dona
633 4239 883 4309 gyratuita
901 4252 1008 4291 non
1022 4234 1325 4289 educuntur
1339 4235 1501 4310 quasi
1515 4234 1578 4287 de
1589 4236 1834 4307 potentia

476 4324 736 4387 materias,
769 4322 901 4398 quia
942 4317 1085 4373 nihil
1108 4323 1185 4371 est
1219 4316 1281 4369 in
1310 4317 1559 4386 potentia
1584 4316 1837 4371 naturali

366 4393 376 4401 ’
474 4403 621 4481 quod
639 4419 737 4476 per
761 4417 925 4471 ayens
951 4396 1207 4452 naturale
1242 4396 1398 4451 educi
1425 4413 1533 4451 non
1559 4398 1731 4468 possit
1742 4414 1762 4463 ,·
1786 4404 1835 4452 et

475 4488 593 4542 ideo
608 4488 758 4554 oriqo
770 4484 961 4554 qratia
976 4487 1053 4535 est
1064 4496 1163 4553 per
1175 4495 1377 4534 novam
1399 4479 1749 4551 infusionem.
1767 4480 1837 4535 Et

474 4566 629 4626 idem
653 4565 879 4623 dixerat
903 4562 959 4617 d.
987 4562 1070 4627 14,
1089 4577 1140 4634 q.
1172 4559 1223 4627 3,
1249 4565 1358 4614 art.
1383 4561 1565 4626 unico,
1603 4562 1663 4614 in
1683 4577 1832 4627 corp.

548 4646 633 4704 Ad
674 4647 842 4720 hujus
880 4656 1020 4699 vero
1047 4638 1323 4696 doctrinae
1348 4638 1836 4711 improbationem

473 4725 850 4800 respondetur
867 4716 1239 4785 admittendo,
1261 4717 1408 4790 quod
1432 4719 1686 4790 potentia
1705 4718 1835 4776 obe·

469 4808 766 4867 dientialis
788 4806 863 4862 sit
885 4803 1117 4861 realiter
1137 4798 1336 4857 eadem
1358 4800 1567 4857 entitas
1587 4817 1715 4857 cum
1741 4818 1838 4874 po-

467 4890 648 4947 tentia
676 4885 949 4944 naturali.
988 4880 1096 4940 Sed
1135 4880 1238 4937 hoc
1267 4895 1387 4936 non
1410 4880 1643 4948 evincit,
1681 4881 1835 4954 quod

472 4984 590 5027 non
632 4967 1064 5039 distinguantur
1103 4960 1167 5016 in
1205 4973 1326 5017 esse
1366 4961 1662 5033 potentiae;
1696 4976 1833 5017 nam

469 5050 721 5122 potentia
747 5043 1030 5105 naturalis
1050 5046 1136 5101 est
1164 5041 1446 5100 naturalis
1469 5042 1678 5099 entitas
1699 5057 1829 5098 cum

1541 426 1634 480 na
1670 423 1917 504 causrs
1956 390 2300 480 camna(

1961 593 2300 653 habitudine
2327 595 2397 652 ad
2425 601 2612 653 actum
2639 594 2751 651 sibi
2777 594 3238 659 connaturalem,
3261 596 3318 648 et

1963 674 2033 731 ad
2056 691 2247 750 agens,
2272 676 2421 750 quod
2444 677 2698 734 naturali
2719 677 2932 734 virtute
2948 680 3127 750 potest
3148 675 3317 731 illum

1962 760 2150 812 actum
2198 756 2505 825 inducere;
2536 756 2934 815 obedientialis
2980 760 3171 813 autem
3213 769 3320 828 po·-

1962 835 2143 893 tentia
2168 841 2252 893 est
2277 838 2487 895 entitas
2515 838 2797 895 naturalis
2826 840 2994 910 prout
3018 834 3155 892 dicit
3193 849 3320 891 me-

1966 932 2091 973 ram
2138 933 2256 974 non
2298 918 2741 994 repugnantiam
2789 918 2859 974 ad
2905 924 3060 974 actus
3098 914 3321 974 ordinis

1963 998 2297 1070 superioris,
2325 1006 2381 1058 et
2408 1007 2469 1056 ut
2490 1003 2636 1057 Deus
2658 999 2721 1056 in
2759 1016 2846 1064 ea,
2878 1005 2934 1056 et
2954 1016 3024 1055 ex
3049 1014 3115 1055 ea
3154 997 3324 1054 faciat

1963 1079 2241 1153 quidquid
2264 1097 2381 1138 non
2400 1088 2679 1157 repugnat
2706 1103 2718 1138 :
2740 1098 2864 1155 quae
2879 1080 3180 1139 diversitas
3199 1079 3324 1134 suf-

1963 1157 2099 1227 ficit,
2156 1166 2219 1216 ut
2268 1160 2701 1236 distinguantur
2752 1164 2816 1220 in
2860 1177 2982 1220 esse
3035 1160 3320 1233 potentias,

1964 1239 2096 1296 licet
2114 1239 2314 1298 eadem
2343 1243 2551 1298 entitas
2576 1243 2711 1300 sint.
2738 1243 2892 1299 Sicut
2917 1256 3144 1307 verum,
3174 1238 3323 1313 quod

1964 1326 2049 1378 est
2088 1322 2370 1396 objectum
2417 1324 2761 1392 intellectuS,
2802 1330 2858 1381 et
2895 1323 3131 1387 bonum,
3175 1319 3323 1394 quod

1964 1407 2052 1459 est
2082 1403 2365 1478 objectum
2406 1406 2740 1473 voluntatiS,
2787 1405 3223 1480 distinguuntur
3258 1401 3324 1458 in

1964 1499 2086 1541 esse
2124 1486 2347 1562 objecti,
2394 1487 2526 1543 licet
2563 1487 2683 1550 sint
2728 1487 2961 1544 realiter
3004 1486 3159 1543 idem
3198 1499 3321 1542 enS.

1966 1566 2132 1624 Unde
2177 1567 2454 1637 absolute,
2484 1576 2540 1628 et
2564 1577 2974 1643 consequenter
3009 1567 3326 1626 conceden-

1967 1646 2105 1703 dum
2134 1653 2237 1716 est,
2261 1650 2510 1724 gratiam
2538 1651 2944 1724 praecontineri
2970 1650 3116 1706 sicut
3145 1649 3206 1706 in
3233 1664 3330 1722 po-

1970 1729 2149 1785 tentia
2190 1730 2475 1803 receptiva
2521 1732 2583 1788 in
2622 1731 2861 1788 entitate
2888 1730 3163 1796 naturali,
3209 1744 3327 1787 non

1968 1813 2162 1866 tamen
2187 1817 2409 1883 accepta
2428 1811 2741 1869 secundum
2763 1812 3077 1886 potentiam
3098 1816 3329 1868 natura·

1968 1887 2105 1956 lem,
2135 1889 2233 1946 sed
2258 1898 2487 1965 sumpta
2506 1891 2821 1950 secundum
2852 1892 3166 1965 potentiam
3189 1889 3328 1948 obe-

1967 1965 2322 2027 dientialem.
2369 1975 2483 2029 Nec
2520 1978 2800 2045 quantum
2841 1971 2912 2029 ad
2949 1973 3054 2029 hoc
3093 1975 3326 2044 apparet

1968 2050 2186 2135 maior·
2210 2049 2510 2108 difficultas
2560 2053 2627 2108 in
2678 2052 3052 2127 productione
3101 2051 3319 2127 gratiae,

1966 2137 2141 2194 quam
2171 2141 2232 2181 in
2259 2126 2381 2199 ejus
2404 2127 2647 2193 unione;
2676 2128 2726 2182 si
2747 2128 2907 2185 enim
2933 2127 3121 2202 gratia
3147 2128 3326 2199 potest

1968 2202 2305 2261 immediate
2325 2206 2483 2263 uniri
2505 2203 2837 2263 substantias
2851 2207 3105 2263 naturali
3124 2205 3327 2276 sumpss

1968 2288 2039 2340 tae
2085 2284 2398 2342 secundum
2468 2287 2781 2360 potentiam
2841 2286 3283 2345 obedientialem
3309 2328 3322 2349 ,

1968 2382 2145 2438 quare
2157 2383 2271 2425 non
2290 2369 2497 2440 poterit
2512 2368 2640 2426 fieri
2657 2369 2801 2426 sicut
2816 2386 2884 2427 ex
2900 2388 2963 2426 su
2972 2369 3221 2443 biecto‚et
3236 2382 3329 2439 po-

1967 2447 2148 2503 tentia
2172 2464 2331 2506 mere
2359 2451 2662 2522 receptiva,
2688 2467 2758 2507 ex
2785 2450 2984 2508 eadem
3010 2447 3328 2521 substantia

1968 2528 2221 2583 naturali
2233 2529 2480 2586 secundu
2490 2547 2546 2585 m
2560 2532 2871 2604 potentiam
2885 2529 3326 2588 obedientialem

1967 2605 2367 2664 considerata?
2407 2610 2735 2666 Praesertim
2775 2628 2904 2668 cum
2945 2610 3144 2667 eadem
3175 2605 3327 2663 diffi-

1968 2687 2148 2776 cultas
2170 2688 2382 2745 militet
2402 2691 2467 2746 in
2490 2691 2660 2753 modo
2681 2693 2915 2750 unionis
2937 2690 3320 2763 hypostaticae.

1968 2780 2032 2820 in
2057 2764 2273 2823 actibus
2291 2771 2844 2840 supernaturalibus,
2867 2771 2929 2826 in
2952 2769 3188 2826 auxiliis
3209 2767 3327 2824 suf-

1967 2845 2311 2915 ficientibus,
2342 2855 2397 2906 et
2424 2849 2739 2910 efficacibus
2764 2876 2778 2920 ;
2808 2868 2931 2925 quae
2957 2856 3153 2910 tamen
3178 2841 3326 2907 fiunt

1970 2945 2071 3004 per
2096 2928 2477 3000 eductionem,
2509 2939 2675 3007 atque
2701 2933 2830 2992 ideo
2856 2933 3064 2992 debent
3099 2935 3163 2991 in
3189 2932 3330 2990 sub-

1962 3012 2111 3086 jecto
2147 3013 2573 3082 praecontineri.
2616 3017 2893 3091 Majorem
2936 3021 3128 3073 autem
3157 3014 3328 3088 hujus

1969 3094 2235 3165 potentiae
2260 3093 2704 3155 obedientialem
2750 3098 3016 3156 notitiam
3056 3097 3332 3155 exhibere

1970 3175 2219 3247 pertinet
2246 3175 2317 3232 ad
2344 3178 2378 3232 3
2407 3183 2647 3251 partem,
2679 3187 2859 3257 quaest.
2902 3181 2985 3246 13,
3018 3180 3119 3237 ubi
3141 3181 3330 3256 agitur

1968 3256 2040 3313 de
2069 3259 2321 3330 potentia
2348 3260 2559 3318 animas
2591 3262 2824 3331 Christi,
2855 3268 2911 3320 et
2938 3262 3154 3322 ibidem
3195 3278 3329 3337 per-

1970 3337 2194 3396 fectiori
2223 3341 2345 3414 ejus
2371 3342 2593 3399 notioni
2622 3359 2857 3417 operam
2887 3344 3174 3402 dabimuS.

2044 3420 2131 3476 Ad
2174 3421 2675 3481 confirmationem
2726 3425 3105 3500 respondetur
3149 3402 3533 3486 omit-Diluitur

1969 3500 2141 3559 tendo
2169 3503 2470 3577 majorem,
2489 3510 2544 3562 et
2565 3506 2825 3581 negando
2848 3508 3169 3576 minorem;
3194 3508 3329 3582 quia
3367 3485 3525 3577 fflfflgs

1971 3582 2035 3637 in
2063 3585 2330 3654 praesenti
2359 3600 2477 3640 non
2505 3586 2729 3660 agimus
2754 3585 2824 3645 de
2851 3587 3040 3655 modo,
3066 3605 3176 3662 quo
3203 3605 3331 3663 gra-

1971 3665 2051 3722 tia
2102 3680 2204 3737 per
2257 3665 2580 3725 absolutam
2627 3670 2726 3726 Dei
2780 3671 3095 3743 potentiam
3145 3672 3330 3728 valeat

1975 3743 2247 3819 produci;
2276 3746 2373 3805 sed
2402 3746 2473 3805 de
2499 3749 2667 3807 modo
2695 3749 3086 3823 productionis
3109 3753 3160 3808 ei
3191 3766 3332 3808 con-

1973 3827 2250 3894 naturali,
2282 3833 2340 3884 et
2361 3845 2475 3901 quo
2513 3829 2584 3887 de
2612 3830 2756 3889 facto
2784 3831 3135 3904 producitur,
3180 3836 3241 3887 ut
3267 3831 3332 3887 in

1971 3910 2181 3966 limine
2200 3910 2362 3968 dubii
2384 3911 2843 3970 observavimus
2861 3915 3014 3971 Sicut
3027 3914 3186 3972 enim
3207 3930 3334 3989 gra-

1970 3990 2111 4046 tiam
2127 3993 2373 4050 existere
2388 3992 2844 4068 independenter
2865 3996 3161 4071 asubjecto
3184 3996 3332 4054 forte

1970 4088 2088 4130 non
2131 4081 2428 4149 repugnat,
2460 4083 2517 4134 et
2553 4082 2745 4134 tamen
2786 4077 2856 4135 de
2895 4079 3040 4135 facto
3082 4094 3200 4136 non
3249 4079 3331 4137 ita

1968 4153 2269 4229 contingit,
2284 4162 2338 4211 et
2352 4157 2400 4212 si
2416 4158 2784 4231 contingeret,
2798 4163 2944 4216 esset
2959 4156 3328 4227 miraculum,

1969 4238 2033 4288 ut
2055 4240 2207 4306 patet
2235 4236 2296 4292 in
2323 4239 2589 4309 exemplo
2615 4237 2991 4295 accidentium
3020 4239 3333 4297 Eucharis-

1970 4314 2065 4372 tiae
2094 4336 2107 4370 t
2135 4316 2218 4372 sic
2243 4317 2420 4374 etiam
2446 4320 2695 4392 gratiam
2720 4318 2846 4377 fieri
2873 4319 3332 4394 independenter

1971 4411 2004 4452 a
2030 4394 2297 4470 subjecto,
2325 4398 2525 4477 forsan,
2552 4415 2667 4457 non
2695 4401 2953 4473 implicat
2969 4424 2983 4467 3
3012 4400 3112 4458 sed
3136 4408 3331 4459 tamen

1968 4475 2118 4548 quod
2141 4493 2257 4534 non
2281 4479 2357 4534 ita
2382 4480 2743 4553 producatur,
2763 4482 2900 4538 satis
2919 4482 3194 4539 evincunt
3209 4488 3331 4538 tum

1971 4558 2187 4615 motiva
2218 4575 2393 4633 supra
2421 4563 2620 4634 posita,
2654 4567 2778 4618 tum
2804 4564 3132 4636 specialiter
3160 4569 3333 4621 natu-

1972 4639 2111 4694 ralis
2125 4641 2629 4714 correspondentia
2647 4643 2801 4702 inter
2814 4645 2937 4719 ejus
2951 4643 3101 4712 fieri,
3117 4649 3173 4702 et
3186 4660 3326 4702 esse.

1972 4716 2138 4777 Unde
2158 4721 2207 4776 si
2231 4721 2310 4777 ita
2336 4720 2518 4790 fieret,
2544 4722 2930 4782 interveniret
2953 4725 3326 4790 miraculum,

1968 4797 2129 4870 cujus
2182 4800 2617 4873 possibilitatem
2674 4804 2842 4862 modo
2888 4802 3207 4869 adstruere,
3240 4804 3332 4860 vel

1972 4894 2184 4954 negare
2226 4887 2419 4939 nostra
2460 4901 2577 4942 non
2622 4886 2813 4943 refert.
2844 4885 2951 4943 Sed
2984 4887 3127 4944 satis
3157 4886 3334 4942 fuerit

1970 4965 2286 5036 ostendere,
2333 4968 2390 5025 id
2439 4986 2555 5026 non
2606 4985 2919 5044 congruere
2963 4967 3331 5029 connaturali

1970 5065 2166 5109 rerum
2192 5051 2571 5125 dispositioni,
2598 5059 2661 5111 ut
2682 5054 2953 5113 hactenus
2978 5052 3220 5110 fecimus
3237 5093 3251 5107 .

3128 5148 3255 5195 ΛΒΤ.
3278 5147 3333 5190 V.
