3647 5753
1429 413 1607 468 DISP.
1654 414 1725 477 11,
1769 412 1933 470 DUB.
1980 415 2072 470 lv,

315 605 342 635 a
387 583 627 640 luntatis
668 585 1008 657 praecedenti
1049 606 1072 636 u
1125 587 1201 656 (et
1244 602 1317 643 ex
1361 586 1466 642 hac
1513 589 1674 658 parte

309 665 585 738 importat
610 666 829 738 aliquid
859 667 1195 740 positivum)
1221 689 1249 720 α
1269 667 1417 724 sicut
1437 665 1673 725 tenebra

313 766 341 798 α
383 760 503 803 ιιοιι
528 744 702 803 babet
730 749 1019 805 rationem
1048 748 1289 816 umbrae,
1323 747 1438 804 nisi
1463 763 1674 805 secun-

313 846 340 879 «
381 824 520 882 dum
561 826 713 899 quod
754 828 1108 903 relinquitur
1132 844 1205 887 ex
1231 828 1671 902 interpositione

312 927 340 959 α
380 907 641 980 corporis
666 909 847 982 opaci.
873 911 1030 967 Sicut
1054 926 1190 986 ergo
1211 910 1424 968 ablatio
1445 909 1670 967 umbrat

311 1009 339 1042 α
381 989 659 1063 importat
697 1007 816 1050 non
854 993 1038 1050 solam
1084 993 1466 1051 remotionem
1506 996 1671 1049 tene-

312 1091 340 1123 «
382 1067 521 1136 brae,
543 1070 643 1127 sed
671 1072 1054 1130 remotionem
1074 1074 1332 1147 corporis
1351 1071 1670 1146 impedien-

311 1170 340 1203 α
381 1150 478 1213 tis;
493 1150 576 1207 ita
591 1153 857 1211 remissio
871 1155 1051 1228 culpae
1065 1154 1341 1228 importat
1354 1168 1478 1211 non
1484 1154 1669 1210 solam

314 1251 341 1282 α
383 1228 734 1290 ablationem
762 1231 1035 1292 absentiae
1058 1234 1278 1310 gratiae,
1302 1233 1402 1292 sed
1422 1232 1669 1290 ablatio-

314 1328 341 1361 α
387 1324 521 1368 nem
570 1312 967 1387 impedimenti
1003 1315 1224 1390 gratiae,
1269 1314 1421 1389 quod
1447 1318 1571 1372 erat
1594 1328 1669 1371 ex

318 1410 344 1443 α
388 1396 514 1448 actu
556 1395 762 1466 peccati
805 1395 1198 1467 praecedentis.
1243 1399 1373 1453 Non
1410 1399 1473 1451 ut
1510 1398 1669 1451 actus

315 1492 343 1524 α
385 1471 488 1530 ille
529 1489 648 1532 non
687 1475 894 1545 fuerit;
942 1477 1092 1551 quod
1145 1482 1232 1535 est
1274 1474 1663 1550 impossibile3

314 1572 342 1604 α
379 1550 479 1609 sed
509 1559 571 1610 ut
589 1561 822 1628 propter
849 1521 1020 1615 illum
1048 1557 1302 1615 influxus
1327 1556 1528 1632 gratiae
1549 1571 1667 1612 non

309 1652 336 1684 α
381 1633 750 1705 impediatur.
803 1640 964 1695 Patet
1009 1639 1201 1714 igitur,
1251 1637 1401 1713 quod
1448 1636 1667 1693 infusio

298 1733 338 1764 <t
378 1713 596 1785 gratiae,
620 1720 679 1772 et
706 1719 968 1776 remissio
989 1721 1167 1793 culpae
1190 1734 1307 1776 non
1333 1722 1472 1775 sunt
1511 1717 1666 1774 idem

313 1812 340 1843 α
380 1793 694 1851 secundum
719 1813 863 1854 rem.
890 1818 916 1849 n

85 1868 281 1962 ξξξξζῗο
389 1874 507 1930 101.
540 1876 624 1932 Ex
644 1875 851 1949 quibus
878 1877 1073 1936 verbis
1099 1880 1284 1954 magis
1303 1881 1507 1943 elucet,
1537 1892 1666 1949 quae

82 1977 289 2062 gagg-e·
304 1953 377 2009 sit
417 1971 584 2013 mens
608 1958 665 2012 S.
695 1959 965 2027 Doctoris,
996 1966 1053 2019 et
1077 1960 1363 2034 quomodo
1388 1959 1663 2017 assertio-

305 2051 437 2093 nem
463 2043 719 2096 nostram
744 2045 953 2110 teneat,
984 2048 1041 2100 et
1059 2041 1397 2110 confirmet
1427 2057 1563 2116 quia
1583 2041 1664 2097 ita

300 2132 360 2173 se
405 2117 576 2176 habet
621 2126 912 2192 peccatum
957 2124 1178 2181 actuale
1227 2123 1297 2180 ad
1345 2121 1658 2187 habituale,

301 2198 444 2256 sicut
490 2201 855 2274 interpositio
903 2205 1161 2277 corporis
1205 2204 1365 2277 opaci
1412 2205 1483 2262 ad
1530 2219 1662 2274 um-

303 2279 465 2338 bram
490 2304 503 2338 :
527 2283 1013 2355 quemadmodum
1029 2288 1188 2343 enim
1203 2303 1407 2360 corpus
1421 2301 1661 2359 opacum

301 2363 564 2436 impedit,
610 2380 683 2423 ne
709 2367 810 2423 lux
836 2366 1232 2426 diffundatur.
1218 2393 1232 2405 ·
1264 2370 1344 2425 ita
1371 2373 1660 2440 peccatum

301 2446 524 2501 actuale
544 2445 743 2513 obstat,
776 2465 849 2506 ne
876 2449 1222 2507 infundatur
1246 2451 1453 2524 gratia.
1485 2452 1554 2506 Et
1582 2451 1662 2507 ita

301 2542 364 2584 se
409 2526 582 2586 habet
625 2536 905 2601 peccatum
948 2532 1240 2590 habituale
1276 2533 1346 2590 ad
1386 2533 1656 2608 gratiam,

298 2607 451 2664 sicut
505 2608 711 2666 umbra
760 2609 827 2667 ad
879 2614 1117 2681 lucem;
1171 2613 1659 2687 quemadmodum

299 2688 464 2744 enim
510 2688 713 2747 umbra
756 2696 839 2748 est
884 2694 1134 2764 privatio
1174 2695 1317 2753 lucis
1356 2695 1554 2753 relicta
1587 2710 1660 2753 ex

301 2769 741 2842 interpositione
765 2774 1019 2845 corporis
1046 2777 1227 2848 opaci,
1259 2776 1342 2833 ita
1369 2781 1658 2849 peccatum

301 2848 595 2908 habituale
611 2857 698 2908 est
723 2853 970 2926 privatio
995 2856 1196 2929 gratim
1218 2857 1417 2915 relicta
1443 2872 1513 2915 ex
1534 2855 1659 2915 obs-

297 2932 483 2988 taculo
506 2933 716 3004 peccati
737 2936 992 2991 actualis.
1019 2938 1251 2994 Constat
1271 2941 1482 3003 autem,
1507 2937 1656 3009 quod

299 3009 397 3067 ubi
445 3013 546 3068 lux
592 3012 940 3072 diffunditur
983 3032 1084 3088 per
1123 3034 1339 3086 aerem,
1368 3018 1658 3075 evanescit

300 3091 524 3160 umbra,
550 3099 609 3150 et
632 3110 835 3167 corpus
872 3111 1112 3168 opacum
1152 3097 1366 3156 desinit
1392 3114 1657 3157 exercere

300 3172 615 3232 rationem
599 3174 1034 3248 impedimenti
1058 3183 1114 3235 et
1126 3179 1450 3251 oppositum
1473 3194 1656 3253 neque

294 3267 397 3324 per
421 3252 686 3311 divinam
716 3256 1029 3350 potentiam
1051 3257 1178 3315 fieri
1208 3263 1429 3332 potest.
1453 3258 1656 3353 impl-i-

290 3339 381 3391 cat
417 3336 599 3403 enim,
645 3340 707 3393 ut
746 3338 858 3410 ipsi
898 3339 1234 3398 Adversarii
1274 3342 1549 3408 fatentur,
1590 3342 1655 3399 in

285 3414 491 3473 eadem
513 3423 675 3489 parte
703 3417 853 3474 aeris
874 3419 1186 3478 coexistere
1209 3422 1415 3487 lucem,
1439 3426 1498 3478 et
1519 3437 1655 3477 um-

290 3496 492 3564 bram,
477 3522 491 3535 ·
520 3503 640 3556 esto
661 3500 923 3571 expulsio
953 3501 1177 3560 umbrae
1202 3504 1281 3559 sit
1303 3503 1534 3560 effectus
1559 3517 1654 3559 se-

285 3578 622 3648 cundarius,
651 3585 707 3638 et
731 3584 977 3641 mutatio
1001 3584 1234 3642 diversa
1256 3585 1328 3642 ab
1356 3585 1654 3643 infusione

293 3662 455 3719 lucis,
487 3665 636 3737 Ergo
656 3665 892 3737 pariter,
912 3664 1009 3721 ubi
1035 3667 1224 3740 primo
1247 3667 1435 3742 gratia
1456 3666 1654 3723 infun-

290 3739 453 3798 ditur
498 3745 731 3810 animae,
780 3747 976 3802 statim
1027 3753 1312 3820 peccatum
1360 3746 1652 3805 habituale

291 3822 629 3889 destruitur,
660 3831 717 3882 et
740 3831 895 3883 actus
923 3828 1247 3900 praeteritus
1292 3828 1652 3901 peccamino-

281 3920 388 3959 sus
412 3911 590 3961 cessat
617 3904 688 3962 ab
707 3908 981 3964 exercitio
1003 3907 1441 3981 impedimenti;
1470 3913 1530 3965 et
1545 3924 1652 3980 op—

291 3985 541 4056 positum
585 4001 685 4057 per
718 3987 942 4043 nullam
974 3989 1288 4060 potentiam
1318 3987 1445 4046 fieri
1476 3988 1645 4054 valet,

289 4070 410 4121 esto
436 4064 743 4122 destructio
771 4068 978 4139 peccati
1007 4069 1083 4124 sit
1115 4068 1345 4127 effectus
1368 4066 1651 4125 secunda-

293 4148 416 4203 rius
457 4148 674 4220 gratiae,
724 4155 780 4206 et
820 4150 989 4224 hujus
1036 4151 1253 4208 infusio
1291 4153 1367 4207 sit
1407 4150 1649 4208 mutatio

294 4228 529 4285 realiter
548 4228 776 4287 diversa
794 4229 865 4287 ab
884 4232 1222 4303 expulsione
1239 4232 1446 4304 peccati
1469 4231 1649 4305 :quod

291 4306 463 4366 modo
489 4325 607 4367 non
629 4311 888 4378 interest,
912 4310 1010 4367 sed
1036 4327 1108 4369 ex
1134 4311 1392 4370 dicendis
1414 4312 1562 4385 disp.
1587 4313 1644 4379 4,

61 4394 249 4440 omno.
287 4389 414 4445 dub.
457 4390 502 4455 l,
533 4390 833 4447 constabit.
880 4390 1155 4453 Videatur
1194 4396 1259 4449 D.
1292 4392 1497 4449 Thom.
1545 4393 1650 4448 hac

298 4475 344 4538 l,
389 4473 443 4539 2,
477 4479 659 4548 quast.
692 4473 785 4539 86,
814 4480 924 4529 art.
983 4475 1001 4528 l
1047 4482 1097 4530 et
1122 4477 1178 4540 2,
1208 4482 1259 4530 et
1291 4482 1480 4551 quast.
1521 4475 1643 4542 109,

286 4564 397 4612 art.
446 4558 502 4620 7,
534 4558 594 4612 et
615 4555 749 4612 aliis
790 4555 1054 4627 pluribus
1092 4557 1248 4624 lociS,
1292 4572 1416 4629 quae
1444 4556 1647 4613 citavi-

285 4653 416 4693 mus
435 4637 580 4709 disp.
615 4639 663 4703 l,
692 4637 819 4693 dub.
862 4639 906 4703 l,
931 4642 989 4695 et
1014 4638 1078 4694 in
1104 4636 1313 4711 quibus
1335 4638 1646 4695 essentiam

286 4720 493 4792 peccati
516 4717 852 4786 habitualis,
885 4719 1008 4777 sive
1034 4721 1275 4777 maculas
1313 4721 1459 4793 (quae
1496 4718 1646 4793 apud

283 4802 339 4857 S.
370 4803 670 4858 Doctorem
699 4799 855 4856 idem
880 4804 1037 4871 sunt)
1063 4802 1127 4857 in
1154 4800 1486 4857 voluntaria
1509 4816 1646 4874 gra-

280 4883 375 4941 tiae
398 4881 729 4956 privatione
752 4881 1067 4941 constituit.

360 4965 482 5022 102.
530 4962 749 5029 Terti0,
773 4965 830 5017 et
856 4961 1040 5034 magis
1062 4965 1407 5035 apparenter
1434 4964 1645 5018 nostrae

157 5060 176 5069 ’
278 5047 490 5107 rationi
524 5049 837 5103 occurrunt
862 5044 1120 5110 SuariuS,
1149 5048 1221 5100 ·et
1251 5043 1456 5099 ·Curiel
1485 5042 1641 5099 infra

3057 421 3168 477 369

1805 586 2115 654 referendi,
2134 593 2190 646 et
2210 590 2409 649 dicunt
2425 598 2712 665 peccatum
2735 591 3027 650 habituale
3051 608 3166 650 non

1801 682 1926 725 esse
1938 684 2183 740 meram,
2203 677 2261 729 et
2281 672 2579 747 physicam
2600 673 2917 731 carentiam
2937 674 3159 747 gratiae,

1799 746 1946 805 sed
1929 764 2167 822 insuper
2203 751 2519 825 importare
2558 755 2843 811 moralem
2884 758 3165 812 connota-

1802 828 2021 885 tionem
2048 829 2121 886 ad
2142 835 2331 889 actum
2355 834 2710 906 praeteritum
2739 850 2857 892 non
2887 839 3164 891 retracta-

1801 912 1946 967 tum.
1967 912 2243 975 Quamvis
2258 918 2449 970 autem
2465 913 2735 987 quaelibet
2749 915 2975 971 forma·
2960 930 3164 972 imme-

1799 988 1956 1048 diate
2005 1007 2108 1064 per
2157 992 2407 1066 seipsam
2461 993 2726 1051 excludat
2777 994 3162 1067 privationem

1799 1068 1912 1126 sibi
1937 1070 2257 1144 oppositam
2277 1097 2292 1140 ;
2315 1077 2374 1129 et
2391 1072 2522 1130 ideo
2534 1076 2715 1132 semel
2738 1075 2932 1131 infusa
2950 1074 3157 1148 gratia,

1800 1164 1920 1208 non
1940 1156 2174 1212 maneat
2192 1152 2314 1226 ejus
2331 1153 2580 1226 privatio
2608 1176 2621 1211 ε
2652 1159 2833 1228 potest
2855 1155 3163 1213 nihilomi-

1800 1245 1911 1288 nus
1956 1247 2300 1304 permanere
2348 1240 2637 1307 peccatum
2685 1233 2996 1300 habituale,
3028 1235 3161 1307 quia

1797 1312 1984 1386 gratia
1999 1328 2117 1371 non
2131 1314 2381 1371 excludit
2397 1314 2551 1372 indis
2556 1315 2932 1390 pensabiliter
2951 1331 3057 1373 con
3066 1332 3163 1373 no-

1799 1392 2075 1450 tationem
2116 1394 2277 1451 illam
2317 1397 2601 1454 moralem
2629 1395 2701 1454 ad
2728 1401 2916 1454 actum
2948 1399 3157 1469 praete-

1800 1473 1979 1530 ritum
1997 1490 2115 1542 non
2137 1480 2505 1534 retractatum
2523 1502 2537 1545 3
2555 1478 2748 1551 inqua
2769 1478 3157 1550 potius‚quam

1798 1554 1863 1611 in
1887 1556 2010 1614 sola
2035 1556 2360 1629 privatione
2384 1557 2603 1632 gratiae,
2634 1559 2894 1616 consistit
2921 1558 3157 1633 propria

1799 1635 1947 1693 ratio
1969 1637 2231 1702 maculae,
2260 1653 2359 1693 seu
2393 1638 2603 1710 peccati
2630 1639 2963 1696 habitualis.
2990 1637 3155 1695 Unde

1797 1712 1928 1771 fieri
1970 1730 2070 1788 per
2098 1713 2361 1772 divinam
2404 1717 2721 1789 potentiam
2750 1718 2977 1791 poterit,
3008 1718 3155 1791 quod

1794 1796 1999 1871 gratia,
2031 1800 2086 1854 et
2114 1803 2401 1870 peccatum
2423 1797 2718 1857 habituale
2756 1801 2935 1856 simul
2965 1801 3029 1857 in
3056 1816 3158 1858 eo-

1794 1876 1928 1934 dem
1948 1876 2197 1950 subJ‘ecto
2216 1878 2552 1935 coexistant.
2787 1902 2791 1911 ι

3204 609 3350 651 Tertia

3193 665 3362 713 respou-

3227 705 3304 749 sio.

3214 755 3329 799 Suar

3192 804 3350 850 eurici.

1871 1956 1979 2014 Sed
1999 1956 2117 2015 haec
2129 1958 2306 2015 etiam
2327 1959 2521 2016 evasio
2543 1959 2914 2032 praecluditur
2935 1977 3004 2018 ex
3032 1961 3155 2019 dic—
3173 1962 3351 2005 aerem.

1795 2038 1868 2094 tis
1913 2059 1927 2094 ε
1973 2037 2249 2110 quoniam
2291 2040 2421 2096 licet
2447 2040 2690 2106 macula,
2735 2057 2835 2098 seu
2865 2048 3155 2114 peccatum

1793 2117 2088 2176 habituale
2119 2136 2295 2193 supra
2332 2121 2720 2194 privationem
2758 2122 2960 2196 gratiae
2987 2121 3156 2179 addat

1792 2201 2277 2270 connotationem,
2301 2218 2400 2260 seu
2430 2208 2746 2276 respectum
2771 2204 3056 2262 moralem
3084 2203 3155 2260 ad

1792 2286 1983 2339 actum
2048 2283 2406 2356 praeteritum
2471 2285 2929 2357 peccaminosum
2962 2326 2976 2349 ‚
3053 2297 3155 2356 per

1792 2379 1964 2437 quem
1980 2364 2091 2420 fuit
2111 2364 2345 2423 inducta
2364 2391 2378 2434 ς
2404 2366 2791 2423 nihilominus
2813 2365 3149 2424 formaliter.

1790 2451 1851 2502 et
1893 2446 1958 2503 in
1987 2452 2138 2505 recto
2166 2465 2284 2505 non
2324 2448 2583 2506 consistit
2609 2450 2672 2506 in
2696 2454 2819 2506 actu
2864 2450 3154 2521 praeterito

1794 2542 1911 2585 non
1952 2531 2272 2595 retractam,
2305 2546 2409 2587 nec
2445 2530 2511 2586 in
2553 2535 2808 2603 respectu
2849 2528 2920 2585 ad
2949 2529 3149 2594 illum;

1790 2608 1889 2665 sed
1914 2610 2173 2666 consistit
2195 2612 2257 2667 in
2281 2611 2606 2684 privatione
2629 2612 2852 2686 gratim,
2878 2626 3003 2684 quae
3024 2610 3153 2667 fun·

3218 2017 3296 2054 QUI·

1788 2688 1888 2747 dat
1913 2691 2087 2748 talem
2118 2699 2455 2766 respectum,
2484 2699 2541 2752 et
2567 2694 2629 2750 in
2656 2710 2769 2766 qua
2796 2692 3144 2756 virtualiter,
3208 2740 3213 2745 .

1789 2776 2065 2846 tanquam
2107 2773 2171 2829 in
2210 2774 2480 2842 termino,
2511 2779 2568 2831 et
2592 2773 2791 2832 effectu
2824 2780 3150 2846 perseverat

1789 2858 1946 2911 actus
1967 2856 2290 2927 praeteritus
2318 2855 2742 2928 peccaminosus
2772 2878 2784 2911 :
2814 2869 2950 2929 ergo
2969 2856 3148 2912 semel

1787 2937 2019 2992 exclusa
2045 2935 2375 3011 hujusmodi
2397 2936 2723 3009 privatione
2750 2953 2849 3009 per
2875 2935 3144 3011 gratiam,

1755 3013 2147 3088 impossibile
2185 3018 2427 3075 omnino
2470 3023 2574 3083 est,
2617 3017 2770 3090 quod
2813 3023 3149 3091 permaneat

1788 3101 2079 3169 peccatum
2131 3099 2457 3158 habituale.
2508 3101 2671 3157 Patet
2718 3099 3144 3171 consequentia,

1783 3183 1924 3255 quia
1962 3180 2320 3256 impossibile
2358 3187 2460 3247 est,
2491 3180 2642 3253 quod
2669 3180 2886 3253 aliquid
2916 3197 3147 3271 perma-

1786 3267 1919 3320 neat
1934 3262 2144 3336 absque
2162 3277 2249 3329 eo,
2262 3261 2329 3318 in
2349 3277 2461 3334 quo
2476 3262 2821 3327 formaliter,
2846 3261 2932 3318 et
2916 3277 2980 3317 ιιι
2998 3270 3147 3320 recto

1784 3345 2070 3407 consistit;
2096 3349 2216 3401 esto
2238 3347 2647 3415 permanerent
2674 3344 2790 3400 alia
2816 3348 3141 3407 connotata,

1785 3427 1879 3483 vel
1906 3424 2178 3496 obliqua.
2218 3422 2367 3495 quod
2395 3421 2689 3480 inductive
2716 3427 2894 3495 potest
2921 3423 3142 3479 ostendi

1784 3507 1849 3563 in
1893 3502 2165 3562 omnibus
2210 3502 2343 3558 aliis
2387 3502 2671 3568 essentiis,
2703 3507 2820 3557 tam
2868 3502 3139 3593 physicis,

1782 3602 1958 3662 quam
1999 3581 2347 3645 moralibus;
2370 3587 2487 3639 tam
2511 3582 2790 3654 positiviS,
2814 3598 2988 3654 quam
3019 3583 3144 3653 pri-

1783 3665 2012 3725 vativis.
2027 3663 2359 3735 Explicatur
2373 3662 2478 3719 hoc
2498 3662 2749 3734 amplius
2772 3661 3138 3752 inquirendo,

1782 3764 1861 3806 an
1902 3744 2148 3803 essentia
2178 3743 2385 3836 peccati
2427 3742 2732 3817 originalis
2771 3742 3040 3800 consistat
3079 3742 3141 3799 in

1782 3836 1910 3889 actu
1946 3826 2351 3920 peccaminoso
2389 3825 2597 3883 Adami
2646 3842 2765 3884 non
2806 3829 3139 3891 retractato;

1782 3929 1859 3970 an
1881 3926 2018 3968 vero
2044 3909 2109 3965 in
2132 3906 2458 3982 privatione
2472 3907 2712 3981 justitiae
2739 3906 3046 3979 originalis
3073 3921 3143 3964 ex

1781 3994 1888 4050 illo
1915 3994 2138 4064 peccato
2165 3986 2408 4043 relicta?
2436 3987 2538 4043 Vel
2563 3988 2641 4057 (et
2681 3986 2745 4043 in
2776 3985 2930 4043 idem
2974 3985 3142 4056 redit)

1781 4089 1857 4131 an
1879 4071 1951 4130 ad
1972 4066 2438 4128 constitutionem
2461 4067 2669 4141 [necati
2691 4066 2996 4142 originalis
3016 4067 3141 4123 suf-

1780 4152 1937 4210 ficiat
1962 4150 2249 4207 Adamum
2278 4162 2550 4221 peccasse,
2583 4152 2639 4205 et
2666 4148 2973 4220 parvulum
3000 4163 3137 4204 con-

1780 4238 1983 4292 notare
2009 4230 2154 4289 illud
2185 4234 2509 4320 peccatum;
2531 4244 2607 4285 an
2627 4244 2765 4285 vero
2789 4229 3133 4302 requiratur,

1778 4313 1931 4388 quod
1971 4314 2247 4387 parvulus
2282 4326 2353 4368 ex
2400 4310 2460 4366 vi
2497 4310 2658 4366 illius
2705 4308 2931 4382 peccati,
2951 4314 3141 4366 careat

1773 4394 1999 4469 justitia
2019 4392 2342 4467 originali?
2369 4389 2635 4446 Primum
2657 4388 2769 4446 dici
2798 4405 2915 4445 non
2938 4394 3136 4462 potest,

1779 4480 1844 4532 ut
1880 4488 2057 4546 supra
2082 4490 2236 4528 num.
2264 4473 2319 4537 5,
2345 4475 2401 4527 et
2429 4469 2568 4527 locis
2592 4467 2807 4525 ibidem
2835 4469 3020 4526 citatis
3047 4485 3142 4526 os-

1777 4553 2097 4619 tendimus;
2118 4551 2394 4625 quoniam
2412 4550 2719 4622 unicuique
2734 4552 2976 4622 parvulo
2993 4550 3141 4606 inest

1780 4639 2068 4709 peccatum
2097 4632 2384 4705 originale
2412 4629 2734 4703 proprium,
2777 4634 2835 4686 et
2861 4630 3142 4686 intrinse-

1777 4731 1945 4773 cum·
1962 4712 2111 4788 quod
2138 4711 2386 4768 minime
2406 4708 2695 4767 verificari
2720 4715 2898 4784 potest
2918 4709 2989 4766 de
3011 4725 3142 4782 pec-

1775 4803 1901 4855 cato
1947 4794 2153 4853 Adami
2201 4792 2513 4866 praeteritm
2562 4791 2716 4848 istud
2759 4792 2970 4884 quippe
3016 4807 3140 4865 pon

1776 4878 1927 4935 inest
1949 4875 2275 4936 formaliter
2297 4874 2576 4947 parvuliS,
2611 4888 2715 4931 nec
2740 4879 2825 4931 est
2867 4874 3144 4930 uniuscu-

1768 4959 1975 5035 jusque
1997 4958 2317 5031 proprium,
2350 4960 2414 5012 ut
2437 4971 2511 5013 ex
2534 4971 2596 5013 se
2622 4956 2822 5029 liquet.
2853 4958 3142 5012 Asseren-

1773 5041 1914 5098 dum
1937 5040 2114 5113 igitur
2138 5043 2224 5095 est
2246 5036 2583 5105 secundum,
2614 5052 2824 5112 nempe
2849 5036 3138 5111 originale
