3647 5753
119 749 127 778 t

120 819 173 880 Jis.

124 3566 181 3608 fir·

123 3620 176 3658 lar

1291 403 1469 458 mse.
1523 403 1644 470 vn,
1689 402 1855 457 nus.
1899 403 2019 458 vn.

182 569 557 628 subscribunt
579 588 780 630 omnes
798 575 919 648 ejus
939 573 1224 648 discipuli,
1245 579 1310 631 ut.
1320 578 1557 631 testatur

184 653 378 728 Godoy
408 655 572 711 infra
606 654 956 713 referendus.

259 732 552 791 Probatur
583 735 804 792 ratione
828 734 1128 808 desumpta
1139 752 1212 792 ex
1235 736 1404 791 dictis
1421 736 1548 792 dub.

189 818 242 880 4,
268 832 394 888 quae
415 822 605 888 potest
631 817 711 873 sic
737 816 979 874 formari
1004 818 1304 891 :quoniam
1331 818 1380 872 si
1409 819 1556 874 Deus

184 904 327 954 esset
352 913 531 971 agens
585 901 987 967 necessarium,
1032 901 1295 957 voluntas
1344 906 1548 966 creata,

182 994 307 1034 cum
335 978 654 1047 omitteret,
687 995 803 1039 non
829 980 1121 1037 omitteret
1163 980 1345 1037 libere
1376 1001 1389 1037 ε
1418 996 1554 1055 ergo

181 1076 307 1116 cum
334 1065 552 1135 ageret,
581 1077 701 1117 non
727 1068 918 1135 ageret
947 1061 1147 1119 libere.
1179 1065 1552 1136 Consequen-

182 1143 257 1197 tia
275 1146 498 1198 constat
530 1162 543 1196 :
576 1147 701 1197 tum
720 1142 854 1214 quia
885 1159 1001 1200 non
1022 1149 1132 1200 stat
1156 1159 1294 1200 vera
1318 1143 1553 1201 libertas

182 1221 387 1295 absque
408 1221 808 1279 indifferentia
851 1222 921 1279 ad
946 1230 1206 1280 extrema
1231 1224 1552 1281 contradic-

184 1302 322 1359 torie
345 1303 632 1375 opposita,
651 1303 738 1376 cuj
746 1302 971 1360 usmodi
995 1310 1130 1360 sunt
1152 1320 1337 1380 agere,
1357 1309 1414 1360 et
1435 1319 1552 1361 non

186 1398 365 1458 agere,
414 1384 542 1440 sive
567 1383 837 1440 omittere
875 1406 887 1441 ε
918 1401 1054 1458 ergo
1099 1387 1146 1442 si
1181 1387 1443 1441 voluntas
1489 1385 1552 1440 in

187 1464 283 1519 illa
308 1463 618 1537 hypothesi
645 1463 915 1521 omittens
942 1481 1059 1522 non
1111 1465 1294 1523 libere
1318 1465 1551 1522 omitte-

186 1550 284 1610 ret,
314 1561 488 1620 agens
530 1561 659 1602 non
705 1545 885 1603 libere
931 1553 1141 1621 ageret.
1192 1546 1553 1604 Antecedens

186 1633 365 1682 autem
395 1626 678 1699 probatur
710 1627 1020 1700 :quoniam
1062 1635 1121 1683 ut
1164 1629 1431 1685 voluntas
1474 1627 1551 1683 li-

188 1708 313 1764 bere
331 1709 581 1773 omittat,
617 1710 934 1782 requiritur
960 1710 1111 1781 quod
1141 1711 1317 1782 possit
1343 1711 1549 1767 elicere

189 1795 367 1845 actum
407 1791 715 1855 omissum,
741 1791 945 1847 saltem
975 1792 1037 1847 in
1058 1806 1230 1846 sensu
1258 1791 1463 1857 divise,
1495 1796 1552 1848 et

192 1869 430 1940 potentia
456 1869 818 1927 antecedenti
848 1871 1033 1943 :atqui
1064 1872 1127 1927 in
1150 1869 1417 1943 praedicta
1437 1871 1550 1945 hy-

194 1949 418 2021 pothesi,
449 1951 594 2006 dum
617 1951 928 2016 omitteret,
961 1967 1078 2009 non
1122 1958 1307 2024 posset
1344 1952 1550 2008 elicere

194 2034 366 2084 actum
394 2030 699 2096 omissum,
750 2046 852 2087 nec
897 2031 960 2086 in
1001 2047 1167 2086 sensu
1208 2030 1413 2099 diviso,
1447 2047 1551 2088 nec

196 2111 432 2181 potentia
453 2111 814 2168 antecedenti
843 2133 856 2168 z
882 2128 1020 2185 ergo
1037 2128 1153 2169 non
1171 2112 1353 2170 libere
1373 2112 1550 2170 omit-

197 2199 343 2249 teret.
367 2191 653 2249 Suadetur
698 2194 914 2259 minor,
958 2193 1235 2265 quoniam
1280 2195 1548 2251 voluntas

196 2276 390 2336 creata,
417 2287 546 2328 cum
574 2272 652 2326 sit
679 2288 851 2344 agens
869 2271 1185 2329 secundum
1209 2275 1322 2330 Deo
1342 2272 1549 2330 subor-

200 2350 445 2407 dinatum
464 2351 639 2425 (quod
668 2351 851 2409 adhuc
869 2354 933 2409 in
957 2354 1061 2409 illa
1084 2353 1383 2427 hypothesi
1408 2354 1550 2410 reti-

206 2436 371 2496 neret,
401 2437 458 2485 ut
480 2437 816 2504 supponunt
851 2431 1207 2503 Adversarii)
1261 2448 1379 2489 non
1426 2448 1549 2490 res-

211 2512 334 2582 picit
385 2528 479 2568 nec
534 2514 598 2569 in
659 2528 830 2570 sensu
888 2512 1095 2580 diviso,
1142 2531 1245 2572 nec
1298 2515 1549 2586 potentia

213 2592 535 2649 antecedenti
563 2594 959 2666 operationem
990 2594 1102 2650 nisi
1134 2600 1195 2649 ut
1221 2594 1546 2666 ponendam

211 2670 566 2743 dependenter
587 2674 663 2730 ab
708 2675 929 2731 auxilio
959 2674 1056 2730 Dei
1085 2674 1291 2731 efficaci
1324 2694 1337 2729 ε
1365 2674 1547 2731 sedin

211 2752 503 2826 hypothesi,
526 2755 680 2828 quod
702 2758 851 2812 Deus
878 2761 1070 2830 ageret
1107 2772 1177 2813 ex
1219 2756 1549 2813 necessitate

210 2842 419 2904 naturae,
473 2853 589 2895 non
646 2843 834 2912 posset
888 2838 1147 2897 absolute
1198 2854 1549 2912 praemovere

207 2916 535 2976 voluntatem
565 2920 631 2976 in
660 2920 763 2977 illo
811 2921 1073 2988 instanti,
1108 2922 1170 2978 in
1221 2935 1333 2993 quo
1384 2920 1547 2978 illam

209 3013 312 3054 non
338 3005 708 3072 praemoveret
735 3000 804 3056 ad
833 3000 1150 3079 agendum)
1179 3000 1229 3056 si
1277 3000 1435 3057 enim
1484 3002 1548 3057 in

208 3079 298 3135 illo
313 3080 538 3137 instanti
562 3082 647 3138 ita
676 3084 823 3139 Deus
849 3082 1140 3139 omitteret
1170 3098 1542 3154 praemovere,

207 3159 336 3229 quod
359 3178 708 3233 praemovere
731 3167 929 3235 posset,
951 3162 1073 3235 J'am
1099 3178 1161 3219 se
1207 3160 1442 3219 haberet
1489 3168 1549 3219 ut

206 3254 358 3312 agens
383 3240 651 3304 liberum,
683 3247 739 3298 et
781 3247 1195 3314 consequenter
1221 3241 1548 3299 destruere-

206 3328 287 3378 tur
309 3321 460 3378 dubii
479 3324 796 3397 suppositio
817 3339 983 3399 :ergo
1000 3325 1062 3380 in
1081 3340 1148 3381 ea
1169 3322 1543 3396 persistendo,

205 3405 445 3462 voluntas
463 3413 672 3472 creata,
702 3423 833 3463 cum
855 3407 1168 3472 omitteret,
1216 3422 1335 3463 non
1365 3411 1550 3478 posset

206 3486 312 3542 ulla
330 3489 569 3559 potentia
593 3488 800 3546 elicere
821 3492 1008 3545 actum
1030 3488 1335 3545 omissum.

271 3566 663 3635 confirmatur,
696 3576 752 3628 et
778 3570 1101 3627 declaratur
1130 3570 1359 3644 primo:
1402 3586 1548 3642 quo-

209 3647 349 3704 niam
369 3655 426 3704 ut
452 3651 720 3707 voluntas
764 3651 1037 3707 omittens
1068 3651 1246 3723 possit
1292 3650 1547 3709 absolute

209 3726 392 3784 elicere
410 3735 592 3786 actum
619 3731 918 3797 omissum,
947 3730 1264 3802 requiritur
1290 3728 1439 3802 quod
1462 3745 1547 3787 ac·

213 3815 522 3891 tus=maneat
542 3828 647 3886 pro
665 3810 866 3869 eodem
890 3811 1130 3867 instanti
1161 3810 1456 3884 objective,
1489 3817 1547 3868 et

212 3890 494 3949 secundum
513 3909 575 3950 se
596 3893 884 3967 possibilis
904 3918 919 3961 ;
952 3908 1070 3949 non
1097 3893 1256 3949 enim
1278 3898 1387 3949 stat
1410 3909 1546 3949 vera

214 3972 440 4037 potentia
464 3973 645 4029 activa
665 3978 875 4039 creata,
908 3973 1003 4029 vel
1033 3972 1305 4041 increata,
1333 3973 1447 4028 nisi
1475 3971 1546 4029 ad

212 4055 374 4107 actum
393 4052 680 4126 objective,
706 4061 762 4111 et
780 4053 1169 4112 secundumse
1180 4053 1541 4127 possibilem:

214 4133 346 4204 atqui
370 4134 429 4190 in
457 4135 722 4206 praedicta
749 4135 1050 4210 hypothesi
1098 4140 1254 4190 actus
1298 4136 1546 4192 omissus

214 4224 312 4267 non
353 4222 606 4272 maneret
654 4214 965 4290 objective,
1015 4220 1072 4271 et
1114 4214 1432 4271 secundum
1476 4230 1538 4271 se

214 4293 472 4361 possibilis
494 4312 595 4369 pro
621 4296 882 4362 instanti,
916 4296 979 4352 in
1001 4311 1114 4369 quo
1140 4295 1538 4352 omitteretur:

216 4387 331 4446 ergo
369 4376 625 4433 voluntas
668 4383 855 4433 creata
894 4391 1011 4433 non
1064 4379 1251 4448 posset
1290 4374 1546 4433 absolute

220 4455 519 4524 praedictum
554 4464 738 4515 actum
765 4459 829 4515 in
875 4459 981 4515 illo
1004 4457 1247 4514 instanti
1295 4457 1502 4515 elicere
1528 4476 1542 4511 ε

221 4547 337 4607 ergo
360 4553 470 4594 non
497 4538 693 4606 libere,
734 4538 833 4596 sed
867 4538 1187 4596 necessario
1230 4537 1540 4595 omitteret.

222 4613 400 4688 Major,
440 4625 493 4676 et
531 4626 767 4694 utraque
810 4621 1213 4694 consequentia
1261 4623 1539 4676 constant.

226 4694 393 4755 Minor
413 4708 593 4758 autem
622 4700 890 4776 probatur
912 4723 924 4758 ε
946 4701 1221 4775 quoniam
1253 4698 1546 4774 possibili·-

227 4781 298 4832 tas
315 4778 586 4854 objectiva,
610 4789 668 4841 et
692 4783 1001 4841 secundum
1039 4799 1101 4840 se
1128 4783 1366 4857 alicujus
1392 4786 1547 4838 actus

228 4861 397 4927 creati,
425 4861 701 4936 dependet
725 4879 840 4922 non
865 4865 1054 4923 solum
1083 4863 1154 4919 ab
1171 4862 1294 4931 hac,
1327 4861 1418 4918 vel
1442 4859 1546 4916 illa

232 4953 393 5007 causa,
416 4944 507 5001 sed
534 4944 606 5002 ab
633 4945 893 5003 omnibus
914 4945 1369 5020 principiis,quae
1389 4947 1546 4999 actus

239 5033 326 5089 per
347 5038 420 5092 se,
446 5031 499 5083 et
517 5026 894 5087 essentialiter
915 5027 1145 5100 respicit
1178 5048 1191 5083 z
1220 5032 1277 5083 et
1293 5022 1547 5099 quolibet

1671 1709 1778 1764 tur

2940 404 3050 458 247>

1691 579 2047 649 repugnante
2075 573 2349 642 absolute,
2380 580 2534 632 actus
2575 580 2769 632 manet
2795 574 3050 631 absolute

1688 654 2099 728 impossibilis}
2135 672 2272 712 nam
2324 657 2545 713 malum
2586 672 2657 714 ex
2696 670 3049 729 quocumque

1687 733 1905 791 defectu
1935 756 1948 792 :
1977 736 2134 809 utqui
2161 742 2317 793 aetus
2363 737 2674 794 voluntatis
2694 741 2897 794 creatae
2924 751 3048 793 res-

1688 814 1825 886 picit
1851 830 1952 887 per
1976 831 2055 882 se,
2085 821 2143 872 et
2166 816 2551 873 essentialiter
2574 818 2752 872 Deum
2774 821 3046 889 tanquam

1688 894 2039 968 principium
2083 912 2117 952 a
2154 913 2265 969 quo
2292 897 2444 953 inter
2469 897 2582 953 alia
2600 895 2921 969 specialiter
2939 896 3046 952 ha-

1687 975 1781 1032 bet
1819 978 2228 1046 actualitatem,
2260 984 2317 1036 et
2354 979 2740 1044 existentiam,
2793 985 2854 1034 ut
2895 977 3048 1034 dixi-

1685 1073 1815 1113 mus
1834 1058 1979 1132 disp.
2002 1061 2056 1127 5,
2081 1058 2207 1116 dub.
2238 1061 2274 1113 5
2302 1085 2315 1123 ;
2341 1075 2478 1135 ergo
2506 1065 2567 1115 ut
2592 1064 2748 1115 actus
2775 1059 3046 1115 volunta-

1686 1137 1759 1193 tis
1778 1143 1980 1195 creatae
2000 1145 2232 1196 maneat
2251 1137 2544 1212 objective,
2575 1143 2631 1196 et
2653 1137 2966 1196 secundum
2988 1154 3049 1195 se

1685 1217 1977 1291 possibilis
2028 1235 2131 1292 pro
2183 1219 2378 1293 aliquo
2423 1219 2683 1285 instanti,
2734 1219 3048 1291 requiritur

1683 1300 1834 1374 quod
1862 1304 2008 1359 Deus
2028 1302 2203 1375 possit
2223 1302 2286 1358 in
2310 1302 2432 1375 ipso
2448 1301 2689 1358 instanti
2712 1300 3045 1374 praedictum

1684 1385 1873 1437 actum
1904 1381 2214 1454 producere
2243 1383 2379 1440 :sed
2406 1383 2455 1438 si
2473 1385 2619 1439 Deus
2646 1388 2838 1458 ageret
2853 1397 3048 1440 neces·
3081 1389 3084 1400 '

1683 1462 1856 1528 sario,
1890 1478 2010 1519 non
2036 1467 2223 1535 posset
2251 1461 2562 1536 producere
2589 1467 2777 1519 actum
2824 1462 2887 1519 in
2932 1464 3049 1521 ins-

1685 1543 1850 1609 tanti,
1886 1543 1948 1600 in
1968 1559 2081 1617 quo
2107 1549 2294 1601 actum
2313 1560 2432 1601 non
2454 1542 2712 1617 producit
2729 1569 2744 1612 ;
2762 1544 3046 1617 siquidem

1683 1625 2003 1681 necessario
2023 1624 2312 1681 omitteret
2340 1623 2665 1698 producere,
2697 1629 2760 1680 ut
2777 1628 3048 1699 supponi-

1835 1725 1849 1760 :
1896 1720 2031 1780 ergo
2071 1704 2135 1760 in
2187 1704 2453 1778 praedicta
2501 1705 2802 1779 hypothesi
2826 1751 2839 1775 ,
2893 1713 3047 1764 actus

1682 1782 1928 1840 omissus
1956 1799 2073 1841 non
2118 1789 2378 1841 maneret
2421 1783 2716 1859 objective,
2740 1791 2796 1842 et
2840 1802 3046 1844 secun-

1680 1863 1819 1919 dum
1841 1881 1901 1921 se
1929 1864 2236 1937 possibilis.

1755 1946 2163 2013 confirmatur,
2219 1951 2274 2004 et
2323 1947 2642 2020 explicatur
2677 1947 2926 2005 secundo
2972 1965 3045 2007 ex

1682 2028 1847 2087 dictis
1872 2033 1931 2087 in
1957 2037 2118 2087 tract.
2140 2030 2206 2084 de
2244 2027 2581 2108 Voluntaria,
2604 2029 2748 2103 disp.
2770 2033 2825 2096 2,
2849 2031 3039 2100 dum,

1681 2112 1921 2168 conclus.
1943 2112 1978 2167 3
1996 2118 2047 2166 et
2069 2113 2103 2165 5
2129 2135 2142 2178 ;
2166 2125 2302 2166 nam
2328 2125 2458 2165 cum
2483 2111 2746 2167 voluntas
2764 2117 2952 2169 creata
2970 2113 3046 2169 sit

1682 2192 1932 2250 liberum
1948 2190 2282 2257 secundum,
2313 2196 2368 2247 et
2391 2192 2797 2263 potentialitati
2819 2191 3048 2249 admix-

1683 2279 1827 2341 tum,
1861 2275 2019 2347 prius
2038 2271 2205 2330 debet
2227 2271 2483 2328 exerceri
2506 2271 2904 2330 indifferentia
2919 2290 3052 2346 pas·

1680 2355 1804 2411 siva
1826 2353 2142 2411 voluntatis
2168 2353 2234 2408 in
2278 2368 2401 2409 esse
2429 2350 2662 2409 mobilis
2707 2370 2740 2410 a
2794 2356 2906 2410 Deo
2945 2370 3050 2426 per

1682 2435 1987 2500 auxilinm,
2010 2449 2184 2505 quam
2214 2431 2605 2489 indifferentia
2633 2434 2815 2490 activa
2843 2434 2905 2489 in
2950 2451 3048 2491 ra-

1682 2517 1838 2574 tione
1857 2532 1917 2572 se
1944 2515 2230 2572 moventis
2252 2529 2352 2586 per
2379 2519 2566 2569 actum
2602 2535 2615 2570 :
2639 2530 2774 2589 ergo
2812 2516 2957 2572 sicut
2978 2516 3050 2574 ad

1681 2597 2053 2655 omissionem
2085 2592 2327 2650 liberam
2351 2595 2684 2666 requiritur,
2739 2594 2889 2667 quod
2939 2612 3043 2654 vo·

1684 2681 1876 2736 luntas
1897 2679 1978 2734 ita
2010 2692 2070 2733 se
2101 2691 2219 2732 non
2261 2680 2489 2732 moveat
2544 2674 2614 2732 ad
2655 2681 2862 2744 actum,
2898 2677 3050 2749 quod

1682 2763 1866 2831 posset
1885 2773 1948 2814 se
1973 2754 2044 2813 ad
2070 2760 2258 2812 actum
2281 2770 2513 2811 movere
2528 2778 2542 2822 ;
2575 2754 2661 2810 'sic
2709 2756 3044 2827 requiritur,

1680 2837 1830 2914 quod
1850 2840 1931 2896 ita
1957 2853 2074 2895 non
2101 2841 2398 2894 moveatur
2426 2852 2459 2893 a
2488 2837 2600 2894 Deo
2640 2836 2710 2893 ad
2737 2837 3043 2912 agendum,

1679 2920 1829 2993 quod
1858 2921 2045 2977 valeat
2071 2918 2142 2975 ad
2192 2916 2475 2991 agendum
2520 2918 2862 2990 praemoveri
2894 2940 2907 2974 ε
2944 2919 3044 2976 sed

1682 3004 1745 3060 in
1768 3001 2040 3076 praedicta
2061 3000 2363 3075 hypothesi
2388 3015 2505 3056 non
2532 3000 2615 3056 sic
2654 3000 3043 3076 contingeret5

1682 3085 1761 3141 ita
1785 3084 1948 3140 enim
1965 3082 2232 3139 voluntas
2254 3096 2371 3138 non
2385 3087 2835 3153 praemoveretur
2856 3098 2889 3138 a
2911 3085 3043 3149 Dec,

1679 3163 1831 3237 quod
1877 3163 2213 3237 neutiquam
2261 3167 2448 3235 posset
2496 3164 2842 3233 praemoveri
2882 3162 3049 3221 abso·

1682 3246 1800 3301 lute
1826 3242 1896 3300 ad
1925 3241 2208 3317 agendum
2236 3257 2404 3315 :ergo
2427 3256 2546 3296 non
2566 3242 2833 3299 omittere
2845 3241 3044 3301 libere.

1681 3325 1967 3383 Probatur
1993 3323 2206 3391 minor,
2239 3323 2375 3395 quia
2395 3322 2446 3377 si
2468 3322 2739 3380 voluntas
2761 3330 2950 3397 posset
2982 3326 3046 3381 in

1679 3423 1746 3466 eo
1762 3406 2005 3464 instanti
2027 3404 2370 3477 praemoveri
2391 3419 2424 3459 a
2447 3407 2574 3471 Deo,
2601 3410 2660 3459 ut
2677 3407 2824 3462 Deus
2851 3420 3049 3462 neces-

1679 3488 1834 3545 sario
1855 3491 2066 3561 ageret,
2100 3501 2216 3542 non
2245 3488 2431 3557 posset
2453 3499 2572 3540 non
2600 3486 2747 3541 Deus
2774 3486 3046 3541 volunta·

1681 3573 1796 3627 tem
1823 3580 2210 3639 praemovere3
2254 3579 2391 3619 nam
2440 3578 2614 3637 agens
2655 3564 3042 3621 necessarium

1680 3648 1798 3724 agit
1818 3644 2138 3703 necessario
2163 3659 2331 3699 suum
2377 3640 2641 3699 effectum
2687 3642 2750 3698 in
2795 3642 3043 3719 subjecto

1598 3728 1602 3732 *
1681 3724 2183 3800 praedictieffectus
2214 3722 2421 3793 capaci,
2447 3727 2503 3778 et
2554 3720 2666 3776 sibi
2713 3721 2904 3782 debite
2946 3740 3042 3797 ap-

1681 3806 2025 3880 proximato,
2047 3807 2108 3857 ut
2127 3818 2187 3858 se
2206 3800 2443 3858 haberet
2469 3801 2737 3857 voluntas
2786 3809 3038 3876 respectu

1678 3885 2058 3961 Deizergoin
2102 3880 2373 3956 praedicta
2422 3883 2723 3957 hypothesi
2769 3884 2898 3942 ideo
2942 3903 3045 3944 vo-

1679 3969 1869 4025 luntas
1889 3982 2007 4023 non
2035 3968 2482 4041 praemoveretur
2529 3980 2562 4020 a
2592 3965 2724 4034 Deo,
2759 3966 2897 4038 quia
2927 3983 3047 4025 non

1680 4053 1866 4123 posset
1907 4046 2163 4104 absolute
2208 4046 2272 4102 in
2315 4044 2517 4102 eodem
2570 4045 2811 4102 instanti
2856 4062 2890 4103 a
2933 4050 3046 4106 Deo

1680 4128 2045 4204 praemoveri.

3081 2017 3232 2062 cundo.

1752 4213 1883 4267 339.
1926 4213 2040 4267 Nec
2067 4207 2235 4283 hujus
2284 4209 2611 4283 argumenti
2666 4207 2846 4267 robur
2875 4207 3261 4272 insti-Adversa-

1676 4307 1793 4367 ges‚
1821 4291 1872 4346 si
1923 4287 2268 4363 respondeas
2320 4287 2513 4360 primo
2537 4305 2669 4346 cum
2697 4287 2891 4362 Godoy
2929 4291 2989 4343 in
3016 4290 3035 4344 l

1671 4380 1823 4447 part.
1850 4378 2011 4427 tract.
2037 4372 2093 4436 6,
2125 4370 2382 4441 disp.54‚
2431 4387 2585 4426 num.
2638 4370 2721 4435 16,
2777 4367 2927 4441 quod
2978 4368 3041 4424 in

1679 4451 1944 4526 praedicta
1968 4448 2284 4524 hypothesi,
2318 4448 2449 4505 licet
2471 4448 2771 4521 praemotio
2799 4453 2909 4505 uta
2929 4450 3043 4508 Deo

1677 4532 2023 4593 descendens
2047 4535 2193 4589 esset
2238 4530 2561 4587 necessaria
2608 4535 2672 4586 ut
2696 4531 2855 4604 quod,
2883 4536 2937 4587 et
2982 4531 3046 4586 in

1677 4614 1916 4673 essendo
1937 4637 1952 4680 ;
1979 4610 2368 4668 nihilominus
2414 4609 2563 4667 soret
2603 4611 2790 4668 libera
2816 4616 2879 4667 ut
2917 4628 3043 4683 quo,

1677 4701 1734 4753 et
1757 4695 1822 4752 in
1850 4691 2135 4751 movendo
2167 4712 2180 4747 ε
2212 4707 2349 4747 nam
2376 4690 2458 4748 ita
2484 4691 2802 4765 applicaret
2848 4706 3046 4749 neces-

3076 4278 3231 4321 riorum

3106 4328 3208 4371 effu·

3080 4377 3240 4479 &iffi

1676 4778 1831 4835 sario
1857 4776 2212 4833 voluntatem
2261 4771 2335 4829 ad
2360 4778 2568 4841 actum,
2592 4772 2742 4848 quod
2769 4773 2831 4828 in
2857 4788 2925 4829 ea
2952 4789 3044 4830 re-
3151 4844 3154 4847 Ι

1679 4860 1967 4933 linqueret
1981 4860 2313 4929 potestatem
2326 4854 2396 4911 ad
2410 4855 2782 4913 omissionem
2799 4855 2861 4911 in
2872 4870 3044 4912 sensu

1676 4938 1882 4996 diviso.
1910 4939 1981 4993 Et
2003 4935 2277 4992 similiter
2297 4934 2552 4991 carentia
2574 4934 2780 4992 auxilii
2808 4950 3044 5008 praemo-

1680 5020 1868 5081 ventis
1909 5020 1989 5079 ita
2027 5017 2274 5075 inferret
2316 5017 2631 5076 carentiam
2670 5017 3036 5092 operationis,
