3647 5753
1526 432 1706 489 DISP.
1748 430 1816 497 11,
1861 428 2027 483 DUB.
2070 429 2114 483 Ι.

358 607 443 659 est
469 602 770 674 positivuS,
802 601 884 658 uti
912 617 973 658 se
999 602 1169 659 habet
1208 601 1583 659 sanctificatio
1607 626 1622 670 ;
1667 606 1725 658 et

361 685 506 740 alter
534 684 875 756 privativuS,
926 691 1023 741 aut
1047 684 1209 756 quasi
1263 686 1605 757 privativus,
1662 689 1725 739 ut

358 766 611 824 exclusio
636 767 846 839 peccati
873 788 886 822 :
919 783 1056 822 nam
1089 767 1409 840 privativus
1452 765 1723 838 supponit

365 847 693 919 positivum,
724 852 781 903 et
806 862 875 904 eo
900 846 1192 905 mediante
1233 847 1715 909 communicatur.

365 930 562 987 Prima
586 945 722 986 vero
760 930 1166 1002 consequentia
1212 929 1552 995 ostenditur,
1583 928 1722 1001 quia

171 1006 338 1051 D·¹³³⁰¹¹·
365 1012 650 1077 sanctitas»,
671 1016 732 1067 ut
746 1011 951 1069 definit
973 1014 1039 1068 D.
1066 1013 1299 1086 Dionys,
1322 1012 1413 1069 lib.
1434 1011 1498 1067 de
1510 1012 1722 1066 divinis

364 1095 692 1161 nominibus,
735 1112 858 1167 cap.
897 1096 980 1160 12,
1025 1099 1083 1151 et
1107 1092 1311 1150 docent
1333 1092 1721 1151 communiter

366 1176 656 1250 Theologi,
709 1182 786 1230 est
814 1176 1004 1242 libera,
1056 1176 1398 1252 perfectaque
1441 1175 1718 1231 munditia

368 1257 437 1313 ab
481 1261 631 1313 omni
666 1258 875 1313 scelere.
906 1256 1070 1314 Unde
1106 1263 1335 1314 sanctus
1380 1256 1611 1320 dicitur,
1658 1259 1720 1309 ut

171 1331 329 1386 origen·
371 1338 554 1410 inquit
598 1337 866 1411 Origenes
908 1338 1099 1394 homil.
1163 1339 1247 1404 ll,
1308 1354 1469 1410 super
1515 1335 1721 1393 Leviti-

370 1439 509 1486 cum,
541 1420 637 1492 qui
664 1427 900 1490 seqreyat
944 1439 999 1477 se
1018 1439 1054 1476 a
1082 1421 1251 1475 malis
1269 1419 1500 1487 actibaS,
1529 1426 1579 1474 et
1613 1420 1719 1473 Deo

363 1502 755 1575 dicatur.1‹3rgo
775 1501 825 1555 si
851 1502 1038 1574 gratia
1066 1499 1379 1557 habitualis
1404 1498 1720 1557 sanctificat

363 1579 683 1637 formaliter
732 1580 948 1650 ipsum,
1000 1579 1200 1636 eadem
1227 1580 1403 1636 etiam
1442 1578 1720 1635 emundat

363 1662 549 1733 ipsum
585 1677 617 1716 a
659 1659 937 1731 peccatis:
987 1667 1154 1732 atque
1194 1659 1321 1716 ideo
1361 1663 1717 1732 peccatorum

362 1739 621 1798 remissio
647 1740 760 1796 erit
786 1739 1012 1795 effectus
1032 1740 1295 1798 formalis
1320 1741 1521 1815 gratiae
1550 1740 1720 1796 habi-

361 1822 548 1878 tualis.
576 1819 932 1876 Antecedens
959 1827 1149 1877 autem
1183 1819 1456 1893 probatur
1491 1822 1675 1893 primo
1701 1842 1718 1874 .-

361 1901 490 1974 quia
530 1906 739 1957 natura
769 1900 1023 1957 increata
1070 1901 1168 1957 Dei
1204 1901 1501 1957 constituit
1529 1900 1716 1972 ipsum

363 1982 680 2039 formaliter
733 1987 994 2038 sanctum
1052 1999 1152 2054 per
1207 1983 1517 2039 essentiam
1550 2003 1564 2038 ε
1593 1979 1718 2038 ⁴sed

360 2066 538 2138 gratia
583 2063 895 2121 habitualis
944 2070 1028 2119 est
1058 2064 1418 2137 participatio
1453 2064 1717 2120 formalis

363 2152 574 2201 naturoe
601 2145 869 2200 increatae
911 2144 1006 2199 Dei
1035 2143 1140 2199 sub
1169 2148 1442 2216 conceptu
1466 2149 1710 2209 naturae,

365 2229 421 2279 ut
468 2241 537 2281 ex
579 2223 832 2296 professo
876 2222 1233 2280 ostendimus
1278 2229 1437 2279 tract.
1487 2224 1710 2295 praeced.

365 2304 498 2376 disp.
523 2307 578 2369 4,
601 2303 728 2359 dub.
755 2305 820 2370 3;
842 2319 978 2377 ergo
997 2303 1185 2375 gratia
1213 2302 1527 2358 habitualis
1555 2318 1716 2359 cons-

371 2383 517 2439 tituit
563 2383 858 2439 hominem
908 2383 1229 2439 formaliter
1280 2388 1541 2438 sanctum
1616 2385 1715 2454 per

373 2464 848 2536 participationem
876 2487 889 2529 ;
920 2468 976 2519 et
999 2470 1411 2535 consequenter
1455 2463 1709 2520 interior

373 2544 533 2615 impii
597 2542 960 2600 sanctificatio
1003 2544 1115 2599 erit
1160 2543 1389 2599 effectus
1446 2543 1714 2600 formalis

369 2626 561 2697 gratiae
600 2624 940 2681 habitualis.
991 2624 1241 2682 Secundo
1270 2670 1283 2692 ,
1339 2625 1476 2698 quia
1527 2625 1717 2682 forma

316 2765 328 2781 ἱ
368 2720 487 2777 quae
525 2706 732 2761 radicat
776 2704 968 2773 iidem,
1028 2720 1223 2777 spem,
1259 2704 1619 2772 charitatem,
1657 2710 1715 2760 et

363 2792 582 2844 caeteras
605 2788 842 2843 virtutes
867 2788 1355 2859 supernaturales,
1387 2791 1441 2843 et
1482 2791 1567 2842 est
1589 2786 1712 2858 pri-

362 2884 516 2924 mum
535 2868 882 2942 principium
900 2885 1138 2941 operum
1156 2868 1707 2941 supernaturalium,

357 2949 559 3022 quibus
599 2951 888 3028 tendimus
946 2950 1015 3006 ad
1072 2951 1379 3023 perfectam
1432 2951 1710 3008 unionem

356 3050 484 3110 cum
496 3038 628 3102 Deo,
657 3035 988 3108 nequitnon
1006 3033 1302 3091 hominem
1330 3033 1707 3101 sanctificare;

352 3115 812 3187 quandoquidem
861 3115 1032 3171 homo
1080 3131 1179 3187 per
1200 3113 1498 3187 praedictas
1520 3113 1712 3168 virtu-

349 3203 449 3264 teS‚
479 3204 536 3254 et
581 3211 755 3270 opera
792 3201 1120 3270 segregatur
1148 3212 1181 3252 a
1208 3196 1380 3253 malis
1418 3195 1705 3268 operibuS,

347 3284 402 3334 et
445 3281 811 3352 mancipatur
863 3278 1065 3336 divino
1110 3279 1309 3345 cultui,
1344 3279 1407 3334 in
1434 3294 1544 3351 quo
1571 3293 1712 3334 con-

345 3362 493 3417 sistit
514 3364 808 3427 sanctitaS,
843 3368 903 3416 ut
928 3377 1000 3417 ex
1028 3361 1319 3434 Dionysio,
1364 3365 1420 3418 et
1465 3361 1711 3434 Origene

343 3440 677 3499 dicebamus
712 3462 724 3497 :
765 3441 862 3497 sed
883 3443 1072 3515 gratia
1094 3441 1410 3498 habitualis
1429 3445 1514 3497 est
1543 3439 1710 3496 radix

343 3524 613 3579 omnium
670 3523 953 3579 virtutum
1010 3522 1544 3594 supernaturalium
1576 3562 1589 3586 ‚
1656 3524 1712 3576 et

344 3605 606 3677 primum
637 3604 987 3676 principium
1009 3604 1542 3675 supernaturalium
1572 3619 1712 3675 ope-

342 3684 664 3750 rationum,
697 3690 756 3738 ut
802 3683 1160 3740 ostendimus
1190 3683 1310 3739 loco
1358 3683 1547 3744 citato,
1577 3682 1708 3737 dub.

335 3767 371 3819 6
389 3768 447 3821 et
471 3769 681 3837 7,ergo
701 3762 1015 3820 sanctificat
1036 3763 1355 3820 hominem.
1369 3761 1710 3834 Tertio,quia

330 3847 379 3902 si
399 3851 591 3922 gratia
619 3845 928 3904 habitualis
943 3862 1014 3902 ex
1037 3862 1150 3902 una
1175 3852 1336 3918 parte
1354 3860 1471 3901 non
1496 3844 1711 3901 abster-

328 3929 410 4003 git
429 3931 641 3989 sordes
663 3936 1038 4003 peccatorum,
1060 3933 1118 3983 ut
1140 3927 1338 3983 dicunt
1360 3927 1628 3993 haeretici,
1655 3931 1714 3992 et,

329 4025 400 4067 ex
422 4012 544 4068 alia
569 4026 702 4067 non
723 4009 1055 4071 sanctificat,
1082 4014 1137 4064 et
1166 4013 1405 4066 renovat
1432 4006 1703 4079 impium,

333 4104 449 4146 non
478 4095 726 4163 apparet
748 4089 819 4146 ad
844 4089 982 4163 quid
1027 4086 1386 4144 diffundatur
1419 4088 1484 4143 in
1517 4086 1710 4143 cordi-

332 4167 439 4227 bus
469 4171 709 4235 nostris,
761 4173 851 4227 vel
879 4186 1048 4243 quem
1101 4169 1360 4226 effectum
1404 4168 1708 4224 formalem

330 4252 749 4316 communicet,
797 4255 859 4328 et·
897 4254 1309 4322 consequenter
1337 4248 1428 4305 vel
1471 4250 1704 4314 frustra,

333 4332 423 4388 vel
453 4334 624 4389 nulio
653 4329 825 4387 modo
842 4330 1183 4388 infundetur
1206 4331 1268 4385 in
1277 4328 1706 4402 justificatione:

327 4411 479 4483 quod
522 4418 729 4469 tamen
782 4411 979 4483 nequit
1024 4409 1273 4474 admitti,
1327 4409 1443 4465 nisi
1492 4408 1710 4484 agendo

327 4499 530 4552 contra
553 4493 781 4561 Fidem,
804 4498 865 4548 ut
884 4497 1103 4550 constat
1121 4509 1192 4549 ex
1212 4491 1378 4547 dictis
1416 4495 1448 4561 ς
1466 4490 1703 4564 praeced.

329 4573 566 4647 Quarta,
628 4579 688 4631 et
740 4574 1040 4646 praecipue,
1083 4574 1218 4645 quia
1266 4571 1590 4628 testimonia
1626 4570 1707 4628 ibi

326 4672 585 4730 expensa
607 4658 720 4713 hoc
739 4656 1043 4712 manifeste
1063 4654 1392 4728 significant
1422 4678 1435 4709 :
1467 4670 1607 4710 nam
1625 4653 1711 4709 ad

161 4738 289 4833 ¹223·
336 4736 523 4794 Titum
552 4740 611 4802 3,
664 4736 924 4792 dicitur:
973 4735 1287 4793 Secundum
1335 4752 1496 4790 suam
1544 4736 1707 4789 mise-

277 4823 287 4834 ·
325 4818 638 4873 ric-ordiam
690 4817 877 4872 salvos
897 4833 997 4870 nos
1025 4819 1152 4890 fecit
1197 4834 1293 4890 per
1314 4817 1600 4871 lavacrum
1619 4832 1709 4870 re-

102 4868 105 4941 *
320 4898 724 4966 yenerationis,
752 4904 800 4951 et
823 4899 1195 4952 renovationis
1220 4894 1470 4968 Spiritus
1488 4895 1709 4949 sancti:

324 4976 446 5035 haec
464 4979 690 5051 quippe
718 4978 1094 5050 regeneratiO,
1126 4982 1181 5034 et
1217 4975 1513 5032 renovatio
1556 4973 1708 5029 nihil

324 5057 484 5112 aliud
506 5063 616 5124 est,
653 5072 832 5129 quam
858 5056 1102 5113 interior
1126 5053 1699 5127 sanctificatio‚quam

3108 421 3225 477 323

1858 601 2070 656 Paulus
2096 599 2236 657 dicit
2254 598 2381 656 fieri
2403 613 2502 671 per
2525 598 2975 660 lavracrum,seu
2999 590 3218 664 Baptis-

1856 698 2020 737 mum
2048 703 2061 738 ε
2115 680 2213 740 sed
2260 681 2584 754 Baptismus
2635 692 2753 733 non
2795 678 3111 748 regenerat,
3163 676 3225 728 etr

1859 772 2096 824 renovat
2125 765 2383 823 animam
2412 761 2760 825 formaliter,
2789 765 2845 815 et
2879 755 3217 813 immediate

1858 862 1959 919 per
1984 846 2256 921 seipsum,
2273 844 2372 903 sed
2392 843 2679 901 mediante
2698 839 2884 915 gratia
2907 836 3211 903 habituali,

1855 945 2028 1001 quam
2076 928 2373 1002 producit:
2405 927 2526 983 haec
2560 923 2736 999 igitur
2769 918 3080 977 sanctificat
3108 919 3215 975 ho-

1858 1010 2079 1066 minem
2107 1009 2452 1068 formaliter.

1930 1089 2319 1156 confirmatur
2347 1088 2554 1162 primo,
2579 1085 2715 1158 quia
2741 1089 2859 1139 tam
2910 1079 3214 1137 illumina-
3256 1087 3420 1129 coum*

1856 1173 1936 1230 tio
1970 1159 2120 1229 aeris
2149 1188 2204 1229 v.
2235 1188 2290 1245 g.
2326 1185 2499 1242 quam
2554 1166 2796 1223 remotio
2842 1161 3214 1219 tenebrarum
3255 1141 3413 1238 ffi‘ffl‘

1855 1252 1926 1310 ab
1946 1268 2012 1311 eo
2036 1257 2172 1309 sunt
2191 1251 2421 1309 effectus
2434 1249 2709 1307 formales
2733 1245 2959 1310 lucis,et
2979 1248 3215 1300 servant

1855 1334 2126 1393 ordinem
2174 1334 2330 1391 inter
2356 1348 2415 1388 se
2440 1356 2456 1399 ;
2488 1331 2587 1386 lux
2607 1328 2819 1402 quippe
2841 1325 3030 1399 primo
3055 1340 3216 1382 com-

1853 1415 2113 1472 municat
2132 1431 2301 1472 suum
2329 1413 2593 1470 effectum
2622 1407 2970 1483 primarium
2992 1409 3048 1462 et
3071 1405 3215 1477 posi-

1854 1496 2059 1562 tivum,
2084 1494 2235 1569 quod
2255 1500 2339 1551 est
2360 1493 2544 1550 facere
2566 1490 2882 1563 subJ'ectum
2912 1484 3169 1542 lucidum
3200 1508 3213 1552 ;

1852 1582 1910 1633 et
1928 1575 2137 1635 deinde
2164 1578 2390 1649 praestat
2409 1574 2672 1633 effectum
2697 1566 3128 1632 secundarium,
3154 1570 3211 1622 et

1855 1657 2229 1729 privativum,
2273 1654 2423 1729 quod
2448 1658 2532 1712 est
2577 1651 2865 1723 expellere
2893 1664 2926 1704 a
2965 1645 3216 1721 subjecto
3258 1652 3265 1653 ’

1855 1737 2151 1796 tenebram
2195 1737 2306 1793 sibi
2353 1735 2703 1808 oppositam:
2735 1729 2888 1803 atqui
2919 1727 3105 1802 gratia
3148 1727 3211 1781 in

1853 1820 2147 1892 Scriptura
2169 1819 2492 1892 appellatur
2510 1817 2627 1881 lux,
2655 1817 2946 1887 peccatum
2965 1825 3101 1867 vero
3123 1807 3216 1864 di-

1853 1902 2000 1959 citur
2023 1899 2257 1958 tenebra
2284 1898 2372 1954 illi
2406 1898 2518 1953 luci
2540 1895 2835 1969 opposita:
2866 1907 3000 1965 ergo
3026 1891 3216 1964 gratia

1853 1981 2065 2039 animae
2119 1981 2399 2053 impressa
2437 1984 2493 2034 et
2540 1975 2707 2032 habet
2736 1973 3098 2038 illuminare,
3151 1986 3237 2027 ac‘
3324 2033 3329 2038 .

1851 2069 2114 2119 sanctum
2158 2061 2342 2117 facere
2369 2058 2668 2114 hominem
2695 2080 2708 2122 ;
2733 2059 2790 2108 et
2833 2051 3010 2108 simul
3046 2049 3216 2108 habet

1851 2147 2144 2218 expellere
2166 2141 2236 2199 ab
2262 2158 2329 2198 eo
2354 2144 2642 2213 peccatum
2672 2159 2684 2192 ι
2716 2137 2792 2192 ita
2823 2140 3034 2199 tamen,
3058 2133 3210 2205 quod

1851 2224 2336 2291 illuminatio,seu
2364 2218 2733 2276 sanctificatio
2755 2216 2831 2271 sit
2844 2214 3073 2271 effectus
3095 2213 3211 2284 pri-

1851 2299 2091 2370 mariGS,
2123 2310 2179 2360 et
2200 2303 2481 2375 positivus
2525 2299 2751 2374 gratiae3
2794 2295 3084 2367 expellere
3105 2308 3210 2349 au·-

1850 2392 1966 2443 tem
1991 2390 2281 2458 peccatum
2302 2383 2377 2439 sit
2398 2381 2629 2438 effectus
2672 2379 2794 2451 ejus
2814 2372 3223 2438 secundariu5,‘

1849 2471 1905 2523 et
1933 2464 2271 2539 privativus.
2294 2462 2507 2533 Minor,
2529 2461 2648 2515 imo
2675 2462 2897 2515 ettotus
2921 2453 3210 2509 discursus

1849 2545 2094 2603 habetur
2119 2548 2174 2610 2,
2202 2543 2272 2600 ad
2301 2541 2561 2599 Corinth.
2586 2542 2621 2595 6
2651 2561 2661 2596 τ
2701 2535 3208 2610 &imparticipatio
3264 2550 3367 2606 aad

1837 2628 2069 2699 justitia
2112 2643 2237 2681 cum
2285 2618 2627 2697 iniquitate?
2667 2618 2783 2675 Ant
2824 2634 2937 2693 qum
2980 2598 3409 2689 εοοίεἱαεοοῗὲξηὴ·

1836 2709 1988 2764 ‘lacis
2014 2707 2088 2761 ad
2114 2704 2358 2761 tenebras
2376 2704 2407 2757 ?
2434 2702 2504 2755 Et
2533 2701 2577 2767 1,
2612 2697 2767 2755 Petri
2796 2718 2809 2752 ε
2835 2696 2946 2768 Qui
2972 2695 3035 2748 de
3058 2700 3204 2747 tene-
3221 2701 3240 2739 1
3258 2694 3421 2741 Patria.

1846 2788 1960 2844 bris
1980 2805 2077 2844 nos
2102 2788 2318 2842 vocavit
2345 2787 2407 2839 in
2452 2779 2778 2837 admirabile
2812 2778 2994 2832 lumen
3020 2791 3203 2829 suum.

1921 2866 2309 2928 confirmatur
2346 2861 2612 2931 secunde,
2636 2860 2769 2935 quia
2790 2856 2981 2916 omnis
3010 2855 3206 2929 priva·
3221 2862 3425 2908 Secundo.

1845 2952 1927 3009 tio
1968 2950 2295 3008 excluditur
2322 2964 2422 3023 per
2457 2948 2708 3003 formam
2744 2940 3081 3014 oppositam,
3126 2937 3208 2992 ita

1845 3033 1995 3106 quod
2014 3033 2265 3090 exclusio
2289 3027 2632 3105 privationis
2651 3026 2725 3081 sit
2745 3023 2973 3080 effectus
2989 3021 3211 3077 forma-

1847 3114 1920 3169 lis
1963 3112 2355 3178 secundarius,
2387 3114 2445 3167 et
2486 3105 2809 3181 privativus
2832 3120 2864 3160 a
2893 3102 3082 3158 forma
3107 3099 3209 3156 de-

1847 3192 2120 3267 pendens,
2169 3197 2231 3248 ut
2256 3194 2476 3248 constat
2514 3204 2585 3243 ex
2611 3183 3001 3256 Philosophia,
3033 3183 3088 3236 et
3115 3180 3211 3234 in-

1844 3275 2072 3333 ductive
2119 3277 2300 3346 potest
2339 3268 2602 3328 ostendi:
2657 3264 2755 3321 sed
2809 3262 3050 3326 macula,
3090 3260 3214 3316 sive

1846 3363 2133 3430 peccatum
2182 3354 2474 3412 habituale
2517 3347 2775 3406 consistit
2802 3343 3126 3400 formaliter
3148 3342 3211 3397 in

1847 3437 2172 3509 privatione
2192 3431 2526 3491 voluntaria
2552 3427 2753 3502 gratiae
2778 3421 3207 3485 sanctificantis,

1847 3522 1908 3573 ut
1934 3516 2190 3573 vidimus
2214 3516 2421 3587 disput.
2454 3509 2671 3584 praeced.
2698 3506 2823 3561 dub.
2865 3507 2912 3570 1;
2937 3518 3072 3575 ergo
3093 3517 3213 3592 ma-

1844 3600 1990 3663 cula,
2040 3597 2163 3653 sive
2208 3600 2497 3669 peccatum
2546 3588 2837 3646 habituale
2899 3583 3211 3655 expellitur

1846 3696 1947 3754 per
1974 3678 2283 3737 adventum
2310 3676 2511 3750 gratiae
2535 3667 2939 3728 sanctificantis
2964 3689 2979 3732 3
3009 3669 3066 3721 et
3092 3663 3211 3720 haec

1844 3759 2102 3833 expulsio
2151 3762 2236 3815 est
2260 3756 2489 3814 effectus
2528 3750 2792 3809 formalis
2837 3743 3210 3803 secundarius

1845 3842 2184 3916 privativuS,
2217 3855 2249 3895 a
2266 3837 2531 3911 praedicta
2551 3833 2737 3909 gratia
2759 3827 3106 3904 dependens.

1918 3924 2009 3978 35.
2062 3919 2318 3978 Secundo
2360 3916 2633 3991 probatur
2680 3917 2876 3968 nostra
2921 3905 3210 3966 conclusio
3239 3919 3419 3978 Auara—

1844 4000 2191 4061 destruendo
2208 3999 2570 4074 potissimum
2594 3990 3208 4078 Adversariorummo·
3273 3976 3345 4025 ¹¹⁰·

1845 4086 2032 4142 tivum
2060 4107 2074 4152 ;
2106 4100 2243 4140 nam
2267 4082 2439 4155 hujus
2465 4079 2710 4141 effectuS,
2742 4072 2891 4148 quod
2911 4077 2994 4128 est
3018 4070 3207 4126 homi-

1845 4182 1979 4224 nem
2007 4166 2071 4221 in
2087 4162 2494 4238 justificatione
2519 4155 2884 4219 sanctificari,
2916 4158 2972 4209 et
2995 4165 3209 4241 emun-

1844 4248 1972 4305 dari
2002 4264 2035 4304 a
2062 4245 2317 4319 peccatis,
2347 4244 2544 4315 aliqua
2563 4255 2732 4297 causa
2772 4234 3036 4292 formalis
3063 4247 3209 4288 assi-

1842 4327 2073 4404 gnanda
2116 4331 2201 4383 est
2224 4349 2239 4392 ;
2282 4325 2428 4381 sicut
2468 4323 2532 4378 in
2583 4321 2921 4376 universum
2968 4310 3211 4388 quilibet
3314 4386 3317 4390 ⁷

1841 4409 2073 4467 effectus
2094 4404 2381 4470 formalis,
2402 4419 2499 4459 seu
2512 4396 2908 4458 denominatio
2929 4394 2999 4450 ab
3016 4392 3211 4464 aliqua

1843 4506 2010 4547 causa
2031 4486 2315 4560 dependet
2340 4506 2354 4540 ε
2384 4483 2540 4556 atqui
2561 4479 2731 4537 causa
2756 4475 3018 4534 formalis
3040 4473 3211 4547 hujus

1843 4569 2074 4628 effectus
2099 4567 2298 4640 nequit
2322 4581 2444 4622 esse
2474 4562 2698 4638 justitia
2721 4560 2972 4615 increata
2995 4555 3118 4621 Dei,
3148 4559 3214 4610 ut

1841 4650 2078 4725 quidam
2128 4648 2382 4705 haeretici
2435 4647 2737 4702 autumant
2776 4664 2790 4708 ;
2838 4655 2942 4710 nec
2986 4635 3208 4711 justitia

1844 4735 2032 4790 creata
2058 4728 2270 4785 Christi
2295 4726 2528 4784 Domini
2547 4726 2609 4780 in
2636 4723 2759 4797 ejus
2780 4717 3124 4784 obedientia,
3153 4722 3213 4773 et

1843 4812 2054 4874 merito
2098 4809 2414 4868 consistens
2452 4821 2623 4880 :ergo
2650 4803 2817 4860 debet
2864 4815 2987 4857 esse
3013 4798 3207 4871 aliqua

1845 4893 2034 4950 forma
2061 4888 2393 4951 intrinseca,
2418 4893 2476 4946 et
2501 4886 2791 4942 inhaerens
2818 4903 2832 4938 ε
2863 4879 3016 4951 atqui
3045 4877 3210 4934 nulla

1845 4974 2035 5047 aptior
2060 4969 2133 5028 ad
2158 4970 2313 5025 hunc
2330 4968 2595 5026 effectum
2624 4961 3008 5040 praestandum
3037 4975 3209 5017 exco-

1843 5052 2017 5129 gitari
2061 5053 2260 5124 potest,
2298 5064 2470 5121 quam
2516 5047 2701 5122 gratia
2726 5040 3106 5107 sanctificam,
3146 5045 3209 5095 ut
