3647 5753
468 416 583 472 868
1516 412 1609 468 DE
1650 409 1956 466 PRAEMIO
1994 408 2271 464 MERITI.

249 606 424 650 motiva.
464 586 570 642 sub
619 587 827 644 merito
871 586 941 643 de
968 602 1239 660 congru0.
1271 583 1431 650 Quod
1461 587 1641 655 potest
1691 597 1829 654 pro-

465 667 595 724 bari
619 671 819 741 prime,
852 670 988 738 quia
1028 666 1178 723 bona
1212 663 1554 737 temporalia
1600 667 1664 717 ut
1689 677 1830 719 con-

464 749 681 806 ducunt
705 749 775 805 ad
801 751 1063 812 salutem,
1093 764 1153 803 se
1181 747 1393 803 habent
1426 752 1701 818 tanquam
1724 760 1830 800 au-

464 831 609 887 xilia
630 832 834 886 saltem
856 831 1176 886 extrinseca
1199 828 1269 885 ad
1291 827 1532 886 eandem
1559 828 1825 893 salutem,

460 918 517 968 et
554 910 625 968 ad
667 909 1154 982 perseverandum
1183 910 1247 964 in
1277 909 1427 966 bono
1456 929 1469 964 ε
1497 905 1596 965 sed
1642 905 1831 979 justus

464 1008 583 1049 non
627 998 885 1048 meretur
913 991 985 1046 de
1025 990 1306 1064 condigno
1333 988 1552 1045 auxilia
1586 985 1655 1043 ad
1679 1003 1833 1058 prae-

450 1071 643 1129 ‘dictos
670 1073 921 1137 effectus,
947 1072 1230 1143 siquidem
1262 1068 1590 1144 hujusmodi
1614 1068 1832 1124 auxilia

466 1171 528 1211 se
574 1159 770 1210 tenent
796 1170 864 1210 ex
921 1159 1082 1226 parte
1124 1152 1396 1225 principii
1439 1150 1633 1209 meriti
1662 1164 1833 1222 :ergo

469 1252 590 1293 non
612 1241 868 1293 meretur
894 1235 964 1292 de
984 1233 1269 1308 condigno
1290 1233 1439 1291 bona
1465 1231 1827 1305 temporalia,

471 1324 531 1374 ut
570 1317 876 1375 conferunt
924 1317 993 1374 ad
1038 1318 1305 1373 salutem.
1362 1315 1651 1373 Secundo:
1693 1328 1832 1369 nam

465 1402 652 1475 justus
674 1399 1070 1456 infallibiliter
1110 1398 1496 1470 consequitur,
1529 1394 1677 1470 quod
1708 1410 1835 1451 me-

473 1489 632 1540 retur
658 1481 728 1537 de
753 1481 1055 1556 condigno,
1089 1480 1202 1535 nisi
1247 1478 1528 1552 peccando
1556 1478 1833 1534 meritum

473 1563 859 1631 interrumpat
892 1584 904 1617 :
932 1559 1031 1617 sed
1054 1576 1170 1617 non
1195 1559 1517 1631 assequitur
1539 1556 1835 1614 infallibi-

474 1644 607 1699 liter
658 1642 807 1699 bona
849 1642 1192 1713 temporalia
1237 1644 1300 1696 ut
1343 1639 1718 1696 conducentia
1762 1636 1835 1693 ad

472 1727 757 1790 salutem,
814 1724 1097 1797 siquidem
1149 1739 1266 1780 non
1306 1724 1483 1780 semel
1529 1721 1831 1793 contingit,

473 1804 619 1880 quod
669 1821 739 1860 ex
792 1804 1011 1860 duobus
1046 1805 1215 1879 justis
1259 1803 1494 1876 aequalis
1540 1801 1736 1859 meriti
1779 1804 1837 1856 et

474 1886 790 1944 sanctitatis
830 1888 974 1943 alter
1001 1887 1077 1941 sit
1105 1901 1338 1960 pauper,
1371 1889 1426 1940 et
1454 1885 1599 1940 alter
1627 1883 1786 1939 dives
1818 1902 1832 1937 :

474 1985 629 2044 ergo,
661 1975 764 2025 etc.

289 2061 427 2104 nobo·
550 2047 961 2114 confirmatur,
987 2047 1122 2120 quia
1151 2045 1447 2120 longitudo
1481 2045 1615 2101 vitae
1663 2059 1836 2115 repu-

279 2116 437 2155 mm‘·
474 2134 629 2187 tatur
673 2130 824 2186 inter
852 2129 1001 2186 bona
1042 2128 1490 2199 temporalia,.et
1528 2122 1838 2198 aliquando

473 2212 696 2268 confert
730 2210 798 2266 ad
826 2212 1071 2267 salutem
1106 2232 1118 2266 ε
1148 2207 1244 2265 sed
1268 2209 1452 2281 justus
1493 2206 1692 2279 nequit
1712 2219 1838 2261 me-

478 2293 594 2351 reri
641 2293 710 2349 de
750 2292 1045 2366 condigno⁸
1089 2290 1512 2365 longitudinem
1540 2288 1706 2352 vitae,
1736 2301 1837 2342 seu

475 2378 609 2432 vitae
634 2376 1129 2433 continuationem
1165 2389 1336 2447 :ergo
1366 2388 1470 2429 nec
1522 2371 1639 2428 alia
1686 2368 1840 2426 bona

475 2457 834 2530 temporalia.
888 2455 1171 2512 Probatur
1219 2452 1413 2510 minor
1466 2474 1479 2508 :
1530 2457 1652 2508 tum
1703 2451 1841 2524 quia

470 2541 657 2614 justus
683 2538 879 2610 nequit
923 2537 993 2593 de
1020 2536 1303 2610 condigno
1345 2536 1555 2593 mereri
1588 2535 1838 2608 primam

477 2621 679 2684 vitam,
711 2636 835 2692 quae
856 2633 916 2673 se
962 2622 1116 2675 tenet
1141 2633 1212 2674 ex
1241 2620 1400 2691 parte
1447 2616 1719 2689 principii
1747 2632 1842 2672 es-

476 2701 737 2760 sentialis
779 2700 972 2755 meriti
1007 2716 1180 2775 :ergo
1209 2715 1313 2755 nec
1363 2700 1495 2754 vitae
1522 2698 1839 2771 longitudi-

480 2799 629 2848 nem,
697 2782 818 2836 sive
866 2781 1381 2836 continuationem.
1435 2781 1595 2834 Patet
1638 2795 1841 2835 conse·

477 2861 709 2936 quentia
738 2876 768 2916 a
792 2860 1034 2931 paritate
1058 2883 1071 2925 ;
1104 2875 1240 2915 nam
1269 2859 1348 2917 ita
1368 2876 1429 2931 se
1452 2858 1623 2917 habet
1652 2858 1842 2932 prima

478 2946 615 3012 vita,
643 2948 697 3000 et
718 2943 850 2998 vitae
870 2941 1399 3007 continuatio,sicut
1421 2942 1609 3015 prima
1629 2941 1836 3015 gratia,

476 3033 534 3085 et
572 3026 771 3101 gratiae
819 3024 1248 3098 perseverantia
1305 3044 1318 3080 ε
1369 3024 1464 3082 sed
1506 3025 1602 3098 qui
1645 3023 1844 3096 nequit

480 3109 696 3166 mereri
727 3108 978 3181 primam
1000 3106 1266 3179 gratiam,
1301 3123 1419 3164 non
1445 3109 1600 3164 valet
1628 3106 1844 3163 mereri

477 3192 601 3266 ejus
627 3188 1122 3247 continuationem
1152 3208 1164 3244 :
1193 3203 1329 3263 ergo
1358 3186 1511 3246 idem
1556 3187 1625 3245 de
1654 3186 1845 3260 prima

480 3272 617 3338 vita,
662 3271 893 3343 ejusque
935 3270 1362 3342 perseverantia
1390 3269 1696 3327 dicendum
1734 3274 1838 3327 est.

480 3356 629 3409 Tum
656 3353 852 3417 etiam,
884 3351 1018 3426 quia
1046 3352 1094 3406 si
1138 3351 1349 3423 aliquis
1370 3353 1557 3426 Justus
1585 3365 1846 3407 merere-

479 3442 574 3492 tur
613 3434 684 3491 de
727 3433 1009 3507 condigno
1038 3434 1172 3489 vitae
1226 3433 1668 3508 longitudinem,
1716 3447 1847 3487 ma-

479 3518 638 3574 xime
658 3517 756 3589 qui
780 3516 1026 3572 honorat
1049 3520 1333 3587 parentes,
1367 3521 1430 3570 ut
1456 3514 1747 3589 colligitur
1773 3527 1846 3568 ex

483 3601 585 3656 illo
614 3597 795 3655 Exodi
822 3600 895 3652 20
924 3618 936 3651 t
966 3595 1196 3653 Honora
1214 3604 1429 3670 patrem
1452 3604 1628 3659 tuum,
1659 3603 1708 3650 et
1731 3612 1849 3649 ma-

482 3689 619 3736 trem
639 3689 812 3745 tuam,
840 3686 900 3733 ut
921 3680 998 3733 sis
1041 3678 1308 3746 lonyoeous
1332 3696 1495 3750 super
1521 3684 1727 3732 terram
1749 3693 1766 3727 .·
1793 3680 1849 3731 et

481 3770 677 3821 tamen
701 3762 854 3819 filius
877 3761 1169 3817 honorans
1192 3762 1457 3832 parent‘es
1481 3776 1597 3816 non
1618 3773 1848 3829 semper

483 3847 803 3920 assequitur
832 3846 936 3901 hoc
957 3842 1193 3910 bonum,
1221 3842 1317 3899 sed
1340 3843 1508 3899 citius
1530 3858 1646 3898 non
1669 3839 1849 3896 semel

489 3931 737 3986 moritur
769 3953 782 3985 ι
813 3943 949 4000 ergo
976 3926 1205 3999 signum
1233 3930 1340 3990 est,
1368 3923 1517 3996 quod
1551 3920 1849 3996 longitudo

420 4040 421 4043 ¹
484 4012 617 4068 vitae
639 4025 756 4065 non
771 4007 922 4064 cadit
940 4004 1045 4061 sub
1067 4005 1279 4062 merito
1300 4004 1370 4062 de
1389 4003 1691 4077 condigno.
1717 4001 1851 4057 Alia

486 4092 663 4149 etiam
692 4089 908 4146 motiva
933 4092 1160 4159 possent
1181 4102 1284 4158 pro
1325 4087 1429 4142 hac
1450 4084 1726 4159 opinione
1746 4098 1852 4139 ex·-

488 4169 658 4244 pendi
686 4194 699 4238 ;
728 4185 850 4242 quae
878 4174 1072 4225 tamen
1115 4167 1361 4223 minoris
1383 4164 1661 4222 momenti
1687 4166 1846 4228 sunt,

487 4262 544 4313 et
571 4253 640 4311 ad
664 4251 1039 4326 praecedentia
1063 4251 1258 4306 valent
1277 4247 1492 4305 reduci.

303 4360 454 4402 occur-
572 4337 690 4393 116.
718 4333 803 4389 Ad
834 4333 1088 4406 primum
1119 4330 1513 4404 respondetur,
1543 4327 1693 4402 quod
1720 4327 1856 4384 licet

295 4408 431 4511 Ὡῇξξῆ
490 4420 596 4478 illa
636 4418 872 4480 auxilia,
916 4432 1040 4489 quae
1085 4431 1146 4471 se
1190 4411 1509 4470 necessario
1554 4415 1750 4469 tenent
1785 4427 1855 4468 ex

272 4509 449 4553 motivo.
491 4509 652 4578 parte
674 4499 947 4574 principii
971 4498 1167 4556 meriti
1191 4497 1281 4554 vel
1305 4494 1594 4560 eliciendi,
1614 4497 1706 4551 vel
1728 4510 1858 4551 con·

488 4584 779 4648 servandi,
814 4588 1101 4656 nequeant
1127 4577 1329 4637 cadere
1355 4576 1462 4633 sub
1490 4578 1698 4634 merito
1713 4600 1728 4646 ς
1754 4578 1858 4633 illa

490 4675 703 4735 tamen,
736 4681 859 4739 quae
887 4680 1005 4720 non
1053 4663 1133 4719 ita
1172 4676 1233 4718 se
1259 4658 1516 4725 habent,
1548 4657 1646 4715 sed
1675 4658 1859 4733 magis

487 4752 896 4823 comparantur
943 4760 1044 4817 per
1083 4741 1324 4799 modum
1374 4740 1615 4796 termini
1670 4738 1861 4796 inter-

488 4834 688 4899 medii,
719 4830 826 4888 sub
853 4828 1063 4886 merito
1104 4825 1308 4884 cadere
1352 4830 1605 4898 possunt,
1638 4828 1694 4879 et
1720 4839 1861 4880 con-

490 4917 631 4975 ferri
662 4929 765 4988 per
791 4909 1028 4968 modum
1059 4906 1285 4980 praemii
1316 4906 1512 4963 meriti
1542 4903 1863 4979 praeceden·

488 5002 582 5065 tis,
633 5004 696 5055 ut
736 4999 887 5069 patet
927 4990 997 5048 ‘in
1044 4996 1352 5065 augmento
1393 4989 1615 5064 gratiae.
1648 4990 1716 5043 Et
1754 4988 1860 5045 hoc

489 5079 660 5139 modo
693 5094 754 5136 se
793 5076 1003 5134 habent
1044 5074 1195 5131 bona
1234 5069 1598 5145 temporalia,
1632 5073 1695 5125 ut
1718 5085 1863 5127 con-

1963 577 2229 635 ducentia
2254 576 2324 634 ad
2345 577 2610 638 salutem,
2643 571 2777 644 quia
2804 582 2922 624 non
2953 562 3331 636 requiruntur

1965 656 2497 731 indispensabiliter
2524 655 2617 710 vel
2647 652 2716 707 ad
2743 646 3111 707 eliciendum,
3135 642 3228 698 vel
3257 638 3332 695 ad

1964 739 2425 798 conservandum
2453 735 2694 794 merita:
2726 731 2796 788 ad
2836 729 2893 786 id
2920 727 3130 800 quippe
3167 720 3332 776 suffi-

1964 822 2124 878 ciunt
2145 820 2381 884 auxilia,
2408 823 2465 876 et
2493 814 2780 890 principia
2802 810 3135 869 intrinseca.
3164 800 3332 857 Unde

1966 920 2086 960 non
2135 907 2433 976 repugnat,
2485 898 2634 974 quod
2681 899 2866 972 justus
2917 892 3211 948 mereatur
3259 884 3332 940 de

1966 986 2250 1060 condigno
2296 984 2447 1042 bona
2488 980 2845 1054 temporalia.
2905 972 2992 1030 Ad
3036 965 3513 1057 secundumdlfffi

1967 1083 2245 1141 negamus
2266 1065 2579 1126 minorem;
2606 1078 2742 1121 nam
2766 1053 3108 1133 quibusdam
3128 1065 3334 1106 conve·
3373 1063 3514 1109 mim,

1969 1153 2139 1209 niens
2164 1155 2250 1207 est
2271 1150 2341 1207 ad
2367 1151 2612 1206 salutem
2640 1160 2836 1204 carere
2857 1139 3023 1197 bonis
3052 1143 3336 1207 tempora-

1969 1232 2154 1302 libus;
2193 1237 2251 1289 et
2295 1236 2725 1305 consequenter,
2768 1221 2919 1299 quod
2959 1220 3020 1276 hi
3063 1215 3337 1291 praedicta

1969 1314 2121 1371 bona
2143 1329 2260 1370 non
2282 1318 2675 1386 assequantur,
2701 1308 2949 1365 minime
2974 1300 3190 1358 evincit
3206 1298 3337 1372 jus-

1969 1400 2092 1450 tum
2118 1410 2234 1451 non
2263 1395 2473 1451 mereri
2503 1392 2573 1449 de
2610 1390 2893 1462 condigno
2934 1384 3085 1440 bona
3108 1386 3339 1449 tempo-

1973 1477 2138 1543 ralia,
2169 1481 2451 1549 quatenus
2479 1474 2550 1531 ad
2577 1474 2817 1529 salutem
2846 1463 3203 1526 conducunt3
3231 1456 3336 1514 sed

1972 1557 2158 1631 potius
2188 1556 2390 1630 probat
2424 1554 2766 1629 oppositum.
2800 1551 2868 1604 Et
2913 1544 3123 1608 inchoo
3160 1554 3335 1595 sensu

1971 1641 2052 1697 ait
2081 1642 2147 1694 D.
2179 1643 2424 1713 Prosper
2456 1642 2603 1694 sent.
2646 1637 2756 1690 212
2784 1654 2795 1687 :
2832 1629 3035 1688 Fidelis
3060 1623 3337 1696 supplicat

1964 1738 2070 1793 pro
2091 1719 2496 1776 necessitatibus
2523 1717 2688 1788 hujus
2714 1715 2853 1776 vitai,
2885 1717 2934 1764 et
2963 1703 3338 1761 misericordi-

1972 1811 2053 1857 ter
2078 1803 2326 1866 auditur,
2369 1809 2418 1855 et
2458 1796 2877 1855 misericorditer
2916 1808 3026 1846 non
3066 1787 3341 1842 auditur:

1971 1886 2105 1962 quid
2147 1888 2292 1940 enim
2337 1886 2554 1954 infirmo
2593 1882 2664 1935 sit
2705 1878 2918 1936 utilius,
2964 1872 3142 1940 mayis
3181 1869 3339 1923 novit

1971 1969 2227 2032 medicus,
2259 1985 2426 2044 quam
2470 1972 2713 2035 ‹zm-otus,
2759 1962 2829 2014 Et
2867 1956 3023 2012 idem
3070 1952 3227 2008 docet
3264 1952 3336 2005 D.

1973 2049 2180 2104 Thom.
2210 2049 2271 2101 in
2297 2047 2395 2101 Ιιοο
2414 2054 2523 2101 art.
2556 2045 2631 2100 ad
2654 2045 2709 2098 4.

2048 2127 2132 2183 Ad
2152 2126 2652 2186 confirmationem
2676 2117 3051 2193 respondetur
3074 2109 3338 2184 negando
3352 2109 3534 2202 Ἢ

1975 2211 2284 2274 minorem,
2311 2210 2467 2282 cujus
2491 2210 2674 2282 prima
2701 2200 2959 2277 probatio
2989 2213 3104 2253 non
3130 2198 3292 2268 urget
3319 2213 3336 2248 ε
3377 2209 3520 2252 mita

1975 2309 2112 2349 nam
2141 2293 2352 2350 omisso
2382 2286 2753 2353 antecedenti,
2787 2279 3048 2356 neganda
3073 2285 3157 2335 est
3193 2291 3339 2333 con-

1973 2374 2303 2446 sequentia;
2336 2372 2524 2444 prima
2561 2383 2807 2441 namque
2834 2365 2952 2421 vita
2991 2356 3340 2431 supponitur

1978 2454 2047 2512 ad
2095 2453 2368 2511 meritum
2412 2467 2510 2524 pcr
2552 2449 2786 2506 modum
2829 2439 3122 2517 principii,
3172 2443 3344 2509 atque

1979 2538 2105 2595 ideo
2153 2553 2270 2594 non
2316 2537 2470 2592 valet
2507 2532 2612 2587 sub
2657 2532 2778 2603 ejus
2826 2526 3049 2583 influxu
3090 2519 3292 2577 cadere
3326 2539 3343 2574 ι

1977 2618 2111 2676 vitaz
2158 2624 2348 2674 autem
2386 2613 2740 2672 continuatio
2775 2623 2955 2681 neque
2994 2609 3080 2662 est
3121 2600 3347 2675 princi-

1979 2700 2138 2773 pium
2169 2697 2380 2762 meriti,
2420 2712 2520 2751 nec
2562 2692 2877 2766 requiritur
2925 2686 2995 2743 ad
3037 2684 3160 2756 ejus
3206 2697 3351 2738 con—

1976 2778 2382 2841 servationem,
2428 2775 2690 2848 quocirca
2736 2774 2912 2845 potest
2961 2783 3062 2839 per
3109 2762 3346 2820 modum

1979 2860 2202 2933 praemii
2272 2858 2535 2917 retribui.
2588 2861 2701 2913 Nec
2749 2868 2913 2911 exem
2959 2851 3081 2905 lum
3147 2843 3348 2919 gratiae

1980 2942 2213 3016 probat;
2264 2959 2400 2998 nam
2429 2943 2548 3016 ejus
2585 2951 2899 3013 permanen
2933 2935 2987 2989 ia
3028 2928 3347 3003 requiritur

1980 3029 2052 3086 ad
2104 3028 2386 3084 moralem
2428 3026 2771 3081 meritorum
2822 3013 3340 3075 conservationem.

1981 3109 2294 3167 Secundam
2345 3107 2743 3180 probationem
2794 3096 3013 3172 optime
3059 3094 3229 3152 diluit
3273 3093 3339 3146 D.

1981 3195 2186 3250 Thom.
2231 3195 2286 3257 2,
2330 3194 2384 3258 2,
2431 3196 2612 3267 quast.
2666 3187 2786 3250 122,
2832 3189 2942 3238 art.
2977 3183 3013 3235 5
3063 3178 3213 3237 (id-1,
3247 3174 3342 3228 bis

1983 3273 2213 3331 verbis:
2253 3294 2276 3323 «
2313 3271 2626 3328 Dicendum
2667 3263 2816 3340 quod
2844 3261 3166 3346 longaevitas
3196 3269 3332 3327 pro-

1987 3377 2012 3408 «
2059 3354 2315 3410 mittitur
2352 3347 2770 3409 honorantibus
2816 3348 3081 3417 parentes
3109 3352 3218 3394 uon
3241 3351 3337 3390 so-

1990 3461 2015 3490 «
2059 3440 2181 3493 lum
2221 3441 2499 3509 quantum
2549 3432 2620 3489 ad
2673 3431 2928 3486 futuram
2982 3424 3191 3485 vitam,
3246 3417 3344 3474 sed

1989 3539 2014 3569 α
2057 3518 2230 3574 etiam
2254 3521 2533 3589 quantum
2558 3512 2625 3569 ad
2652 3513 3012 3583 praesentem,
3033 3499 3346 3559 secundum

1988 3620 2014 3652 α
2060 3597 2208 3653 illud
2235 3597 2486 3669 Apostol.
2522 3597 2567 3657 l,
2602 3591 2670 3648 ad
2691 3589 2943 3645 Timoth.
2963 3589 2999 3640 4
3021 3606 3034 3640 :
3060 3583 3248 3639 Pietas
3274 3578 3347 3635 ad

1990 3702 2015 3733 α
2059 3679 2257 3736 omnia
2300 3679 2459 3734 utilis
2502 3682 2605 3740 est,
2639 3670 3084 3746 promissionem
3132 3663 3349 3720 habens

1989 3785 2015 3815 ι
2061 3762 2215 3827 vitae,
2265 3777 2389 3833 quae
2436 3774 2590 3815 nunc
2626 3762 2727 3824 est,
2780 3759 2834 3810 et
2882 3751 3105 3806 futurae.
3140 3749 3207 3802 Et
3248 3745 3355 3801 hoc

1991 3866 2016 3897 α
2063 3840 2486 3899 rationabiliter
2508 3864 2521 3906 ;
2552 3838 2649 3912 qui
2674 3836 2833 3893 enim
2855 3837 3051 3907 gratus
3072 3834 3157 3885 est
3177 3826 3356 3882 bene-

1942 3939 1946 3942 *
1990 3946 2015 3978 κ
2060 3923 2207 3989 fici0,
2240 3927 2496 3979 meretur
2538 3918 2854 3975 secundum
2895 3910 3186 3986 quandam
3213 3922 3359 3963 con-

1993 4027 2020 4058 «
2060 4003 2411 4078 gruentiam,
2457 4005 2516 4055 ut
2561 3998 2673 4054 sibi
2726 3993 3072 4053 beneficium
3121 4003 3361 4047 conser-

1992 4105 2018 4137 α
2062 4089 2246 4140 vetur.
2311 4084 2551 4153 Propter
2613 4074 3095 4151 ingratitudinem
3161 4074 3357 4125 autem

1995 4188 2022 4222 α
2063 4171 2317 4224 meretur
2348 4164 2556 4236 aliquis
2584 4159 2927 4223 beneficium
2952 4152 3210 4229 perdere.
3242 4151 3360 4206 Be-

1997 4271 2021 4301 «
2066 4246 2336 4305 neficium
2397 4251 2586 4301 autem
2651 4243 2785 4296 vitae
2849 4234 3167 4309 corporalis
3234 4236 3364 4305 post

1997 4354 2021 4386 α
2064 4335 2245 4388 Deum
2292 4345 2324 4385 a
2380 4325 2712 4400 parentibus
2766 4321 3063 4379 habemus,
3115 4318 3183 4371 Et
3229 4313 3364 4371 ideo

1997 4436 2023 4466 α
2067 4413 2184 4480 ille,
2217 4410 2314 4483 qui
2345 4410 2591 4466 honorat
2629 4409 2912 4480 parentes,
2944 4400 3108 4473 quasi
3140 4395 3367 4454 benefi-

1997 4521 2023 4552 «
2064 4498 2151 4554 cio
2178 4501 2378 4571 gratus
2397 4499 2652 4551 meretur
2679 4490 2807 4545 vitae
2825 4482 3363 4544 conservationem3

1996 4603 2023 4634 α
2067 4580 2166 4654 qui
2214 4584 2405 4636 autem
2454 4593 2570 4633 non
2612 4575 2856 4630 honorat
2904 4567 3369 4651 parenteS,-tan-

1998 4684 2024 4715 «ι
2067 4677 2238 4736 quam
2261 4661 2521 4734 ingratus
2542 4660 2796 4711 meretur
2813 4651 2932 4707 vita
2950 4645 3196 4722 privari.
3215 4646 3366 4707 Quia

1998 4765 2024 4797 «ι
2070 4748 2264 4799 tamen
2314 4737 2616 4814 praesentia
2665 4734 2835 4799 bona,
2891 4733 2985 4787 vel
3032 4727 3187 4784 mala
3239 4739 3368 4780 non

1999 4847 2024 4877 α
2070 4821 2279 4880 cadunt
2305 4820 2410 4877 sub
2440 4819 2665 4882 merito,
2698 4815 2792 4871 vel
2818 4810 3121 4873 demerito,
3154 4805 3267 4862 nisi
3297 4804 3370 4859 in

2000 4926 2027 4960 «
2067 4910 2345 4979 quantum
2387 4900 2735 4958 ordinantur
2776 4894 2844 4951 ad
2879 4895 3133 4949 futuram
3164 4901 3374 4944 remu-

2004 5007 2029 5041 «
2073 4984 2470 5049 nerationem,
2519 4984 2583 5035 ut
2633 4978 2849 5034 dictum
2912 4978 2998 5030 est
3054 4974 3259 5042 (nempe
3307 4969 3379 5022 in

2002 5088 2029 5121 α
2071 5068 2176 5122 hac
2212 5066 2255 5133 l,
2288 5066 2343 5130 2,
2377 5071 2558 5142 quaest.
2602 5060 2721 5124 114,
2754 5059 2813 5112 in
2835 5055 3085 5130 praesenti
3110 5050 3376 5186 aru-(1¹0),

3225 5148 3244 5186 1
3288 5147 3364 5188 eo
