3647 5753
500 396 505 397 γ
584 338 700 394 728
1542 349 1636 402 DE
1673 346 2004 402 INFLUXU
2044 345 2500 402 cnam'rATlS.

588 507 759 565 ritate
791 531 808 565 :
835 525 987 584 ergo.
1029 517 1135 570 etc.
1190 515 1376 588 Maior
1420 517 1652 575 ridetur
1688 524 1863 583 certa,
1894 523 1953 573 et

583 590 762 647 etiam
790 592 987 649 minor
1024 596 1210 667 quoad
1238 599 1494 669 priorem
1525 607 1779 673 partem:
1808 616 1950 657 nam

584 670 902 745 subjectum
930 689 1049 730 non
1089 675 1154 732 fit
1178 684 1408 751 gratum
1437 697 1540 752 per
1583 682 1946 745 charitatem,

584 752 685 810 sed
710 769 815 826 per
837 755 1108 828 gratiam.
1140 760 1336 822 Quoad
1380 762 1757 833 posteriorem
1809 778 1952 819 vero

585 833 879 901 suadetur,
909 836 1046 909 quia
1085 843 1242 895 actus
1292 842 1577 898 virtutum
1619 844 1950 900 infusarum

585 917 901 974 semndum
945 936 1009 976 se
1050 927 1187 977 suut
1231 929 1389 981 aetus
1437 928 1951 999 supernaturales:

590 1004 749 1055 actus
804 1007 998 1057 autem
1056 1009 1526 1075 supernaturales
1575 1007 1952 1065 sufficientem

592 1082 1024 1153 proportionem
1048 1083 1262 1141 habent
1278 1103 1410 1144 cum
1432 1090 1553 1145 vita
1573 1095 1810 1157 aeterna,
1829 1105 1956 1161 qua:

590 1167 679 1218 est
698 1161 835 1218 finis
877 1164 1118 1219 ultimus
1143 1165 1317 1241 hujus
1354 1170 1580 1226 ordinis
1611 1192 1628 1225 ε
1654 1186 1811 1242 ergo,
1842 1176 1949 1227 etc.

668 1241 1058 1299 confirmatur
1090 1266 1105 1301 :
1129 1261 1266 1302 nam
1292 1249 1342 1303 si
1372 1249 1531 1306 aliud
1565 1249 1784 1322 aliquid
1805 1255 1955 1306 esset

594 1324 984 1380 necessarium
1012 1324 1083 1380 ad
1115 1328 1413 1395 meritum,
1444 1332 1703 1386 maxime
1748 1330 1956 1387 relatio

591 1402 664 1459 ad
685 1402 863 1459 finem
882 1409 1420 1476 supernaturalem:
1443 1408 1543 1464 sed
1564 1409 1714 1465 hanc
1739 1408 1956 1466 habent

592 1489 752 1541 actus
776 1484 1059 1541 virtutum
1084 1487 1410 1545 infusarum
1439 1489 1894 1562 independenter
1921 1507 1955 1547 a

589 1567 873 1625 charitate
916 1591 931 1624 :
971 1584 1109 1643 ergo
1135 1569 1595 1643 independenter
1619 1572 1692 1629 ab
1713 1573 1820 1629 illa
1843 1573 1954 1629 ha-

592 1648 729 1705 bent
754 1666 878 1707 esse
915 1651 1223 1707 meritorii.
1257 1651 1542 1709 Probatur
1568 1656 1785 1721 minor,
1815 1655 1955 1728 quia

591 1730 923 1804 hujusmodi
951 1738 1106 1787 actus
1135 1732 1451 1789 secundum
1482 1749 1561 1800 se,
1591 1741 1650 1791 et
1677 1735 1958 1807 indepen-

592 1811 798 1869 denter
816 1827 852 1867 a
868 1812 1148 1869 charitate
1166 1812 1382 1872 habent
1403 1815 1657 1888 aliquem
1681 1816 1956 1871 ultimum

592 1892 790 1959 finem,
821 1909 992 1967 quem
1020 1899 1144 1950 actu
1175 1896 1529 1969 respiciunt:
1566 1912 1685 1953 non
1714 1902 1957 1954 natura-

594 1975 732 2040 lem,
781 1990 911 2030 cnm
941 1973 1050 2047 ipsi
1075 1977 1547 2047 supernaturales
1579 1977 1700 2032 sint

594 2057 1115 2129 supernaturalem.

377 2132 581 2179 m
672 2133 1059 2193 confirmatur
1083 2136 1351 2203 secundo,
1374 2138 1509 2211 quia
1528 2142 1684 2194 actus
1695 2138 1817 2211 spei
1848 2139 1960 2194 im-

593 2216 843 2274 mediate
870 2233 971 2290 per
995 2218 1211 2290 seipsos
1250 2219 1540 2293 attingunt
1586 2219 1861 2274 ultimum
1885 2218 1960 2275 fi-

592 2313 727 2355 nem
764 2300 1305 2373 supernaturalem:
1345 2315 1482 2374 ergo
1532 2314 1651 2355 non
1696 2299 1960 2374 indigent

593 2378 814 2437 influxu
843 2378 1140 2436 charitatis
1160 2379 1232 2436 ad
1260 2380 1384 2447 hoc,
1416 2386 1478 2437 ut
1517 2380 1865 2438 ordinentur
1894 2381 1959 2436 in

593 2460 921 2536 hujusmodi
950 2460 1150 2518 finem.

381 2530 567 2621 w
670 2543 1066 2616 Respondetur
1112 2543 1183 2601 ad
1236 2550 1645 2619 argumentum
1694 2544 1957 2621 negando

528 2648 544 2658 ·
594 2624 930 2682 minorem:
977 2633 1100 2682 tum
1140 2628 1276 2699 quia
1316 2627 1385 2683 ad
1435 2628 1717 2685 rationem
1760 2627 1958 2684 meriti

495 2688 710 2762 m'¹²'non
737 2712 822 2763 est
848 2708 1005 2771 satis,
1049 2708 1099 2763 si
1139 2713 1295 2764 actus
1337 2708 1601 2781 procedat
1626 2725 1660 2764 a
1704 2709 1958 2782 subJecto

592 2786 736 2843 alias
760 2793 942 2861 grato,
976 2788 1192 2860 alioqui
1216 2793 1371 2844 actus
1394 2787 1737 2845 indifferens
1763 2789 1961 2845 homi-

591 2870 684 2925 nis
705 2868 843 2944 justi
871 2869 942 2940 (si
970 2867 1227 2941 daretur)
1266 2875 1414 2928 esset
1451 2871 1827 2928 meritorius:
1859 2870 1960 2928 sed

588 2949 756 3008 debet
777 2949 1081 3022 procedere
1107 2951 1178 3007 ab
1206 2952 1311 3008 illo
1337 2969 1449 3025 qua
1474 2952 1698 3009 ratione
1722 2957 1954 3027 gratum

586 3035 692 3096 est,
720 3047 926 3104 nempe
954 3036 1015 3087 ut
1035 3036 1312 3104 operante
1340 3047 1440 3105 per
1454 3033 1702 3107 gratiam
1726 3054 1740 3088 :
1767 3033 1956 3107 gratia

589 3118 780 3168 autem
805 3128 920 3169 non
947 3118 1217 3186 operatur
1256 3114 1383 3172 sine
1431 3113 1730 3181 charitate,
1758 3120 1818 3169 ut
1836 3115 1957 3188 jam

587 3191 962 3250 ostendimus.
996 3195 1141 3250 Tum
1164 3194 1356 3261 etiam,
1386 3193 1522 3267 quia
1561 3209 1633 3250 ex
1679 3209 1764 3261 eo,
1806 3192 1959 3266 quod

588 3278 745 3329 actus
771 3273 981 3346 aliquis
1018 3275 1092 3331 sit
1128 3274 1609 3347 supernaturalis„
1644 3289 1762 3331 non
1783 3272 1955 3331 habet

586 3353 964 3411 sufficientem
991 3357 1442 3429 proportionem,
1461 3360 1523 3410 ut
1542 3355 1617 3410 sit
1639 3354 1959 3430 condignus

588 3435 709 3491 vita
735 3441 968 3503 aeterna,
1004 3438 1116 3493 nisi
1167 3439 1354 3511 gratia
1394 3439 1457 3493 in
1512 3437 1683 3491 illum
1724 3436 1952 3504 influat,

589 3517 812 3590 ipsique
840 3519 1171 3592 hujusmodi
1211 3519 1662 3595 condignitatem
1690 3535 1957 3576 commu-

591 3599 741 3656 nicet
766 3600 850 3668 (ut
875 3604 1168 3656 ostensum
1190 3605 1274 3658 est
1299 3600 1439 3674 disp.
1464 3599 1691 3674 praeced.
1714 3601 1845 3656 dub.
1884 3602 1951 3670 l),

590 3697 763 3754 quam
800 3686 993 3738 tamen
1031 3683 1218 3756 gratia
1256 3683 1687 3740 communicare
1733 3682 1950 3756 nequit,

591 3761 707 3818 nisi
736 3761 1026 3834 operando
1056 3780 1156 3835 per
1176 3764 1535 3820 charitatem.

386 3831 563 3926 ffiffffl?
666 3842 751 3898 Ad
769 3845 1020 3916 primam
1038 3842 1540 3902 confirmationem
1554 3845 1951 3917 respondetur,

393 3932 542 3976 tiones.
593 3925 822 3980 nullum
851 3929 1038 3980 actum
1073 3929 1410 3981 caeterarum
1441 3925 1724 3980 virtutum
1768 3926 1954 3998 respi-

589 4021 717 4063 cere
762 4005 938 4062 fiuem
983 4006 1255 4061 ultimum
1294 4009 1796 4078 supernaturalem
1850 4006 1956 4062 sub

592 4089 814 4146 ratione
847 4088 997 4155 talis,
1033 4086 1145 4143 nisi
1201 4088 1424 4144 ratione
1464 4087 1780 4155 charitatis,
1832 4104 1959 4161 qua:

588 4167 758 4225 habet
786 4185 889 4241 pro
915 4168 1132 4242 objecto
1162 4166 1487 4243 hujusmodi
1535 4167 1714 4226 finem
1741 4193 1756 4237 ;
1805 4169 1952 4226 sicut

590 4250 787 4305 nullus
809 4255 963 4306 actus
984 4249 1267 4306 virtutum
1284 4249 1692 4322 acquisitarum
1719 4251 1952 4323 respicit

588 4328 765 4387 finem
796 4332 1065 4387 ultimum
1107 4331 1545 4388 connaturalem
1589 4338 1811 4388 natura:
1858 4349 1956 4389 ra-

589 4412 838 4480 tionalis,
909 4413 1023 4469 nisi
1104 4414 1327 4470 ratione
1391 4413 1725 4481 voluntatiS,
1794 4415 1956 4489 cujus

590 4496 890 4570 proprium
908 4495 1187 4569 objectum
1203 4501 1288 4552 est
1303 4495 1627 4570 hujusmodi
1641 4495 1797 4553 finis.
1810 4500 1957 4562 Qua·

592 4585 825 4652 propter
849 4579 1069 4651 quoties
1111 4586 1265 4635 actus
1291 4580 1759 4651 supernaturales
1788 4580 1958 4637 inde-

592 4659 907 4734 pendenter
927 4659 1203 4717 charitate
1229 4660 1559 4724 eliciuntur,
1595 4661 1835 4718 ultimus
1855 4677 1955 4718 eo-

593 4758 724 4798 rum
752 4740 887 4798 finis
910 4757 1026 4799 non
1048 4748 1130 4798 est
1154 4744 1300 4799 Deus
1318 4742 1438 4815 ipse
1450 4740 1556 4797 sub
1579 4742 1802 4799 ratione
1818 4741 1955 4798 finis

591 4824 1070 4898 supernaturalis,
1086 4823 1182 4881 sed
1203 4824 1503 4897 proprium
1526 4823 1821 4895 operantis
1850 4823 1956 4880 bo-

591 4923 734 4963 num
762 4904 1075 4962 secundum
1117 4905 1266 4977 quod
1314 4905 1591 4962 abstrahit
1621 4921 1653 4960 a
1675 4905 1950 4972 naturali,

591 4994 648 5045 et
674 4988 1127 5061 supernaturali,
1158 4993 1213 5046 et
1233 5003 1305 5046 ex
1328 4992 1566 5061 utroque
1594 4987 1773 5044 veluti
1799 4986 1956 5044 inte-

399 1216 563 1366 {ti

1753 2000 1769 2032 z
1817 1992 1958 2051 ergo

2080 522 2301 591 gratur,
2319 522 2383 571 ut
2409 534 2562 572 num.
2595 519 2660 572 12
2703 515 2962 572 diximus
2985 538 3003 572 :
3025 515 3122 573 nbi
3141 518 3300 573 etiam
3316 534 3396 573 ex·

2084 600 2414 672 plicuimus,
2474 615 2589 671 qua
2647 601 2874 656 ratione
2927 616 3058 672 spes
3112 598 3399 657 immediate

2083 681 2328 755 attingat
2365 682 2547 737 Deum
2594 687 2765 753 prout
2789 681 2856 736 in
2873 681 3079 753 seipso,
3104 696 3217 736 non
3239 686 3398 739 tamen

2081 760 2190 823 sub
2229 762 2456 818 ratione
2503 760 2641 817 finis
2687 763 2884 818 ultimi
2935 761 3288 817 formaliter:
3321 778 3399 834 per

2082 843 2232 916 quod
2254 850 2407 916 patet
2424 843 2496 900 ad
2515 844 2826 900 secundam
2849 844 3342 901 confirmationem.

2155 928 2250 982 21.
2280 927 2478 983 Tertio
2528 929 2722 1001 arguit
2769 929 2938 1000 Vasq.
2978 928 3118 1001 quia
3149 929 3235 983 vel
3278 935 3513 988 actusma

2083 1013 2420 1064 oeterarum
2447 1008 2732 1064 virtutum
2750 1008 2965 1065 habent
2977 1025 3124 1065 exse
3147 1004 3516 1087 proprium-effi

2084 1091 2361 1146 meritum
2390 1090 2766 1148 beatitudinis
2790 1091 3125 1147 distinctum
3166 1108 3198 1147 a
3232 1093 3403 1149 merito

2083 1171 2385 1228 charitatis
2406 1195 2423 1229 :
2477 1173 2570 1230 vel
2622 1180 2807 1230 totum
2853 1174 3132 1229 meritum
3179 1173 3402 1228 charitati

2084 1252 2196 1309 soli
2247 1253 2703 1327 correspondet?
2747 1254 2808 1307 Si
2858 1254 3137 1326 primum,
3188 1251 3253 1308 ad
3296 1253 3404 1325 quid

2084 1349 2222 1407 ergo
2251 1337 2609 1391 necessarius
2633 1343 2720 1392 est
2745 1334 3004 1391 influxus
3024 1334 3402 1391 charitatistsi

2083 1415 2400 1472 secundum
2432 1438 2448 1472 :
2492 1433 2632 1493 ergo
2651 1418 2809 1473 solus
2835 1423 2992 1473 actus
3017 1415 3300 1471 charitatis
3320 1415 3408 1471 erit

2086 1496 2425 1552 meritorius
2451 1496 2586 1553 ritae
2609 1503 2860 1561 aeternae,
2891 1503 3051 1553 actus
3070 1510 3205 1550 vero
3223 1500 3408 1550 catera-

2088 1593 2220 1633 rum
2249 1579 2533 1634 virtutum
2557 1579 2943 1634 materialiter
2958 1578 3198 1633 omniuo
3218 1575 3280 1630 ad
3304 1573 3408 1631 idse

2087 1656 2380 1714 habebunt
2393 1683 2409 1725 ;
2436 1666 2493 1716 et
2521 1658 2602 1714 ita
2619 1675 2737 1716 non
2756 1661 2871 1715 erit
2884 1660 3072 1733 magis
3086 1655 3406 1712 meritorium

2087 1754 2354 1796 exercere
2392 1739 2723 1813 hujusmodi
2751 1746 2907 1796 actus
2931 1739 3112 1795 simul
3149 1753 3270 1793 cum
3308 1739 3406 1790 actu

2088 1821 2404 1887 charitatis,
2442 1838 2616 1894 quam
2662 1838 2930 1879 exercere
2982 1820 3213 1894 praecise
3252 1818 3407 1890 ipsum

2088 1907 2277 1958 actum
2303 1904 2633 1970 charitatis:
2656 1904 2807 1977 quod
2829 1905 3031 1976 nequit
3052 1901 3289 1959 admitti.

2161 1984 2422 2042 Tandem
2469 1986 2768 2060 arguitur:
2808 1986 3088 2059 quoniam
3118 1985 3178 2039 in
3205 1979 3408 2038 habente
3433 1986 3508 2079 ἓξ

2087 2067 2336 2139 gratiam
2362 2067 2555 2122 omnis
2575 2072 2731 2122 actus
2748 2064 2933 2122 bonus
2955 2065 3250 2123 moraliter
3268 2061 3408 2117 meri·

2088 2147 2271 2204 torius
2314 2153 2399 2204 est
2447 2148 2582 2203 vitae
2627 2153 2889 2203 aeternae:
2947 2146 3052 2202 sed
3099 2161 3213 2202 non
3250 2143 3407 2200 omnis

2091 2229 2413 2300 imperatur
2464 2244 2497 2284 a
2561 2227 2860 2295 charitate,
2917 2243 3106 2300 neque
3166 2232 3281 2282 actu
3335 2239 3409 2280 re-

2092 2309 2277 2365 fertur
2324 2310 2386 2365 in
2429 2308 2552 2381 ejus
2596 2306 2795 2375 finem,
2838 2315 2899 2363 ut
2936 2307 3285 2382 experientia
3310 2306 3411 2377 ipsa

2090 2396 2368 2448 testatur:
2431 2405 2568 2463 ergo
2608 2390 2938 2462 hujusmodi
2978 2389 3300 2463 imperium,
3337 2385 3407 2442 vel

2092 2472 2300 2531 relatio
2329 2487 2447 2528 non
2461 2471 2715 2544 exigitur
2736 2469 2806 2527 ad
2833 2471 3136 2528 meritum.

2167 2555 2297 2610 Haec
2340 2551 2453 2610 duo
2499 2553 2817 2624 posteriora
2844 2558 3186 2626 argumenta
3209 2552 3411 2623 tangunt

2089 2636 2387 2711 graviores
2439 2634 2609 2708 hujus
2663 2636 2921 2692 materia:
2965 2633 3323 2698 difficultates,
3362 2630 3410 2684 in

2090 2733 2337 2792 quarum
2364 2716 2709 2775 enodatione
2732 2715 3095 2774 insudabunt
3112 2715 3290 2780 dubia,
3315 2726 3411 2785 quae

2089 2797 2543 2873 subsequuntur.

2576 2956 2860 3010 DL'BIUM
2901 2958 2971 3011 11.

2098 3109 2299 3167 Utrum
2341 3111 2556 3167 actibus
2580 3112 2867 3183 imperatis
2890 3128 2926 3166 a
2953 3111 3227 3168 charitate
3248 3120 3412 3165 corres-

2160 3193 2401 3266 pondeat
2425 3193 2749 3248 distinctum
2794 3195 3059 3249 „teritum
3104 3194 3174 3248 ab
3208 3210 3279 3255 eu,
3305 3186 3413 3268 quod

2167 3274 2542 3347 correspondet
2568 3276 2706 3347 ipsis
2731 3274 2944 3330 actibus
2968 3275 3261 3332 charitatis
3276 3272 3303 3327 ,Ρ

2167 3439 2539 3497 Ostendimus
2576 3438 2775 3495 meriti
2820 3439 3110 3497 rationem
3138 3443 3300 3511 (inter
3321 3436 3416 3492 vir-

2091 3524 2261 3592 tutes)
2287 3520 2357 3577 ad
2381 3521 2722 3576 charitatem
2743 3536 2844 3593 per
2864 3537 2925 3576 se
2940 3522 3137 3594 primo
3154 3520 3416 3595 pertinere:

2091 3604 2163 3661 ad
2181 3604 2326 3660 alias
2346 3619 2484 3661 vero
2501 3618 2617 3659 non
2636 3604 2750 3659 nisi
2766 3605 3086 3661 secuudum
3101 3603 3246 3678 quod
3259 3614 3418 3659 earum

2091 3691 2248 3743 actus
2299 3703 2333 3742 a
2385 3687 2664 3742 charitate
2712 3687 3097 3758 imperantur.
3137 3683 3418 3743 Videndum

2091 3765 2262 3823 modo
2283 3771 2387 3832 est,
2415 3782 2491 3822 an
2518 3767 2577 3821 in
2607 3765 2938 3840 hujusmodi
2976 3768 3194 3824 actibus
3237 3768 3310 3823 sic
3331 3766 3420 3821 im·

2092 3848 2305 3920 peratis
2349 3847 2426 3903 sit
2467 3848 2742 3904 meritum
2792 3848 3021 3919 aliquod
3065 3850 3206 3923 ipsis
3239 3847 3421 3906 intrin-

2089 3945 2304 3993 secum,
2331 3926 2481 4001 quod
2496 3927 2601 3983 etsi
2630 3944 2663 3982 a
2683 3927 2981 3994 charitate,
2997 3936 3053 3986 et
3074 3937 3201 4002 ejus
3222 3928 3419 3989 actibus,

2091 4016 2369 4084 tanquam
2398 4010 2470 4066 ab
2513 4011 2837 4083 imperante
2863 4019 3058 4070 ortum
3087 4015 3265 4080 ducat,
3294 4009 3425 4068 nihi·

2091 4093 2352 4149 lominus
2396 4092 2473 4146 sit
2506 4090 2842 4149 distinctum
2872 4109 2903 4150 a
2931 4089 3161 4164 merito,
3193 4092 3329 4168 quod
3350 4090 3427 4145 iu·

2091 4175 2338 4230 trinsece
2363 4180 2448 4229 est
2476 4173 2539 4228 in
2587 4173 2727 4245 ipsis
2771 4174 2989 4231 actibus
3013 4173 3430 4233 charitatis.lm·

2095 4258 2258 4327 perat
2320 4253 2449 4325 quis
2494 4255 2576 4322 (v.
2617 4257 2699 4327 g.)
2761 4270 2861 4326 per
2924 4260 3113 4312 aetum
3167 4249 3430 4312 charitatis

2090 4337 2410 4396 intensum.
2444 4341 2500 4391 et
2550 4336 2940 4403 meritorium,
2991 4345 3053 4393 ut
3107 4339 3233 4402 duo,
3270 4341 3431 4393 actum

2090 4416 2442 4471 humilitatis
2481 4431 2638 4487 atque
2677 4416 3014 4473 intensum:
3068 4419 3337 4491 quaeritur
3370 4427 3431 4468 an

2090 4497 2155 4552 in
2183 4502 2424 4568 utroque
2445 4496 2550 4553 illo
2578 4503 2703 4553 actu
2727 4503 2953 4554 tantum
2981 4499 3056 4554 sit
3082 4515 3263 4575 unum
3283 4493 3434 4553 meri·

2091 4583 2213 4634 tum
2235 4585 2296 4633 ut
2315 4579 2443 4644 duo,
2464 4593 2537 4633 an
2555 4593 2694 4635 vero
2716 4580 2779 4635 in
2803 4594 3142 4652 unoquoque
3161 4581 3235 4635 sit
3249 4575 3432 4634 intriu-

2089 4674 2214 4717 sece
2238 4675 2409 4714 suum
2440 4660 2738 4724 meritum,
2772 4675 2890 4717 non
2918 4658 3351 4717 determinando
3372 4669 3435 4712 an

2091 4742 2155 4798 in
2202 4740 2308 4797 hoc
2353 4739 2605 4797 habeant
2654 4741 3078 4799 arithmeticam
3130 4751 3440 4811 correspon-

2090 4822 2371 4889 dentiam,
2403 4822 2502 4878 sed
2528 4824 2716 4879 solum
2746 4828 2943 4880 utrum
2972 4829 3126 4881 actus
3148 4824 3439 4896 imperatus

2090 4904 2299 4962 habeat
2325 4906 2602 4962 meritum
2646 4905 3005 4972 distinctum,
3040 4912 3095 4963 et
3119 4899 3441 4978 superaddat

2092 4985 2312 5061 aliquid
2356 4985 2568 5043 merito
2616 4991 2773 5043 actus
2822 4987 3186 5062 imperantis,
3218 4989 3280 5041 ut
3313 4981 3440 5038 bene

3067 5065 3431 5129 observarunt
