3647 5753
1555 364 1729 418 DISP.
1777 365 1846 431 ΙΙ,
1892 365 2053 421 DUB.
2100 367 2142 422 1.
3129 372 3239 429 329

385 547 577 597 autem
599 557 698 612 per
741 537 1004 612 designat
1039 552 1269 593 causam
1312 524 1646 602 formalem}
1683 540 1746 590 ut

382 636 513 677 cum
565 619 812 676 dicimus
869 617 1168 674 hominem
1222 633 1323 689 per
1386 616 1744 673 intellectum

383 718 734 778 cognoscere.
768 706 925 758 astra
951 715 1054 783 per
1083 700 1266 756 lucem
1296 698 1515 772 fulgere
1567 719 1580 753 z
1608 713 1745 772 ergo

380 787 600 863 justitia
622 784 855 849 Christi,
887 787 942 838 et
964 797 1082 838 non
1111 781 1226 838 alia
1246 781 1435 838 forma
1456 780 1747 837 inhaerens

389 883 492 924 nos
512 864 788 922 emundat
807 880 839 919 a
870 862 1127 935 peccatis,
1171 868 1228 918 et
1259 860 1590 919 reconciliat
1613 877 1743 917 cum

386 951 429 1003 D
505 990 517 1004 .

198 1028 290 1069 se-
434 963 850 1079 egonfirmatur
876 1016 1137 1083 secundo,
1167 1016 1303 1089 quia
1330 1031 1447 1073 non
1479 1015 1622 1072 levis
1651 1015 1741 1072 in·

165 1076 338 1117 ΝΜΟ·
383 1102 540 1176 juria
579 1101 871 1174 irrogatur
903 1097 1140 1171 justitiae
1167 1096 1399 1176 Christi,
1424 1096 1471 1152 si
1499 1096 1740 1158 dicatur.

386 1200 518 1241 eam
539 1197 658 1239 non
678 1196 799 1238 esse
818 1178 1207 1245 sufficientem,
1234 1182 1296 1233 ut
1317 1194 1421 1235 nos
1441 1177 1748 1235 constituat

386 1268 589 1340 justos,
632 1270 688 1320 et
715 1266 827 1319 Deo
848 1268 1094 1334 acceptos
1122 1282 1136 1317 ε
1166 1277 1303 1335 ergo
1348 1266 1551 1332 praeter
1573 1260 1745 1333 justi--

393 1347 535 1403 tiam
564 1344 775 1400 Christi
816 1358 932 1399 non
974 1342 1090 1398 alia
1124 1341 1348 1414 justitia
1393 1339 1748 1397 admittenda

391 1435 495 1494 est,
529 1443 628 1501 per
646 1441 816 1499 quam
839 1421 1236 1498 justificemur.

465 1506 851 1564 confirmatur
896 1505 1084 1570 tertio,
1126 1504 1263 1577 quia
1311 1509 1514 1576 praeter
1552 1501 1749 1559 infini-

389 1597 513 1647 tum
543 1589 693 1646 nihil
734 1594 817 1645 est
843 1587 1114 1660 accipere,
1148 1592 1207 1642 ut
1252 1585 1413 1643 docet
1439 1587 1674 1642 Aristot.
1712 1586 1747 1640 3

387 1673 608 1746 Physic.
639 1671 896 1729 continet
920 1670 1078 1727 enim
1112 1675 1290 1727 totam
1338 1668 1746 1741 perfectionem

386 1773 503 1814 suae
533 1757 736 1812 lineae:
779 1753 877 1811 sed
904 1754 1110 1828 gratia.
1153 1769 1251 1811 seu
1276 1753 1496 1827 justitia
1536 1752 1747 1808 Christi

386 1844 471 1896 cst
515 1836 747 1894 infinita
776 1836 839 1892 in
877 1850 999 1892 esse
1020 1835 1273 1909 justitias,
1322 1840 1378 1891 et
1420 1835 1637 1908 gratioe,
1688 1838 1750 1889 ut

181 1929 346 1973 omno.
387 1918 563 1977 tradit
590 1920 653 1973 D.
674 1917 882 1973 Thom.
912 1917 947 1971 3
970 1933 1024 1988 p.
1058 1923 1238 1994 quoest.
1263 1918 1319 1981 7,
1349 1922 1458 1970 art.
1500 1917 1584 1982 11;
1612 1930 1749 1988 ergo

388 2016 507 2058 non
556 2000 725 2055 datur
768 1998 882 2054 alia
920 1998 1124 2072 gratia,
1171 1998 1263 2053 vel
1297 1995 1519 2070 justitia
1563 2002 1750 2052 creata

388 2086 593 2154 praeter
615 2079 922 2153 J'ustitiam.
945 2085 1000 2135 et
1019 2078 1266 2152 gratiam
1290 2077 1519 2132 Christi.

185 2174 355 2217 satisfit
459 2161 546 2217 Ad
587 2164 995 2235 argumentum
1043 2159 1457 2232 respondemus
1497 2157 1749 2230 particu-

183 2235 351 2318 35,ῗῇ
390 2244 506 2299 lam
529 2259 645 2315 per,
692 2241 756 2296 in
794 2256 895 2295 usu
936 2245 1054 2296 tam
1088 2255 1264 2296 sacrae
1307 2238 1544 2312 paginas,
1575 2253 1746 2311 quam

389 2325 638 2381 aliarum
659 2324 1077 2395 scripturarum
1094 2320 1418 2397 significare
1431 2337 1545 2377 non
1559 2321 1748 2378 solum

387 2421 619 2462 causam
666 2405 994 2471 formalem,
1036 2403 1137 2460 sed
1180 2403 1355 2460 etiam
1407 2400 1743 2467 effectivam,

140 2492 356 2582 Igrmp-lfi
393 2491 513 2540 tam
541 2485 847 2558 physicam,
871 2499 1045 2556 quam
1068 2483 1367 2550 moralem,
1401 2486 1462 2537 ut
1481 2473 1647 2537 Joan.
1686 2482 1703 2535 l
1732 2500 1746 2536 ε

214 2550 323 2631 Οέῗῐ
362 2570 374 2579 ’
393 2565 604 2621 Omnia
629 2583 722 2639 per
741 2567 921 2638 ipsum
943 2561 1093 2627 facta
1112 2572 1240 2619 sunt
1262 2582 1280 2616 .·
1305 2569 1361 2621 et
1383 2560 1653 2619 proverb.
1673 2563 1707 2616 8
1731 2582 1744 2618 ε

397 2649 509 2704 Per
554 2665 633 2703 me
675 2664 816 2718 reyes
855 2655 1125 2717 mquam,-
1150 2652 1207 2703 et
1252 2643 1392 2702 alibi
1425 2659 1591 2717 saepe.
1638 2642 1747 2699 Ubi

392 2733 585 2785 autem
650 2726 906 2801 designet
967 2741 1194 2783 causam
1248 2724 1577 2787 formalem,
1648 2723 1747 2778 ubi

390 2825 529 2867 vero
573 2825 800 2865 causam
845 2808 1183 2870 effectivam,
1221 2821 1292 2863 ex
1319 2805 1442 2879 ipsa
1471 2806 1749 2880 particula

385 2890 539 2947 nude
582 2895 811 2963 sumpta
838 2890 1039 2946 venari
1088 2888 1329 2961 nequit3
1376 2888 1476 2945 sed
1517 2894 1632 2943 tam
1677 2903 1748 2944 ex

380 2977 670 3037 contextu,
702 2985 877 3042 quam
921 2985 995 3026 ex
1028 2974 1237 3025 natura
1265 2984 1481 3034 rerum,
1512 2968 1584 3025 de
1615 2967 1748 3041 qui-

378 3054 489 3109 bus
508 3069 700 3110 sermo
726 3051 811 3116 fit,
844 3049 1231 3125 colligendum
1251 3055 1353 3106 est.
1385 3052 1414 3103 J
1423 3051 1628 3106 ustitiae
1642 3066 1747 3106 au-

379 3142 499 3191 tem
546 3135 815 3192 existenti
863 3133 925 3189 in
987 3132 1214 3190 Christo
1260 3131 1504 3189 Domino
1551 3121 1748 3203 nequit

377 3213 647 3287 adaptari
678 3214 824 3271 ratio
872 3213 1073 3269 formae
1101 3227 1204 3268 nos
1229 3210 1654 3277 sanctificantiS,
1688 3216 1748 3267 ut

373 3302 600 3354 constat
620 3312 692 3353 ex
720 3296 990 3352 hactenus
1032 3292 1236 3350 dictist
1267 3295 1530 3369 congruit
1555 3298 1745 3349 autem

376 3379 602 3451 optime
653 3377 803 3434 ratio
848 3391 1027 3432 causae
1071 3374 1367 3432 efficientis
1409 3374 1743 3432 meritorias.

376 3459 552 3516 Unde
579 3475 710 3516 cum
738 3459 803 3514 in
848 3458 986 3516 locis
1013 3458 1077 3514 in
1118 3459 1222 3515 hoc
1267 3463 1604 3533 argumento
1642 3454 1746 3512 ad-

373 3542 568 3599 ductis
593 3540 805 3597 dicitur
843 3541 1109 3598 homines
1142 3538 1463 3616 justificari,
1497 3544 1594 3597 aut
1618 3537 1745 3595 fieri

379 3625 501 3679 Deo
530 3628 780 3695 acceptos
808 3637 908 3694 per
938 3622 1230 3678 Christum
1261 3621 1595 3686 Dominum,
1625 3620 1748 3677 sive

380 3719 489 3778 per
537 3704 817 3778 justitiam
846 3703 1048 3769 illius;
1099 3703 1158 3777 ly
1183 3721 1296 3776 per,
1345 3718 1462 3758 non
1487 3701 1749 3776 designat

377 3800 619 3841 causam
647 3783 970 3849 formalem,
1017 3781 1114 3840 sed
1141 3783 1460 3839 effectivam
1486 3805 1501 3849 ;
1529 3788 1585 3837 et
1610 3798 1747 3839 sen-

379 3881 487 3920 sus
524 3869 624 3931 est,
655 3865 945 3920 Christum
990 3862 1303 3920 Dominum
1354 3863 1474 3919 suis
1523 3863 1747 3918 meritis

381 3943 725 4010 obtinuisse,
756 3949 819 3999 ut
841 3946 986 4000 Deus
1011 3959 1114 4000 nos
1140 3940 1536 4008 sanctificaret,
1561 3948 1618 3999 et
1635 3940 1747 3997 sibi

381 4029 643 4095 acceptos
663 4022 898 4080 haberet
927 4044 941 4079 ι
965 4038 1066 4096 per
1104 4023 1252 4095 quod
1278 4029 1468 4079 tamen
1497 4037 1616 4077 non
1642 4037 1748 4078 ex-

380 4102 643 4160 cluditur
687 4119 854 4160 causa
894 4102 1156 4159 formalis
1207 4102 1538 4158 intrinseca.
1595 4101 1749 4157 Sicut

379 4202 522 4243 cum
544 4183 752 4258 dicitur
775 4185 1075 4242 infirmum
1096 4184 1291 4241 sanari
1314 4199 1416 4256 per
1436 4181 1743 4250 medicum,

380 4283 514 4326 non
531 4266 935 4342 significamus,
965 4266 1115 4341 quod
1153 4266 1407 4323 medicus
1431 4266 1507 4322 sit
1530 4265 1749 4323 forma-

323 4400 328 4403 ,
383 4351 528 4406 liter
545 4349 699 4405 salus
744 4349 997 4406 hominis
1021 4372 1037 4417 3
1065 4347 1162 4406 sed
1189 4346 1338 4421 quod
1381 4347 1457 4402 sit
1480 4362 1663 4412 causa,
1689 4351 1749 4401 ut

380 4431 550 4487 salus
588 4429 814 4486 homini
856 4431 1205 4496 restituatur,
1250 4428 1444 4500 utique
1495 4428 1744 4493 interna,

381 4510 702 4578 inhaerens,
733 4516 790 4567 et
833 4509 1100 4567 distincta
1118 4507 1189 4564 ab
1216 4514 1339 4564 arte
1369 4506 1593 4564 medici.
1627 4510 1750 4571 Quo

102 4578 105 4661 ξ
151 4609 316 4650 τηου
376 4594 656 4665 exemplo
701 4592 883 4649 utitur
935 4593 999 4648 D.
1045 4591 1249 4647 Thom.
1306 4591 1341 4645 3
1371 4594 1516 4661 part.
1547 4594 1745 4661 quaest.

375 4678 485 4740 49,
512 4679 619 4730 art.
659 4675 678 4728 l
725 4671 804 4728 ad¹
823 4673 878 4739 3,
910 4671 1009 4727 ubi
1035 4671 1116 4726 ait
1145 4691 1159 4727 z
1187 4691 1211 4722 «
1236 4667 1569 4734 Dicendum,
1599 4668 1751 4741 quod

382 4781 414 4810 a
448 4754 712 4810 Christus
738 4769 842 4810 sua
868 4752 1133 4828 passione
1161 4766 1263 4806 nos
1291 4766 1325 4806 a
1351 4750 1587 4822 peccatis
1614 4749 1752 4806 libe-

382 4862 413 4892 «
450 4834 606 4892 ravit
624 4834 952 4894 causaliter.
981 4831 1146 4890 idest,
1177 4830 1486 4887 instituens
1522 4845 1751 4887 causam

383 4942 411 4969 «ι
449 4920 663 4972 nostrae
691 4911 1071 4979 liberationis,
1103 4925 1176 4967 ex
1200 4926 1312 4983 qua
1341 4915 1568 4982 possent
1591 4925 1754 4983 quae-

383 5031 412 5060 a
444 5010 695 5069 cumque
744 4998 966 5067 peccata
1017 4992 1257 5060 remitti,
1302 4992 1396 5048 vel
1440 4992 1746 5064 praeterita,

535 5079 826 5140 Salmant.
859 5073 1024 5135 Curs.
1054 5074 1278 5146 theoloy.
1301 5080 1429 5130 tom.
1475 5070 1545 5131 Χ.

178 1520 346 1564 Tertio.

158 1570 340 1613 Ari-stoi.

1886 558 1912 589 α
1945 538 2032 594 vel
2061 539 2380 611 praesentia,
2413 541 2505 598 vel
2530 541 2721 601 futura
2753 561 2766 596 ε
2796 542 2941 598 sicut
2961 544 3008 598 si
3051 541 3235 599 medi-

1886 640 1912 673 α
1940 635 2038 676 cus
2091 620 2261 678 faciat
2318 622 2686 691 medicinam,
2741 640 2814 680 ex
2859 641 2970 697 qua
3023 626 3238 697 possint

1887 723 1913 753 α
1940 702 2283 776 quicumque
2308 705 2500 762 morbi
2539 706 2753 772 sanari,
2785 706 2959 763 etiam
2989 708 3050 762 in
3078 708 3245 773 fatue

1885 802 1911 833 ι(
1944 797 2095 838 rum.
2120 803 2147 834 n
3113 809 3117 813 ’

1957 862 2120 919 Unde
2139 863 2314 920 etiam
2357 871 2507 937 patet
2533 866 2603 922 ad
2632 867 2884 938 primam
2924 862 3439 953 confirma-{ffsspg'ff

1882 942 2138 1010 tionem;
2178 960 2313 1000 nam
2356 947 2685 1003 testimonia
2727 948 2788 1003 in
2815 963 2883 1003 ea
2925 951 3104 1005 relata
3153 949 3426 1011 fa-piimam

1881 1024 2041 1093 ciunt
2085 1025 2331 1082 eundem
2381 1043 2661 1098 sensum3
2708 1028 3035 1103 significant
3078 1032 3236 1087 enim
3276 1009 3424 1101 fflffigl

1882 1105 2172 1162 Christum
2199 1108 2507 1165 Dominum
2533 1125 2655 1166 esse
2674 1126 2903 1166 causam
2934 1114 3232 1179 moralem,
3288 1117 3397 1151 ⁰0¹³·

1884 1190 2114 1258 propter
2138 1203 2310 1259 quam
2339 1190 2486 1245 Deus
2508 1189 2672 1246 nobis
2707 1190 2948 1247 remittit
2971 1198 3189 1264 peccata
3220 1216 3232 1259 ;

1880 1265 1978 1321 sed
2008 1281 2125 1323 non
2164 1267 2492 1335 excludunt,
2536 1268 2684 1342 quod
2714 1271 3084 1327 remittantur
3137 1288 3239 1345 per

1884 1346 2133 1404 formam
2173 1349 2567 1408 intrinsecam.
2602 1353 2743 1409 Cum
2791 1360 2981 1410 autem
3028 1354 3238 1410 dicitur

1883 1428 2142 1485 Christus
2162 1431 2440 1487 Dominus
2454 1447 2574 1489 esse
2589 1433 2830 1505 justitia,
2844 1434 3233 1501 sanctificatio,

1881 1514 1939 1566 et
1967 1509 2284 1582 redemptio
2309 1518 2521 1573 nostra.
2553 1529 2754 1570 sensus
2776 1531 2892 1571 non
2914 1521 2998 1572 est
3020 1516 3239 1574 forma-

1885 1589 1977 1655 lis,
2007 1589 2105 1646 sed
2144 1591 2387 1647 causalis
2421 1612 2433 1647 ε
2462 1593 2608 1649 sicut
2634 1610 2764 1649 cum
2802 1596 3092 1653 Deuteron.
3143 1600 3234 1664 30,
3270 1591 3433 1681 ”mgb

1883 1670 2092 1727 dicitur
2130 1670 2200 1727 de
2248 1674 2398 1729 Deo:
2430 1673 2563 1741 Ipsa
2600 1684 2678 1731 est
2716 1679 2833 1733 vita
2884 1686 2982 1735 tua
3007 1698 3028 1747 ‚·
3071 1680 3235 1747 idest,
3271 1649 3362 1683 Μ’
3440 1672 3448 1679 ’

1883 1767 2049 1808 causa
2073 1756 2180 1808 tuae
2208 1753 2336 1809 vitae
2361 1777 2376 1820 ;
2405 1758 2461 1810 et
2502 1756 2669 1812 Joan.
2707 1759 2771 1813 10
2802 1778 2816 1814 ε
2851 1758 2964 1830 Εῃο
2982 1778 3106 1816 sum
3149 1779 3239 1817 re-
3253 1754 3430 1798 ³⁰²¹¹J⁰
3459 1782 3469 1792 ·

1882 1834 2164 1897 surrectio,
2206 1840 2256 1887 et
2281 1836 2439 1900 vita‚·
2466 1834 2571 1891 hoc
2588 1841 2689 1902 est,
2733 1853 2900 1894 causa
2947 1857 3239 1905 resurrec-

1884 1913 2138 1978 tionis,et
2158 1913 2287 1970 vitae
2307 1934 2321 1968 ε
2346 1930 2446 1986 per
2459 1915 2608 1986 quod
2628 1918 2876 1975 minime
2895 1921 3235 1989 excluditur,

1884 1994 2035 2066 quod
2080 1994 2343 2051 homines
2392 1996 2638 2052 habeant
2687 1999 2887 2065 vitam,
2927 2008 3042 2058 tam
3071 2010 3240 2060 natu-

1887 2075 2090 2139 ralem,
2133 2090 2304 2147 quam
2344 2079 2840 2149 supernaturalem
2878 2096 2910 2136 a
2959 2084 3069 2139 Deo
3121 2083 3241 2139 dis-

1884 2155 2142 2211 tinctam.

1957 2235 2044 2290 Ad
2088 2234 2394 2291 secundam
2452 2235 2952 2297 confirmationem
3004 2249 3243 2317 negatur
3282 2245 3427 2290 Adse-

1885 2314 2223 2371 antecedens
2250 2339 2263 2382 ;
2288 2316 2423 2389 quia
2456 2316 2680 2389 justitia
2721 2325 2917 2376 nostra
2959 2295 3450 2391 formalis’eundam.

1884 2401 1939 2454 et
1966 2396 2281 2453 intrinseca
2330 2403 2414 2454 est
2452 2399 2681 2455 effectus
2708 2401 2972 2458 formalis
3010 2404 3246 2477 justitiae

1884 2477 2099 2533 Christi
2141 2479 2375 2535 Domini
2405 2480 2466 2536 in
2492 2497 2700 2554 genere
2744 2499 2926 2541 causae
2952 2486 3248 2544 efficientis

1885 2558 2238 2616 meritoriae:
2271 2559 2421 2616 unde
2448 2562 2612 2617 nulla
2654 2561 2717 2618 fit
2765 2563 2984 2637 injuria
3013 2566 3250 2639 justitiae

1887 2638 2101 2695 Christi
2154 2639 2385 2695 Domini
2438 2636 2540 2713 per
2585 2641 2707 2707 hoc,
2777 2645 2928 2716 quod
2991 2645 3248 2716 dicamus

1883 2721 2064 2777 Deum
2088 2719 2159 2777 ob
2179 2721 2301 2794 ejus
2328 2721 2538 2778 merita
2565 2722 2730 2779 nobis
2758 2725 3068 2784 infundere
3089 2730 3252 2803 justi-

1886 2800 2027 2857 tiam
2063 2801 2465 2858 inhaerentem.
2500 2803 2684 2859 Immo
2714 2820 2849 2861 vero
2892 2806 3025 2864 hinc
3067 2811 3248 2884 magis

1884 2882 2183 2938 extollitur
2205 2882 2418 2938 Christi
2436 2882 2679 2956 justitia,
2711 2900 2835 2955 quae
2863 2892 3020 2944 tanta
3057 2895 3160 2955 est,
3188 2895 3249 2946 ut

1886 2978 1990 3018 nos
2015 2960 2219 3019 efficiat
2242 2969 2483 3030 sanctos,
2516 2969 2684 3036 atque
2704 2981 2737 3021 a
2759 2974 2981 3037 peccato
3013 2969 3242 3037 liberos,

1886 3058 2002 3099 non
2047 3060 2148 3117 per
2173 3044 2357 3100 solam
2398 3043 2931 3104 denominationem
2958 3052 3247 3109 extrinse-

1883 3139 2028 3189 cam,
2054 3123 2151 3180 sed
2184 3122 2470 3180 causando
2492 3122 2761 3194 formam,
2789 3144 2890 3199 per
2936 3146 3106 3201 quam
3152 3133 3246 3189 in-

1884 3203 2149 3270 trinsece,
2193 3209 2250 3260 et
2276 3202 2761 3278 formaliterjusti
2806 3214 3244 3269 constituamur.

1883 3283 2038 3339 Sicut
2079 3284 2328 3340 minime
2350 3284 2627 3356 sequitur,
2673 3286 2853 3343 vitam
2878 3292 2977 3347 Dei
3019 3293 3244 3351 increa-

1882 3370 2002 3421 tam
2028 3381 2149 3422 esse
2169 3365 2580 3438 imperfectam,
2598 3367 2733 3439 quia
2754 3370 2945 3427 vivam
2956 3390 3016 3428 us
3036 3391 3133 3446 per
3162 3377 3243 3431 vi-

1886 3452 2002 3503 tam
2028 3452 2277 3504 creatam
2294 3447 2366 3504 ab
2390 3464 2459 3505 ea
2479 3447 2826 3515 distinctam,
2852 3468 3023 3523 quam
3046 3462 3239 3514 tamen

1883 3528 2001 3584 vita
2027 3527 2129 3584 Dei
2146 3526 2370 3584 efficiat.

1955 3607 2043 3663 Ad
2083 3608 2313 3665 tertiam
2341 3606 2603 3676 dicimuS,
2634 3625 2867 3666 sensum
2899 3617 3233 3687 propositio·
3272 3632 3428 3676 liuter-

1885 3690 1978 3746 nis
1999 3688 2331 3762 Philosophi
2368 3704 2510 3753 esse,
2553 3689 2698 3762 quod
2729 3691 3025 3753 infinitum
3052 3707 3239 3756 careat
3280 3682 3393 3726 ‘¹³⁰¹‘

1885 3773 2151 3829 terminis
2178 3772 2333 3828 intra
2361 3771 2652 3844 propriam
2695 3773 2907 3834 lineam
2936 3802 2948 3837 :
2992 3782 3238 3839 minime

1884 3870 2040 3921 vero,
2071 3854 2219 3928 quod
2240 3860 2404 3913 extra
2432 3851 2728 3913 infinitum
2758 3860 2908 3916 nihil
2949 3863 3106 3918 aliud
3137 3865 3239 3922 de-

1884 3939 1978 3990 tur
2004 3956 2017 3991 :
2048 3941 2266 3992 constat
2289 3936 2500 4010 quippe
2541 3936 2720 3994 Deum
2760 3955 2881 3997 esse
2907 3957 3009 3996 ens
3038 3943 3239 4001 infini-

1885 4021 2026 4081 tum,
2053 4022 2258 4089 praeter
2276 4018 2426 4090 quod
2441 4024 2633 4076 tamen
2648 4019 2858 4077 dantur
2879 4023 3034 4080 entia
3054 4033 3241 4083 creata

1884 4094 1955 4152 ab
1975 4111 2042 4153 eo
2066 4096 2350 4154 distincta.
2383 4099 2473 4155 Sic
2502 4115 2637 4173 ergo
2665 4101 2796 4158 licet
2818 4103 3003 4176 gratia
3029 4105 3238 4162 Christi

1886 4178 2117 4235 Domini
2144 4177 2222 4233 sit
2245 4178 2478 4237 infinita
2504 4181 2567 4241 in
2596 4197 2717 4239 esse
2743 4184 2963 4256 gratiae,
2996 4185 3242 4243 minime

1883 4260 2151 4326 excludit,
2195 4260 2344 4333 quod
2392 4269 2594 4335 praeter
2639 4264 2822 4337 ipsam
2863 4265 3072 4323 dentur
3113 4270 3242 4325 aliae

1882 4342 2100 4416 gratiae,
2131 4347 2187 4397 et
2213 4343 2539 4400 sanctitates
2578 4344 2910 4400 hominibus
2951 4348 3275 4406 inhaeren-‘

1886 4429 1985 4489 teS,
2021 4438 2121 4495 per
2142 4438 2282 4494 quas
2304 4423 2441 4495 justi
2467 4423 2779 4482 intrinsece
2799 4428 3239 4486 constituantur.

1885 4503 2038 4557 Sicut
2066 4502 2241 4558 etiam
2266 4504 2366 4559 lux
2392 4505 2539 4561 Solis
2559 4509 2642 4562 est
2664 4503 2896 4562 infinita
2917 4507 2979 4564 in
3001 4524 3122 4567 esse
3153 4512 3246 4567 lu-

1884 4583 2010 4648 cis;
2058 4586 2114 4637 et
2159 4581 2548 4640 nihilominus
2584 4600 2704 4641 non
2738 4587 2906 4653 tollit,
2954 4589 3102 4661 quod
3131 4592 3245 4647 alia
3336 4637 3341 4640 ,

1885 4678 2125 4736 corpora
2176 4663 2294 4718 sint
2342 4665 2529 4722 lucida
2575 4666 2900 4725 formaliter
2930 4687 3030 4743 per
3061 4674 3242 4730 lucem

1884 4743 1997 4799 sibi
2039 4743 2444 4813 inhaerentem,
2491 4751 2548 4802 et
2573 4763 2605 4803 a
2628 4748 2750 4803 luce
2769 4750 2915 4806 Solis
2939 4754 3245 4826 participa-

1886 4830 2028 4880 tam.
2085 4823 2190 4879 Cui
2246 4830 2539 4897 comparat
2605 4829 2668 4882 D.
2738 4829 2942 4887 Thom.
2998 4835 3241 4906 gratiam
3280 4848 3437 4889 Dxrno.

1888 4904 2103 4962 Christi
2133 4905 2244 4961 loco
2269 4907 2429 4961 citat.
2470 4908 2531 4962 in
2555 4909 2662 4973 fine
2701 4914 2960 4982 corporiS,
3000 4913 3090 4968 his
3115 4930 3245 4971 ver-

1887 4986 1977 5044 bis
2005 5006 2019 5043 :
2054 5008 2079 5039 «
2111 4986 2309 5042 Gratia
2336 4991 2516 5059 potest
2553 4988 2905 5047 considerari
2931 4994 3245 5051 secundum

3030 5078 3101 5132 22
