3647 5753
439 380 549 435 468
1313 404 1318 409 ·
1366 373 1459 428 DE
1497 367 2081 423 JUSTIFICATIONE
2121 367 2327 420 IMPII.

225 569 401 660 3333-
441 547 664 636 existat,
718 561 833 635 ¹.¹⁰.¹.¹
864 545 1033 634 plane
1072 541 1553 632 satisfacitaquia
1588 537 1799 627 Inniti-

267 650 275 659 =
397 648 404 657 ·
445 635 536 685 tur
560 642 860 699 principiis
886 640 1085 679 minus
1117 621 1548 681 communibus;
1588 624 1645 676 et
1664 633 1800 690 quia

442 707 698 783 objectio,
729 720 901 777 quam
933 703 1155 761 diluere
1196 700 1462 770 intendit,
1495 703 1676 773 potest
1698 698 1802 755 de-

445 805 560 846 nuo
585 786 885 844 efficaciter
926 778 1240 842 instaurari
1287 784 1404 841 alia
1448 781 1680 854 replica,
1713 777 1801 835 cui

445 867 723 943 applicari
753 882 871 924 non
902 867 1075 923 valet.
1114 867 1212 920 Est
1242 881 1383 922 vero
1423 858 1752 935 hujusmodi
1785 882 1800 915 :

445 950 720 1024 quoniam
773 947 936 1004 nulla
981 945 1237 1019 operatio
1265 949 1446 1017 potest
1482 940 1805 1015 dependere

449 1038 722 1106 tanquam
770 1046 802 1086 a
836 1028 1121 1101 principio
1163 1027 1393 1101 physice
1431 1024 1708 1083 efficiente
1736 1020 1806 1077 ab

450 1106 555 1171 illa
578 1112 782 1177 forma,
809 1125 981 1182 quam
996 1108 1250 1165 effective
1261 1107 1491 1181 physice
1512 1102 1804 1178 producit;

450 1194 707 1265 alioquin
728 1197 873 1247 esset
894 1190 1072 1262 prior,
1097 1194 1153 1246 et
1175 1189 1473 1262 posterior,
1502 1200 1675 1260 quam
1703 1183 1808 1238 illa

452 1276 517 1332 in
541 1273 739 1331 eodem
766 1270 1029 1343 proximo
1068 1268 1342 1326 causandi
1382 1280 1612 1341 genere,
1656 1260 1807 1337 quod

448 1360 532 1413 est
551 1351 907 1426 impossibile
930 1373 942 1406 ε
966 1350 1063 1407 sed
1092 1356 1248 1407 actus
1287 1345 1650 1406 contritionis
1672 1359 1810 1417 pro-

446 1435 603 1493 ducit
628 1432 938 1507 aliquando
976 1434 1224 1508 gratiam
1263 1427 1715 1488 sanctificantem
1747 1424 1810 1480 in

446 1533 657 1593 genere
684 1530 863 1572 causae
888 1513 1185 1570 efficientis
1214 1511 1445 1586 physice
1471 1526 1485 1561 ε
1529 1523 1667 1582 ergo
1692 1521 1811 1562 non

450 1595 731 1670 dependet
751 1594 821 1651 ab
852 1594 955 1650 illo
972 1593 1034 1650 in
1057 1592 1323 1666 praedicto
1344 1604 1572 1665 genere,
1597 1592 1654 1644 et
1672 1602 1812 1642 con-

451 1683 752 1751 sequenter
791 1691 895 1738 nec
922 1674 1208 1740 contritio,
1242 1689 1346 1729 nec
1374 1685 1539 1726 amor
1558 1668 1813 1724 charita·

454 1761 528 1816 tis
549 1758 761 1816 habent
774 1758 1138 1815 essentialem
1168 1752 1614 1828 dependentiam
1636 1765 1664 1804 a
1688 1763 1815 1821 gra-

454 1841 536 1897 tia
556 1837 961 1905 sanctificante,
994 1842 1267 1908 tanquam
1291 1850 1324 1890 a
1346 1830 1631 1907 principio
1657 1828 1815 1884 effec-

456 1922 594 1978 tivo.
629 1923 879 1992 Utraque
898 1916 1303 1991 consequentia
1329 1918 1501 1987 patet.
1526 1912 1595 1964 Et
1620 1909 1815 1964 minor

456 2003 727 2061 suadetur
755 2001 1065 2074 :quoniam
1088 2001 1522 2054 Sacramentum
1540 1992 1817 2066 poeniten-

461 2088 575 2155 tiae,
601 2091 657 2143 et
697 2086 819 2159 ejus
849 2089 1037 2158 partes
1081 2087 1216 2136 sunt
1243 2080 1630 2136 instrumenta
1669 2073 1818 2146 phy-

459 2169 573 2224 sice
592 2166 890 2223 efficientia
914 2163 1162 2239 gratiam
1182 2154 1820 2228 sanctificantem,juxta

461 2263 830 2306 communem
881 2244 1312 2301 'l'homistarum
1389 2237 1734 2295 sententiam
1780 2233 1819 2289 3

459 2337 610 2404 part.
636 2349 685 2402 q.
716 2332 809 2394 62,
845 2327 1224 2383 asserentium
1253 2324 1622 2379 Sacramenta
1660 2331 1822 2373 novae

467 2412 630 2485 Legis
655 2427 775 2467 esse
798 2410 1185 2465 instrumenta
1202 2406 1432 2479 physica
1454 2402 1670 2459 divitrae
1696 2398 1825 2454 vir-

466 2492 605 2547 tutis
628 2492 690 2545 in
718 2489 920 2546 ordine
943 2486 1013 2544 ad
1055 2488 1285 2543 effectus
1313 2484 1453 2558 ipsis
1486 2494 1825 2551 correspon-

467 2572 665 2629 dentes
698 2590 710 2625 :
740 2569 837 2625 sed
885 2568 1153 2625 contritio
1200 2562 1508 2638 aliquando
1559 2566 1643 2617 est
1694 2573 1826 2629 pars

467 2650 819 2708 sacramenti
846 2648 1193 2721 poenitentiae
1226 2667 1238 2701 ε
1261 2660 1395 2718 ergo
1416 2642 1582 2699 efficit
1604 2641 1827 2695 instru-

471 2732 801 2788 mentaliter
829 2729 1058 2802 physice
1078 2727 1326 2803 gratiam
1353 2721 1821 2781 sanctificantem.

288 2822 440 2867 Evasio
542 2812 670 2867 241.
703 2813 815 2864 Nec
845 2808 1019 2864 refert
1056 2807 1105 2861 si
1152 2805 1390 2869 dicatur,
1422 2800 1829 2859 contritionem

263 2873 440 2967 ”Jffffl‘
469 2908 594 2965 quae
619 2897 704 2947 est
745 2907 876 2962 pars
908 2887 1262 2945 sacramenti
1293 2882 1660 2959 poenitentiae,
1691 2895 1829 2951 sup-

474 2976 608 3051 poni
658 2973 989 3047 productam
1017 2976 1149 3027 ante
1176 2969 1449 3024 ultimum
1495 2965 1736 3028 instanS,
1769 2962 1832 3016 in

472 3075 585 3133 quo
610 3056 755 3113 illud
795 3059 1227 3111 Sacramentum
1267 3050 1435 3108 efficit
1459 3063 1628 3104 suum
1662 3043 1834 3101 effec-

468 3145 594 3195 tum
615 3163 628 3206 ;
647 3143 704 3195 et
722 3136 995 3192 similiter
1015 3148 1335 3207 supponere
1357 3128 1684 3204 praedictam
1706 3139 1836 3199 gra-

471 3222 634 3285 tiam,
659 3236 692 3275 a
713 3235 822 3291 qua
849 3216 1118 3274 contritio
1140 3216 1263 3288 ipsa
1289 3210 1570 3285 dependet
1603 3230 1615 3265 :
1646 3208 1712 3263 in
1740 3206 1836 3261 ul-

472 3301 616 3357 timo
662 3305 851 3355 autem
883 3296 1122 3352 instanti
1161 3310 1281 3351 non
1318 3292 1536 3350 efficere
1562 3288 1832 3364 gratiam,

473 3382 570 3439 sed
594 3380 902 3454 producere
927 3381 1047 3453 ejus
1075 3381 1483 3450 augmentum;
1517 3379 1682 3446 atque
1711 3370 1838 3427 ideo

476 3465 723 3522 minime
764 3462 989 3527 inferri,
1021 3459 1170 3534 quod
1194 3458 1398 3516 efficiat
1420 3472 1587 3512 suum
1618 3452 1840 3527 princi-

480 3549 639 3622 pium
679 3545 1022 3612 effectivum,
1066 3542 1164 3599 sed
1192 3543 1400 3607 solum,
1431 3537 1580 3613 quod
1623 3537 1841 3608 depen-

477 3630 606 3687 deat
622 3645 652 3684 a
668 3628 853 3702 gratia
867 3641 991 3682 secu
1001 3616 1572 3680 ndum'substantiam
1595 3621 1836 3688 accepta,

476 3716 536 3768 et
558 3707 707 3783 quod
734 3706 936 3764 efficiat
962 3721 1089 3761 eam
1132 3719 1249 3761 non
1288 3703 1367 3758 ita
1405 3703 1713 3771 sumptam,
1743 3693 1843 3752 sed

483 3797 544 3848 ut
584 3792 872 3846 intensam
907 3810 919 3844 ε
949 3786 1019 3843 ad
1058 3784 1205 3859 quod
1233 3783 1370 3839 satis
1396 3787 1498 3848 est,
1529 3777 1678 3852 quod
1709 3793 1845 3850 pro-

479 3872 647 3928 ducat
674 3869 909 3925 modum
938 3865 1332 3924 intensionis..

560 3953 695 4016 Hoc,
729 3950 980 4021 inquam,
1014 3962 1131 4002 non
1157 3945 1331 4001 refert
1357 3965 1370 4000 :
1400 3947 1523 3998 tum
1551 3939 1686 4013 quia
1711 3953 1847 4013 gra-

485 4038 567 4092 tia
593 4035 655 4091 in
678 4034 839 4089 nullo
880 4029 1119 4086 instanti
1161 4026 1331 4084 habet
1356 4025 1498 4081 duos
1524 4021 1723 4079 modos
1751 4020 1847 4076 in-

487 4115 783 4179 tensioniS,
827 4111 925 4168 sed
969 4111 1205 4167 unicum
1251 4112 1508 4172 tantum3
1541 4119 1646 4160 nec
1683 4115 1849 4175 agere

487 4197 640 4253 valet
661 4193 774 4249 nisi
792 4197 850 4247 ut
866 4190 1062 4247 assecta
1077 4189 1267 4261 aliquo
1283 4183 1626 4242 intensionis
1643 4178 1812 4236 modo
1834 4198 1847 4233 ε

481 4279 582 4336 sed
609 4275 875 4334 contritio
904 4274 966 4329 in
997 4269 1255 4336 instanti,
1307 4269 1371 4325 in
1418 4282 1530 4340 quo
1556 4262 1851 4337 perficitur

487 4361 921 4416 Sacramentum
946 4352 1317 4426 poenitentiae,
1338 4347 1598 4422 producit
1621 4341 1853 4417 physice

488 4441 690 4496 saltem
719 4439 968 4509 aliquem
993 4432 1228 4490 modum
1257 4426 1622 4491 intensioniS,
1656 4430 1716 4480 ut
1737 4423 1856 4479 haec

494 4519 789 4594 responsio
835 4515 1105 4580 admittit,
1148 4519 1203 4570 et
1241 4510 1441 4586 negari
1482 4523 1601 4565 non
1641 4507 1794 4564 valet
1838 4523 1852 4559 z

494 4617 631 4676 ergo
652 4615 770 4656 non
790 4596 1070 4671 dependet
1090 4611 1122 4651 a
1142 4593 1326 4669 gratia
1345 4596 1618 4662 tanquam
1644 4603 1675 4643 a
1699 4584 1857 4659 prin-

491 4682 645 4756 cipio
692 4678 924 4754 physice
966 4693 1093 4735 eam
1146 4674 1412 4731 eliciente
1443 4694 1457 4737 ;
1510 4671 1604 4726 vel
1653 4664 1855 4725 eodem

500 4769 658 4837 pacto
696 4759 975 4834 dependet
1019 4757 1090 4814 ab
1137 4757 1241 4812 illo
1286 4752 1457 4810 modo
1484 4747 1851 4812 intensionis,

492 4861 666 4916 quem
690 4848 825 4899 tunc
845 4846 968 4898 actu
999 4836 1277 4912 producit,
1307 4832 1456 4909 quod
1482 4835 1567 4890 est
1588 4827 1859 4902 impossi-

499 4928 635 4985 bile.
681 4928 829 5002 Tum
873 4922 1070 4988 etiam,
1112 4926 1169 4978 et
1209 4916 1520 4993 urgentiuS,
1568 4913 1704 4987 quia
1730 4909 1859 4968 fieri

501 5012 701 5080 potest,
746 5010 809 5062 ut
835 5005 1008 5060 homo
1048 5017 1165 5060 non
1205 4998 1396 5057 eliciat
1428 4994 1856 5060 contritionem,

1925 2728 2020 2781 ‘in
2046 2725 2139 2779 lib.
2162 2726 2226 2778 de
2241 2729 2484 2791 yenerat.
2512 2724 2656 2795 disp.
2685 2724 2739 2785 4,
2771 2728 2954 2797 qitaest.
2978 2722 3032 2774 8.
3062 2716 3320 2773 Eandem

1933 536 2025 592 vel
2053 535 2236 592 alium
2264 533 2521 591 dolorem
2546 532 2885 589 inferiorem
2916 546 3091 604 usque
3117 528 3189 584 ad
3219 530 3306 585 ul·

1933 617 2141 672 timum
2158 617 2399 680 instans,
2422 616 2484 670 in
2505 629 2616 686 quo
2658 612 2952 686 perficitur
2967 614 3305 667 Sacramen-

1933 701 2057 752 tum
2086 695 2457 768 poenitentiae:
2487 700 2543 751 et
2569 692 2868 766 quodtunc
2895 690 3307 750 contritionem

1934 779 2127 837 eliciat
2158 800 2171 834 :
2202 779 2265 835 in
2292 794 2404 851 quo
2442 781 2652 835 eventu
2689 775 2979 839 contritio,
3015 779 3075 828 ut
3102 773 3307 828 Sacra-

1935 862 2120 918 menti
2162 878 2313 935 parS,
2349 859 2607 933 producit
2637 859 2893 915 effective
2920 855 3154 931 physice
3181 854 3311 928 pri-

1937 960 2094 1001 mam
2118 944 2388 1018 gratiam,
2414 960 2540 1017 quae
2562 943 2623 998 in
2644 958 2713 999 eo
2732 945 2941 999 eventu
2965 944 3067 1006 est,
3097 942 3159 993 ut
3177 953 3311 1009 sup-

1900 1084 1906 1089 ,
1939 1025 2225 1098 ponimus,
2250 1024 2476 1081 effectus
2503 1023 2856 1080 sacramenti
2888 1039 2900 1073 :
2933 1032 3069 1093 ergo
3114 1018 3178 1074 in
3205 1018 3307 1073 tali

1939 1121 2069 1162 casu
2098 1105 2295 1178 nequit
2309 1104 2578 1161 contritio
2600 1102 2903 1176 procedere
2924 1117 2956 1157 a
2977 1099 3164 1174 gratia
3187 1102 3311 1154 tan-

1939 1204 2110 1262 quam
2152 1204 2184 1244 a
2226 1187 2510 1260 principio
2552 1185 2809 1243 effectivo
2850 1183 3117 1258 physice;
3161 1180 3309 1237 alio-

1940 1268 2081 1342 quin
2107 1273 2254 1325 esset
2283 1268 2459 1341 prior,
2490 1272 2547 1323 et
2574 1265 2874 1339 posterior,
2907 1280 3082 1337 quam
3112 1263 3215 1318 illa
3245 1260 3307 1316 in

1940 1347 2140 1406 eodem
2153 1364 2371 1422 ,genere
2391 1364 2489 1404 cau
2498 1363 2574 1403 sae
2597 1343 2882 1419 proximo.

2015 1430 2146 1485 242.
2176 1427 2261 1483 Ab
2295 1429 2399 1484 hac
2429 1426 2777 1493 difficultate,
2810 1441 2935 1497 quae
2957 1440 3075 1481 non
3104 1421 3308 1479 leviter
3342 1408 3522 1509 &2¹3ss

1945 1510 2164 1584 pungit,
2198 1508 2364 1565 facile
2389 1524 2450 1564 se
2488 1506 2874 1580 explicabunt,
2906 1505 3005 1578 qui
3051 1506 3311 1560 asserunt
3370 1506 3456 1549 sio-

1944 1589 2331 1646 intensionem
2376 1590 2719 1660 qualitatum
2764 1584 2887 1642 fieri
2921 1601 3021 1656 per
3063 1582 3310 1639 additio-

1944 1685 2080 1724 nem
2109 1669 2322 1724 realem
2351 1668 2558 1742 gradus
2588 1667 2654 1743 ad
2683 1667 2961 1739 gradum3
3005 1661 3313 1736 responde·

1947 1748 2090 1819 bunt
2110 1750 2269 1805 enim
2296 1756 2411 1805 tam
2440 1748 2502 1803 in
2526 1764 2650 1803 casu
2679 1748 2967 1820 augmenti
2993 1745 3193 1819 gratim
3215 1756 3313 1814 per

1947 1835 2101 1885 actus
2127 1829 2427 1884 charitatis
2454 1827 2740 1892 fortiores,
2772 1843 2944 1899 quam
2987 1826 3050 1881 in
3078 1828 3309 1886 eventu,

1947 1928 2059 1985 quo
2085 1911 2365 1967 ‘contritio
2411 1910 2674 1967 eliciatur
2716 1910 2779 1965 in
2823 1908 3027 1964 ultimo
3076 1905 3313 1961 instanti

1948 1993 2322 2051 terminativo
2362 1993 2715 2048 Sacramenti
2759 1989 3129 2063 poenitentias,
3163 2003 3316 2060 prae-

1950 2076 2128 2133 dictos
2156 2081 2308 2131 actus
2333 2075 2462 2131 elici
2492 2091 2525 2130 a
2550 2073 2891 2145 quibusdam
2935 2072 3134 2147 gratiae
3180 2085 3318 2143 gra-

1952 2157 2137 2224 dibus,
2162 2164 2218 2215 et
2237 2156 2454 2214 efficere
2479 2157 2621 2213 alios
2641 2155 2851 2230 gradus
2875 2154 3107 2212 realiter
3129 2151 3321 2207 diver-

1951 2257 2062 2304 sos,
2094 2256 2151 2295 v.
2175 2255 2227 2312 g.
2260 2237 2394 2294 elici
2423 2254 2456 2293 a
2498 2238 2684 2312 gratia
2710 2242 2770 2291 ut
2795 2241 3059 2307 quatuor,
3091 2239 3146 2289 et
3192 2230 3317 2288 effi-

1953 2337 2080 2378 cere
2125 2320 2299 2376 aliam
2327 2319 2572 2392 gratiam
2615 2323 2674 2373 ut
2712 2324 2972 2389 quatuor,
3008 2331 3078 2371 ex
3111 2311 3319 2385 quibus

1956 2402 2276 2475 integratur
2303 2400 2488 2473 gratia
2519 2398 2745 2455 intensa
2767 2403 2827 2452 ut
2848 2404 2990 2453 octo.
3013 2394 3189 2450 Nobis
3215 2409 3321 2447 au-

1956 2488 2071 2538 tem
2121 2480 2386 2554 prodesse
2436 2479 2633 2551 nequit
2677 2479 2770 2534 hic
2816 2475 3040 2534 dicendi
3093 2472 3315 2535 modus,

1957 2577 2126 2635 quem
2175 2561 2384 2616 falsum
2429 2560 2827 2631 supponimus,
2870 2565 2927 2614 et
2973 2561 3036 2612 D.
3088 2555 3323 2611 Thomae

1958 2642 2332 2708 contrarium,
2379 2636 2439 2696 ut
2479 2643 2590 2697 late
2637 2639 2880 2713 probant
2915 2642 2984 2695 N.
3029 2633 3538 2734 Complutfflb‘sssff·

1960 2805 2346 2861 difficultatem
2377 2819 2493 2859 non
2521 2801 2776 2858 absimili
2823 2802 2919 2857 via
2945 2796 3327 2869 componebat

1963 2887 2258 2960 perdoctus
2282 2883 2516 2956 quidam
2542 2883 2750 2939 Junior
2776 2882 3092 2944 Themista,
3118 2878 3216 2951 qui
3246 2878 3326 2933 li-

1907 3037 1914 3044 ‚
1961 2974 2047 3026 cet
2073 2966 2319 3023 minime
2341 2963 2668 3020 admitteret
2710 2963 2772 3017 in
2798 2961 3074 3034 qualitate
3113 2956 3326 3032 gradus

1965 3049 2198 3106 realiter
2209 3043 2909 3108 actualiterdistinctos,ex
2930 3038 3329 3114 quibusquali-

1966 3133 2096 3189 tatis
2117 3130 2367 3186 intensio
2386 3128 2722 3184 coalesceret
2742 3149 2755 3191 ;
2774 3124 3112 3180 concedebat
3133 3128 3328 3179 tamen

1965 3212 2176 3289 gradus
2216 3211 2450 3268 realiter
2491 3207 2879 3284 potentialiter
2925 3206 3199 3271 diversos,
3229 3202 3328 3275 qui

1969 3293 2352 3371 praeexistenti
2378 3290 2639 3364 qualitati
2681 3307 2780 3363 per
2810 3288 3195 3345 intensionem
3225 3284 3330 3342 ad-

1964 3378 2277 3452 jicerentur
2308 3395 2321 3429 :
2353 3373 2422 3428 ad
2450 3389 2582 3429 eum
2626 3371 2793 3442 plane
2821 3369 3074 3427 modum.
3104 3383 3215 3440 quo
3253 3370 3322 3440 Ν.

1971 3455 2251 3529 Complut.
2279 3455 2339 3508 in
2359 3453 2450 3508 lib.
2480 3452 2545 3506 de
2560 3457 2801 3521 yenerat.
2825 3450 2964 3521 disp.
2990 3451 3044 3515 5,
3067 3454 3247 3525 quaest.
3270 3447 3327 3509 4,

1937 3561 1940 3564 ¹
1972 3539 2283 3596 declarant.
2315 3535 2561 3608 qualiter
2586 3533 2904 3589 substantia
2932 3531 3101 3587 habet
3123 3533 3329 3602 partes,

1972 3626 2029 3679 et
2047 3617 2329 3694 quomodo
2351 3632 2500 3672 nova
2519 3614 2851 3671 substantiae
2876 3630 3006 3686 pars
3029 3628 3127 3684 per
3151 3610 3333 3666 nutri-

1975 3703 2191 3759 tionem
2220 3697 2554 3770 acquiritur.
2588 3694 2920 3752 Undesicut
2967 3695 3067 3750 illa
3094 3692 3334 3748 distinc-

1973 3782 2057 3840 tio
2099 3779 2425 3854 potentialis
2458 3783 2543 3833 est
2585 3774 2888 3840 sufficiens,
2936 3780 2995 3829 ut
3020 3771 3335 3829 substantia

1975 3861 2287 3921 secundum
2319 3875 2493 3915 unam
2524 3862 2742 3930 partem
2766 3860 2911 3929 agat,
2943 3861 2998 3912 et
3024 3850 3334 3931 secundum

1978 3945 2152 4001 aliam
2176 3940 2423 4013 patiatur
2442 3938 2462 4004 ;'
2480 3942 2537 3993 et
2554 3935 2866 3992 seeundum
2889 3951 3065 3990 unam
3082 3934 3154 3988 sit
3171 3931 3341 4005 prin-

1979 4026 2194 4098 cipium
2215 4022 2539 4078 effectivum
2564 4016 2920 4081 nutritionis,
2945 4021 3001 4072 et
3026 4013 3340 4071 secundum

1980 4108 2223 4165 alteram
2244 4104 2530 4162 terminus
2550 4104 2672 4176 ejus
2705 4122 2718 4156 ε
2745 4101 2822 4156 ita
2848 4098 3102 4165 sufficiet,
3125 4102 3185 4152 ut
3208 4114 3344 4172 gra-

1982 4189 2060 4244 tia
2069 4185 2380 4243 secundum
2398 4181 2673 4256 quosdam
2687 4180 2824 4256 grad
2835 4179 2978 4235 ussit
2992 4178 3342 4249 principium

1980 4269 2304 4327 effectivum
2335 4264 2548 4321 amoris
2573 4262 2869 4318 charitatis
2905 4259 3258 4325 intensioriS,
3289 4265 3346 4314 et

1982 4348 2293 4407 secundum
2342 4346 2485 4402 alios
2518 4344 2592 4400 sit
2620 4342 2905 4398 terminus
2930 4341 3051 4413 ejus
3091 4355 3191 4411 per
3219 4355 3347 4395 mo-

1983 4432 2121 4488 dum
2146 4429 2369 4504 praemii
2390 4452 2404 4495 ;
2428 4433 2484 4484 et
2508 4426 2783 4482 similiter
2812 4430 2874 4479 ut
2892 4421 3206 4479 secundum
3235 4422 3347 4477 ali-

1983 4532 2123 4589 quos
2148 4512 2358 4589 gradus
2384 4510 2575 4568 eliciat
2607 4506 3036 4572 contritionem,
3062 4509 3117 4560 et
3142 4518 3350 4560 secun-

1985 4598 2122 4654 dum
2147 4596 2288 4652 alios
2302 4594 2377 4649 sit
2389 4591 2617 4648 effectus
2631 4590 2772 4663 eju5‚
2789 4594 3068 4661 quatenus
3084 4586 3352 4645 contritio

1985 4685 2071 4739 est
2097 4694 2227 4752 pars
2254 4673 2625 4732 sacramenti.

2061 4757 2197 4818 Quae
2222 4750 2505 4813 doctrina,
2528 4747 2577 4802 si
2605 4762 2746 4803 vera
2770 4750 2871 4809 est,
2906 4745 3070 4800 nullo
3099 4742 3219 4799 sere
3246 4757 3352 4798 ne-
3365 4765 3578 4819 „Qum

1988 4834 2141 4910 gotio
2183 4836 2421 4890 evacuat
2459 4828 2849 4883 difficultatem
2897 4824 3266 4897 propositam,
3297 4815 3557 4911 etetlffissl·

1991 4917 2136 4975 alias
2161 4915 2255 4972 hic
2296 4915 2674 4970 occurrentes.
2706 4906 2815 4965 Sed
2851 4906 3015 4964 nobis
3041 4906 3302 4979 displicet
3336 4925 3350 4961 :
3515 4897 3524 4907 “

1989 5004 2113 5055 tum
2140 4996 2277 5070 quia
2304 4994 2532 5051 nullum
2560 4991 2682 5065 ejus
2708 4988 3148 5044 fundamentum
3185 4988 3354 5044 inve-

3160 5078 3358 5117 nimus
