3647 5753
238 2984 425 3028 Illustra-

235 3038 439 3128 {ligiti-

278 3133 381 3177 dita.
450 3137 750 3206 postquam
793 3131 856 3187 in
897 3129 1117 3187 duabus
1154 3129 1603 3202 praecedentibus
1630 3147 1816 3204 quaes·

455 330 568 386 786

458 510 657 562 tamen
704 510 788 562 est
834 504 1241 572 necessarium,
1280 502 1430 578 quod
1472 519 1702 578 semper
1745 502 1827 561 sic

456 587 772 660 contingat.
821 586 969 653 Quia
1015 602 1134 643 non
1179 593 1264 644 est
1305 602 1551 654 necesse,
1582 584 1732 658 quod
1759 584 1826 640 in

454 668 860 745 justificatione
914 672 1151 744 recipiat
1196 676 1416 728 tantam
1462 669 1712 745 gratiam
1760 666 1825 723 in

455 766 579 809 esse
602 752 854 826 physico,
879 758 1155 824 quantam
1179 751 1471 819 amiserat,
1490 748 1590 808 sed
1610 752 1826 823 quanta

458 839 542 890 est
580 834 869 900 contriti0,
902 850 1003 906 per
1029 851 1202 907 quam
1245 833 1510 908 resurgit,
1539 847 1665 905 quae
1692 831 1826 905 qui-

459 914 591 973 dem
634 914 944 989 aliquando
978 916 1090 972 erit
1135 916 1332 973 minus
1372 916 1617 982 intensa,
1649 928 1823 987 quam

456 997 732 1071 praedicta
771 1000 975 1074 gratia,
1009 1000 1321 1073 aliquando
1348 1015 1488 1057 vero
1528 1012 1686 1071 aeque
1726 996 1826 1051 in-

456 1087 639 1150 tensa,
674 1080 984 1155 aliquando
1004 1099 1143 1140 vero
1169 1081 1354 1157 magis
1375 1081 1621 1146 intensa,
1648 1093 1823 1153 quam

457 1164 581 1221 illa.
602 1164 768 1221 Unde
786 1165 974 1220 solum
990 1165 1115 1220 vult
1132 1168 1197 1220 D.
1216 1164 1421 1221 Thom.
1443 1163 1652 1220 falsum
1675 1176 1818 1228 esse,

455 1245 606 1319 quod
633 1246 805 1303 homo
831 1262 902 1303 ex
930 1247 989 1302 vi
1036 1246 1198 1302 illius
1243 1252 1401 1304 actus
1440 1244 1691 1317 praecise,
1722 1243 1823 1316 qui

455 1327 797 1401 quandoque
846 1334 931 1385 est
981 1330 1240 1404 maj0ris,
1297 1326 1640 1402 quandoque
1684 1342 1823 1384 vero

456 1409 706 1467 minoris
734 1410 1099 1477 intensionis,
1129 1426 1303 1482 quam
1354 1410 1567 1465 amissa
1610 1407 1817 1482 gratia,

454 1508 697 1567 semper,
722 1498 778 1550 et
814 1494 1132 1550 necessario
1161 1495 1224 1551 in
1267 1494 1390 1567 ipsa
1412 1490 1825 1567 justificatione

456 1578 735 1649 aequalem
777 1577 1046 1651 gratiam,
1078 1581 1175 1632 aut
1212 1576 1275 1632 in
1317 1578 1504 1650 patria
1543 1572 1822 1647 aequalem

453 1657 703 1731 gloriam
724 1659 980 1731 recipiat.
1001 1660 1112 1715 Per
1128 1659 1233 1716 hoc
1249 1665 1444 1716 tamen
1462 1670 1823 1731 nequaquam

456 1754 668 1831 negare
696 1738 966 1806 intendit,
997 1741 1092 1797 vel
1131 1739 1280 1813 quod
1303 1740 1366 1796 in
1394 1741 1519 1814 ipsa
1541 1736 1821 1816 justifica-

455 1826 611 1877 tione
654 1821 890 1895 recipiat
924 1822 1095 1880 homo
1135 1823 1199 1879 in
1238 1837 1361 1879 esse
1399 1822 1604 1897 gratiae
1645 1827 1822 1880 totam

453 1904 704 1977 gratiam
728 1905 1022 1972 amissam,
1055 1905 1339 1978 siquidem
1363 1903 1431 1960 ad
1461 1905 1609 1962 hanc
1636 1922 1825 1980 recep-

458 1984 677 2043 tionem
696 2002 814 2051 non
830 1985 1186 2043 desideratur
1204 2002 1354 2044 nova
1370 1984 1667 2058 dispositio
1684 1988 1823 2063 phy-

458 2066 593 2137 sica,
626 2073 688 2124 ut
726 2084 901 2142 supra
948 2067 1322 2142 probavimus
1341 2092 1356 2136 ;
1387 2069 1480 2125 vel
1520 2068 1669 2140 quod
1698 2075 1823 2141 post

450 2146 920 2221 justificationem
972 2149 1157 2221 ipsam
1214 2164 1333 2205 non
1392 2149 1568 2222 possit
1610 2149 1822 2207 habere

453 2230 954 2289 ferventissimum
1001 2233 1298 2289 charitatis
1333 2238 1546 2298 actum,
1589 2234 1821 2305 qualem

453 2312 516 2369 in
541 2313 785 2369 instanti
808 2312 1249 2389 glorificationis
1272 2312 1518 2379 habebit,
1536 2328 1636 2386 per
1649 2328 1821 2385 quem

449 2393 520 2451 ad
563 2396 837 2451 amissam
879 2395 1127 2469 gratiam
1156 2394 1218 2449 in
1246 2410 1369 2451 esse
1407 2395 1557 2452 entis
1598 2393 1822 2468 integre

396 2528 397 2531 ,
449 2475 842 2549 recipiendam
883 2491 944 2531 se
981 2474 1266 2548 disponat.
1298 2476 1454 2530 Sicut
1480 2474 1658 2531 etiam
1703 2490 1821 2531 non

450 2562 635 2632 negat,
661 2556 810 2630 quod
835 2557 897 2612 in
925 2558 1048 2629 ipsa
1068 2554 1478 2631 ¹justificatione
1506 2556 1681 2630 possit
1712 2556 1820 2613 bo-

452 2653 548 2694 mo
601 2637 812 2695 habere
856 2638 1137 2711 majorem
1180 2636 1610 2705 contritionem,
1641 2652 1818 2709 quam

452 2724 598 2775 esset
635 2719 821 2793 gratia
870 2716 1210 2791 praecedens,
1244 2717 1496 2791 adeoque
1537 2719 1817 2792 majorem

452 2800 701 2874 gratiam
747 2799 922 2856 etiam
972 2799 1034 2854 in
1079 2815 1200 2856 esse
1238 2800 1408 2867 entis,
1452 2815 1627 2873 quam
1672 2805 1819 2857 esset

455 2883 690 2940 amissa.

534 2968 616 3022 16.
650 2969 832 3024 Porro
873 2965 1018 3022 hanc
1063 2980 1185 3021 esse
1224 2970 1478 3024 mentem
1508 2968 1571 3022 D.
1605 2965 1814 3023 Thom.

452 3047 515 3104 in
556 3047 826 3122 praedicto
871 3047 1221 3113 testimonio,
1252 3063 1324 3104 ex
1363 3064 1430 3105 eo
1466 3053 1633 3121 patet,
1665 3047 1817 3121 quod

448 3213 727 3269 tiunculis
784 3213 1143 3286 inquisierat,
1205 3217 1260 3269 et
1324 3212 1815 3271 determinaverat

447 3292 746 3351 hominem
777 3313 810 3352 a
837 3300 1057 3368 peccato
1087 3303 1483 3370 resurgentem
1513 3312 1630 3352 non
1656 3312 1813 3353 sem-

446 3391 549 3448 per
572 3376 634 3432 in
658 3379 887 3453 maj0ri,
909 3383 1006 3435 aut
1025 3393 1252 3450 semper
1274 3378 1339 3434 in
1361 3379 1580 3436 minori
1602 3379 1807 3453 gratia,

442 3460 498 3513 et
524 3457 805 3515 charitate
854 3476 1187 3535 resurgere;
1229 3460 1294 3515 in
1347 3460 1453 3516 hac
1499 3461 1812 3533 quaestione

441 3538 707 3612 inquirit,
732 3546 928 3598 utrum
948 3558 1175 3615 semper
1200 3546 1460 3616 resurgat
1482 3540 1544 3597 in
1567 3541 1813 3614 aequali?

443 3623 613 3697 Cujus
642 3623 988 3680 affirmativa
1016 3640 1147 3695 pars
1174 3639 1246 3680 ex
1272 3639 1339 3680 eo
1384 3621 1617 3696 probari
1645 3623 1812 3680 vide-

443 3703 632 3772 batur,
653 3706 785 3779 quia
809 3707 1095 3762 nimirum
1117 3723 1247 3763 cum
1269 3723 1443 3778 opera
1467 3705 1810 3764 mortificata

445 3801 548 3860 per
579 3789 978 3860 poenitentiam
1019 3788 1385 3854 reviviscant,
1420 3789 1809 3846 necessarium

443 3872 548 3935 est,
577 3873 637 3925 ut
658 3870 885 3926 homini
915 3874 1038 3941 post
1066 3870 1466 3942 poenitentiam
1498 3875 1655 3927 tanta
1680 3872 1808 3946 glo-

445 3948 552 4019 ria,
586 3956 861 4024 quantam
884 3951 1006 4025 ipse
1028 3956 1159 4008 ante
1182 3956 1467 4024 peccatum
1492 3956 1802 4019 meruerat,

441 4035 734 4093 debeatur.
769 4035 853 4090 Ex
879 4050 990 4106 quo
1018 4033 1321 4092 videbatur
1347 4033 1574 4102 inferri,
1615 4036 1806 4109 ipsum

442 4119 507 4176 in
533 4116 734 4175 eadem
761 4116 947 4191 gratia
976 4116 1295 4173 necessario
1325 4131 1644 4190 resurgere,
1675 4134 1805 4174 cum

438 4202 625 4277 gloria
651 4201 851 4276 gratiae
877 4198 1337 4273 correspondeat.

514 4285 581 4338 In
620 4283 780 4355 cujus
814 4281 1141 4356 argumenti
1169 4280 1455 4337 solutione
1481 4280 1602 4351 (ubi
1627 4280 1804 4338 verba

436 4378 562 4437 quae
585 4362 942 4437 explicamus
963 4362 1360 4432 continentur)
1386 4377 1503 4418 non
1534 4367 1704 4437 negat
1732 4364 1801 4417 D.

435 4445 641 4501 Thom.
671 4445 926 4517 primum
955 4444 1122 4511 illud,
1155 4444 1369 4500 scilicet
1395 4442 1543 4515 quod
1573 4443 1801 4500 homini

439 4532 564 4601 post
583 4528 984 4601 poenitentiam
1015 4532 1130 4584 tota
1151 4526 1356 4601 gloria,
1382 4541 1557 4599 quam
1580 4541 1802 4583 merue-

437 4614 547 4677 rat,
597 4608 900 4678 debeatur;
950 4627 1080 4667 cum
1134 4610 1240 4667 hoc
1290 4609 1366 4665 sit
1407 4609 1556 4682 apud
1609 4609 1800 4682 ipsum

435 4706 610 4765 opera
632 4688 975 4748 mortificata
1004 4690 1382 4748 reviviscere:
1407 4695 1578 4765 negat
1604 4695 1801 4747 tamen

432 4774 593 4847 sequi
619 4773 778 4840 inde,
805 4771 955 4846 quod
996 4771 1152 4828 idem
1193 4772 1366 4828 homo
1388 4771 1452 4827 in
1478 4774 1638 4826 tanta
1662 4786 1800 4845 gra-

434 4856 533 4922 tia,
566 4862 621 4914 et
641 4856 919 4914 charitate
944 4855 1223 4927 (loquitur
1244 4851 1314 4909 de
1340 4853 1547 4927 gratia,
1579 4857 1635 4909 et
1661 4853 1800 4911 cha-

436 4937 606 4996 ritate
634 4938 697 4995 in
722 4953 845 4996 esse
869 4935 1041 5006 entis)
1074 4939 1287 5008 quanta
1314 4934 1424 4990 fuit
1452 4933 1791 5008 praecedens,

433 5035 661 5092 semper
688 5019 1011 5077 necessario
1040 5022 1333 5092 resurgat3
1368 5017 1504 5092 quia
1529 5018 1717 5092 gratia
1743 5024 1799 5076 et

1277 330 1372 386 DE
1412 328 1973 386 REVIVISCENTIA
2006 328 2474 384 MERITORUM.

1956 503 2206 560 charitas
2230 504 2293 560 in
2320 519 2442 561 esse
2469 518 2586 559 non
2625 500 2774 559 entis
2814 513 2932 555 non
2958 503 3079 553 tam
3109 507 3329 568 praece-

1957 582 2225 641 dentibus
2265 584 2509 651 meritis,
2541 599 2716 657 quam
2762 580 3029 655 praesenti
3071 574 3328 647 disposi-

1957 666 2103 723 tioni
2131 666 2380 742 physicas
2404 663 2571 722 debet
2591 658 3074 721 commensurari.
3101 655 3233 720 Ubi,
3262 660 3328 710 ut

1957 751 2210 822 apparet,
2245 763 2362 805 non
2390 750 2575 823 negat,
2604 745 2704 802 sed
2731 742 2919 816 potius
2958 741 3164 797 saltem
3192 736 3327 794 vir-

1956 829 2192 887 tualiter
2234 829 2511 896 concedit,
2542 824 2691 903 quod
2737 826 2787 880 si
2836 823 2992 881 idem
3032 823 3208 880 homo
3248 818 3323 875 ad

1956 911 2229 967 amissam
2250 912 2499 985 gratiam
2521 911 2584 967 in
2611 923 2732 965 esse
2750 907 2904 964 entis
2926 900 3323 975 recipiendam

1957 1000 2153 1067 postea
2190 1009 2250 1050 se
2287 994 2569 1068 disponat,
2601 991 2768 1047 illam
2809 990 3052 1061 integre,
3083 991 3139 1042 et
3166 983 3327 1041 adae-

1956 1081 2124 1151 quate
2150 1076 2404 1149 recipiet.

2037 1160 2125 1216 17.
2154 1161 2268 1216 Nec
2287 1157 2444 1215 obest
2469 1161 2670 1214 contra
2695 1155 3115 1230 expositionem
3144 1150 3320 1217 hanc,
3338 1157 3514 1211 mua

1954 1240 2104 1314 quod
2125 1242 2318 1298 statim
2342 1239 2499 1298 addit
2525 1241 2579 1295 S.
2606 1243 2809 1297 Doctor
2836 1237 3013 1295 verba
3034 1235 3168 1292 illa:
3187 1234 3327 1292 Nisi

1956 1323 2137 1399 quoad
2153 1325 2444 1397 pramium
2464 1321 2817 1387 accidentale,
2842 1320 2906 1375 in
2925 1317 3136 1390 quibus
3161 1314 3327 1372 vide-

1957 1408 2052 1460 tur
2090 1405 2397 1464 concedere
2436 1405 2737 1479 poenitenti
2786 1408 3041 1476 respectu
3092 1398 3325 1472 praemii

1957 1486 2324 1544 accidentalis
2349 1492 2533 1545 totum
2556 1485 2635 1553 id,
2667 1485 2818 1558 quod
2840 1488 3094 1556 respectu
3122 1495 3328 1538 essen-

1957 1568 2111 1626 tialis
2151 1570 2204 1626 ei
2244 1570 2554 1644 denegarat
2584 1590 2598 1625 =
2628 1569 2784 1641 atqui
2829 1566 2901 1624 de
2941 1567 3062 1631 illo,
3107 1562 3331 1620 scilicet

1958 1652 2312 1719 accidentali,
2347 1668 2464 1710 non
2508 1650 2782 1717 concedit,
2825 1646 2976 1722 quod
3014 1646 3213 1703 statim
3256 1645 3328 1700 in

1956 1731 2080 1807 ipsa
2119 1733 2526 1809 justificatione
2562 1732 2709 1789 illud
2737 1730 3022 1804 poenitens
3048 1744 3329 1809 assequa-

1958 1820 2070 1884 tur,
2095 1817 2194 1874 sed
2212 1834 2315 1875 suo
2338 1824 2613 1892 tempore,
2638 1814 2854 1872 scilicet
2875 1814 2939 1870 in
2961 1816 3142 1871 altera
3163 1812 3325 1879 vita;

1954 1899 2088 1971 quia
2117 1899 2219 1968 ibi,
2253 1917 2372 1959 non
2392 1900 2616 1958 veroin
2641 1897 2908 1972 praesenti
2931 1895 3162 1953 habebit
3185 1908 3329 1968 gau·

1955 1979 2117 2038 dium
2147 1984 2332 2057 majus
2373 1983 2442 2041 de
2471 1983 2589 2039 illis
2617 1981 2907 2055 operibus,
2939 1981 3002 2037 in
3027 1994 3139 2052 quo
3169 1994 3328 2052 prae—

1956 2066 2143 2122 mium
2189 2083 2392 2125 eorum
2434 2065 2782 2123 accidentale
2832 2063 3135 2121 consistit:
3181 2077 3328 2135 ergo

1956 2163 2140 2221 neque
2160 2149 2231 2207 de
2257 2151 2385 2216 isto,
2418 2164 2626 2220 nempe
2644 2146 2960 2213 essentiali,
2987 2150 3154 2219 negat
3179 2159 3327 2218 prae·

1954 2231 2086 2299 cise,
2119 2231 2270 2305 quod
2309 2232 2371 2288 in
2411 2232 2533 2305 ipsa
2575 2228 3000 2305 justificatione,
3033 2233 3131 2285 aut
3155 2242 3234 2283 ex
3261 2229 3325 2282 vi

1956 2314 2253 2384 praesentis
2269 2318 2441 2379 actus,
2458 2328 2660 2370 verum
2678 2312 2854 2367 etiam
2874 2308 3021 2383 quod
3045 2309 3109 2365 in
3132 2309 3324 2365 altera

1954 2393 2073 2449 vita
2099 2393 2322 2468 integre
2351 2394 2651 2467 poenitenti
2680 2393 3027 2451 restituatur.

2027 2477 2154 2531 Non
2182 2475 2372 2548 itaque
2398 2474 2504 2532 hoc
2530 2475 2723 2539 refert,
2757 2474 3018 2548 neganda
3044 2471 3207 2529 enim
3231 2475 3321 2527 est

1953 2557 2149 2613 minor
2167 2581 2182 2625 ;
2207 2559 2331 2614 vult
2357 2573 2605 2630 namque
2634 2556 2714 2613 ibi
2736 2559 2799 2613 D.
2833 2557 3039 2613 Thom.
3067 2554 3222 2628 quod
3252 2555 3318 2610 in

1946 2637 2351 2713 justificatione
2365 2641 2506 2712 ipsa,
2524 2639 2654 2696 licet
2671 2655 2788 2695 non
2804 2644 2985 2695 totum
3005 2637 3320 2710 praemium

1951 2725 2272 2789 essentiale,
2305 2721 2451 2780 bene
2491 2729 2685 2779 tamen
2730 2728 2910 2779 totum
2965 2719 3324 2777 accidentale

1949 2803 2373 2878 quodammodo
2409 2821 2480 2861 ex
2507 2805 2565 2861 vi
2597 2805 2893 2878 praesentis
2939 2807 3092 2858 actus
3122 2802 3321 2875 poeni-

1951 2893 2076 2945 tens
2114 2895 2510 2961 consequatur,
2543 2893 2824 2962 quatenus
2867 2888 3173 2954 nimirum,
3205 2887 3322 2943 etsi

1951 2987 2051 3044 per
2092 2972 2448 3045 impossibile
2484 2973 2819 3029 ulteriorem
2848 2977 3035 3028 actum
3064 2985 3183 3026 non
3228 2969 3324 3026 se-

1948 3053 2132 3121 cisset,
2167 3071 2268 3128 per
2310 3068 2482 3128 quem
2523 3053 2594 3109 ad
2637 3054 2884 3128 gratiam
2933 3052 3229 3116 amissam,
3265 3058 3324 3110 et

1947 3135 2194 3208 gloriam
2244 3135 2609 3192 essentialem
2660 3133 2714 3189 ei
2766 3131 3321 3204 correspondentem

1948 3217 2423 3290 consequendam,
2467 3217 2589 3274 sive
2635 3217 2696 3273 in
2743 3216 2856 3271 hac
2894 3214 3031 3282 vita,
3078 3215 3202 3271 sive
3253 3214 3322 3269 in

1946 3298 2141 3356 futura
2179 3315 2240 3357 se
2282 3299 2610 3372 disponeret
2637 3300 2721 3371 (in
2760 3315 2873 3371 quo
2911 3314 3041 3356 casu
3080 3313 3323 3370 semper

1946 3382 2118 3439 homo
2147 3382 2269 3454 ipsa
2296 3383 2400 3438 illa
2441 3397 2591 3438 nova
2616 3381 2823 3455 gratia,
2852 3385 2908 3436 et
2936 3380 3177 3453 praemio
3216 3395 3319 3436 es-

1944 3462 2174 3521 sentiali
2222 3463 2311 3519 illi
2356 3462 2837 3534 correspondente
2881 3464 3141 3531 careret),
3189 3476 3317 3517 non

1945 3551 2139 3603 tamen
2162 3550 2395 3618 propter
2416 3546 2521 3603 hoc
2540 3544 2747 3620 gaudio
2768 3545 2891 3611 illo,
2916 3544 3039 3600 sive
3067 3545 3320 3616 praemio

1944 3628 2278 3686 accidentali
2327 3629 2673 3702 privaretur.
2725 3627 2890 3684 Unde
2936 3632 3104 3700 patet,
3155 3625 3320 3700 quod

1943 3713 2023 3769 ita
2046 3728 2146 3785 per
2166 3728 2299 3769 eum
2325 3718 2513 3769 actum
2539 3711 2887 3784 poenitentiae
2908 3711 3120 3767 merita
3144 3726 3319 3767 mor-

1943 3795 2153 3854 tificata
2178 3795 2362 3871 quoad
2407 3796 2710 3870 praemium
2751 3795 3097 3853 accidentale
3147 3796 3315 3852 revi-

1940 3879 2183 3947 viscant,
2206 3884 2267 3935 ut
2288 3877 2358 3934 ad
2380 3877 2530 3934 istud
2553 3876 3016 3951 consequendum
3041 3876 3316 3934 ulteriori

1940 3958 2316 4034 dispositione
2345 3960 2628 4032 poenitens
2674 3975 2792 4016 non
2840 3957 3111 4032 indigeat,
3143 3974 3318 4015 secus

1940 4048 2132 4100 autem
2173 4041 2244 4098 ad
2283 4042 2606 4110 essentiale,
2640 4045 2701 4096 ut
2740 4039 2955 4097 dictum
2993 4045 3095 4097 est.
3127 4041 3198 4094 Et
3227 4040 3320 4099 ita

1938 4139 2010 4180 ex
2037 4123 2096 4178 vi
2126 4121 2379 4195 praedicti
2411 4121 2586 4194 primi
2610 4126 2765 4177 actus
2791 4121 3013 4194 integre
3037 4118 3319 4177 effectum

1939 4203 2201 4278 priorum
2224 4204 2568 4260 meritorum
2590 4201 2775 4276 quoad
2798 4201 3145 4259 accidentale
3163 4217 3321 4273 prae·

1937 4285 2143 4353 mium,
2172 4300 2290 4341 non
2311 4300 2449 4342 vero
2474 4284 2659 4358 quoad
2686 4283 2994 4340 essentiale
3017 4282 3319 4356 poenitens

1936 4367 2276 4441 assequitur.

2009 4451 2096 4505 Ad
2122 4449 2521 4507 testimonium
2548 4466 2619 4504 ea>
2657 4449 2694 4505 3
2736 4453 2888 4521 part.
2922 4445 3315 4520 respondetur
3378 4459 3492 4503 aiis

1936 4532 2000 4588 D.
2032 4531 2237 4588 Thom.
2272 4546 2389 4587 nou
2430 4529 2664 4598 dixisse,
2695 4528 2845 4603 quod
2874 4528 3060 4594 homo,
3092 4529 3191 4602 qui
3236 4528 3313 4588 in
3330 4509 3514 4603 Ῑζῇᾞ

1933 4611 2162 4669 minore
2226 4610 2503 4686 charitate
2569 4610 2815 4685 resurgit
2838 4653 2851 4676 ,
2920 4614 3312 4682 consequatur
3329 4618 3500 4712 offla·

1935 4692 2241 4764 praemium
2269 4692 2573 4749 essentiale
2592 4689 2905 4750 secundum
2932 4690 3101 4746 illam
3129 4706 3314 4749 men-

1931 4791 2128 4831 suram
2168 4774 2484 4843 charitatiS,
2518 4774 2581 4831 in
2623 4790 2737 4849 qua
2780 4774 3027 4847 resurgit
3072 4774 3310 4844 (saltem

1931 4857 2217 4931 loquendo
2238 4856 2309 4915 de
2335 4857 2615 4915 charitate
2640 4856 2704 4913 in
2725 4872 2848 4914 esse
2872 4856 3044 4927 entis)
3069 4855 3170 4913 sed
3209 4872 3311 4914 se-

1929 4939 2183 4997 cundum
2210 4940 2594 5013 quantitatem
2632 4939 2950 5005 charitatis,
2983 4939 3047 4994 in
3072 4953 3188 5011 qua
3215 4937 3312 4995 in·
3418 4974 3425 4981 ·

1933 5023 2189 5089 venitur,
2222 5037 2340 5079 non
2376 5020 2610 5095 quidem
2642 5027 2796 5089 tunc,
2827 5019 2927 5077 sed
2954 5019 3018 5075 in
3057 5020 3308 5077 instanti

2841 5099 3299 5177 glorificationi&

3442 4663 3510 4702 m.
