3647 5753
330 1089 491 1131 1.Joan.

344 2818 500 2861 Confir-

518 428 627 484 378

522 612 656 654 men
695 599 883 652 stante
926 595 1131 669 gratia,
1159 599 1218 651 et
1257 594 1320 650 in
1358 610 1529 652 sensu
1567 592 1879 666 composito

522 678 697 739 illius,
749 684 1035 750 peccatum
1082 674 1327 743 efficere,
1378 677 1467 733 vel
1514 690 1874 741 conservare,

521 758 724 814 saltem
748 757 1111 823 naturaliter,
1135 762 1192 813 et
1213 773 1314 829 per
1335 757 1595 831 proprias
1615 756 1786 824 vires,
1811 771 1880 813 eo

520 837 666 911 quod
694 840 896 914 gratia,
930 845 990 894 ut
1016 839 1253 894 Suarius
1280 837 1549 902 admittit,
1580 844 1664 895 est
1693 838 1883 894 forma

523 921 866 978 naturaliter
907 920 1161 993 opposita
1189 926 1430 992 peccato,
1462 926 1518 977 et
1547 919 1689 975 illud
1720 923 1884 975 natu-

521 1004 726 1061 raliter
749 1001 1276 1074 indispensabiliter
1296 1003 1608 1075 expellens.
1630 1000 1791 1065 Quod
1811 999 1882 1056 ad

526 1085 719 1140 minus
740 1082 1113 1158 significatur,
1134 1086 1190 1138 et
1210 1082 1531 1139 intenditur
1553 1085 1613 1137 in
1642 1084 1687 1147 l,
1713 1081 1880 1137 Joan.

523 1166 577 1229 3,
622 1164 740 1220 illis
761 1162 950 1219 verbis
984 1184 996 1217 :
1021 1162 1133 1234 Qui
1157 1170 1324 1219 natus·
1341 1171 1416 1218 est
1441 1181 1513 1218 ex
1540 1161 1668 1223 Deo.
1689 1178 1883 1235 pccca-

526 1256 642 1302 tum
666 1264 774 1300 non
794 1246 952 1317 facit,
980 1246 1244 1322 quoniam
1263 1261 1437 1300 semen
1457 1246 1636 1317 ipsius
1655 1246 1884 1315 (nempe

525 1328 729 1405 gratia)
757 1331 817 1382 in
841 1345 900 1383 co
950 1333 1171 1395 manet;
1208 1333 1259 1381 ct
1302 1342 1411 1382 non
1432 1334 1604 1400 potest
1638 1343 1879 1400 peccare,

527 1410 788 1487 quoniam
816 1425 886 1462 em
914 1406 1023 1462 Deo
1048 1413 1214 1461 natus
1239 1414 1334 1463 est.
1367 1407 1519 1462 Sicut
1564 1407 1693 1463 licet
1718 1421 1886 1463 causa

525 1490 717 1561 aliqua
746 1492 881 1544 natu
891 1487 1028 1543 ralis
1047 1491 1215 1559 queat
1236 1501 1579 1544 conservare
1607 1485 1888 1561 frigidita-

525 1577 642 1627 tem
693 1575 753 1624 ut
797 1569 1050 1640 quinque
1094 1567 1408 1624 secundum
1453 1583 1532 1633 se,
1564 1568 1764 1640 nequit
1805 1572 1888 1623 ta·

529 1666 661 1707 men
686 1651 850 1705 illam
878 1663 1218 1704 conservare
1247 1647 1308 1703 in
1351 1649 1655 1720 praesentia
1680 1647 1888 1704 caloris

531 1738 590 1788 ut
620 1747 717 1788 sex
743 1728 912 1804 (quod
934 1734 1018 1785 est
1043 1730 1235 1785 Suarii
1256 1730 1620 1802 exemplum)
1640 1754 1654 1797 3
1678 1734 1736 1787 et
1762 1729 1889 1786 ideo

533 1816 596 1870 in
625 1813 925 1888 hypothesi
951 1810 1369 1885 conjunctionis
1404 1811 1610 1867 harum
1639 1810 1889 1884 qualita-

532 1900 654 1950 tum
677 1894 768 1949 vel
784 1892 939 1948 solus
962 1892 1110 1946 Deus
1126 1896 1494 1948 conservaret
1513 1890 1889 1966 frigiditatem

529 1980 593 2029 ut
631 1972 898 2046 quinque,
944 1972 1037 2028 vel
1063 1971 1266 2026 saltem
1296 1969 1543 2037 fulciret,
1573 1976 1629 2027 et
1653 1969 1889 2043 speciali

526 2055 751 2112 influxu
780 2052 1174 2110 corroboraret
1218 2067 1558 2108 concursum
1589 2053 1892 2125 antiquum

523 2151 704 2193 causae
731 2133 1029 2191 naturalis.
1066 2135 1213 2207 Ergo
1253 2132 1434 2204 posita
1463 2132 1653 2207 gratia
1677 2132 1894 2189 sancti·

526 2217 749 2283 ficante,
781 2216 954 2273 homo
981 2229 1098 2270 non
1125 2218 1424 2270 conservat
1472 2218 1766 2286 peccatum
1794 2214 1893 2271 ha-

529 2298 763 2365 bituale,
793 2297 888 2352 vel
913 2296 1116 2350 saltem
1157 2292 1205 2348 si
1233 2293 1405 2350 homo
1433 2299 1721 2365 peccatum
1763 2309 1896 2351 con-

531 2384 742 2445 servat‚
770 2377 1007 2433 fulcitur
1029 2374 1096 2432 ad
1117 2374 1226 2431 hoc
1255 2390 1421 2441 novo,
1453 2380 1511 2432 et
1530 2376 1764 2450 speciali
1795 2376 1895 2435 Dei

523 2461 782 2517 influxu.
813 2457 970 2522 Quod
991 2461 1075 2514 est
1100 2471 1257 2528 aeque
1290 2454 1624 2525 absurdum,
1657 2473 1721 2514 ac
1749 2454 1896 2512 illud

536 2542 699 2613 prius
716 2563 731 2606 ;
761 2537 895 2610 quia
922 2551 1039 2593 non
1067 2535 1264 2591 minus
1292 2542 1573 2609 repugnat
1599 2537 1713 2593 Deo
1742 2534 1898 2609 adJ'u-

535 2636 676 2676 vare
698 2617 766 2675 ad
781 2616 1274 2673 conservationem
1298 2615 1526 2687 peccati,
1556 2631 1727 2687 quam
1750 2614 1897 2670 illud

537 2714 639 2771 per
660 2712 720 2753 se
745 2697 932 2752 solum
955 2708 1316 2758 conservare,
1351 2693 1441 2749 vel
1468 2693 1705 2751 efficere.

614 2774 1001 2832 confirmatur
1041 2771 1287 2829 secundo
1315 2771 1623 2844 aperiendo
1650 2773 1899 2846 amplius

323 2873 527 2911 maturse·
545 2856 720 2916 robur
771 2853 1094 2931 argumenti
1143 2853 1205 2909 in
1265 2851 1566 2928 hypothesi
1615 2854 1894 2928 possibili,

349 2917 496 2959 cundo.

539 2940 658 2994 imo
696 2936 766 2993 de
805 2939 928 3009 lege
959 2933 1258 2992 ordinaria
1283 2933 1659 3008 contingenti.
1691 2937 1900 2992 Demus

536 3019 833 3077 hominem
887 3021 1048 3073 extra
1104 3017 1540 3072 Sacramentum
1590 3017 1653 3073 in
1699 3015 1900 3073 eodem

536 3099 776 3156 instanti
802 3098 1009 3155 elicere
1030 3100 1218 3152 actum
1234 3095 1597 3154 contritionis
1616 3098 1896 3171 perfectae,

534 3181 627 3236 vel
651 3177 867 3235 amoris
888 3178 988 3234 Dei
1009 3190 1180 3248 super
1201 3175 1417 3242 omnia,
1444 3181 1500 3233 et
1520 3177 1769 3251 gratiam
1795 3177 1902 3233 ha-

536 3261 813 3317 bitualem
862 3259 1130 3331 recipere.
1174 3257 1232 3311 Si
1262 3257 1325 3312 in
1353 3257 1458 3315 hoc
1507 3273 1638 3314 casu
1670 3274 1903 3332 perma-

539 3346 703 3399 neret
732 3345 1019 3413 peceatum
1059 3337 1371 3404 habituale,
1404 3355 1436 3395 a
1463 3338 1584 3395 solo
1612 3341 1726 3396 Deo
1763 3354 1904 3396 con-

540 3427 884 3478 servaretur.
931 3421 1081 3492 Ergo
1106 3418 1200 3475 vel
1239 3417 1546 3476 dicendum
1573 3423 1674 3487 est,
1722 3421 1904 3476 Deum

543 3518 659 3560 non
683 3516 844 3574 posse
862 3499 1109 3574 gratiam
1130 3513 1259 3554 cum
1290 3503 1512 3571 peccato
1532 3500 1903 3574 conjungere;

541 3585 635 3640 vel
657 3598 818 3655 posse
833 3585 1011 3638 Deum
1031 3582 1322 3652 peccatum
1340 3594 1441 3652 per
1459 3594 1521 3636 se
1540 3594 1902 3647 conservare,

545 3670 711 3738 atque
758 3661 897 3720 adeo
939 3660 1161 3717 efficere
1186 3681 1200 3717 ε
1243 3661 1607 3717 conservatio
1632 3661 1794 3718 enim
1823 3666 1911 3719 est

543 3745 874 3802 continuata
913 3740 1237 3815 productim
1285 3745 1354 3796 et‘
1380 3741 1482 3797 ille
1527 3744 1754 3797 tantum
1795 3743 1908 3798 ali-

544 3841 713 3897 quem
736 3823 997 3880 effectum
1026 3837 1129 3893 per
1155 3836 1216 3878 se
1242 3836 1587 3878 conservare
1608 3823 1778 3890 valet,
1810 3822 1907 3895 qui

548 3905 717 3960 illum
741 3917 840 3975 per
860 3916 920 3956 se
945 3899 1163 3956 efficere
1191 3905 1389 3971 potest.
1418 3902 1790 3974 Assumptum
1814 3917 1911 3957 au·

545 3990 661 4041 tem
689 3981 982 4046 suadetur,
1013 3980 1148 4051 quia
1176 3979 1349 4035 bomo
1395 3980 1496 4037 ille
1535 3996 1636 4053 per
1661 3981 1909 4055 gratiam

549 4062 919 4124 habitualem,
950 4074 1123 4132 quam
1170 4058 1388 4130 recipit,
1433 4060 1592 4115 exuit
1639 4059 1913 4132 privatio·

549 4162 684 4205 nem
710 4142 964 4218 ejusdem
984 4141 1199 4215 gratias,
1233 4141 1295 4195 in
1321 4155 1435 4213 qua
1457 4142 1779 4214 privatione
1807 4156 1911 4198 nos

548 4227 859 4284 asserimus
903 4226 1192 4295 peccatum
1235 4221 1528 4278 habituale
1566 4223 1907 4290 consistere3

549 4314 604 4364 et
627 4323 727 4381 per
748 4309 934 4361 actum
958 4302 1192 4367 amoriS,
1217 4303 1311 4359 vel
1332 4301 1714 4368 contritionis,
1740 4319 1911 4375 quem

549 4390 723 4455 elicit,
755 4384 1069 4460 suspendit,
1122 4382 1514 4455 interrumpit,
1546 4387 1603 4438 et
1648 4389 1915 4441 retractat

551 4477 738 4527 actum
769 4461 1244 4540 peccaminosum,
1269 4479 1440 4537 quem
1463 4464 1763 4522 moraliter
1782 4483 1914 4524 con·

547 4549 830 4616 servabat,
862 4549 1001 4606 etin
1027 4560 1138 4619 quo
1158 4552 1221 4600 ut
1244 4547 1325 4603 sic
1353 4546 1652 4604 moraliter
1680 4564 1913 4621 perma-

546 4633 710 4692 nenti
732 4631 833 4687 alii
862 4627 1168 4686 essentiam
1189 4627 1400 4698 peccati
1425 4625 1734 4685 habitualis
1754 4644 1914 4685 cons·

544 4718 763 4771 tituunt
797 4731 811 4766 :
837 4724 973 4783 ergo
999 4708 1173 4764 homo
1219 4705 1320 4763 ille
1348 4705 1531 4774 habet,
1562 4713 1618 4764 et
1645 4710 1806 4780 ponit
1841 4725 1912 4766 ex

543 4801 706 4869 parte
725 4807 828 4849 sua
846 4787 1123 4863 quidquid
1145 4785 1218 4842 ad
1238 4785 1684 4845 destructionem
1703 4790 1909 4862 peccati

540 4872 853 4932 habitualis
879 4885 951 4927 ex
973 4871 1135 4942 parte
1153 4867 1276 4941 ejus
1294 4866 1672 4927 desideratur.
1703 4870 1807 4926 Vel
1829 4869 1913 4925 di·

537 4963 670 5014 cant
715 4952 973 5019 SuariuS,
1005 4956 1060 5008 et
1107 4949 1461 5019 Adversarii,
1496 4951 1632 5025 quid
1661 4952 1911 5026 amplius

537 5053 607 5093 ex
631 5040 792 5109 parte
814 5031 1069 5091 hominis
1089 5030 1446 5088 desideretur
1468 5033 1536 5089 ad
1561 5034 1912 5091 retractatio·

1463 424 1555 479 DE
1592 422 2175 477 .1Us'r1F10AT10NE
2215 424 2415 478 IMPII.

2010 608 2164 660 nem,
2185 600 2242 651 et
2260 594 2705 653 destructionem
2728 596 2956 669 peccati.
2985 596 3193 669 Nequit
3211 595 3371 652 enim

2009 677 2179 749 culpa
2207 677 2401 749 aliqua
2431 668 2774 735 conservare
2798 678 3081 744 effectum,
3112 693 3243 735 cum
3270 677 3378 736 ha-

2012 755 2123 824 bet,
2155 762 2213 814 et
2238 757 2402 830 ponit
2420 763 2638 827 cuncta,
2670 773 2795 831 quae
2814 757 2884 814 ad
2905 757 3030 832 eius
3042 757 3382 816 destructio-

2012 853 2147 894 nem
2186 853 2257 894 ex
2295 854 2401 895 sua
2447 845 2606 912 parte
2650 838 3072 906 desiderantur,
3116 844 3181 896 ut
3215 838 3288 895 de
3322 852 3381 895 se

2012 923 2272 975 constare
2299 918 2546 987 videtur,
2571 926 2629 978 et
2656 925 2839 993 pot-est
2859 919 3153 977 inductive
3172 921 3235 977 in
3262 934 3380 977 om·

2014 1000 2185 1057 nibus
2206 1002 2338 1058 aliis
2357 1002 2542 1059 causis
2581 1001 3001 1080 ostendi.·Ergo
3017 1003 3067 1060 si
3089 1001 3153 1058 in
3180 1017 3248 1059 ea
3268 1002 3376 1075 hy-

2015 1081 2234 1152 pothesi
2263 1080 2444 1138 adhuc
2490 1087 2857 1154 permaneret
2896 1087 3182 1157 peccatum
3209 1081 3378 1138 habi-

2015 1163 2188 1228 tuale,
2219 1162 2341 1237 ejus
2367 1164 2786 1236 permanentia,
2811 1169 2868 1221 et
2887 1163 3250 1222 conservatio
3271 1162 3377 1218 mi-

2015 1242 2177 1300 nime
2205 1247 2389 1316 posset
2410 1244 2471 1300 in
2500 1243 2796 1301 hominem
2820 1244 3100 1303 revocari.

2090 1323 2176 1380 Ad
2216 1327 2351 1391 haec,
2375 1326 2423 1380 si
2465 1331 2651 1384 stante
2677 1332 2792 1383 tota
2817 1327 3055 1384 entitate
3076 1324 3296 1401 gratias,
3325 1328 3382 1381 et
3393 1328 3563 1375 urgetur

2017 1405 2300 1462 stantibus
2326 1411 2443 1463 tam
2471 1407 3005 1473 actu-contritionis,
3038 1422 3212 1481 quam
3253 1419 3380 1462 om-
3409 1385 3557 1469 ‘gfff

2018 1484 2189 1542 nibus
2216 1486 2345 1543 aliis
2372 1486 2861 1559 dispositionibus»,
2894 1502 3019 1561 quae
3053 1486 3122 1544 ad
3151 1485 3383 1543 effectus

2018 1567 2233 1641 gratiae,
2264 1574 2320 1624 et
2345 1567 2416 1624 ad
2444 1573 2798 1640 peccatorum
2844 1568 3249 1625 remissionem
3278 1580 3385 1622 na·

2019 1649 2286 1706 turaliter
2335 1648 2736 1707 desiderantur
2755 1694 2768 1717 ,
2819 1650 3005 1708 adhuc
3058 1665 3176 1706 non
3230 1646 3388 1705 adest

2022 1737 2376 1805 peccatorum
2407 1732 2690 1799 remissie,
2720 1733 2818 1790 sed
2859 1732 3101 1790 ulterius
3129 1729 3385 1804 requiri—

2022 1819 2116 1869 tur
2139 1813 2238 1869 ille
2259 1819 2412 1869 actus
2426 1813 2778 1871 extrinsecus
2802 1815 2921 1883 Dei,
2947 1829 3118 1887 quem
3146 1811 3389 1869 Suarius

2023 1894 2273 1968 appellat
2295 1895 2500 1967 peccati
2525 1895 2946 1963 remissionem,
2968 1901 3024 1952 et
3042 1892 3390 1952 destructio-

2024 1989 2158 2031 nem
2182 1976 2480 2041 moralem,
2505 1981 2562 2032 et
2588 1975 2694 2032 hoc
2716 1980 2839 2032 actu
2862 1975 3186 2032 extrinseco
3207 1973 3394 2046 posito

2025 2054 2417 2113 infallibiliter
2447 2060 2735 2128 peccatum
2755 2055 3074 2113 destruitur
3098 2078 3112 2123 ;
3143 2069 3264 2112 non
3287 2068 3393 2124 ap—

2026 2139 2190 2207 paret
2214 2152 2326 2208 qua
2353 2137 2575 2194 ratione
2595 2136 2817 2194 dicatur
2840 2136 3242 2195 remissionem
3266 2147 3391 2207 pec-

2025 2222 2282 2276 catorum
2304 2216 2433 2275 fieri
2456 2234 2558 2292 per
2576 2219 2824 2294 gratiam
2842 2219 3238 2284 intrinsecam,
3257 2220 3399 2271 tan—

2027 2316 2200 2372 quam
2229 2316 2330 2374 per
2376 2316 2645 2363 causam;
2685 2305 2739 2357 et
2781 2301 2969 2376 potius
3008 2313 3126 2357 non
3174 2296 3399 2354 dicatur

2029 2380 2158 2440 fieri
2186 2383 2508 2441 formaliter
2535 2399 2636 2457 per
2663 2384 3047 2440 extrinsecam
3078 2380 3179 2439 Dei
3217 2378 3401 2437 actio-

2030 2478 2184 2530 nem,
2216 2465 2338 2522 sive
2367 2480 2467 2538 per
2511 2480 2628 2521 non
2657 2464 3099 2538 imputationem
3127 2458 3339 2535 peccati
3386 2480 3398 2513 :

2029 2560 2197 2601 causa
2236 2544 2396 2601 enim
2424 2545 2688 2601 formalis
2712 2550 2797 2603 est
2818 2545 2939 2610 illa,
2971 2558 3083 2618 qua
3110 2545 3401 2599 connatu-

2032 2627 2233 2683 raliter
2249 2626 2450 2699 posita,
2471 2627 2705 2700 ponitur
2720 2626 2969 2692 effectus,
2986 2629 3043 2682 et
3060 2640 3172 2698 qua
3187 2621 3397 2685 ablata,
3547 2680 3553 2685 ,

2031 2705 2309 2761 aufertur.
2346 2704 2510 2761 Unde
2529 2710 2776 2762 errasset
2799 2704 3210 2761 Tridentinum
3238 2703 3395 2757 Gon·
3414 2680 3577 2773 Τῖῗὲἕῇι,

2029 2784 2231 2841 cilium
2259 2783 2510 2841 docendo
2547 2781 3011 2858 justificationem
3040 2781 3207 2854 impii
3234 2795 3402 2837 com—

2033 2864 2199 2938 plecti
2228 2863 2630 2922 remissionem
2659 2864 2885 2937 peccati,
2917 2869 2973 2921 et
3002 2862 3235 2919 unicam
3256 2873 3403 2916 cau-

2032 2962 2154 3003 sam
2203 2945 2510 3003 formalem
2531 2944 2958 3021 justificationis
2983 2960 3105 3004 esse
3145 2941 3403 3019 gratiam

2034 3028 2200 3084 nobis
2227 3027 2624 3094 inhaerentem,
2665 3032 2726 3083 ut
2766 3043 2939 3100 supra
2966 3031 3166 3084 contra
3191 3024 3407 3082 Scotis-

2032 3114 2139 3178 taS,
2170 3114 2225 3166 et
2245 3109 2389 3166 alios
2413 3108 2883 3182 ponderavimuS.
2914 3109 2983 3163 Et
3008 3107 3090 3164 sic
3118 3104 3403 3164 relabitur

2035 3189 2271 3246 Suarius
2300 3191 2362 3246 in
2384 3206 2584 3247 eorum
2613 3188 2969 3264 opinionem,
2999 3204 3174 3262 quam
3202 3187 3403 3260 appel·
3432 3193 3571 3233 suarez.

2037 3271 2117 3326 lat
2156 3269 2585 3344 improbabilem,
2616 3276 2671 3327 et
2707 3284 2831 3342 quae
2857 3267 3054 3344 gratiae
3082 3271 3251 3343 negat
3281 3265 3404 3323 vim

2037 3354 2471 3422 connaturalem
2514 3351 2584 3409 ad
2613 3350 2994 3427 detegendum
3023 3353 3266 3425 peccata.
3299 3347 3406 3403 Vi·-

2037 3431 2241 3489 deatur
2264 3435 2436 3507 Vasq.
2467 3434 2614 3507 disp:
2637 3435 2767 3501 204,
2794 3450 2915 3506 cap.
2948 3433 3004 3502 5,
3035 3431 3130 3488 ubi
3159 3431 3277 3486 late
3302 3443 3406 3485 ur-

2038 3519 2132 3589 get
2174 3515 2280 3572 hoc
2324 3514 2756 3585 inconvenienS,
2807 3512 3112 3572 ostendens
3157 3511 3407 3569 minime

2040 3596 2344 3663 cohaerere,
2397 3595 2546 3670 quod
2590 3595 2775 3672 gratia
2818 3596 2895 3652 sit
2937 3611 3008 3653 ex
3048 3598 3260 3651 natura
3305 3607 3404 3648 sua

2043 3676 2230 3733 forma
2266 3677 2613 3734 destructiva
2640 3676 2870 3749 peccati,
2902 3681 2962 3733 et
2985 3673 3137 3749 quod
3183 3673 3405 3730 nihilo-

2041 3755 2238 3811 minus
2263 3761 2515 3828 expectet
2561 3756 2737 3832 aliam
2777 3755 3161 3812 extrinsecam
3188 3752 3403 3810 condo-

2044 3837 2357 3906 nationem,
2390 3839 2483 3895 vel
2509 3853 2639 3894 cum
2663 3842 2884 3910 peccato
2911 3837 3087 3910 possit
3111 3832 3398 3910 conjungi.

2043 3917 2321 3976 Videatur
2349 3919 2524 3977 etiam
2564 3919 2819 3975 Becanus
2865 3917 2976 3974 loco
3002 3935 3171 3992 supra
3214 3917 3400 3979 citato,
3424 3921 3581 3963 aenum

2045 3991 2142 4054 ubi
2171 4000 2372 4056 asserit
2399 3999 2716 4073 oppositam
2742 3996 3079 4071 opinionem
3106 4012 3229 4055 esse
3254 3995 3407 4070 diffi-

2043 4081 2286 4136 citiorem
2314 4097 2492 4135 errore
2520 4078 2749 4136 Caluini
2774 4079 3023 4148 dicentia
3044 4084 3272 4151 peccata
3301 4092 3404 4132 non

2045 4160 2181 4228 tolli,
2211 4160 2301 4216 sed
2328 4162 2431 4232 teyi
2453 4158 2667 4220 Christi
2691 4161 2920 4228 mcv-itia,
2949 4167 2998 4215 et
3018 4160 3283 4232 justitia.

3446 3415 3549 3462 Vasav

2638 4431 2672 4498 g
2711 4431 2802 4484 111.

2185 4611 2395 4669 Eadem
2421 4614 2626 4668 veritas
2650 4613 2770 4669 alia
2795 4613 3009 4668 ratione
3031 4610 3282 4684 fulcitur.

2130 4791 2248 4847 115.
2285 4791 2480 4850 Tertio
2508 4791 2786 4866 probatur
2808 4790 3046 4847 assertio
3074 4791 3271 4845 nostra
3297 4783 3406 4842 alio
3447 4785 3562 4862 niud-

2045 4878 2386 4947 argumento
2426 4873 2728 4948 desumpto
2767 4888 2840 4931 ex
2883 4873 2960 4928 iis
3004 4887 3131 4947 quas
3158 4867 3407 4926 diximus
3422 4845 3574 4942 ἕῑῗῑῖῗιο
3632 4905 3633 4954 p

2044 4960 2205 5010 tract.
2226 4955 2451 5029 praed.
2477 4955 2620 5029 disp.
2649 4955 2705 5022 2,
2726 4953 2854 5010 dub.
2883 4955 2941 5021 4,
2966 4956 2997 5024 g
3022 4954 3060 5010 2
3085 4955 3141 5008 et
3167 4945 3407 5005 tractae
3455 4939 3559 5028 Ἢ·-

2043 5037 2238 5093 ultimo
2282 5037 2407 5109 fine,
2438 5037 2581 5111 disp.
2624 5038 2680 5104 4,
2712 5036 2838 5094 dub.
2885 5036 2940 5106 3,
2985 5034 3084 5091 ubi
3125 5051 3280 5090 num:
3316 5029 3401 5093 32,

3005 5113 3407 5191 spopondimus
