3647 5753
597 402 716 459 076
749 454 752 457 .
1686 412 1778 467 DE
1817 413 2123 468 NATURA
2161 413 2443 469 MERITI.

398 584 566 677 ‹affig-
681 573 1071 634 confirmatur
1094 580 1315 651 primo:
1343 582 1621 653 quoniam
1652 590 1826 651 actus,
1853 600 1966 658 quo

414 683 563 734 primo.
607 652 864 711 Christus
887 667 1134 715 mortem
1164 678 1326 717 suam
1350 667 1678 737 acceptavit,
1711 665 1821 721 ruit
1843 682 1968 739 per·

608 735 916 796 tectissime
939 743 1276 800 meritorius
1302 745 1435 802 :sed
1459 747 1788 821 hujusmodi
1811 754 1967 805 actus

605 832 725 875 non
753 818 863 875 fuit
891 822 1057 890 liber,
1093 823 1274 882 adhuc
1294 827 1480 899 quoad
1505 831 1864 899 exercitium,
1887 831 1966 887 ita

603 904 668 954 ut
689 900 950 958 Christus
993 911 1177 977 posset
1205 913 1449 965 mortem
1493 925 1611 966 non
1653 918 1960 984 acceptare,

601 987 840 1039 autnon
863 987 1015 1042 mori
1045 1009 1057 1042 ε
1083 1003 1237 1063 ergo,
1270 995 1371 1046 etc.
1404 992 1589 1064 Major
1606 991 1675 1048 ab
1696 993 1967 1051 omnibus

603 1061 946 1132 admittitur,
980 1073 1036 1124 et
1062 1074 1279 1126 constat
1305 1087 1374 1128 ex
1404 1071 1507 1129 illo
1543 1074 1706 1130 Pauli
1730 1073 1800 1130 ad
1825 1075 1966 1131 Phi-

603 1143 744 1216 lipp.
778 1147 813 1200 2
844 1168 855 1202 :
891 1148 1094 1204 Factus
1121 1150 1367 1207 obediens
1404 1171 1573 1230 usque
1599 1156 1673 1211 ad
1715 1162 1959 1224 mortem,

598 1234 818 1298 propter
844 1230 985 1301 quod
1002 1238 1053 1285 et
1081 1230 1227 1288 Deus
1259 1234 1531 1291 exaltavit
1558 1236 1737 1302 illum,
1766 1241 1864 1294 etc.
1897 1238 1967 1291 Et

600 1307 799 1365 minor
826 1312 908 1368 sic
935 1312 1241 1381 suadetur;
1290 1333 1424 1373 nam
1470 1318 1729 1375 Christus
1765 1319 1965 1375 Domi-

600 1403 711 1444 nus
739 1398 984 1449 mortem
1009 1396 1404 1468 acceptavitex
1428 1404 1727 1471 praeceptO,
1759 1405 1815 1455 et
1837 1398 1966 1456 obe·

585 1467 820 1533 ‚dientia
848 1473 1051 1540 Patris,
1085 1481 1149 1530 ut
1191 1477 1483 1551 colligitur
1521 1494 1592 1535 ex
1630 1479 1803 1535 citato
1844 1479 1965 1536 loco

598 1551 802 1617 Pauli;
850 1569 966 1610 non
995 1562 1186 1612 autem
1230 1559 1411 1630 potuit
1457 1558 1784 1632 hujusmodi
1816 1575 1966 1632 prae-

597 1638 822 1704 ceptum
869 1650 986 1692 non
1029 1654 1283 1703 servare,
1317 1641 1461 1698 alias
1487 1657 1717 1714 peccare
1740 1648 1960 1714 posset:

598 1727 733 1786 ergo
756 1731 872 1770 non
904 1719 1086 1787 potuit
1115 1725 1363 1777 mortem
1396 1739 1513 1779 non
1541 1729 1849 1796 acceptare.

433 1828 509 1871 Se,
675 1795 1348 1859 confirmatursecundo:
1365 1797 1500 1859 nam
1515 1806 1765 1878 Angelus
1785 1804 1961 1861 etiam

396 1877 550 1922 eundo.
599 1876 816 1931 meruit
864 1895 962 1950 per
1004 1886 1192 1936 actum
1239 1883 1537 1941 charitatis
1595 1887 1853 1942 elicitum
1899 1886 1961 1941 in

599 1956 789 2029 primo
813 1960 1166 2028 instanti,·ut
1194 1980 1265 2022 ex
1294 1966 1557 2025 doctrina
1608 1971 1672 2025 D.
1701 1969 1904 2025 Thom.
1935 1969 1953 2023 l

589 2046 742 2110 part.
776 2057 825 2116 q.
853 2041 944 2106 612,
976 2051 1085 2100 art.
1113 2047 1167 2112 5,
1195 2047 1366 2104 modo
1392 2049 1772 2120 supponimus
1798 2071 1811 2106 :
1862 2047 1961 2104 sed

595 2120 898 2192 praedictus
927 2130 1081 2179 actus
1109 2143 1227 2184 non
1257 2129 1366 2184 fuit
1396 2129 1542 2186 liber
1566 2130 1749 2186 adhuc
1774 2129 1960 2203 quoad

592 2202 936 2259 exercitium
959 2228 973 2270 ;
1004 2221 1122 2263 non
1144 2210 1303 2265 enim
1328 2216 1551 2282 poterat
1571 2210 1823 2285 Angelus
1855 2227 1960 2284 pro

593 2285 730 2338 tunc
752 2286 933 2341 Deum
967 2301 1084 2343 non
1112 2287 1376 2364 diligere,
1402 2307 1532 2347 cum
1563 2290 1632 2347 ad
1663 2292 1766 2347 hoc
1793 2296 1960 2348 tene-

594 2370 754 2421 retur
797 2374 1074 2440 praecepto
1113 2372 1430 2440 charitatis,
1476 2374 1626 2446 quod
1672 2374 1735 2429 in
1771 2374 1961 2446 primo

594 2446 837 2503 instanti
862 2465 977 2505 non
1001 2454 1182 2523 potuit
1204 2456 1530 2527 praeterire:
1559 2472 1716 2531 erg0‚
1740 2462 1844 2514 etc.

373 2549 581 2641 ἓξὲξ·
595 2529 1000 2671 ερζζῗὲἱθὴέᾃῑ
1014 2538 1618 2675 αέςυῐῃεέηῑᾳῐηιωυῖᾱ
1650 2540 1957 2677 ‘propriam

375 2651 571 2699 gumento
596 2691 846 2762 Christi),
875 2636 1644 2767 respondggsrhznmigssset
1671 2640 1960 2775 glii'slg’ub?

596 2788 724 2829 rum
754 2777 1067 2835 solutiones
1090 2780 1257 2837 modo
1280 2799 1398 2838 non
1420 2791 1583 2839 vacat
1614 2786 1848 2842 referre.
1880 2787 1960 2842 Ea

594 2859 786 2912 autem
835 2861 1241 2933 congruentior
1286 2861 1534 2931 videtur,
1565 2883 1739 2938 quam
1780 2864 1958 2923 tradit

380 2937 842 2996 Vinoent.Joannes
863 2942 1200 2998 Vincentius
1220 2945 1395 3001 relect.
1423 2946 1486 3000 de
1506 2950 1693 3016 qratia
1718 2948 1951 3015 Christi,

392 3025 648 3098 Bannez.q‚
677 3023 730 3089 5,
764 3031 875 3079 art.
906 3026 941 3079 2
962 3026 1037 3079 ad
1067 3028 1110 3091 l,
1138 3028 1323 3084 Banez
1350 3029 1404 3093 2,
1432 3030 1486 3095 ’2,
1526 3047 1578 3102 q.
1615 3032 1706 3096 24,
1751 3038 1861 3088 art.
1898 3032 1951 3097 3,

397 3075 558 3167 iffi?
591 3109 658 3159 et
685 3107 941 3177 sequitur
992 3109 1187 3164 Zumel
1225 3109 1287 3165 in
1318 3112 1610 3182 praesenti.
1640 3114 1780 3187 disp.
1825 3116 1868 3181 l,
1896 3117 1956 3170 in

588 3186 855 3242 solutione
882 3188 957 3242 ad
997 3192 1039 3257 l,
1076 3190 1319 3247 Alvarez
1346 3193 1380 3244 3
1417 3200 1568 3265 part.
1607 3193 1747 3266 disp.
1781 3196 1874 3261 45,
1901 3199 1957 3251 et

588 3269 691 3325 alii
743 3271 1045 3335 Juniores,
1095 3272 1361 3330 videlicet
1414 3281 1602 3331 actum
1655 3277 1955 3333 charitatis

586 3352 794 3409 Christi
829 3354 1058 3410 Domini
1102 3371 1261 3427 posse
1304 3357 1662 3414 considerari
1698 3358 1954 3432 duplici-

583 3439 690 3490 ter.
728 3437 924 3492 Primo
954 3442 1123 3508 prout
1153 3437 1382 3510 respicit
1410 3440 1608 3497 Deum.
1644 3446 1703 3495 ut
1732 3439 1953 3497 bonum

583 3515 896 3572 secundum
924 3532 1003 3581 se,
1037 3523 1092 3573 et
1118 3518 1219 3573 hoc
1260 3517 1429 3575 modo
1468 3521 1652 3576 fertur
1699 3521 1762 3576 in
1804 3522 1950 3578 illud

582 3596 825 3652 omnino
853 3597 1191 3662 necessarie,
1218 3596 1372 3654 unde
1401 3606 1569 3671 prout
1591 3601 1671 3654 sic
1700 3616 1816 3657 non
1845 3601 1953 3657 fuit

584 3677 941 3733 meritorius.
975 3678 1232 3735 Secundo
1277 3688 1560 3752 quatenus
1601 3683 1832 3755 respicit
1858 3684 1951 3756 ip-

583 3772 710 3811 sum
759 3757 1073 3814 secundum
1119 3759 1269 3831 quod
1316 3761 1380 3816 in
1427 3768 1551 3818 actu
1593 3764 1843 3820 exercito
1869 3769 1953 3820 est

586 3838 733 3894 ratio
753 3837 1032 3912 diligendi
1055 3847 1369 3904 creaturas;
1389 3848 1444 3898 et
1467 3851 1634 3915 prout
1661 3845 1741 3901 sic
1768 3845 1950 3902 fertur

584 3919 656 3976 ad
695 3939 826 3977 eum
870 3922 1064 3989 libere,
1095 3925 1299 3979 saltem
1346 3926 1529 3996 quoad
1583 3929 1945 3997 exercitium,

581 4007 637 4059 et
664 4002 769 4060 hac
810 4005 1030 4060 ratione
1070 4005 1179 4060 fuit
1228 4008 1585 4064 meritorius.
1618 4012 1764 4065 Nam
1805 4026 1950 4082 que-

580 4084 956 4141 madmodum
985 4085 1105 4156 ipse
1146 4102 1310 4143 amor
1345 4085 1601 4154 divinus,
1635 4095 1691 4146 et
1721 4091 1950 4148 increa-

581 4169 671 4219 tus
698 4166 873 4221 simul
902 4171 988 4221 est
1016 4169 1391 4233 necessariuS,
1422 4173 1478 4224 et
1515 4168 1663 4225 liber
1693 4177 1948 4244 respectu

578 4244 975 4313 diversorum;
1009 4250 1362 4304 necessarius
1410 4255 1689 4322 quatenus
1743 4254 1949 4308 termi-

582 4331 755 4384 natur
782 4326 851 4383 ad
880 4327 1143 4385 divinam
1165 4328 1485 4387 'bonitatem
1522 4336 1813 4405 sumptam
1855 4350 1951 4391 se-

579 4408 832 4464 cundum
860 4425 952 4478 se;
983 4413 1037 4465 et
1085 4410 1231 4468 liber
1269 4419 1552 4485 quatenus
1597 4415 1949 4473 terminatur

582 4488 654 4546 ad
682 4495 989 4555 creaturas
1023 4494 1114 4549 vel
1143 4492 1312 4566 (quod
1355 4493 1509 4551 idem
1537 4497 1640 4564 est)
1667 4501 1948 4568 quatenus

580 4570 931 4630 terminatur
974 4571 1042 4628 ad
1090 4574 1274 4647 ipsam
1303 4574 1566 4630 divinam
1607 4574 1942 4646 bonitatem,

575 4659 640 4710 ut
666 4660 751 4711 est
776 4655 838 4710 in
866 4659 988 4711 actu
1016 4657 1265 4714 exercito
1294 4657 1440 4713 ratio
1467 4657 1601 4714 illas
1630 4657 1938 4734 diligendi,

577 4740 640 4791 ut
666 4736 728 4790 in
754 4744 914 4792 tract.
947 4737 1010 4791 de
1030 4735 1314 4794 Veluniate
1341 4737 1460 4803 Dei,
1493 4739 1633 4812 disp.
1665 4742 1721 4805 7,
1752 4740 1860 4796 dub
1886 4745 1942 4807 7,

567 4816 750 4873 'latius
771 4816 1128 4873 ostendimus
1162 4837 1175 4872 ε
1206 4818 1284 4873 ita
1306 4818 1482 4874 etiam
1506 4824 1662 4875 actus
1688 4820 1948 4878 charita-

574 4898 651 4954 tis
678 4899 889 4955 Christi
921 4898 1175 4965 Domini,
1201 4900 1339 4973 quia
1359 4905 1444 4956 est
1466 4900 1730 4959 formalis
1760 4902 1949 4976 parti-

569 4981 783 5054 cipatio
813 4981 1029 5038 amoris
1062 4982 1302 5040 increati
1346 4983 1466 5049 Dei,
1502 4989 1682 5056 potest
1711 4992 1945 5044 utrum-

571 5077 683 5134 que
712 5062 900 5119 hocin
926 5078 986 5119 se
1016 5079 1145 5118 cum
1175 5064 1546 5137 proportione
1572 5066 1941 5143 conjungere.

2171 587 2365 658 Neque
2392 585 2549 642 aliud
2571 587 2756 644 voluit
2776 590 2840 643 D.
2866 588 3066 644 Thom.
3094 587 3149 642 in
3171 587 3259 643 illa
3281 588 3395 643 solu·

2098 665 2253 722 tione
2280 665 2352 722 ad
2392 668 2427 721 5
2454 688 2466 733 ;
2491 667 2572 723 ibi
2610 668 2770 723 enim
2799 669 2858 723 in
2888 674 3030 734 actu,
3061 684 3165 740 quo
3190 669 3395 724 Christus

2099 746 2379 802 Dominus
2406 749 2585 804 Deum
2608 748 2688 804 ita
2708 746 2999 822 diligebat,
3034 757 3092 804 ut
3126 765 3229 805 non
3254 754 3396 820 posset

2099 844 2216 886 non
2237 827 2497 903 diligere,
2526 830 2688 902 ponit
2709 830 2963 902 aliquam
2992 830 3289 887 libertatem
3306 855 3318 898 ;
3336 829 3397 886 sic

2097 908 2257 966 enim
2285 909 2367 965 ait
2400 930 2413 966 ε
2447 931 2472 963 α
2534 911 2636 966 Vel
2660 909 2986 975 dicendum,
3017 910 3161 985 quod
3195 910 3239 966 si
3260 912 3397 968 etiam

2103 1011 2129 1043 α
2158 995 2304 1045 esset
2324 988 2774 1049 determinatum
2804 991 2875 1047 ad
2904 1006 3102 1055 unum.
3130 1007 3237 1048 non
3262 1012 3283 1042 a
3308 991 3399 1063 (in-

2096 1069 2291 1143 tellige
2332 1069 2582 1127 liberum
2625 1070 2935 1127 arbitrium
2976 1071 3179 1126 Christi
3197 1072 3400 1144 Domini)

2104 1174 2129 1204 α
2158 1152 2303 1208 sicut
2349 1150 2415 1209 ad
2482 1152 2841 1227 diligendum
2885 1155 3082 1218 Deum,
3136 1152 3271 1226 quod
3311 1169 3401 1211 non

2103 1256 2128 1286 «
2158 1232 2343 1290 facere
2390 1250 2506 1291 non
2553 1240 2763 1307 potest;
2814 1240 3010 1290 tamen
3062 1249 3133 1290 ex
3190 1235 3282 1292 hoc
3314 1252 3403 1293 nou

2101 1334 2126 1364 α
2158 1314 2373 1370 amittit
2408 1314 2755 1381 libertatem,
2788 1321 2885 1371 aut
2915 1316 3193 1372 rationem
3237 1317 3401 1381 laudis,

2100 1414 2125 1444 «
2156 1393 2280 1450 sive
2317 1395 2549 1462 meriti;
2592 1396 2729 1468 quia
2776 1397 2839 1451 in
2891 1396 3034 1452 illud
3091 1413 3202 1454 non
3240 1405 3403 1463 coacte,

2103 1496 2127 1527 α
2155 1475 2254 1531 sed
2280 1483 2481 1550 sponte
2520 1477 2724 1535 tendit.
2761 1501 2785 1530 »
2819 1481 2947 1536 Haec
2993 1485 3180 1537 autem
3219 1481 3405 1538 libertas

2096 1560 2295 1631 nequit
2341 1560 2510 1616 aliter
2567 1561 2864 1618 commode
2918 1561 3183 1637 intelligi,
3231 1565 3327 1620 nisi
3362 1570 3408 1619 ut

2096 1652 2201 1693 nos
2228 1654 2356 1695 eam
2394 1640 2564 1698 modo
2592 1643 3013 1715 explicuimus;
3045 1660 3177 1700 nam
3214 1662 3272 1702 eo
3296 1646 3404 1717 ipso,

2094 1717 2243 1792 quod
2265 1728 2420 1777 actus
2445 1724 2545 1780 ille
2572 1740 2690 1780 non
2729 1726 2803 1781 sit
2843 1733 3083 1794 coactus,
3113 1728 3209 1783 hoc
3232 1733 3304 1783 est
3325 1740 3404 1780 ne-

2094 1804 2372 1860 cessarius
2418 1803 2489 1861 ab
2538 1808 2878 1871 extrinseco,
2925 1808 3022 1865 sed
3071 1815 3406 1881 spontaneus;

2092 1884 2228 1956 quia
2253 1886 2471 1942 scilicet
2509 1887 2632 1960 ejus
2664 1891 2967 1945 necessitas
2994 1890 3177 1946 oritur
3201 1906 3264 1945 ex
3281 1906 3406 1944 sum-

2095 1982 2191 2023 ma
2219 1965 2475 2023 bonitate
2502 1968 2705 2042 objecti
2738 1972 2983 2042 perfecte
3012 1972 3245 2045 cognita,
3271 1976 3411 2045 potest

2095 2055 2334 2122 utroque
2356 2050 2461 2107 illo
2484 2051 2670 2114 modo,
2691 2068 2862 2124 quem
2884 2053 3151 2120 dicimus,
3174 2052 3408 2126 objectum

2094 2131 2410 2205 attingere;
2459 2138 2515 2187 et
2568 2132 2645 2188 ita
2694 2133 2906 2190 habere
2950 2134 3129 2189 simul
3174 2134 3409 2190 rationem

2095 2213 2288 2280 liberi,
2311 2220 2366 2271 et
2395 2217 2698 2272 necessarii
2745 2233 2844 2289 per
2891 2216 3159 2275 ordinem
3198 2216 3261 2273 ad
3298 2214 3409 2272 illud

2092 2296 2405 2353 secundum
2435 2296 2692 2354 diversas
2729 2300 2851 2372 ejus
2881 2300 3135 2356 rationes
3162 2306 3405 2356 attactum.

2092 2375 2251 2442 Quod
2290 2383 2483 2434 tamen
2527 2379 2825 2450 praedictus
2875 2387 3034 2436 actus
3085 2380 3280 2437 habere
3318 2393 3410 2435 non

2094 2466 2293 2531 posset,
2326 2459 2373 2514 si
2396 2465 2636 2524 coactus,
2668 2475 2768 2515 seu
2797 2461 2867 2516 ab
2906 2462 3214 2518 intrinseco
3250 2475 3409 2517 neces-

2090 2540 2277 2595 sarius
2304 2541 2645 2613 esset3quia
2691 2558 2821 2597 cum
2869 2544 3200 2599 necessitate
3242 2541 3302 2598 ab
3329 2556 3409 2597 ex·

2092 2622 2340 2678 trinseco
2382 2638 2499 2680 non
2542 2625 2887 2696 compatitur
2918 2627 3130 2699 aliquis
3157 2623 3412 2683 modusli-

2091 2702 2358 2764 bertatis;
2385 2703 2529 2760 bene
2568 2711 2760 2761 autem
2789 2722 2919 2761 cum
2953 2709 3291 2769 necessitate,
3317 2718 3410 2777 quae

2090 2785 2277 2841 oritur
2299 2801 2368 2842 ex
2393 2785 2643 2857 perfeeta
2664 2787 2990 2859 cognitione
3020 2788 3234 2863 objecti,
3263 2800 3410 2858 quan-

2089 2863 2162 2922 do
2207 2865 2489 2939 obJectum
2533 2866 2743 2939 ipsum,
2773 2866 2902 2923 licet
2929 2869 3239 2925 secundum
3271 2881 3407 2921 unam

2091 2948 2377 3003 rationem
2400 2953 2551 3019 petat
2574 2948 2758 3003 amari
2786 2952 3130 3014 necessario,
3145 2946 3406 3006 secundum

2090 3027 2269 3084 aliam
2329 3029 2469 3100 petit
2528 3029 2713 3084 amari
2761 3027 2960 3085 libere.
3031 3033 3141 3087 Per
3194 3028 3322 3101 quod
3354 3023 3406 3080 ad

2089 3114 2396 3181 utramque
2423 3109 2669 3165 minoris
2693 3108 3098 3181 probationem
3125 3114 3253 3166 satis
3276 3122 3407 3165 cons-

2086 3196 2185 3257 tat,
2218 3196 2274 3246 et
2322 3191 2535 3264 replica
2572 3207 2697 3262 quae
2733 3206 2803 3246 ex
2851 3192 3126 3266 praedicto
3154 3196 3214 3249 D.
3242 3192 3401 3247 Thom.

2087 3273 2420 3330 testimonio
2446 3274 2745 3347 insurgere
2774 3279 3014 3347 poterat,
3052 3283 3238 3332 manet
3268 3274 3402 3331 etiam

2084 3356 2292 3412 soluta.
2525 3403 2535 3415 ,

2168 3432 2249 3485 14.
2297 3429 2382 3486 Ad
2430 3430 2682 3503 primam
2732 3431 3253 3499 confirmationem,
3299 3441 3515 3490 con-(wm-

2083 3526 2237 3567 cessa
2272 3512 2497 3585 maJ'ori,
2532 3513 2794 3586 neganda
2819 3520 2905 3568 est
2932 3515 3152 3572 minor.
3186 3513 3262 3569 Ad
3283 3495 3522 3599 cujnsss'ss.

2086 3591 2482 3664 probationem
2560 3593 2865 3650 dicendum
2936 3603 3055 3666 est,
3133 3595 3273 3669 quod
3328 3598 3404 3648 εἰει
3429 3589 3506 3678 “ug

2084 3673 2343 3730 Christus
2389 3675 2655 3732 habuerit
2713 3684 3060 3750 praeceptum
3126 3669 3406 3749 acceptaudi

2083 3760 2350 3820 mortem,
2381 3764 2436 3813 et
2483 3758 2562 3816 ita
2608 3758 2671 3813 in
2717 3773 2888 3814 sensu
2936 3757 3250 3832 composito
3276 3756 3406 3829 hujus

2083 3838 2346 3910 praecepti
2371 3853 2485 3893 non
2515 3840 2758 3911 potuerit
2784 3855 2900 3895 non
2932 3843 3088 3897 mori
3116 3866 3130 3907 ;
3156 3840 3320 3897 adhuc
3340 3845 3408 3891 ta-

2082 3935 2216 3977 men
2241 3921 2423 3977 libere
2444 3929 2691 3978 mortem
2721 3924 3053 3994 acceptavit,
3088 3926 3221 3997 quia
3246 3921 3307 3980 ad
3331 3921 3410 3977 hoc

2080 4003 2218 4058 satis
2234 4008 2337 4069 est,
2372 4009 2432 4057 ut
2478 4008 2662 4075 posset
2702 4018 2818 4058 non
2865 4009 3162 4075 acceptare
3191 4007 3338 4061 illam
3361 4002 3408 4056 iu

2079 4099 2251 4140 sensu
2274 4084 2480 4148 diviso,
2501 4084 2647 4139 sicut
2671 4099 2871 4141 revera
2895 4087 3106 4157 potuit.
3131 4089 3267 4142 Cum
3284 4082 3411 4141 enim

2082 4181 2240 4222 mors
2268 4166 2370 4222 illa
2396 4165 2712 4221 secundum
2740 4183 2801 4222 se
2841 4176 3075 4239 sumpta
3104 4183 3279 4240 neque
3300 4169 3414 4221 &set

2078 4263 2377 4304 summum
2407 4247 2641 4310 bonum.
2676 4265 2777 4304 nec
2831 4252 3156 4306 necessario
3190 4264 3309 4304 cum
3333 4245 3413 4301 illo

2079 4344 2371 4396 connexa;
2398 4344 2516 4386 non
2537 4336 2661 4385 erat
2688 4330 2841 4387 unde
2865 4348 2894 4387 a
2917 4332 3219 4388 voluntate
3238 4326 3415 4384 Christi

2084 4427 2202 4468 non
2227 4418 2409 4484 posset
2428 4410 2741 4468 secundum
2768 4429 2829 4469 se
2849 4413 3212 4469 considerata
3237 4407 3413 4482 respui.

2077 4490 2226 4563 quod
2247 4498 2333 4548 est
2361 4507 2521 4564 posse
2543 4508 2660 4548 non
2684 4501 2973 4566 acceptare
2996 4495 3168 4549 illam
3194 4494 3255 4549 in
3278 4504 3420 4549 sensu

2079 4572 2288 4632 diviso.
2320 4575 2512 4645 Neque
2559 4574 2693 4629 hinc
2741 4573 2823 4638 fit,
2856 4574 3154 4631 Christum
3206 4573 3418 4647 potuisse

2081 4671 2324 4728 peccare,
2373 4662 2471 4712 aut
2501 4656 2687 4712 Patris
2717 4665 3066 4730 praeceptum
3098 4652 3421 4732 transgredi:

2078 4740 2212 4812 quia
2254 4755 2370 4796 non
2416 4739 2685 4811 quaelibet
2732 4755 2852 4795 non
2900 4743 3213 4812 acceptatio
3243 4737 3421 4796 mortis

2077 4825 2162 4876 est
2182 4821 2561 4894 transgressio
2583 4821 2846 4893 praecepti
2870 4820 3184 4888 moriendi,
3210 4818 3304 4876 sed
3324 4830 3421 4874 non

2077 4904 2385 4975 acceptatio
2407 4903 2570 4959 illius
2599 4903 2660 4958 in
2687 4917 2856 4958 sensu
2883 4904 3223 4974 composito.
3257 4905 3320 4957 Et
3339 4902 3423 4956 hoc

2076 4987 2179 5049 est,
2197 4982 2348 5056 quod
2371 4985 2472 5040 alii
2497 4984 2629 5040 aliis
2650 4982 2843 5039 verbis
2859 4984 2919 5039 in
2936 4983 3195 5040 eundem
3215 4994 3422 5041 sensum

2077 5064 2449 5123 redeuntibus
2486 5065 2776 5140 explicant
2819 5064 3094 5132 dicentes,
3150 5065 3423 5124 Christum
