3647 5753
1316 392 1497 446 DISP.
1541 392 1661 458 vn,
1707 392 1874 448 DUB.
1917 393 1986 446 V.
2950 401 3058 454 :229

796 571 828 637 ς
870 569 962 623 w.

321 711 595 780 Refertur
622 718 894 770 sententia
921 719 1226 784 contraria,
1263 721 1482 796 ejusque

581 797 816 851 motivis
837 799 1160 853 occurritur.

129 1005 137 1012 .
235 964 727 1035 318.0ppositam
742 970 949 1022 nostrae
967 966 1273 1039 principali
1294 968 1555 1025 assertio·

129 1053 133 1122 j
166 1044 225 1098 ni
256 1044 613 1116 opinionem
636 1045 1314 1104 defunduntM.Joannes
1339 1050 1554 1106 Gonza-

165 1127 248 1182 lez
273 1128 290 1181 l
308 1133 467 1200 part.
499 1127 762 1201 disp.58‚
793 1130 981 1194 sectB,
1007 1131 1310 1186 etArauxo
1335 1129 1465 1202 (sibi
1490 1130 1551 1187 in

129 1263 137 1271 ,
163 1206 296 1262 aliis
322 1206 613 1279 operibus
642 1209 985 1280 contrarius)
1013 1212 1072 1264 in
1090 1213 1339 1282 pruenti
1364 1219 1546 1289 quast.

172 1288 290 1354 111,
321 1287 455 1343 dub.
481 1289 543 1351 6,
583 1287 684 1344 ubi
713 1288 1002 1364 affirmant
1029 1291 1315 1346 auxilium
1354 1292 1552 1350 efficax

165 1384 281 1425 non
305 1386 678 1442 praemovere
707 1371 953 1444 physice,
973 1370 1068 1427 sed
1096 1374 1416 1441 moraliter,
1445 1390 1551 1433 nec

162 1450 477 1506 consistere
528 1450 597 1505 in
627 1451 904 1522 qualitate
947 1453 1156 1523 praevie
1202 1454 1543 1526 applicante,

163 1531 259 1587 sed
286 1531 350 1587 in
372 1529 820 1604 operationibus
840 1531 1117 1588 vitalibus
1146 1533 1548 1592 indeliberatis

164 1625 513 1666 consensum
536 1610 928 1667 deliberatum
958 1611 1351 1670 infallibiliter
1379 1613 1548 1671 indu-

164 1692 440 1750 centibus.
468 1697 665 1758 Quam
690 1694 951 1750 virorum
974 1696 1241 1768 gravium
1269 1713 1302 1753 a
1327 1697 1546 1754 cmteris

166 1773 482 1829 Themistis
508 1773 961 1848 disJ'unctionem
983 1792 1246 1832 summus
1291 1775 1546 1851 discipu-

168 1854 351 1909 lorum
392 1854 644 1911 Molinae
682 1857 952 1927 sequutus
992 1861 1078 1911 est
1104 1857 1355 1928 plausus,
1381 1857 1544 1930 quasi

169 1951 342 1993 novos
362 1937 546 2008 possit
568 1942 774 1994 contra
795 1937 1297 2009 Augustinianam,
1323 1945 1380 1996 et
1400 1939 1544 1996 Tho-

168 2017 452 2074 misticam
476 2018 705 2074 divinae
751 2019 949 2091 gratiae
987 2019 1294 2077 efficaciam
1325 2020 1543 2077 milites

166 2098 543 2166 conscribere;
560 2106 702 2157 etex
718 2100 821 2156 hoc
843 2100 955 2156 levi
973 2101 1163 2167 unius,
1191 2107 1288 2158 aut
1303 2102 1543 2159 alterius

170 2181 476 2238 Thomistae
495 2198 635 2237 cum
660 2182 878 2238 caeteris
897 2181 1138 2240 dissidio
1162 2183 1411 2241 habeant
1438 2183 1543 2240 ali-

169 2260 317 2332 quid,
336 2279 450 2334 quo
475 2261 729 2336 objectas
754 2263 865 2319 sibi
883 2265 1035 2321 circa
1055 2264 1335 2338 obJ'ectum
1350 2265 1528 2322 scien·

174 2343 259 2398 tiae
284 2343 487 2400 mediae
517 2359 805 2417 perennes
823 2361 1063 2405 suorum
1086 2345 1399 2403 discordias
1427 2346 1541 2402 ali-

170 2440 277 2495 quo
289 2425 457 2483 modo
476 2425 810 2493 retundant,
822 2431 879 2482 ut
895 2427 1141 2484 celebrat
1153 2426 1387 2501 quidam
1402 2443 1540 2499 prae-

179 2501 337 2560 dictae
367 2506 622 2562 scientim
649 2506 1174 2580 HistoriographuS.
1227 2506 1334 2565 Sed
1363 2524 1537 2580 quam

129 2588 153 2662 'e
185 2584 326 2641 levis
348 2587 422 2641 sit
441 2604 507 2644 ea
556 2588 994 2645 Thomistarum
1015 2587 1339 2662 disjuncti0,
1364 2605 1536 2661 quam

129 2682 150 2712 ι·
183 2681 399 2737 parum,
432 2668 547 2724 nisi
605 2667 752 2725 forte
792 2668 855 2724 in
902 2667 1112 2733 verbis,
1166 2685 1199 2725 a
1239 2670 1535 2726 communi

179 2747 416 2803 aliorum
470 2746 647 2805 modo
695 2748 1009 2817 exorbitet,
1059 2754 1114 2806 et
1165 2765 1337 2823 quam
1385 2747 1536 2806 nihil

173 2825 649 2886 Adversariorum
676 2829 939 2902 opinioni
968 2829 1173 2897 faveat,
1208 2829 1385 2903 liquet
1413 2835 1534 2887 tum

173 2921 237 2963 ex
279 2905 459 2977 dictis,
487 2915 618 2965 tum
660 2925 732 2966 ex
769 2909 1168 2983 praedictorum
1208 2911 1534 2969 Authorum

175 2987 371 3055 verbis,
385 2990 600 3062 quibus
619 2990 810 3064 palam
828 2989 1171 3063 profitentur
1190 3007 1251 3048 se
1269 2992 1534 3065 amplecti

178 3068 563 3138 intrinsecam,
596 3076 655 3127 et
700 3070 1131 3128 antecedentem
1161 3070 1379 3128 divinae
1397 3088 1533 3146 gra-

177 3150 260 3205 tiae
283 3151 610 3219 efficaciam,
640 3168 765 3224 quae
809 3157 893 3208 est
932 3152 1101 3208 totius
1132 3152 1533 3210 controversiae

174 3245 375 3303 scopus,
399 3237 454 3288 et
480 3233 735 3298 Molinae,
757 3236 812 3289 et
827 3233 1152 3304 sequacium
1174 3238 1533 3290 commenta-

180 3309 348 3368 tiones
398 3314 737 3385 prosternit.
797 3312 959 3369 Unde
1007 3316 1240 3370 Arauxo
1290 3311 1531 3370 dubium

181 3389 313 3447 illud
351 3390 601 3449 absolvit
626 3392 718 3448 his
744 3392 937 3449 verbis
969 3414 983 3449 ε

144 3510 151 3517 .
253 3494 276 3522 κ
303 3472 571 3545 Sequitur
614 3488 686 3529 ex
733 3472 903 3546 hujus
943 3479 1152 3530 nostrae
1201 3471 1532 3546 quaestionis

187 3571 209 3600 α
249 3552 612 3619 resolutione,
639 3552 843 3608 falsam
884 3553 1126 3611 omnino
1165 3569 1287 3611 esse
1316 3552 1532 3610 doctri-

190 3651 209 3681 n
247 3646 375 3688 nam
414 3631 802 3706 quorumdam
831 3633 1272 3708 Theologorum,
1324 3632 1532 3706 quibus

190 3729 210 3759 α
248 3709 477 3768 adbaes'it
503 3711 826 3769 Ludovicus
852 3712 1071 3769 Molina
1094 3713 1188 3770 lib.
1218 3714 1314 3768 cit.
1343 3719 1524 3790 quest.

189 3809 209 3838 ιι
255 3791 333 3857 14,
372 3793 515 3865 disp.
547 3793 641 3859 38,
672 3809 796 3865 quae
825 3792 1072 3850 affirmat
1098 3794 1160 3850 in
1190 3793 1373 3853 libem
1418 3792 1530 3849 hu-

189 3892 211 3921 α
247 3875 399 3930 mani
441 3873 672 3932 arbitrii
699 3875 967 3932 facultate
1001 3876 1249 3949 positum
1276 3891 1417 3942 esse,
1468 3879 1531 3930 ut

192 3973 213 4002 a
248 3956 423 4027 gratia
466 3956 569 4013 Dei
599 3973 868 4029 operans,
915 3962 972 4013 et
1017 3956 1378 4030 praeveniens
1428 3954 1531 4013 fiat

194 4053 214 4083 α
250 4051 567 4109 cooperans,
617 4042 675 4093 et
698 4037 1070 4110 subsequens;
1099 4042 1156 4094 et
1179 4036 1328 4112 quod
1356 4037 1545 4093 auxi·

196 4136 215 4163 α
252 4116 384 4173 lium
412 4118 515 4176 Dei
560 4118 846 4175 sufficiens
899 4119 1170 4177 reddatur
1212 4120 1429 4184 efficax,
1472 4124 1528 4175 et

196 4216 216 4247 α
250 4198 388 4268 quod
425 4199 817 4257 conditionata
842 4201 942 4257 Dei
962 4202 1229 4257 voluntas
1250 4199 1349 4257 flat
1369 4198 1528 4257 abso·

196 4298 216 4326 κ
253 4276 379 4345 luta,
409 4284 466 4337 et
491 4278 897 4338 determinata.
923 4282 1103 4356 Hujus
1127 4281 1403 4340 doctrinae
1423 4280 1527 4337 fal-

198 4378 215 4406 1
251 4357 379 4416 sitas
426 4376 498 4417 ex
549 4376 618 4419 eo
680 4366 916 4423 constat.
969 4361 1119 4436 quod
1170 4360 1527 4427 ostendimus

194 4457 214 4486 cx
250 4436 559 4496 humanum
600 4440 911 4497 arbitrium
959 4442 1020 4497 in
1065 4443 1227 4500 omni
1271 4440 1526 4498 studiosa

196 4538 216 4568 α
252 4521 570 4591 operatione
596 4522 907 4595 praeveniri
946 4538 980 4579 a
1006 4524 1120 4580 Deo
1145 4521 1364 4579 auxilio
1401 4520 1525 4578 effi-

195 4617 216 4646 «
250 4599 355 4655 caci
383 4600 569 4673 ipsum
604 4601 861 4658 hominis
881 4602 1191 4659 arbitrium
1215 4601 1522 4676 praedeter-

196 4698 217 4727 α
252 4679 499 4737 minante
522 4681 1121 4754 praedeterminatione
1145 4683 1350 4741 saltem
1394 4698 1524 4741 mo-

197 4778 217 4806 ιι
254 4760 372 4829 rali,
396 4778 524 4835 quae
545 4763 675 4819 licet
702 4763 865 4820 nulla
889 4779 962 4821 ex
1001 4767 1165 4836 parte
1197 4763 1523 4823 libertatem

196 4859 216 4886 e
252 4838 570 4909 imminuat,
599 4842 897 4901 efficaciter
923 4850 1118 4902 tamen
1146 4845 1312 4904 illam
1354 4844 1524 4904 modo

198 4938 219 4966 α
252 4919 483 4991 quodam
511 4923 872 4993 suavissimo,
895 4929 953 4981 et
971 4926 1094 5001 ejus
1114 4931 1336 4984 naturae
1355 4926 1524 4984 valde

199 5016 219 5046 ι
255 5001 679 5072 accommodato,
710 5002 779 5061 ad
807 5020 1042 5064 omnem
1070 5004 1399 5082 hujusmodi
1426 5022 1521 5064 ac-

1700 585 1726 616 «
1769 562 2007 629 tionem,
2045 565 2361 637 praesertim
2397 568 2857 637 supernaturalis
2894 569 3056 625 ordi-

1699 665 1725 696 α
1767 644 1899 711 niS,
1952 644 2434 717 praedeterminat.
2487 648 2679 718 Itaque
2742 646 2889 704 liber
2935 649 3054 721 ipse

1697 746 1723 776 α
1765 724 2081 781 voluntatis
2123 741 2447 794 consensus,
2479 742 2590 798 quo
2640 729 2754 784 Deo
2802 730 3047 793 vocanti,

1698 829 1723 859 α
1764 812 1821 863 et
1848 807 2161 879 inspiranti
2213 809 2510 874 consentit,
2546 824 2660 865 non
2702 808 3053 867 determinat

1695 907 1721 939 α
1764 887 1865 943 Dei
1911 903 2271 952 concursum,
2317 894 2373 945 et
2402 889 2680 961 praevium
2716 890 3002 946 auxilium
3035 917 3049 958 ;

1695 987 1721 1018 «
1744 965 1859 1023 -sed
1888 983 1921 1024 e
1940 972 2140 1024 contra
2167 968 2290 1041 ipsa
2331 969 2585 1024 humana
2608 970 2874 1027 voluntas
2898 986 2931 1027 a
2952 971 3051 1028 Dei

1694 1070 1720 1102 α
1762 1051 2141 1121 praevenienti
2165 1052 2386 1107 auxilio
2413 1050 2482 1107 ad
2507 1052 2681 1108 talem
2711 1067 3052 1109 consensum

1692 1150 1718 1181 α
1759 1128 2059 1186 efficaciter
2086 1130 2666 1203 praedeterminatur:
2709 1138 2875 1204 atque
2914 1131 3053 1189 adeo

1691 1231 1718 1262 α
1759 1208 2005 1267 efficacia
2033 1209 2371 1268 divinorum
2411 1212 2768 1268 auxiliorum
2800 1213 3053 1269 nullate-

1690 1311 1717 1342 «
1760 1305 1871 1346 nus
1897 1307 1930 1347 a
1982 1290 2164 1347 libero
2205 1292 2518 1348 voluntatis
2547 1308 2650 1347 usu
2681 1290 2902 1364 pendet,
2937 1294 3052 1349 nisi

1690 1395 1715 1426 α
1758 1372 1829 1430 ad
1874 1389 2008 1430 eum
2054 1373 2310 1438 modum,
2356 1390 2467 1446 quo
2512 1375 2816 1431 efficientia
2866 1391 3092 1434 causas*

1689 1475 1715 1505 α
1755 1452 1969 1511 dicitur
1987 1454 2235 1528 pendere
2252 1453 2322 1511 ab
2338 1455 2535 1512 effectu
2561 1461 2622 1510 ut
2643 1472 2677 1512 a
2699 1456 3052 1514 terminante

1686 1555 1713 1586 <t
1756 1533 1941 1607 ipsam
1966 1551 2146 1592 causae
2171 1534 2537 1592 efficientiam
2564 1559 2578 1601 ;
2608 1551 2732 1608 quae
2752 1552 2882 1592 cum
2914 1553 3048 1609 pro—

1686 1635 1712 1666 «
1743 1615 1984 1687 prietate
1999 1614 2384 1689 dependentia
2400 1615 2681 1688 appellari
2705 1632 2821 1673 non
2844 1622 3043 1689 potest.

1684 1715 1711 1746 «
1752 1694 2037 1753 Similiter
2082 1695 2232 1769 quod
2258 1697 2442 1768 gratia
2477 1696 2577 1752 Dei
2625 1711 2870 1768 operans
2926 1699 3046 1753 vim

1684 1795 1710 1827 α
1752 1772 1976 1840 habeat,
2009 1781 2065 1832 et
2087 1777 2369 1833 rationem
2392 1776 2791 1850 cooperatricis
2817 1779 3042 1851 gratiae,

1684 1877 1710 1908 «
1753 1872 1870 1913 non
1899 1855 1969 1913 ab
1993 1858 2247 1914 humano
2265 1857 2507 1914 arbitrio
2532 1857 2801 1924 desumit,
2834 1859 2932 1916 sed
2976 1858 3047 1915 ab

1684 1957 1710 1987 ι(
1755 1936 1878 2009 ipsa
1910 1938 2008 1995 Dei
2038 1939 2348 2003 voluntate,
2374 1954 2443 1994 ex
2464 1955 2575 2010 qua
2599 1940 2895 2011 utriusque
2919 1955 3047 2014 gra-

1684 2037 1709 2069 «
1750 2016 1846 2073 tiae
1867 2018 2149 2075 rationem
2170 2019 2429 2075 sortitur.
2461 2019 2528 2074 Et
2549 2024 2743 2075 tamen
2764 2019 2912 2093 quod
2941 2020 3045 2078 Dei

1683 2117 1708 2148 α
1750 2098 2022 2154 voluntas
2050 2097 2308 2157 absoluta
2333 2099 2425 2162 sit,
2445 2103 2500 2155 et
2520 2098 2713 2156 efficax
2741 2115 3044 2172 compara-

1682 2198 1707 2230 α
1751 2178 1911 2234 tione
1941 2177 2011 2234 ad
2040 2184 2194 2234 actus
2222 2178 2462 2234 humani
2487 2178 2715 2235 arbitrii
2738 2179 3039 2248 studiosos„

1681 2279 1706 2309 α
1747 2262 1805 2313 et
1831 2259 2295 2331 supernaturalis
2345 2258 2588 2324 ordinis,
2620 2274 2693 2316 ex
2738 2260 3043 2333 semetipsa

1681 2359 1706 2392 α
1748 2338 1937 2406 habet,
1980 2341 2126 2398 sicut
2169 2347 2227 2398 et
2271 2339 2440 2397 habet
2474 2355 2705 2397 omnem
2733 2342 2911 2397 aliam
2954 2343 3041 2398 sui

1679 2441 1705 2472 a
1749 2421 2176 2492 perfectionem.
2212 2424 2404 2479 Posset
2443 2421 2590 2479 forte
2622 2420 2915 2488 dubitari,
2967 2439 3042 2480 an

1678 2522 1705 2553 (ι
1749 2501 2025 2572 potuisset
2081 2505 2227 2558 Deus
2273 2502 2351 2558 ita
2393 2507 2614 2557 naturae
2658 2501 2943 2568 ordinem,
2988 2511 3043 2560 et

1678 2601 1703 2631 α
1744 2582 1947 2654 gratiae
1972 2581 2297 2655 disponere,
2332 2582 2657 2639 utefficacia
2681 2581 2897 2640 divinae
2937 2599 3043 2639 vo-

1677 2681 1703 2714 α
1748 2661 2008 2728 luntatis,
2060 2662 2275 2719 divinae
2324 2663 2539 2737 gratiae,
2592 2662 3042 2735 divinorumque

1676 2763 1703 2794 «
1745 2742 2105 2799 auxiliorum
2172 2759 2244 2799 ex
2290 2742 2475 2800 libero
2518 2743 2760 2800 humani
2809 2742 3039 2801 arbitrii

1675 2843 1702 2875 «
1746 2837 1874 2890 usu,
1897 2828 2174 2895 tanquam
2196 2838 2268 2880 ex
2281 2823 2528 2897 quadam
2550 2822 2878 2882 conditione
2899 2839 3036 2897 pen·

1675 2926 1701 2957 «
1742 2904 1940 2963 deret?
1962 2907 2179 2963 Verum
2201 2907 2353 2979 quod
2375 2906 2444 2964 de
2467 2907 2611 2964 facto
2628 2907 2707 2964 ita
2725 2908 3034 2982 contingat,

1675 3007 1701 3039 «
1744 2986 1957 3043 falsum
1989 2988 2254 3052 omnine,
2286 2994 2342 3044 et
2369 2986 2727 3061 impossibile
2753 3004 2875 3045 esse
2900 3004 3037 3045 cen-

1674 3087 1700 3119 «
1740 3082 1877 3123 seo:
1926 3072 1983 3123 et
2021 3068 2157 3142 quia
2203 3084 2385 3140 neque
2410 3067 2567 3125 decet
2607 3068 2790 3142 ipsam
2820 3067 3036 3126 divinae
3119 3077 3128 3087 “

1673 3167 1699 3199 «
1742 3145 2122 3218 providentiae
2150 3148 2528 3221 majestatem,
2556 3164 2619 3204 ac
2643 3148 2985 3205 suavitatem
3018 3174 3032 3216 ;

1671 3246 1699 3279 «
1739 3230 1795 3281 et
1819 3225 1958 3298 quia
1994 3242 2171 3283 sacrae
2199 3228 2383 3284 literae
2425 3243 2530 3285 nos
2567 3226 2770 3285 docent
2802 3229 3034 3300 opposi-

1672 3329 1697 3361 α
1739 3314 1863 3363 tum
1888 3351 1902 3374 ‚
1955 3309 2017 3365 in
2054 3310 2144 3365 his
2183 3310 2437 3366 maxime
2482 3308 2769 3382 operibu5‚
2824 3309 3032 3383 quibus

1672 3408 1697 3441 α
1738 3392 1969 3444 aeternae
1992 3388 2514 3461 praedestinationis
2535 3387 2676 3446 ordo
2692 3389 2754 3444 in
2777 3395 3033 3463 tempore

1671 3489 1696 3520 «
1726 3472 2224 3525 consummatur.»
2259 3471 2327 3522 Et
2352 3473 2476 3541 post
2497 3468 2666 3542 hujus
2694 3468 2874 3539 partis
2895 3483 3030 3541 pro-

1663 3548 1956 3608 bationem
1976 3548 2170 3605 subdit
2201 3570 2214 3605 ε
2252 3571 2277 3602 «
2308 3548 2414 3605 Sed
2436 3553 2492 3605 et
2519 3550 2703 3605 multo
2731 3548 2949 3614 falsiuS,
2975 3553 3032 3605 et

1669 3652 1695 3683 α
1738 3629 2184 3703 improbabilius
2227 3645 2349 3686 esse
2400 3631 2728 3687 censuerim
2769 3629 2848 3695 id,
2879 3629 3030 3703 quod

1669 3734 1695 3765 α
1737 3712 1908 3768 multi
1930 3726 2002 3768 ex
2028 3712 2382 3769 Authoribus
2410 3728 2512 3785 pro
2534 3711 2724 3785 prima
2745 3712 3030 3769 sententia

1668 3815 1694 3848 α
1736 3794 1924 3850 citatis
1951 3810 2156 3851 verum
2186 3810 2308 3850 esse
2330 3792 2700 3859 contendunt,
2741 3792 3028 3850 nimirum

1667 3896 1693 3927 α
1735 3873 1986 3931 defuisse
2031 3877 2145 3931 Deo
2191 3873 2426 3929 modum
2471 3873 2743 3946 aliquem,
2775 3889 2887 3946 quo
2935 3875 3028 3932 vel

1667 3976 1693 4007 α
1736 3954 1988 4029 physico,
2015 3955 2107 4012 vel
2136 3955 2345 4012 morali
2374 3970 2650 4012 concursu
2677 3954 2890 4027 praevio
2903 3954 3029 4012 effi—

1667 4057 1693 4088 «
1734 4036 1944 4093 caciter
1972 4034 2506 4108 praedeterminaret
2547 4033 2859 4092 arbitrium
2906 4035 3027 4109 ejus

1667 4138 1692 4169 a
1735 4114 2001 4174 libertate
2030 4117 2228 4173 illaesa.
2256 4118 2372 4173 Hoc
2390 4116 2550 4173 enim
2574 4131 2830 4173 asserere
2865 4114 3026 4189 inju-

1665 4217 1691 4250 α
1737 4195 1957 4253 riosum
1988 4201 2223 4270 apparet
2244 4195 2458 4252 divinae
2478 4195 2930 4269 omnipotentiae,
2963 4202 3027 4252 ut

1664 4298 1691 4329 α
1734 4276 2060 4334 insinuavit
2096 4278 2332 4351 August.
2367 4277 2430 4332 in
2456 4280 2653 4348 quaest.
2685 4276 2789 4332 illa
2814 4277 2869 4342 2,
2921 4292 3025 4332 su·
3057 4288 3218 4339 naug.

1664 4380 1689 4412 α
1732 4359 1928 4432 perius
1953 4359 2142 4427 citata,
2168 4358 2306 4415 dum
2336 4360 2418 4416 ait
2443 4379 2456 4415 ε
2486 4358 2625 4423 Quis
2644 4359 2820 4416 etiam
2848 4357 3017 4425 dicat,

1663 4462 1690 4495 α
1731 4439 1968 4499 modum
1991 4457 2103 4514 quo
2115 4443 2274 4514 (puta
2288 4441 2536 4512 homini)
2560 4439 3017 4513 persuaderetur,

1663 4543 1702 4591 α,
1729 4528 1794 4577 ut
1820 4521 2093 4591 crederet,
2124 4523 2299 4579 etiam
2322 4520 2718 4594 omnipotenti
2732 4519 3021 4579 defuisse?

1662 4626 1688 4658 α
1731 4602 1973 4661 Infirma
1994 4619 2133 4661 sane
2156 4604 2356 4661 fuisset
2378 4604 2479 4660 Dei
2499 4603 2703 4678 gratia,
2735 4603 2786 4659 si
2813 4604 3024 4677 absque

1662 4706 1688 4739 «
1728 4684 2112 4758 dependentia
2137 4702 2170 4742 a
2199 4684 2463 4743 libertate
2507 4684 2776 4741 humanae
2820 4686 3025 4743 volun-

1661 4787 1688 4820 α
1726 4765 1864 4823 tatis
1888 4765 2263 4840 cooperantis
2292 4771 2350 4822 et
2395 4764 2808 4838 consequentis,
2843 4766 3021 4824 ratio-

1661 4868 1687 4902 α
1730 4862 1866 4904 nem
1896 4847 2143 4904 minime
2163 4846 2362 4905 sortiri
2385 4850 2589 4920 posset.
2621 4845 2728 4903 Sed
2756 4845 3023 4904 imbecil-

1662 4951 1688 4984 α
1730 4930 1805 4986 lis
1830 4934 1996 4997 esset,
2027 4934 2083 4987 et
2105 4930 2427 5003 plurimum
2453 4928 2525 4987 ab
2551 4926 2784 4986 infinita
2809 4928 3025 4988 virtute

1663 5032 1689 5064 α
1732 5008 2005 5068 deficiens
2042 5009 2165 5084 ipsa
2193 5011 2293 5067 Dei
2334 5012 2619 5080 voluntas,
2650 5010 2700 5067 si
2741 5008 3015 5077 absoluta,
