<?xml version="1.0" encoding="UTF-8"?>
<!DOCTYPE html PUBLIC "-//W3C//DTD XHTML 1.0 Transitional//EN"
    "http://www.w3.org/TR/xhtml1/DTD/xhtml1-transitional.dtd">
<html xmlns="http://www.w3.org/1999/xhtml" xml:lang="en" lang="en">
 <head>
  <title>
</title>
<meta http-equiv="Content-Type" content="text/html;charset=utf-8" />
  <meta name='ocr-system' content='tesseract 3.04.00' />
  <meta name='ocr-capabilities' content='ocr_page ocr_carea ocr_par ocr_line ocrx_word'/>
</head>
<body>
  <div class='ocr_page' id='page_1' title='image "./collegiisalmant00carmgoog_0585.png"; bbox 0 0 3647 5753; ppageno 0'>
   <div class='ocr_carea' id='block_1_1' title="bbox 1338 460 3089 528">
    <p class='ocr_par' dir='ltr' id='par_1_1' title="bbox 1338 460 3089 528">
     <span class='ocr_line' id='line_1_1' title="bbox 1338 460 3089 528; baseline -0.001 -9"><span class='ocrx_word' id='word_1_1' title='bbox 1338 464 1518 520; x_wconf 89' lang='lat' dir='ltr'>DISP.</span> <span class='ocrx_word' id='word_1_2' title='bbox 1563 462 1661 528; x_wconf 90' lang='lat'>111,</span> <span class='ocrx_word' id='word_1_3' title='bbox 1704 460 1872 519; x_wconf 86' lang='lat' dir='ltr'>DUB.</span> <span class='ocrx_word' id='word_1_4' title='bbox 1916 462 2009 518; x_wconf 88' lang='lat'>111.</span> <span class='ocrx_word' id='word_1_5' title='bbox 2970 462 3089 518; x_wconf 82' lang='lat'>563</span> 
     </span>
    </p>
   </div>
   <div class='ocr_carea' id='block_1_2' title="bbox 223 638 1589 797">
    <p class='ocr_par' dir='ltr' id='par_1_2' title="bbox 223 638 1589 797">
     <span class='ocr_line' id='line_1_2' title="bbox 223 638 1589 706; baseline -0.01 -1"><span class='ocrx_word' id='word_1_6' title='bbox 223 651 488 706; x_wconf 90' lang='lat' dir='ltr'>mentum</span> <span class='ocrx_word' id='word_1_7' title='bbox 511 645 575 701; x_wconf 91' lang='lat' dir='ltr'>in</span> <span class='ocrx_word' id='word_1_8' title='bbox 596 645 751 700; x_wconf 90' lang='lat' dir='ltr'>hunc</span> <span class='ocrx_word' id='word_1_9' title='bbox 776 641 1011 699; x_wconf 92' lang='lat' dir='ltr'>modum</span> <span class='ocrx_word' id='word_1_10' title='bbox 1044 662 1058 698; x_wconf 73' lang='grc' dir='ltr'><strong><em>ι</em></strong></span> <span class='ocrx_word' id='word_1_11' title='bbox 1095 661 1122 694; x_wconf 77' lang='grc' dir='ltr'><strong>α</strong></span> <span class='ocrx_word' id='word_1_12' title='bbox 1146 638 1316 694; x_wconf 86' lang='lat' dir='ltr'><strong>Prius</strong></span> <span class='ocrx_word' id='word_1_13' title='bbox 1337 641 1420 693; x_wconf 90' lang='lat' dir='ltr'>est</span> <span class='ocrx_word' id='word_1_14' title='bbox 1442 650 1589 693; x_wconf 88' lang='lat' dir='ltr'>rece-</span> 
     </span>
     <span class='ocr_line' id='line_1_3' title="bbox 230 716 1585 797; baseline -0.01 -14"><span class='ocrx_word' id='word_1_15' title='bbox 230 752 255 783; x_wconf 79' lang='lat'>«</span> <span class='ocrx_word' id='word_1_16' title='bbox 299 727 433 786; x_wconf 89' lang='lat' dir='ltr'>dere</span> <span class='ocrx_word' id='word_1_17' title='bbox 455 726 676 790; x_wconf 91' lang='lat' dir='ltr'>amalo,</span> <span class='ocrx_word' id='word_1_18' title='bbox 709 738 883 797; x_wconf 90' lang='lat' dir='ltr'>quam</span> <span class='ocrx_word' id='word_1_19' title='bbox 911 718 1174 778; x_wconf 82' lang='lat' dir='ltr'>accedere</span> <span class='ocrx_word' id='word_1_20' title='bbox 1214 718 1284 774; x_wconf 88' lang='lat' dir='ltr'>ad</span> <span class='ocrx_word' id='word_1_21' title='bbox 1321 716 1537 774; x_wconf 90' lang='lat' dir='ltr'>bonum</span> <span class='ocrx_word' id='word_1_22' title='bbox 1571 736 1585 771; x_wconf 70' lang='grc' dir='ltr'><strong>ε</strong></span> 
     </span>
    </p>
   </div>
   <div class='ocr_carea' id='block_1_3' title="bbox 227 798 1590 950">
    <p class='ocr_par' dir='ltr' id='par_1_3' title="bbox 227 798 1590 950">
     <span class='ocr_line' id='line_1_4' title="bbox 231 798 1588 877; baseline -0.011 -11"><span class='ocrx_word' id='word_1_23' title='bbox 231 834 258 866; x_wconf 74' lang='grc' dir='ltr'><strong>α</strong></span> <span class='ocrx_word' id='word_1_24' title='bbox 299 808 396 867; x_wconf 92' lang='lat' dir='ltr'>sed</span> <span class='ocrx_word' id='word_1_25' title='bbox 440 806 704 866; x_wconf 84' lang='lat' dir='ltr'>remissio</span> <span class='ocrx_word' id='word_1_26' title='bbox 730 805 910 877; x_wconf 81' lang='lat' dir='ltr'>culpae</span> <span class='ocrx_word' id='word_1_27' title='bbox 939 801 1187 875; x_wconf 83' lang='lat' dir='ltr'>pertinet</span> <span class='ocrx_word' id='word_1_28' title='bbox 1212 798 1283 856; x_wconf 92' lang='lat' dir='ltr'>ad</span> <span class='ocrx_word' id='word_1_29' title='bbox 1307 812 1588 855; x_wconf 85' lang='lat' dir='ltr'>recessum</span> 
     </span>
     <span class='ocr_line' id='line_1_5' title="bbox 227 869 1590 950; baseline -0.01 -11"><span class='ocrx_word' id='word_1_30' title='bbox 227 881 260 939; x_wconf 75' lang='grc' dir='ltr'><strong>ἀ</strong></span> <span class='ocrx_word' id='word_1_31' title='bbox 300 900 334 941; x_wconf 88' lang='lat' dir='ltr'>a</span> <span class='ocrx_word' id='word_1_32' title='bbox 357 884 533 948; x_wconf 89' lang='lat' dir='ltr'>malo,</span> <span class='ocrx_word' id='word_1_33' title='bbox 560 879 777 937; x_wconf 85' lang='lat' dir='ltr'><strong>infusio</strong></span> <span class='ocrx_word' id='word_1_34' title='bbox 800 883 992 934; x_wconf 89' lang='lat' dir='ltr'>autem</span> <span class='ocrx_word' id='word_1_35' title='bbox 1013 874 1213 950; x_wconf 63' lang='lat' dir='ltr'>gratias</span> <span class='ocrx_word' id='word_1_36' title='bbox 1242 873 1491 946; x_wconf 81' lang='lat' dir='ltr'>pertinet</span> <span class='ocrx_word' id='word_1_37' title='bbox 1518 869 1590 927; x_wconf 91' lang='lat' dir='ltr'>ad</span> 
     </span>
    </p>
   </div>
   <div class='ocr_carea' id='block_1_4' title="bbox 219 953 1607 5180">
    <p class='ocr_par' dir='ltr' id='par_1_4' title="bbox 219 953 1607 5180">
     <span class='ocr_line' id='line_1_6' title="bbox 232 953 1590 1041; baseline -0.01 -20"><span class='ocrx_word' id='word_1_38' title='bbox 232 990 261 1021; x_wconf 74' lang='grc' dir='ltr'>«ι</span> <span class='ocrx_word' id='word_1_39' title='bbox 302 963 805 1041; x_wconf 84' lang='lat' dir='ltr'>prosequutionem</span> <span class='ocrx_word' id='word_1_40' title='bbox 848 958 983 1017; x_wconf 91' lang='lat' dir='ltr'>boni</span> <span class='ocrx_word' id='word_1_41' title='bbox 1018 972 1197 1031; x_wconf 85' lang='lat' dir='ltr'>:ergo</span> <span class='ocrx_word' id='word_1_42' title='bbox 1245 953 1590 1011; x_wconf 82' lang='lat' dir='ltr'>naturaliter</span> 
     </span>
     <span class='ocr_line' id='line_1_7' title="bbox 231 1031 1591 1122; baseline -0.008 -21"><span class='ocrx_word' id='word_1_43' title='bbox 231 1070 258 1101; x_wconf 76' lang='grc' dir='ltr'><strong>α</strong></span> <span class='ocrx_word' id='word_1_44' title='bbox 304 1046 464 1122; x_wconf 88' lang='lat' dir='ltr'>prius</span> <span class='ocrx_word' id='word_1_45' title='bbox 508 1049 593 1102; x_wconf 91' lang='lat' dir='ltr'>est</span> <span class='ocrx_word' id='word_1_46' title='bbox 639 1041 903 1099; x_wconf 85' lang='lat' dir='ltr'>remissio</span> <span class='ocrx_word' id='word_1_47' title='bbox 949 1039 1148 1111; x_wconf 81' lang='lat' dir='ltr'>culpae,</span> <span class='ocrx_word' id='word_1_48' title='bbox 1174 1052 1347 1111; x_wconf 79' lang='lat' dir='ltr'>quam</span> <span class='ocrx_word' id='word_1_49' title='bbox 1373 1031 1591 1090; x_wconf 87' lang='lat' dir='ltr'>infusio</span> 
     </span>
     <span class='ocr_line' id='line_1_8' title="bbox 234 1112 1586 1202; baseline -0.01 -20"><span class='ocrx_word' id='word_1_50' title='bbox 234 1150 261 1182; x_wconf 79' lang='grc' dir='ltr'><strong>α</strong></span> <span class='ocrx_word' id='word_1_51' title='bbox 299 1126 530 1202; x_wconf 62' lang='lat' dir='ltr'>gratias.</span> <span class='ocrx_word' id='word_1_52' title='bbox 576 1145 602 1175; x_wconf 71' lang='lat' dir='ltr'>n</span> <span class='ocrx_word' id='word_1_53' title='bbox 649 1125 720 1178; x_wconf 88' lang='lat' dir='ltr'>Et</span> <span class='ocrx_word' id='word_1_54' title='bbox 764 1118 1115 1194; x_wconf 90' lang='lat' dir='ltr'>respondet:</span> <span class='ocrx_word' id='word_1_55' title='bbox 1161 1139 1188 1172; x_wconf 78' lang='grc' dir='ltr'><strong>α</strong></span> <span class='ocrx_word' id='word_1_56' title='bbox 1231 1112 1546 1172; x_wconf 87' lang='lat' dir='ltr'>Dicendum</span> <span class='ocrx_word' id='word_1_57' title='bbox 1571 1155 1586 1179; x_wconf 90' lang='lat'>,</span> 
     </span>
     <span class='ocr_line' id='line_1_9' title="bbox 234 1192 1592 1281; baseline -0.01 -18"><span class='ocrx_word' id='word_1_58' title='bbox 234 1231 262 1263; x_wconf 74' lang='lat' dir='ltr'>a</span> <span class='ocrx_word' id='word_1_59' title='bbox 302 1207 451 1281; x_wconf 91' lang='lat' dir='ltr'>quod</span> <span class='ocrx_word' id='word_1_60' title='bbox 500 1220 747 1264; x_wconf 86' lang='lat' dir='ltr'>recessus</span> <span class='ocrx_word' id='word_1_61' title='bbox 789 1219 822 1259; x_wconf 87' lang='lat' dir='ltr'>a</span> <span class='ocrx_word' id='word_1_62' title='bbox 865 1201 1135 1265; x_wconf 88' lang='lat' dir='ltr'>termino,</span> <span class='ocrx_word' id='word_1_63' title='bbox 1160 1202 1217 1256; x_wconf 88' lang='lat' dir='ltr'>et</span> <span class='ocrx_word' id='word_1_64' title='bbox 1242 1211 1494 1255; x_wconf 85' lang='lat' dir='ltr'>accessus</span> <span class='ocrx_word' id='word_1_65' title='bbox 1521 1192 1592 1251; x_wconf 87' lang='lat' dir='ltr'>ad</span> 
     </span>
     <span class='ocr_line' id='line_1_10' title="bbox 236 1276 1587 1357; baseline -0.01 -15"><span class='ocrx_word' id='word_1_66' title='bbox 236 1311 263 1342; x_wconf 79' lang='grc' dir='ltr'><em>α</em></span> <span class='ocrx_word' id='word_1_67' title='bbox 303 1288 622 1345; x_wconf 91' lang='lat' dir='ltr'>terminum</span> <span class='ocrx_word' id='word_1_68' title='bbox 638 1283 944 1357; x_wconf 85' lang='lat' dir='ltr'>dupliciter</span> <span class='ocrx_word' id='word_1_69' title='bbox 959 1276 1313 1338; x_wconf 90' lang='lat' dir='ltr'>considerari</span> <span class='ocrx_word' id='word_1_70' title='bbox 1332 1279 1587 1348; x_wconf 89' lang='lat' dir='ltr'>possunt.</span> 
     </span>
     <span class='ocr_line' id='line_1_11' title="bbox 238 1357 1594 1437; baseline -0.009 -14"><span class='ocrx_word' id='word_1_71' title='bbox 238 1392 264 1423; x_wconf 79' lang='grc' dir='ltr'><strong>α</strong></span> <span class='ocrx_word' id='word_1_72' title='bbox 304 1370 435 1424; x_wconf 90' lang='lat' dir='ltr'>Uno</span> <span class='ocrx_word' id='word_1_73' title='bbox 474 1365 644 1424; x_wconf 93' lang='lat' dir='ltr'>modo</span> <span class='ocrx_word' id='word_1_74' title='bbox 683 1381 754 1421; x_wconf 82' lang='lat' dir='ltr'>ex</span> <span class='ocrx_word' id='word_1_75' title='bbox 776 1369 936 1437; x_wconf 92' lang='lat' dir='ltr'>parte</span> <span class='ocrx_word' id='word_1_76' title='bbox 962 1360 1215 1425; x_wconf 87' lang='lat' dir='ltr'>mobilis,</span> <span class='ocrx_word' id='word_1_77' title='bbox 1245 1362 1299 1415; x_wconf 90' lang='lat' dir='ltr'>et</span> <span class='ocrx_word' id='word_1_78' title='bbox 1319 1357 1400 1413; x_wconf 89' lang='lat' dir='ltr'>sic</span> <span class='ocrx_word' id='word_1_79' title='bbox 1422 1360 1594 1412; x_wconf 89' lang='lat' dir='ltr'>natu-</span> 
     </span>
     <span class='ocr_line' id='line_1_12' title="bbox 236 1438 1596 1516; baseline -0.01 -9"><span class='ocrx_word' id='word_1_80' title='bbox 236 1475 263 1507; x_wconf 78' lang='grc' dir='ltr'><strong>α</strong></span> <span class='ocrx_word' id='word_1_81' title='bbox 309 1451 511 1509; x_wconf 88' lang='lat' dir='ltr'>raliter</span> <span class='ocrx_word' id='word_1_82' title='bbox 534 1464 781 1506; x_wconf 87' lang='lat' dir='ltr'>recessus</span> <span class='ocrx_word' id='word_1_83' title='bbox 802 1463 835 1503; x_wconf 92' lang='lat' dir='ltr'>a</span> <span class='ocrx_word' id='word_1_84' title='bbox 855 1445 1109 1502; x_wconf 89' lang='lat' dir='ltr'>termino</span> <span class='ocrx_word' id='word_1_85' title='bbox 1134 1438 1401 1516; x_wconf 85' lang='lat' dir='ltr'>praecedit</span> <span class='ocrx_word' id='word_1_86' title='bbox 1417 1455 1596 1496; x_wconf 87' lang='lat' dir='ltr'>acces-</span> 
     </span>
     <span class='ocr_line' id='line_1_13' title="bbox 240 1519 1597 1597; baseline -0.009 -11"><span class='ocrx_word' id='word_1_87' title='bbox 240 1555 267 1586; x_wconf 75' lang='lat'>«</span> <span class='ocrx_word' id='word_1_88' title='bbox 307 1547 438 1588; x_wconf 92' lang='lat' dir='ltr'>sum</span> <span class='ocrx_word' id='word_1_89' title='bbox 478 1530 549 1587; x_wconf 83' lang='lat' dir='ltr'>ad</span> <span class='ocrx_word' id='word_1_90' title='bbox 594 1528 912 1586; x_wconf 89' lang='lat' dir='ltr'>terminum</span> <span class='ocrx_word' id='word_1_91' title='bbox 939 1548 954 1593; x_wconf 72' lang='grc' dir='ltr'>ς</span> <span class='ocrx_word' id='word_1_92' title='bbox 985 1525 1145 1597; x_wconf 92' lang='lat' dir='ltr'>prius</span> <span class='ocrx_word' id='word_1_93' title='bbox 1190 1521 1350 1579; x_wconf 89' lang='lat' dir='ltr'>enim</span> <span class='ocrx_word' id='word_1_94' title='bbox 1402 1525 1487 1578; x_wconf 86' lang='lat' dir='ltr'>est</span> <span class='ocrx_word' id='word_1_95' title='bbox 1531 1519 1597 1575; x_wconf 90' lang='lat' dir='ltr'>in</span> 
     </span>
     <span class='ocr_line' id='line_1_14' title="bbox 242 1602 1598 1689; baseline -0.008 -20"><span class='ocrx_word' id='word_1_96' title='bbox 242 1638 268 1669; x_wconf 78' lang='grc' dir='ltr'><strong>α</strong></span> <span class='ocrx_word' id='word_1_97' title='bbox 309 1613 559 1689; x_wconf 86' lang='lat' dir='ltr'>subjecto</span> <span class='ocrx_word' id='word_1_98' title='bbox 585 1611 790 1669; x_wconf 89' lang='lat' dir='ltr'>mobili</span> <span class='ocrx_word' id='word_1_99' title='bbox 831 1609 1173 1683; x_wconf 88' lang='lat' dir='ltr'>oppositum,</span> <span class='ocrx_word' id='word_1_100' title='bbox 1205 1604 1354 1679; x_wconf 90' lang='lat' dir='ltr'>quod</span> <span class='ocrx_word' id='word_1_101' title='bbox 1393 1602 1598 1677; x_wconf 86' lang='lat' dir='ltr'>adjici-</span> 
     </span>
     <span class='ocr_line' id='line_1_15' title="bbox 242 1686 1596 1767; baseline -0.008 -18"><span class='ocrx_word' id='word_1_102' title='bbox 242 1719 269 1749; x_wconf 79' lang='grc' dir='ltr'><strong>α</strong></span> <span class='ocrx_word' id='word_1_103' title='bbox 310 1702 424 1762; x_wconf 88' lang='lat' dir='ltr'>tur,</span> <span class='ocrx_word' id='word_1_104' title='bbox 456 1701 512 1751; x_wconf 91' lang='lat' dir='ltr'>et</span> <span class='ocrx_word' id='word_1_105' title='bbox 541 1691 903 1767; x_wconf 89' lang='lat' dir='ltr'>postmodum</span> <span class='ocrx_word' id='word_1_106' title='bbox 948 1696 1032 1746; x_wconf 90' lang='lat' dir='ltr'>est</span> <span class='ocrx_word' id='word_1_107' title='bbox 1074 1686 1223 1761; x_wconf 89' lang='lat' dir='ltr'>quod</span> <span class='ocrx_word' id='word_1_108' title='bbox 1253 1703 1351 1760; x_wconf 90' lang='lat' dir='ltr'>per</span> <span class='ocrx_word' id='word_1_109' title='bbox 1374 1690 1596 1742; x_wconf 90' lang='lat' dir='ltr'>motum</span> 
     </span>
     <span class='ocr_line' id='line_1_16' title="bbox 243 1763 1598 1848; baseline -0.007 -19"><span class='ocrx_word' id='word_1_110' title='bbox 243 1799 270 1829; x_wconf 86' lang='lat'>«</span> <span class='ocrx_word' id='word_1_111' title='bbox 311 1775 631 1848; x_wconf 85' lang='lat' dir='ltr'>assequitur</span> <span class='ocrx_word' id='word_1_112' title='bbox 670 1771 903 1829; x_wconf 89' lang='lat' dir='ltr'>mobile.</span> <span class='ocrx_word' id='word_1_113' title='bbox 938 1769 1043 1827; x_wconf 87' lang='lat' dir='ltr'>Sed</span> <span class='ocrx_word' id='word_1_114' title='bbox 1070 1785 1141 1826; x_wconf 85' lang='lat' dir='ltr'>ex</span> <span class='ocrx_word' id='word_1_115' title='bbox 1189 1774 1349 1841; x_wconf 76' lang='lat' dir='ltr'>parte</span> <span class='ocrx_word' id='word_1_116' title='bbox 1377 1763 1598 1841; x_wconf 88' lang='lat' dir='ltr'>agentis</span> 
     </span>
     <span class='ocr_line' id='line_1_17' title="bbox 241 1848 1594 1926; baseline -0.008 -16"><span class='ocrx_word' id='word_1_117' title='bbox 241 1880 267 1910; x_wconf 77' lang='grc' dir='ltr'>α</span> <span class='ocrx_word' id='word_1_118' title='bbox 310 1862 445 1913; x_wconf 88' lang='lat' dir='ltr'>este</span> <span class='ocrx_word' id='word_1_119' title='bbox 472 1869 778 1912; x_wconf 79' lang='lat' dir='ltr'>converso:</span> <span class='ocrx_word' id='word_1_120' title='bbox 809 1868 980 1926; x_wconf 88' lang='lat' dir='ltr'>agens</span> <span class='ocrx_word' id='word_1_121' title='bbox 1004 1850 1163 1907; x_wconf 92' lang='lat' dir='ltr'>enim</span> <span class='ocrx_word' id='word_1_122' title='bbox 1194 1865 1295 1922; x_wconf 91' lang='lat' dir='ltr'>per</span> <span class='ocrx_word' id='word_1_123' title='bbox 1324 1848 1594 1910; x_wconf 84' lang='lat' dir='ltr'>formam,</span> 
     </span>
     <span class='ocr_line' id='line_1_18' title="bbox 243 1930 1600 2013; baseline -0.008 -19"><span class='ocrx_word' id='word_1_124' title='bbox 243 1963 267 1994; x_wconf 78' lang='grc' dir='ltr'><strong>α</strong></span> <span class='ocrx_word' id='word_1_125' title='bbox 308 1956 436 2013; x_wconf 80' lang='lat' dir='ltr'>quae</span> <span class='ocrx_word' id='word_1_126' title='bbox 465 1938 527 1993; x_wconf 89' lang='lat' dir='ltr'>in</span> <span class='ocrx_word' id='word_1_127' title='bbox 554 1952 621 1993; x_wconf 88' lang='lat' dir='ltr'>eo</span> <span class='ocrx_word' id='word_1_128' title='bbox 652 1934 982 2009; x_wconf 58' lang='lat' dir='ltr'>praeexistit,</span> <span class='ocrx_word' id='word_1_129' title='bbox 1015 1933 1130 2006; x_wconf 91' lang='lat' dir='ltr'>agit</span> <span class='ocrx_word' id='word_1_130' title='bbox 1167 1930 1237 1987; x_wconf 88' lang='lat' dir='ltr'>ad</span> <span class='ocrx_word' id='word_1_131' title='bbox 1291 1943 1600 1986; x_wconf 83' lang='lat' dir='ltr'>removen-</span> 
     </span>
     <span class='ocr_line' id='line_1_19' title="bbox 240 2009 1598 2085; baseline -0.01 -10"><span class='ocrx_word' id='word_1_132' title='bbox 240 2045 265 2075; x_wconf 77' lang='grc' dir='ltr'><strong>α</strong></span> <span class='ocrx_word' id='word_1_133' title='bbox 306 2020 444 2077; x_wconf 90' lang='lat' dir='ltr'>dum</span> <span class='ocrx_word' id='word_1_134' title='bbox 467 2016 824 2076; x_wconf 88' lang='lat' dir='ltr'>contrarium</span> <span class='ocrx_word' id='word_1_135' title='bbox 859 2037 871 2070; x_wconf 72' lang='grc' dir='ltr'><strong>ε</strong></span> <span class='ocrx_word' id='word_1_136' title='bbox 901 2014 1044 2069; x_wconf 89' lang='lat' dir='ltr'>sicut</span> <span class='ocrx_word' id='word_1_137' title='bbox 1072 2014 1157 2069; x_wconf 87' lang='lat' dir='ltr'>sol</span> <span class='ocrx_word' id='word_1_138' title='bbox 1189 2028 1287 2085; x_wconf 87' lang='lat' dir='ltr'>per</span> <span class='ocrx_word' id='word_1_139' title='bbox 1308 2026 1474 2066; x_wconf 90' lang='lat' dir='ltr'>suam</span> <span class='ocrx_word' id='word_1_140' title='bbox 1505 2009 1598 2063; x_wconf 88' lang='lat' dir='ltr'>lu-</span> 
     </span>
     <span class='ocr_line' id='line_1_20' title="bbox 241 2091 1601 2172; baseline -0.009 -16"><span class='ocrx_word' id='word_1_141' title='bbox 241 2125 267 2156; x_wconf 76' lang='lat'>«</span> <span class='ocrx_word' id='word_1_142' title='bbox 308 2117 431 2159; x_wconf 90' lang='lat' dir='ltr'>cem</span> <span class='ocrx_word' id='word_1_143' title='bbox 472 2099 587 2172; x_wconf 86' lang='lat' dir='ltr'>agit</span> <span class='ocrx_word' id='word_1_144' title='bbox 634 2096 705 2153; x_wconf 89' lang='lat' dir='ltr'>ad</span> <span class='ocrx_word' id='word_1_145' title='bbox 740 2094 1155 2153; x_wconf 82' lang='lat' dir='ltr'>removendum</span> <span class='ocrx_word' id='word_1_146' title='bbox 1209 2091 1498 2149; x_wconf 81' lang='lat' dir='ltr'>tenebras,</span> <span class='ocrx_word' id='word_1_147' title='bbox 1532 2091 1601 2145; x_wconf 88' lang='lat' dir='ltr'>Et</span> 
     </span>
     <span class='ocr_line' id='line_1_21' title="bbox 241 2172 1595 2252; baseline -0.006 -17"><span class='ocrx_word' id='word_1_148' title='bbox 241 2205 266 2235; x_wconf 79' lang='grc' dir='ltr'>α</span> <span class='ocrx_word' id='word_1_149' title='bbox 309 2180 436 2238; x_wconf 90' lang='lat' dir='ltr'>ideo</span> <span class='ocrx_word' id='word_1_150' title='bbox 462 2196 532 2236; x_wconf 90' lang='lat' dir='ltr'>ex</span> <span class='ocrx_word' id='word_1_151' title='bbox 563 2185 719 2252; x_wconf 87' lang='lat' dir='ltr'>parte</span> <span class='ocrx_word' id='word_1_152' title='bbox 746 2176 884 2233; x_wconf 89' lang='lat' dir='ltr'>solis</span> <span class='ocrx_word' id='word_1_153' title='bbox 914 2176 1076 2249; x_wconf 91' lang='lat' dir='ltr'>prius</span> <span class='ocrx_word' id='word_1_154' title='bbox 1109 2180 1195 2231; x_wconf 89' lang='lat' dir='ltr'>est</span> <span class='ocrx_word' id='word_1_155' title='bbox 1235 2172 1595 2238; x_wconf 90' lang='lat' dir='ltr'>illuminare,</span> 
     </span>
     <span class='ocr_line' id='line_1_22' title="bbox 243 2258 1600 2335; baseline -0.007 -19"><span class='ocrx_word' id='word_1_156' title='bbox 243 2286 269 2316; x_wconf 75' lang='grc' dir='ltr'>(ι</span> <span class='ocrx_word' id='word_1_157' title='bbox 309 2278 481 2335; x_wconf 90' lang='lat' dir='ltr'>quam</span> <span class='ocrx_word' id='word_1_158' title='bbox 501 2260 765 2318; x_wconf 88' lang='lat' dir='ltr'>tenebras</span> <span class='ocrx_word' id='word_1_159' title='bbox 783 2273 1082 2314; x_wconf 81' lang='lat' dir='ltr'>removere</span> <span class='ocrx_word' id='word_1_160' title='bbox 1109 2278 1121 2311; x_wconf 71' lang='grc' dir='ltr'><strong><em>ε</em></strong></span> <span class='ocrx_word' id='word_1_161' title='bbox 1145 2272 1216 2312; x_wconf 83' lang='lat' dir='ltr'>ex</span> <span class='ocrx_word' id='word_1_162' title='bbox 1237 2260 1394 2327; x_wconf 87' lang='lat' dir='ltr'>parte</span> <span class='ocrx_word' id='word_1_163' title='bbox 1411 2258 1600 2308; x_wconf 89' lang='lat' dir='ltr'>autem</span> 
     </span>
     <span class='ocr_line' id='line_1_23' title="bbox 244 2334 1602 2412; baseline -0.005 -15"><span class='ocrx_word' id='word_1_164' title='bbox 244 2366 269 2397; x_wconf 78' lang='grc' dir='ltr'>α</span> <span class='ocrx_word' id='word_1_165' title='bbox 312 2345 462 2401; x_wconf 89' lang='lat' dir='ltr'>aeris</span> <span class='ocrx_word' id='word_1_166' title='bbox 493 2340 867 2397; x_wconf 85' lang='lat' dir='ltr'>illuminandi</span> <span class='ocrx_word' id='word_1_167' title='bbox 898 2338 1059 2412; x_wconf 89' lang='lat' dir='ltr'>prius</span> <span class='ocrx_word' id='word_1_168' title='bbox 1085 2343 1169 2394; x_wconf 89' lang='lat' dir='ltr'>est</span> <span class='ocrx_word' id='word_1_169' title='bbox 1209 2334 1539 2392; x_wconf 91' lang='lat' dir='ltr'>illuminari</span> <span class='ocrx_word' id='word_1_170' title='bbox 1571 2350 1602 2390; x_wconf 89' lang='lat' dir='ltr'>a</span> 
     </span>
     <span class='ocr_line' id='line_1_24' title="bbox 248 2415 1602 2495; baseline -0.004 -18"><span class='ocrx_word' id='word_1_171' title='bbox 248 2449 271 2477; x_wconf 77' lang='grc' dir='ltr'>α</span> <span class='ocrx_word' id='word_1_172' title='bbox 313 2424 586 2488; x_wconf 89' lang='lat' dir='ltr'>tenebris,</span> <span class='ocrx_word' id='word_1_173' title='bbox 617 2438 788 2495; x_wconf 91' lang='lat' dir='ltr'>quam</span> <span class='ocrx_word' id='word_1_174' title='bbox 828 2419 1099 2492; x_wconf 84' lang='lat' dir='ltr'>consequi</span> <span class='ocrx_word' id='word_1_175' title='bbox 1147 2419 1348 2475; x_wconf 90' lang='lat' dir='ltr'>lumen</span> <span class='ocrx_word' id='word_1_176' title='bbox 1397 2415 1602 2474; x_wconf 91' lang='lat' dir='ltr'>ordine</span> 
     </span>
     <span class='ocr_line' id='line_1_25' title="bbox 248 2498 1602 2572; baseline -0.005 -15"><span class='ocrx_word' id='word_1_177' title='bbox 248 2527 273 2557; x_wconf 78' lang='grc' dir='ltr'>α</span> <span class='ocrx_word' id='word_1_178' title='bbox 317 2512 577 2567; x_wconf 75' lang='lat' dir='ltr'>naturae3</span> <span class='ocrx_word' id='word_1_179' title='bbox 610 2503 739 2558; x_wconf 91' lang='lat' dir='ltr'>licet</span> <span class='ocrx_word' id='word_1_180' title='bbox 783 2505 1093 2572; x_wconf 88' lang='lat' dir='ltr'>utrumque</span> <span class='ocrx_word' id='word_1_181' title='bbox 1131 2500 1205 2555; x_wconf 86' lang='lat' dir='ltr'>sit</span> <span class='ocrx_word' id='word_1_182' title='bbox 1244 2498 1421 2554; x_wconf 91' lang='lat' dir='ltr'>simul</span> <span class='ocrx_word' id='word_1_183' title='bbox 1450 2502 1602 2553; x_wconf 88' lang='lat' dir='ltr'>tem-</span> 
     </span>
     <span class='ocr_line' id='line_1_26' title="bbox 248 2578 1602 2659; baseline -0.002 -21"><span class='ocrx_word' id='word_1_184' title='bbox 248 2608 273 2638; x_wconf 75' lang='lat'>«</span> <span class='ocrx_word' id='word_1_185' title='bbox 318 2601 474 2659; x_wconf 91' lang='lat' dir='ltr'>pore.</span> <span class='ocrx_word' id='word_1_186' title='bbox 500 2586 568 2639; x_wconf 87' lang='lat' dir='ltr'>Et</span> <span class='ocrx_word' id='word_1_187' title='bbox 595 2583 729 2655; x_wconf 90' lang='lat' dir='ltr'>quia</span> <span class='ocrx_word' id='word_1_188' title='bbox 765 2581 978 2637; x_wconf 85' lang='lat' dir='ltr'>infusio</span> <span class='ocrx_word' id='word_1_189' title='bbox 1011 2581 1228 2654; x_wconf 82' lang='lat' dir='ltr'>gratiae,</span> <span class='ocrx_word' id='word_1_190' title='bbox 1255 2585 1311 2636; x_wconf 89' lang='lat' dir='ltr'>et</span> <span class='ocrx_word' id='word_1_191' title='bbox 1339 2578 1602 2635; x_wconf 89' lang='lat' dir='ltr'>remissio</span> 
     </span>
     <span class='ocr_line' id='line_1_27' title="bbox 247 2658 1597 2738; baseline -0.003 -19"><span class='ocrx_word' id='word_1_192' title='bbox 247 2690 273 2719; x_wconf 73' lang='grc' dir='ltr'>α</span> <span class='ocrx_word' id='word_1_193' title='bbox 315 2665 493 2738; x_wconf 81' lang='lat' dir='ltr'>culpae</span> <span class='ocrx_word' id='word_1_194' title='bbox 513 2663 783 2719; x_wconf 90' lang='lat' dir='ltr'>dicuntur</span> <span class='ocrx_word' id='word_1_195' title='bbox 804 2678 873 2718; x_wconf 86' lang='lat' dir='ltr'>ex</span> <span class='ocrx_word' id='word_1_196' title='bbox 903 2666 1061 2734; x_wconf 88' lang='lat' dir='ltr'>parte</span> <span class='ocrx_word' id='word_1_197' title='bbox 1085 2662 1184 2718; x_wconf 90' lang='lat' dir='ltr'>Dei</span> <span class='ocrx_word' id='word_1_198' title='bbox 1210 2658 1597 2735; x_wconf 79' lang='lat' dir='ltr'>justificantiS,</span> 
     </span>
     <span class='ocr_line' id='line_1_28' title="bbox 247 2741 1602 2818; baseline -0.003 -18"><span class='ocrx_word' id='word_1_199' title='bbox 247 2772 272 2800; x_wconf 74' lang='grc' dir='ltr'>(ι</span> <span class='ocrx_word' id='word_1_200' title='bbox 314 2746 443 2803; x_wconf 90' lang='lat' dir='ltr'>ideo</span> <span class='ocrx_word' id='word_1_201' title='bbox 466 2745 669 2802; x_wconf 88' lang='lat' dir='ltr'>ordine</span> <span class='ocrx_word' id='word_1_202' title='bbox 690 2749 908 2800; x_wconf 79' lang='lat' dir='ltr'>naturae</span> <span class='ocrx_word' id='word_1_203' title='bbox 931 2744 1091 2816; x_wconf 92' lang='lat' dir='ltr'>prior</span> <span class='ocrx_word' id='word_1_204' title='bbox 1112 2749 1197 2800; x_wconf 91' lang='lat' dir='ltr'>est</span> <span class='ocrx_word' id='word_1_205' title='bbox 1216 2743 1419 2818; x_wconf 81' lang='lat' dir='ltr'>gratiae</span> <span class='ocrx_word' id='word_1_206' title='bbox 1450 2741 1602 2797; x_wconf 87' lang='lat' dir='ltr'>infu-</span> 
     </span>
     <span class='ocr_line' id='line_1_29' title="bbox 247 2824 1602 2902; baseline -0.001 -20"><span class='ocrx_word' id='word_1_207' title='bbox 247 2852 272 2883; x_wconf 88' lang='lat'>«</span> <span class='ocrx_word' id='word_1_208' title='bbox 313 2827 417 2894; x_wconf 89' lang='lat' dir='ltr'>si0,</span> <span class='ocrx_word' id='word_1_209' title='bbox 443 2843 615 2902; x_wconf 89' lang='lat' dir='ltr'>quam</span> <span class='ocrx_word' id='word_1_210' title='bbox 644 2826 822 2899; x_wconf 80' lang='lat' dir='ltr'>culpae</span> <span class='ocrx_word' id='word_1_211' title='bbox 846 2825 1126 2883; x_wconf 87' lang='lat' dir='ltr'>remissio.</span> <span class='ocrx_word' id='word_1_212' title='bbox 1149 2824 1255 2881; x_wconf 87' lang='lat' dir='ltr'>Sed</span> <span class='ocrx_word' id='word_1_213' title='bbox 1283 2825 1331 2880; x_wconf 92' lang='lat' dir='ltr'>si</span> <span class='ocrx_word' id='word_1_214' title='bbox 1359 2840 1602 2881; x_wconf 90' lang='lat' dir='ltr'>suman-</span> 
     </span>
     <span class='ocr_line' id='line_1_30' title="bbox 246 2907 1603 2982; baseline -0.002 -16"><span class='ocrx_word' id='word_1_215' title='bbox 246 2935 271 2965; x_wconf 79' lang='grc' dir='ltr'><strong>α</strong></span> <span class='ocrx_word' id='word_1_216' title='bbox 314 2916 514 2974; x_wconf 87' lang='lat' dir='ltr'>turea,</span> <span class='ocrx_word' id='word_1_217' title='bbox 548 2927 672 2982; x_wconf 70' lang='lat' dir='ltr'>qua:</span> <span class='ocrx_word' id='word_1_218' title='bbox 691 2914 826 2964; x_wconf 87' lang='lat' dir='ltr'>sunt</span> <span class='ocrx_word' id='word_1_219' title='bbox 851 2924 922 2964; x_wconf 82' lang='lat' dir='ltr'>ex</span> <span class='ocrx_word' id='word_1_220' title='bbox 952 2914 1110 2980; x_wconf 88' lang='lat' dir='ltr'>parte</span> <span class='ocrx_word' id='word_1_221' title='bbox 1137 2907 1394 2965; x_wconf 91' lang='lat' dir='ltr'>hominis</span> <span class='ocrx_word' id='word_1_222' title='bbox 1429 2907 1603 2982; x_wconf 79' lang='lat' dir='ltr'>justi-</span> 
     </span>
     <span class='ocr_line' id='line_1_31' title="bbox 246 2989 1604 3062; baseline -0.001 -15"><span class='ocrx_word' id='word_1_223' title='bbox 246 3017 272 3047; x_wconf 80' lang='lat'>«</span> <span class='ocrx_word' id='word_1_224' title='bbox 313 2993 485 3058; x_wconf 89' lang='lat' dir='ltr'>ficati,</span> <span class='ocrx_word' id='word_1_225' title='bbox 536 2997 620 3048; x_wconf 91' lang='lat' dir='ltr'>est</span> <span class='ocrx_word' id='word_1_226' title='bbox 665 3009 696 3049; x_wconf 91' lang='lat' dir='ltr'>e</span> <span class='ocrx_word' id='word_1_227' title='bbox 751 3007 1068 3057; x_wconf 78' lang='lat' dir='ltr'>convers03</span> <span class='ocrx_word' id='word_1_228' title='bbox 1124 3005 1260 3046; x_wconf 90' lang='lat' dir='ltr'>nam</span> <span class='ocrx_word' id='word_1_229' title='bbox 1310 2989 1470 3062; x_wconf 89' lang='lat' dir='ltr'>prius</span> <span class='ocrx_word' id='word_1_230' title='bbox 1519 2995 1604 3047; x_wconf 91' lang='lat' dir='ltr'>est</span> 
     </span>
     <span class='ocr_line' id='line_1_32' title="bbox 243 3071 1601 3144; baseline 0.001 -16"><span class='ocrx_word' id='word_1_231' title='bbox 243 3097 269 3128; x_wconf 88' lang='lat'>«</span> <span class='ocrx_word' id='word_1_232' title='bbox 315 3073 518 3132; x_wconf 89' lang='lat' dir='ltr'>ordine</span> <span class='ocrx_word' id='word_1_233' title='bbox 566 3078 786 3129; x_wconf 60' lang='lat' dir='ltr'>natura}</span> <span class='ocrx_word' id='word_1_234' title='bbox 826 3071 1094 3128; x_wconf 88' lang='lat' dir='ltr'>liberatio</span> <span class='ocrx_word' id='word_1_235' title='bbox 1141 3088 1172 3127; x_wconf 94' lang='lat' dir='ltr'>a</span> <span class='ocrx_word' id='word_1_236' title='bbox 1218 3073 1402 3144; x_wconf 89' lang='lat' dir='ltr'>culpa,</span> <span class='ocrx_word' id='word_1_237' title='bbox 1428 3088 1601 3144; x_wconf 91' lang='lat' dir='ltr'>quam</span> 
     </span>
     <span class='ocr_line' id='line_1_33' title="bbox 246 3152 1605 3229; baseline 0.002 -21"><span class='ocrx_word' id='word_1_238' title='bbox 246 3179 272 3208; x_wconf 73' lang='grc' dir='ltr'><strong>α</strong></span> <span class='ocrx_word' id='word_1_239' title='bbox 314 3155 681 3228; x_wconf 89' lang='lat' dir='ltr'>consequutio</span> <span class='ocrx_word' id='word_1_240' title='bbox 701 3155 901 3229; x_wconf 81' lang='lat' dir='ltr'>gratiae</span> <span class='ocrx_word' id='word_1_241' title='bbox 923 3152 1304 3227; x_wconf 75' lang='lat' dir='ltr'>JustificantiS.</span> <span class='ocrx_word' id='word_1_242' title='bbox 1339 3174 1364 3205; x_wconf 85' lang='grc'>»</span> <span class='ocrx_word' id='word_1_243' title='bbox 1401 3155 1466 3209; x_wconf 92' lang='lat' dir='ltr'>In</span> <span class='ocrx_word' id='word_1_244' title='bbox 1491 3170 1605 3227; x_wconf 86' lang='lat' dir='ltr'>qua</span> 
     </span>
     <span class='ocr_line' id='line_1_34' title="bbox 241 3234 1604 3309; baseline -0.002 -15"><span class='ocrx_word' id='word_1_245' title='bbox 241 3237 614 3309; x_wconf 87' lang='lat' dir='ltr'>responsione</span> <span class='ocrx_word' id='word_1_246' title='bbox 652 3241 873 3291; x_wconf 87' lang='lat' dir='ltr'>certum</span> <span class='ocrx_word' id='word_1_247' title='bbox 913 3240 996 3291; x_wconf 89' lang='lat' dir='ltr'>est</span> <span class='ocrx_word' id='word_1_248' title='bbox 1040 3235 1103 3290; x_wconf 90' lang='lat' dir='ltr'>D.</span> <span class='ocrx_word' id='word_1_249' title='bbox 1127 3234 1335 3290; x_wconf 89' lang='lat' dir='ltr'>Thom.</span> <span class='ocrx_word' id='word_1_250' title='bbox 1366 3235 1604 3291; x_wconf 91' lang='lat' dir='ltr'>nomine</span> 
     </span>
     <span class='ocr_line' id='line_1_35' title="bbox 239 3314 1605 3390; baseline -0.001 -18"><span class='ocrx_word' id='word_1_251' title='bbox 239 3318 551 3390; x_wconf 74' lang='lat' dir='ltr'>infusionis,</span> <span class='ocrx_word' id='word_1_252' title='bbox 591 3316 782 3387; x_wconf 55' lang='lat' dir='ltr'>qratia?</span> <span class='ocrx_word' id='word_1_253' title='bbox 834 3314 1075 3372; x_wconf 86' lang='lat' dir='ltr'>eandem</span> <span class='ocrx_word' id='word_1_254' title='bbox 1119 3315 1366 3389; x_wconf 82' lang='lat' dir='ltr'>gratiam</span> <span class='ocrx_word' id='word_1_255' title='bbox 1419 3315 1605 3388; x_wconf 85' lang='lat' dir='ltr'>signi-</span> 
     </span>
     <span class='ocr_line' id='line_1_36' title="bbox 239 3395 1605 3472; baseline -0.001 -17"><span class='ocrx_word' id='word_1_256' title='bbox 239 3397 456 3465; x_wconf 81' lang='lat' dir='ltr'>ficasse,</span> <span class='ocrx_word' id='word_1_257' title='bbox 490 3415 664 3472; x_wconf 89' lang='lat' dir='ltr'>quam</span> <span class='ocrx_word' id='word_1_258' title='bbox 687 3397 903 3455; x_wconf 89' lang='lat' dir='ltr'>eisdem</span> <span class='ocrx_word' id='word_1_259' title='bbox 929 3395 1159 3453; x_wconf 77' lang='lat' dir='ltr'>vocibus</span> <span class='ocrx_word' id='word_1_260' title='bbox 1179 3395 1605 3470; x_wconf 82' lang='lat' dir='ltr'>significaverat</span> 
     </span>
     <span class='ocr_line' id='line_1_37' title="bbox 241 3480 1605 3555; baseline -0.003 -17"><span class='ocrx_word' id='word_1_261' title='bbox 241 3483 306 3538; x_wconf 90' lang='lat' dir='ltr'>in</span> <span class='ocrx_word' id='word_1_262' title='bbox 333 3499 571 3555; x_wconf 91' lang='lat' dir='ltr'>corpore</span> <span class='ocrx_word' id='word_1_263' title='bbox 599 3481 828 3537; x_wconf 89' lang='lat' dir='ltr'>articuli</span> <span class='ocrx_word' id='word_1_264' title='bbox 854 3505 868 3547; x_wconf 86' lang='lat'>;</span> <span class='ocrx_word' id='word_1_265' title='bbox 900 3480 1113 3553; x_wconf 87' lang='lat' dir='ltr'>alioqui</span> <span class='ocrx_word' id='word_1_266' title='bbox 1140 3496 1243 3537; x_wconf 89' lang='lat' dir='ltr'>nec</span> <span class='ocrx_word' id='word_1_267' title='bbox 1261 3494 1605 3552; x_wconf 89' lang='lat' dir='ltr'>consequen-</span> 
     </span>
     <span class='ocr_line' id='line_1_38' title="bbox 238 3558 1603 3635; baseline -0.004 -16"><span class='ocrx_word' id='word_1_268' title='bbox 238 3569 331 3619; x_wconf 87' lang='lat' dir='ltr'>ter</span> <span class='ocrx_word' id='word_1_269' title='bbox 354 3561 702 3634; x_wconf 87' lang='lat' dir='ltr'>procederet,</span> <span class='ocrx_word' id='word_1_270' title='bbox 724 3578 826 3618; x_wconf 90' lang='lat' dir='ltr'>nec</span> <span class='ocrx_word' id='word_1_271' title='bbox 849 3566 1187 3635; x_wconf 84' lang='lat' dir='ltr'>argumento</span> <span class='ocrx_word' id='word_1_272' title='bbox 1207 3565 1355 3616; x_wconf 90' lang='lat' dir='ltr'>recto</span> <span class='ocrx_word' id='word_1_273' title='bbox 1370 3558 1603 3616; x_wconf 86' lang='lat' dir='ltr'>obviam</span> 
     </span>
     <span class='ocr_line' id='line_1_39' title="bbox 243 3642 1605 3716; baseline -0.003 -15"><span class='ocrx_word' id='word_1_274' title='bbox 243 3645 377 3701; x_wconf 89' lang='lat' dir='ltr'>iret.</span> <span class='ocrx_word' id='word_1_275' title='bbox 402 3646 631 3701; x_wconf 90' lang='lat' dir='ltr'>Constat</span> <span class='ocrx_word' id='word_1_276' title='bbox 677 3649 889 3713; x_wconf 88' lang='lat' dir='ltr'>autem,</span> <span class='ocrx_word' id='word_1_277' title='bbox 921 3643 1071 3716; x_wconf 92' lang='lat' dir='ltr'>quod</span> <span class='ocrx_word' id='word_1_278' title='bbox 1120 3644 1180 3698; x_wconf 90' lang='lat' dir='ltr'>in</span> <span class='ocrx_word' id='word_1_279' title='bbox 1224 3642 1326 3698; x_wconf 89' lang='lat' dir='ltr'>hac</span> <span class='ocrx_word' id='word_1_280' title='bbox 1375 3657 1605 3715; x_wconf 88' lang='lat' dir='ltr'>respon-</span> 
     </span>
     <span class='ocr_line' id='line_1_40' title="bbox 239 3725 1602 3799; baseline -0.001 -16"><span class='ocrx_word' id='word_1_281' title='bbox 239 3728 406 3785; x_wconf 87' lang='lat' dir='ltr'>sione</span> <span class='ocrx_word' id='word_1_282' title='bbox 456 3727 695 3783; x_wconf 90' lang='lat' dir='ltr'>nomine</span> <span class='ocrx_word' id='word_1_283' title='bbox 746 3727 1048 3799; x_wconf 75' lang='lat' dir='ltr'>infusionis</span> <span class='ocrx_word' id='word_1_284' title='bbox 1101 3726 1294 3795; x_wconf 58' lang='lat' dir='ltr'>,qratia</span> <span class='ocrx_word' id='word_1_285' title='bbox 1355 3725 1602 3799; x_wconf 84' lang='lat' dir='ltr'>gratiam</span> 
     </span>
     <span class='ocr_line' id='line_1_41' title="bbox 241 3805 1600 3881; baseline -0.001 -16"><span class='ocrx_word' id='word_1_286' title='bbox 241 3806 715 3872; x_wconf 83' lang='lat' dir='ltr'>sanctificantem,</span> <span class='ocrx_word' id='word_1_287' title='bbox 764 3813 820 3864; x_wconf 91' lang='lat' dir='ltr'>et</span> <span class='ocrx_word' id='word_1_288' title='bbox 873 3806 1231 3864; x_wconf 51' lang='lat' dir='ltr'>habitualem&gt;</span> <span class='ocrx_word' id='word_1_289' title='bbox 1272 3805 1600 3881; x_wconf 84' lang='lat' dir='ltr'>significat:</span> 
     </span>
     <span class='ocr_line' id='line_1_42' title="bbox 238 3887 1603 3961; baseline -0.002 -17"><span class='ocrx_word' id='word_1_290' title='bbox 238 3893 368 3944; x_wconf 92' lang='lat' dir='ltr'>tum</span> <span class='ocrx_word' id='word_1_291' title='bbox 396 3889 554 3961; x_wconf 53' lang='lat' dir='ltr'>xquia</span> <span class='ocrx_word' id='word_1_292' title='bbox 598 3887 852 3960; x_wconf 86' lang='lat' dir='ltr'>loquitur</span> <span class='ocrx_word' id='word_1_293' title='bbox 896 3888 966 3944; x_wconf 92' lang='lat' dir='ltr'>de</span> <span class='ocrx_word' id='word_1_294' title='bbox 1012 3903 1080 3944; x_wconf 90' lang='lat' dir='ltr'>eo</span> <span class='ocrx_word' id='word_1_295' title='bbox 1130 3887 1400 3951; x_wconf 90' lang='lat' dir='ltr'>termin0,</span> <span class='ocrx_word' id='word_1_296' title='bbox 1433 3902 1603 3958; x_wconf 90' lang='lat' dir='ltr'>quem</span> 
     </span>
     <span class='ocr_line' id='line_1_43' title="bbox 237 3967 1602 4042; baseline -0.001 -18"><span class='ocrx_word' id='word_1_297' title='bbox 237 3968 458 4041; x_wconf 79' lang='lat' dir='ltr'>impius</span> <span class='ocrx_word' id='word_1_298' title='bbox 498 3984 598 4042; x_wconf 86' lang='lat' dir='ltr'>per</span> <span class='ocrx_word' id='word_1_299' title='bbox 634 3967 1103 4042; x_wconf 87' lang='lat' dir='ltr'>justificationem</span> <span class='ocrx_word' id='word_1_300' title='bbox 1134 3967 1471 4041; x_wconf 73' lang='lat' dir='ltr'>assequitur,</span> <span class='ocrx_word' id='word_1_301' title='bbox 1505 3967 1602 4040; x_wconf 91' lang='lat' dir='ltr'>qui</span> 
     </span>
     <span class='ocr_line' id='line_1_44' title="bbox 236 4049 1605 4124; baseline -0.001 -17"><span class='ocrx_word' id='word_1_302' title='bbox 236 4066 359 4108; x_wconf 86' lang='lat' dir='ltr'>non</span> <span class='ocrx_word' id='word_1_303' title='bbox 385 4057 467 4109; x_wconf 89' lang='lat' dir='ltr'>est</span> <span class='ocrx_word' id='word_1_304' title='bbox 508 4051 815 4116; x_wconf 87' lang='lat' dir='ltr'>auxilium,</span> <span class='ocrx_word' id='word_1_305' title='bbox 846 4049 944 4107; x_wconf 89' lang='lat' dir='ltr'>sed</span> <span class='ocrx_word' id='word_1_306' title='bbox 973 4050 1285 4107; x_wconf 87' lang='lat' dir='ltr'>habitualis</span> <span class='ocrx_word' id='word_1_307' title='bbox 1306 4050 1510 4124; x_wconf 89' lang='lat' dir='ltr'>gratia,</span> <span class='ocrx_word' id='word_1_308' title='bbox 1543 4056 1605 4106; x_wconf 89' lang='lat' dir='ltr'>ut</span> 
     </span>
     <span class='ocr_line' id='line_1_45' title="bbox 231 4131 1605 4205; baseline -0.001 -17"><span class='ocrx_word' id='word_1_309' title='bbox 231 4131 351 4205; x_wconf 90' lang='lat' dir='ltr'>ipsi</span> <span class='ocrx_word' id='word_1_310' title='bbox 409 4131 741 4189; x_wconf 80' lang='lat' dir='ltr'>Adversarii</span> <span class='ocrx_word' id='word_1_311' title='bbox 788 4131 1009 4188; x_wconf 84' lang='lat' dir='ltr'>docent.</span> <span class='ocrx_word' id='word_1_312' title='bbox 1043 4133 1192 4187; x_wconf 89' lang='lat' dir='ltr'>Tum</span> <span class='ocrx_word' id='word_1_313' title='bbox 1238 4131 1434 4193; x_wconf 84' lang='lat' dir='ltr'>etiam,</span> <span class='ocrx_word' id='word_1_314' title='bbox 1468 4131 1605 4203; x_wconf 88' lang='lat' dir='ltr'>quia</span> 
     </span>
     <span class='ocr_line' id='line_1_46' title="bbox 232 4210 1601 4287; baseline -0.001 -17"><span class='ocrx_word' id='word_1_315' title='bbox 232 4211 445 4270; x_wconf 86' lang='lat' dir='ltr'>asserit</span> <span class='ocrx_word' id='word_1_316' title='bbox 491 4212 890 4287; x_wconf 87' lang='lat' dir='ltr'>purgationem</span> <span class='ocrx_word' id='word_1_317' title='bbox 920 4229 952 4268; x_wconf 93' lang='lat' dir='ltr'>a</span> <span class='ocrx_word' id='word_1_318' title='bbox 977 4213 1143 4285; x_wconf 90' lang='lat' dir='ltr'>culpa</span> <span class='ocrx_word' id='word_1_319' title='bbox 1190 4227 1312 4269; x_wconf 89' lang='lat' dir='ltr'>esse</span> <span class='ocrx_word' id='word_1_320' title='bbox 1348 4210 1601 4284; x_wconf 90' lang='lat' dir='ltr'>priorem</span> 
     </span>
     <span class='ocr_line' id='line_1_47' title="bbox 227 4293 1604 4369; baseline -0.001 -19"><span class='ocrx_word' id='word_1_321' title='bbox 227 4308 308 4350; x_wconf 82' lang='lat' dir='ltr'>ex</span> <span class='ocrx_word' id='word_1_322' title='bbox 332 4299 493 4366; x_wconf 89' lang='lat' dir='ltr'>parte</span> <span class='ocrx_word' id='word_1_323' title='bbox 520 4293 772 4359; x_wconf 89' lang='lat' dir='ltr'>mobilis,</span> <span class='ocrx_word' id='word_1_324' title='bbox 799 4294 922 4350; x_wconf 85' lang='lat' dir='ltr'>sive</span> <span class='ocrx_word' id='word_1_325' title='bbox 949 4295 1013 4350; x_wconf 92' lang='lat' dir='ltr'>in</span> <span class='ocrx_word' id='word_1_326' title='bbox 1040 4307 1252 4369; x_wconf 84' lang='lat' dir='ltr'>genere</span> <span class='ocrx_word' id='word_1_327' title='bbox 1278 4309 1458 4350; x_wconf 77' lang='lat' dir='ltr'>causae</span> <span class='ocrx_word' id='word_1_328' title='bbox 1484 4310 1604 4350; x_wconf 87' lang='lat' dir='ltr'>ma·</span> 
     </span>
     <span class='ocr_line' id='line_1_48' title="bbox 224 4373 1603 4450; baseline -0.001 -20"><span class='ocrx_word' id='word_1_329' title='bbox 224 4374 480 4439; x_wconf 87' lang='lat' dir='ltr'>terialis,</span> <span class='ocrx_word' id='word_1_330' title='bbox 531 4390 704 4447; x_wconf 91' lang='lat' dir='ltr'>quam</span> <span class='ocrx_word' id='word_1_331' title='bbox 752 4374 1107 4431; x_wconf 75' lang='lat' dir='ltr'>infusionem</span> <span class='ocrx_word' id='word_1_332' title='bbox 1160 4375 1405 4450; x_wconf 83' lang='lat' dir='ltr'>gratiae:</span> <span class='ocrx_word' id='word_1_333' title='bbox 1453 4373 1603 4447; x_wconf 89' lang='lat' dir='ltr'>quod</span> 
     </span>
     <span class='ocr_line' id='line_1_49' title="bbox 225 4452 1604 4529; baseline 0 -19"><span class='ocrx_word' id='word_1_334' title='bbox 225 4452 528 4510; x_wconf 80' lang='lat' dir='ltr'>verificari</span> <span class='ocrx_word' id='word_1_335' title='bbox 551 4471 667 4512; x_wconf 90' lang='lat' dir='ltr'>non</span> <span class='ocrx_word' id='word_1_336' title='bbox 697 4456 846 4511; x_wconf 87' lang='lat' dir='ltr'>valet</span> <span class='ocrx_word' id='word_1_337' title='bbox 897 4460 1154 4527; x_wconf 79' lang='lat' dir='ltr'>respectu</span> <span class='ocrx_word' id='word_1_338' title='bbox 1189 4455 1387 4529; x_wconf 78' lang='lat' dir='ltr'>gratiae</span> <span class='ocrx_word' id='word_1_339' title='bbox 1433 4455 1604 4511; x_wconf 88' lang='lat' dir='ltr'>auxi-</span> 
     </span>
     <span class='ocr_line' id='line_1_50' title="bbox 228 4535 1605 4610; baseline 0 -17"><span class='ocrx_word' id='word_1_340' title='bbox 228 4536 437 4593; x_wconf 86' lang='lat' dir='ltr'>liantis</span> <span class='ocrx_word' id='word_1_341' title='bbox 459 4537 715 4602; x_wconf 90' lang='lat' dir='ltr'>actualis,</span> <span class='ocrx_word' id='word_1_342' title='bbox 736 4537 853 4593; x_wconf 85' lang='lat' dir='ltr'>haec</span> <span class='ocrx_word' id='word_1_343' title='bbox 872 4537 1083 4610; x_wconf 85' lang='lat' dir='ltr'>quippe</span> <span class='ocrx_word' id='word_1_344' title='bbox 1111 4539 1336 4594; x_wconf 91' lang='lat' dir='ltr'>nullam</span> <span class='ocrx_word' id='word_1_345' title='bbox 1357 4535 1605 4610; x_wconf 90' lang='lat' dir='ltr'>disposi-</span> 
     </span>
     <span class='ocr_line' id='line_1_51' title="bbox 227 4618 1605 4693; baseline 0 -18"><span class='ocrx_word' id='word_1_346' title='bbox 227 4622 457 4676; x_wconf 82' lang='lat' dir='ltr'>tionem</span> <span class='ocrx_word' id='word_1_347' title='bbox 479 4635 549 4675; x_wconf 84' lang='lat' dir='ltr'>ex</span> <span class='ocrx_word' id='word_1_348' title='bbox 578 4624 739 4693; x_wconf 92' lang='lat' dir='ltr'>parte</span> <span class='ocrx_word' id='word_1_349' title='bbox 760 4618 995 4675; x_wconf 89' lang='lat' dir='ltr'>mobilis</span> <span class='ocrx_word' id='word_1_350' title='bbox 1024 4619 1366 4676; x_wconf 87' lang='lat' dir='ltr'>naturaliter</span> <span class='ocrx_word' id='word_1_351' title='bbox 1391 4634 1605 4693; x_wconf 89' lang='lat' dir='ltr'>suppo-</span> 
     </span>
     <span class='ocr_line' id='line_1_52' title="bbox 226 4695 1605 4774; baseline 0.001 -18"><span class='ocrx_word' id='word_1_352' title='bbox 226 4699 346 4756; x_wconf 89' lang='lat' dir='ltr'>nit.</span> <span class='ocrx_word' id='word_1_353' title='bbox 397 4700 544 4754; x_wconf 91' lang='lat' dir='ltr'>Tum</span> <span class='ocrx_word' id='word_1_354' title='bbox 591 4705 882 4772; x_wconf 82' lang='lat' dir='ltr'>praeterea‚</span> <span class='ocrx_word' id='word_1_355' title='bbox 937 4699 1074 4772; x_wconf 90' lang='lat' dir='ltr'>quia</span> <span class='ocrx_word' id='word_1_356' title='bbox 1112 4695 1464 4774; x_wconf 86' lang='lat' dir='ltr'>exemplum,</span> <span class='ocrx_word' id='word_1_357' title='bbox 1494 4716 1605 4772; x_wconf 90' lang='lat' dir='ltr'>quo</span> 
     </span>
     <span class='ocr_line' id='line_1_53' title="bbox 224 4780 1607 4856; baseline 0 -19"><span class='ocrx_word' id='word_1_358' title='bbox 224 4783 296 4837; x_wconf 92' lang='lat' dir='ltr'>S.</span> <span class='ocrx_word' id='word_1_359' title='bbox 324 4783 528 4837; x_wconf 91' lang='lat' dir='ltr'>Doctor</span> <span class='ocrx_word' id='word_1_360' title='bbox 571 4780 770 4845; x_wconf 88' lang='lat' dir='ltr'>utitur,</span> <span class='ocrx_word' id='word_1_361' title='bbox 798 4780 1059 4847; x_wconf 90' lang='lat' dir='ltr'>luminis,</span> <span class='ocrx_word' id='word_1_362' title='bbox 1084 4786 1141 4838; x_wconf 91' lang='lat' dir='ltr'>et</span> <span class='ocrx_word' id='word_1_363' title='bbox 1188 4782 1547 4856; x_wconf 84' lang='lat' dir='ltr'>purgationis</span> <span class='ocrx_word' id='word_1_364' title='bbox 1573 4796 1607 4837; x_wconf 88' lang='lat' dir='ltr'>a</span> 
     </span>
     <span class='ocr_line' id='line_1_54' title="bbox 224 4861 1606 4937; baseline -0.001 -17"><span class='ocrx_word' id='word_1_365' title='bbox 224 4862 491 4920; x_wconf 86' lang='lat' dir='ltr'>tenebris</span> <span class='ocrx_word' id='word_1_366' title='bbox 534 4868 787 4934; x_wconf 88' lang='lat' dir='ltr'>respectu</span> <span class='ocrx_word' id='word_1_367' title='bbox 820 4863 970 4919; x_wconf 90' lang='lat' dir='ltr'>aeris</span> <span class='ocrx_word' id='word_1_368' title='bbox 996 4863 1227 4936; x_wconf 81' lang='lat' dir='ltr'>(nempe</span> <span class='ocrx_word' id='word_1_369' title='bbox 1252 4861 1401 4937; x_wconf 92' lang='lat' dir='ltr'>quod</span> <span class='ocrx_word' id='word_1_370' title='bbox 1428 4862 1478 4918; x_wconf 88' lang='lat' dir='ltr'>si</span> <span class='ocrx_word' id='word_1_371' title='bbox 1505 4879 1606 4918; x_wconf 91' lang='lat' dir='ltr'>su-</span> 
     </span>
     <span class='ocr_line' id='line_1_55' title="bbox 223 4942 1606 5021; baseline -0.001 -18"><span class='ocrx_word' id='word_1_372' title='bbox 223 4949 431 5003; x_wconf 88' lang='lat' dir='ltr'>matur</span> <span class='ocrx_word' id='word_1_373' title='bbox 470 4942 611 5001; x_wconf 91' lang='lat' dir='ltr'>ordo</span> <span class='ocrx_word' id='word_1_374' title='bbox 636 4960 707 5000; x_wconf 85' lang='lat' dir='ltr'>ex</span> <span class='ocrx_word' id='word_1_375' title='bbox 744 4951 905 5017; x_wconf 88' lang='lat' dir='ltr'>parte</span> <span class='ocrx_word' id='word_1_376' title='bbox 953 4948 1191 5021; x_wconf 79' lang='lat' dir='ltr'>agentiS,</span> <span class='ocrx_word' id='word_1_377' title='bbox 1225 4947 1424 5002; x_wconf 89' lang='lat' dir='ltr'>lumen</span> <span class='ocrx_word' id='word_1_378' title='bbox 1455 4961 1606 5018; x_wconf 85' lang='lat' dir='ltr'>prae-</span> 
     </span>
     <span class='ocr_line' id='line_1_56' title="bbox 219 5024 1603 5097; baseline -0.002 -13"><span class='ocrx_word' id='word_1_379' title='bbox 219 5024 384 5084; x_wconf 86' lang='lat' dir='ltr'>cedit</span> <span class='ocrx_word' id='word_1_380' title='bbox 447 5024 847 5097; x_wconf 88' lang='lat' dir='ltr'>expulsionem</span> <span class='ocrx_word' id='word_1_381' title='bbox 914 5026 1286 5085; x_wconf 90' lang='lat' dir='ltr'>tenebrarum</span> <span class='ocrx_word' id='word_1_382' title='bbox 1314 5050 1328 5093; x_wconf 72' lang='grc' dir='ltr'><strong><em>ς</em></strong></span> <span class='ocrx_word' id='word_1_383' title='bbox 1389 5025 1487 5082; x_wconf 90' lang='lat' dir='ltr'>sed</span> <span class='ocrx_word' id='word_1_384' title='bbox 1551 5025 1603 5081; x_wconf 92' lang='lat' dir='ltr'>si</span> 
     </span>
     <span class='ocr_line' id='line_1_57' title="bbox 219 5108 1602 5180; baseline -0.002 -13"><span class='ocrx_word' id='word_1_385' title='bbox 219 5112 499 5167; x_wconf 85' lang='lat' dir='ltr'>sumatur</span> <span class='ocrx_word' id='word_1_386' title='bbox 551 5123 623 5164; x_wconf 85' lang='lat' dir='ltr'>ex</span> <span class='ocrx_word' id='word_1_387' title='bbox 670 5112 833 5180; x_wconf 91' lang='lat' dir='ltr'>parte</span> <span class='ocrx_word' id='word_1_388' title='bbox 874 5108 1125 5177; x_wconf 88' lang='lat' dir='ltr'>mobilis,</span> <span class='ocrx_word' id='word_1_389' title='bbox 1159 5108 1416 5165; x_wconf 87' lang='lat' dir='ltr'>absentia</span> <span class='ocrx_word' id='word_1_390' title='bbox 1439 5114 1602 5165; x_wconf 90' lang='lat' dir='ltr'>tene-</span> 
     </span>
    </p>
   </div>
   <div class='ocr_carea' id='block_1_5' title="bbox 1720 632 3110 3638">
    <p class='ocr_par' dir='ltr' id='par_1_5' title="bbox 1720 632 3110 3638">
     <span class='ocr_line' id='line_1_58' title="bbox 1720 632 3081 706; baseline 0.001 -17"><span class='ocrx_word' id='word_1_391' title='bbox 1720 632 1965 689; x_wconf 86' lang='lat' dir='ltr'>brarum</span> <span class='ocrx_word' id='word_1_392' title='bbox 1989 633 2255 706; x_wconf 82' lang='lat' dir='ltr'>praecedit</span> <span class='ocrx_word' id='word_1_393' title='bbox 2276 634 2497 706; x_wconf 91' lang='lat' dir='ltr'>lumen)</span> <span class='ocrx_word' id='word_1_394' title='bbox 2523 632 2940 691; x_wconf 91' lang='lat' dir='ltr'>accommodari</span> <span class='ocrx_word' id='word_1_395' title='bbox 2963 649 3081 690; x_wconf 90' lang='lat' dir='ltr'>non</span> 
     </span>
     <span class='ocr_line' id='line_1_59' title="bbox 1720 713 3090 789; baseline 0.001 -18"><span class='ocrx_word' id='word_1_396' title='bbox 1720 714 2086 789; x_wconf 83' lang='lat' dir='ltr'>valetgratiae</span> <span class='ocrx_word' id='word_1_397' title='bbox 2103 713 3090 786; x_wconf 86' lang='lat' dir='ltr'>actuali,etaccommodaturoptime</span> 
     </span>
     <span class='ocr_line' id='line_1_60' title="bbox 1720 797 3084 872; baseline 0 -19"><span class='ocrx_word' id='word_1_398' title='bbox 1720 798 1922 872; x_wconf 83' lang='lat' dir='ltr'>gratiae</span> <span class='ocrx_word' id='word_1_399' title='bbox 1950 797 2230 855; x_wconf 85' lang='lat' dir='ltr'>habituali</span> <span class='ocrx_word' id='word_1_400' title='bbox 2265 797 2642 855; x_wconf 89' lang='lat' dir='ltr'>sanctificanti</span> <span class='ocrx_word' id='word_1_401' title='bbox 2669 822 2684 866; x_wconf 92' lang='lat'>;</span> <span class='ocrx_word' id='word_1_402' title='bbox 2716 813 2852 854; x_wconf 91' lang='lat' dir='ltr'>nam</span> <span class='ocrx_word' id='word_1_403' title='bbox 2882 798 3084 854; x_wconf 91' lang='lat' dir='ltr'>lumen</span> 
     </span>
     <span class='ocr_line' id='line_1_61' title="bbox 1722 880 3085 954; baseline 0.001 -18"><span class='ocrx_word' id='word_1_404' title='bbox 1722 897 1842 938; x_wconf 90' lang='lat' dir='ltr'>non</span> <span class='ocrx_word' id='word_1_405' title='bbox 1887 881 2184 939; x_wconf 90' lang='lat' dir='ltr'>illuminat</span> <span class='ocrx_word' id='word_1_406' title='bbox 2228 880 2581 954; x_wconf 87' lang='lat' dir='ltr'>dispositive,</span> <span class='ocrx_word' id='word_1_407' title='bbox 2615 890 2852 947; x_wconf 88' lang='lat' dir='ltr'>remote,</span> <span class='ocrx_word' id='word_1_408' title='bbox 2884 886 2940 937; x_wconf 90' lang='lat' dir='ltr'>et</span> <span class='ocrx_word' id='word_1_409' title='bbox 2967 896 3085 938; x_wconf 89' lang='lat' dir='ltr'>me·</span> 
     </span>
     <span class='ocr_line' id='line_1_62' title="bbox 1722 961 3084 1036; baseline 0.002 -19"><span class='ocrx_word' id='word_1_410' title='bbox 1722 961 1876 1019; x_wconf 88' lang='lat' dir='ltr'>dia-te</span> <span class='ocrx_word' id='word_1_411' title='bbox 1901 985 1915 1030; x_wconf 87' lang='lat'>;</span> <span class='ocrx_word' id='word_1_412' title='bbox 1938 961 2037 1020; x_wconf 89' lang='lat' dir='ltr'>sed</span> <span class='ocrx_word' id='word_1_413' title='bbox 2059 963 2411 1033; x_wconf 87' lang='lat' dir='ltr'>immediate,</span> <span class='ocrx_word' id='word_1_414' title='bbox 2444 962 2722 1036; x_wconf 84' lang='lat' dir='ltr'>proxime,</span> <span class='ocrx_word' id='word_1_415' title='bbox 2748 966 2804 1018; x_wconf 89' lang='lat' dir='ltr'>et</span> <span class='ocrx_word' id='word_1_416' title='bbox 2824 961 3084 1020; x_wconf 86' lang='lat' dir='ltr'>formali-</span> 
     </span>
     <span class='ocr_line' id='line_1_63' title="bbox 1723 1042 3085 1116; baseline 0.001 -17"><span class='ocrx_word' id='word_1_417' title='bbox 1723 1047 1812 1099; x_wconf 85' lang='lat' dir='ltr'>ter</span> <span class='ocrx_word' id='word_1_418' title='bbox 1838 1062 1851 1097; x_wconf 86' lang='lat'><strong>:</strong></span> <span class='ocrx_word' id='word_1_419' title='bbox 1873 1043 2062 1116; x_wconf 88' lang='lat' dir='ltr'>gratia</span> <span class='ocrx_word' id='word_1_420' title='bbox 2075 1048 2266 1102; x_wconf 90' lang='lat' dir='ltr'>autem</span> <span class='ocrx_word' id='word_1_421' title='bbox 2284 1043 2520 1101; x_wconf 89' lang='lat' dir='ltr'>actualis</span> <span class='ocrx_word' id='word_1_422' title='bbox 2548 1042 2838 1100; x_wconf 79' lang='lat' dir='ltr'>auxilians</span> <span class='ocrx_word' id='word_1_423' title='bbox 2859 1046 3085 1101; x_wconf 90' lang='lat' dir='ltr'>tantum</span> 
     </span>
     <span class='ocr_line' id='line_1_64' title="bbox 1721 1122 3089 1198; baseline 0.001 -19"><span class='ocrx_word' id='word_1_424' title='bbox 1721 1122 1994 1198; x_wconf 84' lang='lat' dir='ltr'>justificat</span> <span class='ocrx_word' id='word_1_425' title='bbox 2017 1131 2252 1192; x_wconf 91' lang='lat' dir='ltr'>remote,</span> <span class='ocrx_word' id='word_1_426' title='bbox 2284 1129 2342 1182; x_wconf 89' lang='lat' dir='ltr'>et</span> <span class='ocrx_word' id='word_1_427' title='bbox 2367 1123 2632 1189; x_wconf 90' lang='lat' dir='ltr'>mediate,</span> <span class='ocrx_word' id='word_1_428' title='bbox 2666 1123 2950 1181; x_wconf 88' lang='lat' dir='ltr'>causando</span> <span class='ocrx_word' id='word_1_429' title='bbox 2976 1123 3089 1180; x_wconf 90' lang='lat' dir='ltr'>dis-</span> 
     </span>
     <span class='ocr_line' id='line_1_65' title="bbox 1727 1204 3098 1281; baseline 0.001 -18"><span class='ocrx_word' id='word_1_430' title='bbox 1727 1205 2037 1278; x_wconf 88' lang='lat' dir='ltr'>positiones</span> <span class='ocrx_word' id='word_1_431' title='bbox 2096 1204 2167 1262; x_wconf 90' lang='lat' dir='ltr'>ad</span> <span class='ocrx_word' id='word_1_432' title='bbox 2213 1207 2497 1281; x_wconf 83' lang='lat' dir='ltr'>J‘ustitiam</span> <span class='ocrx_word' id='word_1_433' title='bbox 2525 1231 2540 1275; x_wconf 90' lang='lat'>;</span> <span class='ocrx_word' id='word_1_434' title='bbox 2590 1205 2903 1263; x_wconf 86' lang='lat' dir='ltr'>habitualis</span> <span class='ocrx_word' id='word_1_435' title='bbox 2955 1222 3098 1264; x_wconf 88' lang='lat' dir='ltr'>vero</span> 
     </span>
     <span class='ocr_line' id='line_1_66' title="bbox 1725 1287 3102 1363; baseline 0.001 -19"><span class='ocrx_word' id='word_1_436' title='bbox 1725 1288 1911 1363; x_wconf 86' lang='lat' dir='ltr'>gratia</span> <span class='ocrx_word' id='word_1_437' title='bbox 1943 1288 2218 1362; x_wconf 86' lang='lat' dir='ltr'>justificat</span> <span class='ocrx_word' id='word_1_438' title='bbox 2259 1288 2613 1358; x_wconf 88' lang='lat' dir='ltr'>immediate,</span> <span class='ocrx_word' id='word_1_439' title='bbox 2663 1294 2720 1345; x_wconf 86' lang='lat' dir='ltr'>et</span> <span class='ocrx_word' id='word_1_440' title='bbox 2768 1287 3102 1346; x_wconf 84' lang='lat' dir='ltr'>formaliter</span> 
     </span>
     <span class='ocr_line' id='line_1_67' title="bbox 1729 1367 3102 1443; baseline -0.001 -17"><span class='ocrx_word' id='word_1_441' title='bbox 1729 1385 1831 1443; x_wconf 91' lang='lat' dir='ltr'>per</span> <span class='ocrx_word' id='word_1_442' title='bbox 1868 1370 2136 1443; x_wconf 87' lang='lat' dir='ltr'>seipsam,</span> <span class='ocrx_word' id='word_1_443' title='bbox 2167 1375 2225 1427; x_wconf 91' lang='lat' dir='ltr'>et</span> <span class='ocrx_word' id='word_1_444' title='bbox 2276 1387 2337 1427; x_wconf 90' lang='lat' dir='ltr'>se</span> <span class='ocrx_word' id='word_1_445' title='bbox 2376 1370 2548 1427; x_wconf 86' lang='lat' dir='ltr'>habet</span> <span class='ocrx_word' id='word_1_446' title='bbox 2597 1369 2997 1443; x_wconf 89' lang='lat' dir='ltr'>propriissime</span> <span class='ocrx_word' id='word_1_447' title='bbox 3023 1367 3102 1425; x_wconf 76' lang='lat' dir='ltr'>ad</span> 
     </span>
     <span class='ocr_line' id='line_1_68' title="bbox 1729 1447 3104 1523; baseline 0 -17"><span class='ocrx_word' id='word_1_448' title='bbox 1729 1451 1913 1508; x_wconf 88' lang='lat' dir='ltr'>instar</span> <span class='ocrx_word' id='word_1_449' title='bbox 1937 1451 2200 1508; x_wconf 90' lang='lat' dir='ltr'>luminis.</span> <span class='ocrx_word' id='word_1_450' title='bbox 2225 1452 2374 1507; x_wconf 89' lang='lat' dir='ltr'>Tum</span> <span class='ocrx_word' id='word_1_451' title='bbox 2395 1449 2662 1523; x_wconf 90' lang='lat' dir='ltr'>denique,</span> <span class='ocrx_word' id='word_1_452' title='bbox 2688 1455 2742 1506; x_wconf 90' lang='lat' dir='ltr'>et</span> <span class='ocrx_word' id='word_1_453' title='bbox 2769 1447 3104 1506; x_wconf 80' lang='lat' dir='ltr'>evidentius</span> 
     </span>
     <span class='ocr_line' id='line_1_69' title="bbox 1729 1528 3092 1589; baseline -0.002 -1"><span class='ocrx_word' id='word_1_454' title='bbox 1729 1529 1789 1588; x_wconf 90' lang='lat' dir='ltr'>id</span> <span class='ocrx_word' id='word_1_455' title='bbox 1840 1536 2060 1589; x_wconf 89' lang='lat' dir='ltr'>constat</span> <span class='ocrx_word' id='word_1_456' title='bbox 2108 1547 2178 1589; x_wconf 83' lang='lat' dir='ltr'>ex</span> <span class='ocrx_word' id='word_1_457' title='bbox 2212 1531 2438 1588; x_wconf 89' lang='lat' dir='ltr'>ultimis</span> <span class='ocrx_word' id='word_1_458' title='bbox 2483 1532 2548 1587; x_wconf 94' lang='lat' dir='ltr'>D.</span> <span class='ocrx_word' id='word_1_459' title='bbox 2599 1530 2803 1587; x_wconf 90' lang='lat' dir='ltr'>Thom.</span> <span class='ocrx_word' id='word_1_460' title='bbox 2850 1528 3092 1587; x_wconf 83' lang='lat' dir='ltr'>verbis:</span> 
     </span>
     <span class='ocr_line' id='line_1_70' title="bbox 1736 1609 3098 1688; baseline -0.001 -22"><span class='ocrx_word' id='word_1_461' title='bbox 1736 1633 1762 1666; x_wconf 76' lang='grc' dir='ltr'><em>α</em></span> <span class='ocrx_word' id='word_1_462' title='bbox 1806 1612 2027 1669; x_wconf 84' lang='lat' dir='ltr'>Infusio</span> <span class='ocrx_word' id='word_1_463' title='bbox 2052 1612 2270 1688; x_wconf 73' lang='lat' dir='ltr'>gratiae,</span> <span class='ocrx_word' id='word_1_464' title='bbox 2296 1617 2352 1670; x_wconf 88' lang='lat' dir='ltr'>et</span> <span class='ocrx_word' id='word_1_465' title='bbox 2379 1611 2644 1669; x_wconf 90' lang='lat' dir='ltr'>remissio</span> <span class='ocrx_word' id='word_1_466' title='bbox 2683 1613 2863 1684; x_wconf 78' lang='lat' dir='ltr'>culpae</span> <span class='ocrx_word' id='word_1_467' title='bbox 2890 1609 3098 1667; x_wconf 91' lang='lat' dir='ltr'>dicun-</span> 
     </span>
     <span class='ocr_line' id='line_1_71' title="bbox 1737 1692 3108 1768; baseline 0.001 -20"><span class='ocrx_word' id='word_1_468' title='bbox 1737 1716 1764 1748; x_wconf 75' lang='lat'>«</span> <span class='ocrx_word' id='word_1_469' title='bbox 1806 1699 1902 1751; x_wconf 88' lang='lat' dir='ltr'>tur</span> <span class='ocrx_word' id='word_1_470' title='bbox 1922 1710 1994 1751; x_wconf 88' lang='lat' dir='ltr'>ex</span> <span class='ocrx_word' id='word_1_471' title='bbox 2021 1700 2181 1768; x_wconf 86' lang='lat' dir='ltr'>parte</span> <span class='ocrx_word' id='word_1_472' title='bbox 2204 1695 2303 1752; x_wconf 90' lang='lat' dir='ltr'>Dei</span> <span class='ocrx_word' id='word_1_473' title='bbox 2317 1693 2683 1768; x_wconf 81' lang='lat' dir='ltr'>justificantis</span> <span class='ocrx_word' id='word_1_474' title='bbox 2709 1718 2722 1761; x_wconf 89' lang='lat'>;</span> <span class='ocrx_word' id='word_1_475' title='bbox 2745 1693 2872 1751; x_wconf 92' lang='lat' dir='ltr'>ideo</span> <span class='ocrx_word' id='word_1_476' title='bbox 2893 1692 3108 1751; x_wconf 87' lang='lat' dir='ltr'>ordine·</span> 
     </span>
     <span class='ocr_line' id='line_1_72' title="bbox 1737 1775 3098 1851; baseline 0 -21"><span class='ocrx_word' id='word_1_477' title='bbox 1737 1798 1764 1829; x_wconf 74' lang='lat' dir='ltr'>&lt;r</span> <span class='ocrx_word' id='word_1_478' title='bbox 1807 1782 2028 1832; x_wconf 80' lang='lat' dir='ltr'>naturae</span> <span class='ocrx_word' id='word_1_479' title='bbox 2075 1777 2233 1849; x_wconf 90' lang='lat' dir='ltr'>prior</span> <span class='ocrx_word' id='word_1_480' title='bbox 2271 1781 2354 1834; x_wconf 91' lang='lat' dir='ltr'>est</span> <span class='ocrx_word' id='word_1_481' title='bbox 2398 1776 2598 1851; x_wconf 64' lang='lat' dir='ltr'>gratias</span> <span class='ocrx_word' id='word_1_482' title='bbox 2647 1775 2880 1841; x_wconf 81' lang='lat' dir='ltr'>infusio,</span> <span class='ocrx_word' id='word_1_483' title='bbox 2923 1789 3098 1848; x_wconf 92' lang='lat' dir='ltr'>quam</span> 
     </span>
     <span class='ocr_line' id='line_1_73' title="bbox 1739 1856 3097 1930; baseline 0.001 -20"><span class='ocrx_word' id='word_1_484' title='bbox 1739 1878 1764 1909; x_wconf 79' lang='grc' dir='ltr'>α</span> <span class='ocrx_word' id='word_1_485' title='bbox 1806 1857 1986 1930; x_wconf 85' lang='lat' dir='ltr'>culpae</span> <span class='ocrx_word' id='word_1_486' title='bbox 2011 1857 2296 1914; x_wconf 81' lang='lat' dir='ltr'>remissio.</span> <span class='ocrx_word' id='word_1_487' title='bbox 2324 1857 2430 1914; x_wconf 89' lang='lat' dir='ltr'>Sed</span> <span class='ocrx_word' id='word_1_488' title='bbox 2459 1856 2508 1912; x_wconf 93' lang='lat' dir='ltr'>si</span> <span class='ocrx_word' id='word_1_489' title='bbox 2531 1860 2837 1912; x_wconf 89' lang='lat' dir='ltr'>sumantur</span> <span class='ocrx_word' id='word_1_490' title='bbox 2862 1871 2948 1922; x_wconf 90' lang='lat' dir='ltr'>ea,</span> <span class='ocrx_word' id='word_1_491' title='bbox 2974 1870 3097 1928; x_wconf 84' lang='lat' dir='ltr'>quae</span> 
     </span>
     <span class='ocr_line' id='line_1_74' title="bbox 1739 1935 3107 2012; baseline 0.001 -21"><span class='ocrx_word' id='word_1_492' title='bbox 1739 1959 1766 1991; x_wconf 72' lang='grc' dir='ltr'><strong><em>α</em></strong></span> <span class='ocrx_word' id='word_1_493' title='bbox 1806 1944 1942 1994; x_wconf 89' lang='lat' dir='ltr'>sunt</span> <span class='ocrx_word' id='word_1_494' title='bbox 1984 1954 2055 1995; x_wconf 84' lang='lat' dir='ltr'>ex</span> <span class='ocrx_word' id='word_1_495' title='bbox 2096 1943 2257 2012; x_wconf 89' lang='lat' dir='ltr'>parte</span> <span class='ocrx_word' id='word_1_496' title='bbox 2302 1937 2559 1995; x_wconf 89' lang='lat' dir='ltr'>hominis</span> <span class='ocrx_word' id='word_1_497' title='bbox 2598 1935 2910 2010; x_wconf 82' lang='lat' dir='ltr'>justificati,</span> <span class='ocrx_word' id='word_1_498' title='bbox 2955 1940 3107 1993; x_wconf 82' lang='lat' dir='ltr'>este</span> 
     </span>
     <span class='ocr_line' id='line_1_75' title="bbox 1740 2016 3096 2091; baseline -0.001 -18"><span class='ocrx_word' id='word_1_499' title='bbox 1740 2042 1765 2073; x_wconf 77' lang='grc' dir='ltr'>α</span> <span class='ocrx_word' id='word_1_500' title='bbox 1806 2035 2115 2082; x_wconf 82' lang='lat' dir='ltr'>converso;</span> <span class='ocrx_word' id='word_1_501' title='bbox 2145 2034 2281 2075; x_wconf 91' lang='lat' dir='ltr'>nam</span> <span class='ocrx_word' id='word_1_502' title='bbox 2311 2019 2472 2091; x_wconf 92' lang='lat' dir='ltr'>prius</span> <span class='ocrx_word' id='word_1_503' title='bbox 2510 2022 2594 2074; x_wconf 90' lang='lat' dir='ltr'>est</span> <span class='ocrx_word' id='word_1_504' title='bbox 2644 2016 2847 2074; x_wconf 90' lang='lat' dir='ltr'>ordine</span> <span class='ocrx_word' id='word_1_505' title='bbox 2875 2021 3096 2072; x_wconf 83' lang='lat' dir='ltr'>naturae</span> 
     </span>
     <span class='ocr_line' id='line_1_76' title="bbox 1740 2081 3100 2171; baseline -0.001 -19"><span class='ocrx_word' id='word_1_506' title='bbox 1740 2121 1766 2152; x_wconf 80' lang='grc' dir='ltr'>α</span> <span class='ocrx_word' id='word_1_507' title='bbox 1809 2081 2076 2156; x_wconf 67' lang='grc' dir='ltr'>Ιίὺθτειῖἰο</span> <span class='ocrx_word' id='word_1_508' title='bbox 2092 2115 2123 2155; x_wconf 89' lang='lat' dir='ltr'>a</span> <span class='ocrx_word' id='word_1_509' title='bbox 2139 2101 2501 2171; x_wconf 88' lang='lat' dir='ltr'>culpa,quam</span> <span class='ocrx_word' id='word_1_510' title='bbox 2517 2096 2883 2170; x_wconf 91' lang='lat' dir='ltr'>consequutio</span> <span class='ocrx_word' id='word_1_511' title='bbox 2898 2096 3100 2170; x_wconf 82' lang='lat' dir='ltr'>gratiae</span> 
     </span>
     <span class='ocr_line' id='line_1_77' title="bbox 1741 2177 3099 2255; baseline -0.002 -20"><span class='ocrx_word' id='word_1_512' title='bbox 1741 2204 1766 2235; x_wconf 77' lang='grc' dir='ltr'>α</span> <span class='ocrx_word' id='word_1_513' title='bbox 1805 2178 2192 2255; x_wconf 74' lang='lat' dir='ltr'>iustificantiS.</span> <span class='ocrx_word' id='word_1_514' title='bbox 2227 2201 2252 2231; x_wconf 74' lang='lat' dir='ltr'>n</span> <span class='ocrx_word' id='word_1_515' title='bbox 2290 2180 2384 2237; x_wconf 90' lang='lat' dir='ltr'>Uti</span> <span class='ocrx_word' id='word_1_516' title='bbox 2413 2179 2484 2237; x_wconf 92' lang='lat' dir='ltr'>de</span> <span class='ocrx_word' id='word_1_517' title='bbox 2508 2180 2707 2237; x_wconf 88' lang='lat' dir='ltr'>eadem</span> <span class='ocrx_word' id='word_1_518' title='bbox 2727 2177 2916 2252; x_wconf 88' lang='lat' dir='ltr'>gratia</span> <span class='ocrx_word' id='word_1_519' title='bbox 2943 2191 3099 2233; x_wconf 86' lang='lat' dir='ltr'>asse-</span> 
     </span>
     <span class='ocr_line' id='line_1_78' title="bbox 1736 2261 3099 2336; baseline -0.004 -18"><span class='ocrx_word' id='word_1_520' title='bbox 1736 2262 1812 2318; x_wconf 89' lang='lat' dir='ltr'>rit</span> <span class='ocrx_word' id='word_1_521' title='bbox 1839 2278 1961 2318; x_wconf 91' lang='lat' dir='ltr'>esse</span> <span class='ocrx_word' id='word_1_522' title='bbox 1989 2261 2364 2335; x_wconf 90' lang='lat' dir='ltr'>posteriorem</span> <span class='ocrx_word' id='word_1_523' title='bbox 2394 2262 2457 2317; x_wconf 89' lang='lat' dir='ltr'>in</span> <span class='ocrx_word' id='word_1_524' title='bbox 2477 2277 2688 2336; x_wconf 86' lang='lat' dir='ltr'>genere</span> <span class='ocrx_word' id='word_1_525' title='bbox 2709 2274 2887 2315; x_wconf 74' lang='lat' dir='ltr'>causeo</span> <span class='ocrx_word' id='word_1_526' title='bbox 2913 2262 3099 2313; x_wconf 89' lang='lat' dir='ltr'>mate-</span> 
     </span>
     <span class='ocr_line' id='line_1_79' title="bbox 1736 2336 3108 2414; baseline -0.005 -16"><span class='ocrx_word' id='word_1_527' title='bbox 1736 2342 1902 2398; x_wconf 89' lang='lat' dir='ltr'>rialis</span> <span class='ocrx_word' id='word_1_528' title='bbox 1927 2341 2294 2414; x_wconf 77' lang='lat' dir='ltr'>dispositivae,</span> <span class='ocrx_word' id='word_1_529' title='bbox 2326 2340 2395 2398; x_wconf 91' lang='lat' dir='ltr'>de</span> <span class='ocrx_word' id='word_1_530' title='bbox 2421 2357 2531 2413; x_wconf 89' lang='lat' dir='ltr'>qua</span> <span class='ocrx_word' id='word_1_531' title='bbox 2564 2338 2899 2396; x_wconf 86' lang='lat' dir='ltr'>immediate</span> <span class='ocrx_word' id='word_1_532' title='bbox 2939 2336 3108 2409; x_wconf 87' lang='lat' dir='ltr'>prius</span> 
     </span>
     <span class='ocr_line' id='line_1_80' title="bbox 1735 2416 3101 2495; baseline -0.004 -17"><span class='ocrx_word' id='word_1_533' title='bbox 1735 2421 1962 2479; x_wconf 86' lang='lat' dir='ltr'>dixerat</span> <span class='ocrx_word' id='word_1_534' title='bbox 1985 2439 2107 2480; x_wconf 90' lang='lat' dir='ltr'>esse</span> <span class='ocrx_word' id='word_1_535' title='bbox 2136 2422 2388 2495; x_wconf 86' lang='lat' dir='ltr'>priorem</span> <span class='ocrx_word' id='word_1_536' title='bbox 2424 2422 2490 2477; x_wconf 90' lang='lat' dir='ltr'>in</span> <span class='ocrx_word' id='word_1_537' title='bbox 2534 2436 2743 2495; x_wconf 88' lang='lat' dir='ltr'>genere</span> <span class='ocrx_word' id='word_1_538' title='bbox 2771 2434 2949 2475; x_wconf 60' lang='lat' dir='ltr'>causas</span> <span class='ocrx_word' id='word_1_539' title='bbox 2977 2416 3101 2474; x_wconf 84' lang='lat' dir='ltr'>effi-</span> 
     </span>
     <span class='ocr_line' id='line_1_81' title="bbox 1734 2502 3102 2576; baseline -0.006 -14"><span class='ocrx_word' id='word_1_540' title='bbox 1734 2504 1940 2562; x_wconf 89' lang='lat' dir='ltr'>cientis</span> <span class='ocrx_word' id='word_1_541' title='bbox 1965 2528 1980 2571; x_wconf 91' lang='lat'>;</span> <span class='ocrx_word' id='word_1_542' title='bbox 2006 2504 2221 2576; x_wconf 86' lang='lat' dir='ltr'>alioqui</span> <span class='ocrx_word' id='word_1_543' title='bbox 2249 2520 2380 2560; x_wconf 87' lang='lat' dir='ltr'>cum</span> <span class='ocrx_word' id='word_1_544' title='bbox 2403 2503 2662 2559; x_wconf 85' lang='lat' dir='ltr'>maxima</span> <span class='ocrx_word' id='word_1_545' title='bbox 2682 2502 3102 2571; x_wconf 86' lang='lat' dir='ltr'>inconsequen-</span> 
     </span>
     <span class='ocr_line' id='line_1_82' title="bbox 1736 2581 3104 2658; baseline -0.003 -16"><span class='ocrx_word' id='word_1_546' title='bbox 1736 2587 1816 2643; x_wconf 92' lang='lat' dir='ltr'>tia</span> <span class='ocrx_word' id='word_1_547' title='bbox 1846 2586 2264 2658; x_wconf 90' lang='lat' dir='ltr'>procederetur,</span> <span class='ocrx_word' id='word_1_548' title='bbox 2296 2590 2352 2641; x_wconf 87' lang='lat' dir='ltr'>et</span> <span class='ocrx_word' id='word_1_549' title='bbox 2403 2586 2628 2641; x_wconf 87' lang='lat' dir='ltr'>nullam</span> <span class='ocrx_word' id='word_1_550' title='bbox 2669 2582 2966 2656; x_wconf 88' lang='lat' dir='ltr'>energiam</span> <span class='ocrx_word' id='word_1_551' title='bbox 2994 2581 3104 2638; x_wconf 90' lang='lat' dir='ltr'>ha-</span> 
     </span>
     <span class='ocr_line' id='line_1_83' title="bbox 1735 2662 3103 2743; baseline -0.005 -18"><span class='ocrx_word' id='word_1_552' title='bbox 1735 2667 1896 2725; x_wconf 89' lang='lat' dir='ltr'>beret</span> <span class='ocrx_word' id='word_1_553' title='bbox 1938 2670 1998 2743; x_wconf 81' lang='lat' dir='ltr'>ly</span> <span class='ocrx_word' id='word_1_554' title='bbox 2024 2676 2154 2724; x_wconf 84' lang='lat' dir='ltr'>este</span> <span class='ocrx_word' id='word_1_555' title='bbox 2180 2683 2433 2724; x_wconf 81' lang='lat' dir='ltr'>converso</span> <span class='ocrx_word' id='word_1_556' title='bbox 2454 2685 2475 2735; x_wconf 91' lang='lat'><em>;</em></span> <span class='ocrx_word' id='word_1_557' title='bbox 2500 2666 2598 2723; x_wconf 90' lang='lat' dir='ltr'>sed</span> <span class='ocrx_word' id='word_1_558' title='bbox 2638 2664 2800 2722; x_wconf 90' lang='lat' dir='ltr'>fieret</span> <span class='ocrx_word' id='word_1_559' title='bbox 2840 2662 3103 2736; x_wconf 72' lang='lat' dir='ltr'>quaedam</span> 
     </span>
     <span class='ocr_line' id='line_1_84' title="bbox 1735 2750 3104 2824; baseline -0.004 -18"><span class='ocrx_word' id='word_1_560' title='bbox 1735 2750 2030 2824; x_wconf 88' lang='lat' dir='ltr'>disparata</span> <span class='ocrx_word' id='word_1_561' title='bbox 2073 2750 2442 2823; x_wconf 89' lang='lat' dir='ltr'>comparatio.</span> <span class='ocrx_word' id='word_1_562' title='bbox 2503 2751 2644 2804; x_wconf 89' lang='lat' dir='ltr'>Cum</span> <span class='ocrx_word' id='word_1_563' title='bbox 2697 2762 2832 2821; x_wconf 88' lang='lat' dir='ltr'>ergo</span> <span class='ocrx_word' id='word_1_564' title='bbox 2882 2750 3104 2802; x_wconf 88' lang='lat' dir='ltr'>certum</span> 
     </span>
     <span class='ocr_line' id='line_1_85' title="bbox 1735 2827 3104 2909; baseline -0.004 -21"><span class='ocrx_word' id='word_1_565' title='bbox 1735 2831 1831 2898; x_wconf 90' lang='lat' dir='ltr'>sit,</span> <span class='ocrx_word' id='word_1_566' title='bbox 1863 2830 2012 2905; x_wconf 90' lang='lat' dir='ltr'>quod</span> <span class='ocrx_word' id='word_1_567' title='bbox 2045 2830 2284 2888; x_wconf 84' lang='lat' dir='ltr'>nomine</span> <span class='ocrx_word' id='word_1_568' title='bbox 2309 2829 2749 2909; x_wconf 77' lang='lat' dir='ltr'>consequutionis</span> <span class='ocrx_word' id='word_1_569' title='bbox 2766 2827 2958 2899; x_wconf 59' lang='lat' dir='ltr'>qratia</span> <span class='ocrx_word' id='word_1_570' title='bbox 2973 2827 3104 2898; x_wconf 83' lang='lat' dir='ltr'>jus-</span> 
     </span>
     <span class='ocr_line' id='line_1_86' title="bbox 1736 2910 3101 2989; baseline -0.005 -17"><span class='ocrx_word' id='word_1_571' title='bbox 1736 2916 2020 2989; x_wconf 78' lang='lat' dir='ltr'>tificantis,</span> <span class='ocrx_word' id='word_1_572' title='bbox 2053 2929 2225 2987; x_wconf 90' lang='lat' dir='ltr'>quam</span> <span class='ocrx_word' id='word_1_573' title='bbox 2256 2915 2317 2970; x_wconf 90' lang='lat' dir='ltr'>D.</span> <span class='ocrx_word' id='word_1_574' title='bbox 2351 2914 2603 2969; x_wconf 89' lang='lat' dir='ltr'>Thomas</span> <span class='ocrx_word' id='word_1_575' title='bbox 2628 2910 2767 2968; x_wconf 91' lang='lat' dir='ltr'>dicit</span> <span class='ocrx_word' id='word_1_576' title='bbox 2811 2926 2934 2967; x_wconf 90' lang='lat' dir='ltr'>esse</span> <span class='ocrx_word' id='word_1_577' title='bbox 2975 2925 3101 2983; x_wconf 89' lang='lat' dir='ltr'>pos-</span> 
     </span>
     <span class='ocr_line' id='line_1_87' title="bbox 1735 2990 3110 3067; baseline -0.004 -16"><span class='ocrx_word' id='word_1_578' title='bbox 1735 2997 2014 3054; x_wconf 89' lang='lat' dir='ltr'>teriorem</span> <span class='ocrx_word' id='word_1_579' title='bbox 2044 2994 2106 3050; x_wconf 90' lang='lat' dir='ltr'>in</span> <span class='ocrx_word' id='word_1_580' title='bbox 2132 3009 2342 3067; x_wconf 88' lang='lat' dir='ltr'>genere</span> <span class='ocrx_word' id='word_1_581' title='bbox 2382 3010 2564 3051; x_wconf 81' lang='lat' dir='ltr'>causae</span> <span class='ocrx_word' id='word_1_582' title='bbox 2613 2991 2951 3054; x_wconf 89' lang='lat' dir='ltr'>materialis,</span> <span class='ocrx_word' id='word_1_583' title='bbox 2985 2990 3110 3046; x_wconf 77' lang='lat' dir='ltr'>sive</span> 
     </span>
     <span class='ocr_line' id='line_1_88' title="bbox 1735 3070 3105 3150; baseline -0.007 -15"><span class='ocrx_word' id='word_1_584' title='bbox 1735 3095 1808 3136; x_wconf 87' lang='lat' dir='ltr'>ex</span> <span class='ocrx_word' id='word_1_585' title='bbox 1856 3083 2017 3150; x_wconf 88' lang='lat' dir='ltr'>parte</span> <span class='ocrx_word' id='word_1_586' title='bbox 2061 3075 2316 3140; x_wconf 91' lang='lat' dir='ltr'>mobilis,</span> <span class='ocrx_word' id='word_1_587' title='bbox 2342 3073 2695 3149; x_wconf 85' lang='lat' dir='ltr'>significetur</span> <span class='ocrx_word' id='word_1_588' title='bbox 2721 3072 2907 3146; x_wconf 88' lang='lat' dir='ltr'>gratia</span> <span class='ocrx_word' id='word_1_589' title='bbox 2937 3070 3105 3126; x_wconf 90' lang='lat' dir='ltr'>habi-</span> 
     </span>
     <span class='ocr_line' id='line_1_89' title="bbox 1737 3149 3105 3223; baseline -0.007 -7"><span class='ocrx_word' id='word_1_590' title='bbox 1737 3160 1911 3216; x_wconf 91' lang='lat' dir='ltr'>tualis</span> <span class='ocrx_word' id='word_1_591' title='bbox 1962 3156 2323 3214; x_wconf 84' lang='lat' dir='ltr'>sanctificans</span> <span class='ocrx_word' id='word_1_592' title='bbox 2348 3179 2363 3223; x_wconf 93' lang='lat'>;</span> <span class='ocrx_word' id='word_1_593' title='bbox 2418 3160 2638 3212; x_wconf 89' lang='lat' dir='ltr'>certum</span> <span class='ocrx_word' id='word_1_594' title='bbox 2697 3153 2873 3209; x_wconf 89' lang='lat' dir='ltr'>etiam</span> <span class='ocrx_word' id='word_1_595' title='bbox 2939 3149 3105 3207; x_wconf 88' lang='lat' dir='ltr'>debet</span> 
     </span>
     <span class='ocr_line' id='line_1_90' title="bbox 1735 3236 3103 3314; baseline -0.006 -17"><span class='ocrx_word' id='word_1_596' title='bbox 1735 3256 1876 3308; x_wconf 90' lang='lat' dir='ltr'>esse,</span> <span class='ocrx_word' id='word_1_597' title='bbox 1909 3238 2059 3314; x_wconf 92' lang='lat' dir='ltr'>quod</span> <span class='ocrx_word' id='word_1_598' title='bbox 2093 3238 2331 3296; x_wconf 91' lang='lat' dir='ltr'>nomine</span> <span class='ocrx_word' id='word_1_599' title='bbox 2365 3236 2666 3309; x_wconf 80' lang='lat' dir='ltr'>infusionis</span> <span class='ocrx_word' id='word_1_600' title='bbox 2689 3236 2896 3305; x_wconf 57' lang='lat' dir='ltr'>qratia,</span> <span class='ocrx_word' id='word_1_601' title='bbox 2929 3248 3103 3304; x_wconf 88' lang='lat' dir='ltr'>quam</span> 
     </span>
     <span class='ocr_line' id='line_1_91' title="bbox 1738 3311 3101 3392; baseline -0.008 -14"><span class='ocrx_word' id='word_1_602' title='bbox 1738 3322 1945 3378; x_wconf 88' lang='lat' dir='ltr'>asserit</span> <span class='ocrx_word' id='word_1_603' title='bbox 1970 3334 2090 3377; x_wconf 90' lang='lat' dir='ltr'>esse</span> <span class='ocrx_word' id='word_1_604' title='bbox 2120 3318 2374 3392; x_wconf 89' lang='lat' dir='ltr'>priorem</span> <span class='ocrx_word' id='word_1_605' title='bbox 2414 3317 2479 3371; x_wconf 91' lang='lat' dir='ltr'>in</span> <span class='ocrx_word' id='word_1_606' title='bbox 2518 3331 2728 3391; x_wconf 88' lang='lat' dir='ltr'>genere</span> <span class='ocrx_word' id='word_1_607' title='bbox 2756 3329 2936 3370; x_wconf 83' lang='lat' dir='ltr'>causae</span> <span class='ocrx_word' id='word_1_608' title='bbox 2977 3311 3101 3369; x_wconf 86' lang='lat' dir='ltr'>effi-</span> 
     </span>
     <span class='ocr_line' id='line_1_92' title="bbox 1737 3397 3099 3472; baseline -0.007 -12"><span class='ocrx_word' id='word_1_609' title='bbox 1737 3402 1974 3466; x_wconf 88' lang='lat' dir='ltr'>cientis,</span> <span class='ocrx_word' id='word_1_610' title='bbox 2024 3400 2268 3457; x_wconf 89' lang='lat' dir='ltr'>eandem</span> <span class='ocrx_word' id='word_1_611' title='bbox 2314 3400 2561 3472; x_wconf 87' lang='lat' dir='ltr'>gratiam</span> <span class='ocrx_word' id='word_1_612' title='bbox 2613 3397 2985 3461; x_wconf 87' lang='lat' dir='ltr'>habitualem,</span> <span class='ocrx_word' id='word_1_613' title='bbox 3041 3400 3099 3453; x_wconf 90' lang='lat' dir='ltr'>et</span> 
     </span>
     <span class='ocr_line' id='line_1_93' title="bbox 1736 3476 3095 3554; baseline -0.004 -15"><span class='ocrx_word' id='word_1_614' title='bbox 1736 3480 2188 3540; x_wconf 86' lang='lat' dir='ltr'>sanctificantem</span> <span class='ocrx_word' id='word_1_615' title='bbox 2215 3478 2645 3554; x_wconf 86' lang='lat' dir='ltr'>significaverit.</span> <span class='ocrx_word' id='word_1_616' title='bbox 2678 3479 2757 3535; x_wconf 89' lang='lat' dir='ltr'>De</span> <span class='ocrx_word' id='word_1_617' title='bbox 2788 3478 2890 3533; x_wconf 89' lang='lat' dir='ltr'>hac</span> <span class='ocrx_word' id='word_1_618' title='bbox 2917 3476 3095 3550; x_wconf 88' lang='lat' dir='ltr'>igitur</span> 
     </span>
     <span class='ocr_line' id='line_1_94' title="bbox 1738 3559 2621 3638; baseline -0.008 -16"><span class='ocrx_word' id='word_1_619' title='bbox 1738 3565 1993 3638; x_wconf 90' lang='lat' dir='ltr'>loquitur</span> <span class='ocrx_word' id='word_1_620' title='bbox 2019 3564 2083 3619; x_wconf 91' lang='lat' dir='ltr'>in</span> <span class='ocrx_word' id='word_1_621' title='bbox 2109 3576 2345 3634; x_wconf 90' lang='lat' dir='ltr'>corpore</span> <span class='ocrx_word' id='word_1_622' title='bbox 2371 3559 2621 3616; x_wconf 88' lang='lat' dir='ltr'>articuli.</span> 
     </span>
    </p>
   </div>
   <div class='ocr_carea' id='block_1_6' title="bbox 1808 3640 3292 3717">
    <p class='ocr_par' dir='ltr' id='par_1_6' title="bbox 1808 3640 3292 3717">
     <span class='ocr_line' id='line_1_95' title="bbox 1808 3640 3292 3717; baseline -0.005 -14"><span class='ocrx_word' id='word_1_623' title='bbox 1808 3650 1902 3704; x_wconf 88' lang='grc'>48.</span> <span class='ocrx_word' id='word_1_624' title='bbox 1947 3644 2201 3703; x_wconf 91' lang='lat' dir='ltr'>Secundo</span> <span class='ocrx_word' id='word_1_625' title='bbox 2224 3643 2495 3717; x_wconf 89' lang='lat' dir='ltr'>probatur</span> <span class='ocrx_word' id='word_1_626' title='bbox 2510 3641 2709 3699; x_wconf 91' lang='lat' dir='ltr'>eadem</span> <span class='ocrx_word' id='word_1_627' title='bbox 2731 3641 2942 3706; x_wconf 92' lang='lat' dir='ltr'>minor,</span> <span class='ocrx_word' id='word_1_628' title='bbox 2964 3640 3097 3712; x_wconf 90' lang='lat' dir='ltr'>quia</span> <span class='ocrx_word' id='word_1_629' title='bbox 3123 3652 3292 3697; x_wconf 74' lang='lat' dir='ltr'>Everti-</span> 
     </span>
    </p>
   </div>
   <div class='ocr_carea' id='block_1_7' title="bbox 1740 3708 3288 3804">
    <p class='ocr_par' dir='ltr' id='par_1_7' title="bbox 1740 3708 3288 3804">
     <span class='ocr_line' id='line_1_96' title="bbox 1740 3708 3288 3804; baseline -0.01 -19"><span class='ocrx_word' id='word_1_630' title='bbox 1740 3731 1802 3787; x_wconf 91' lang='lat' dir='ltr'>D.</span> <span class='ocrx_word' id='word_1_631' title='bbox 1835 3730 2043 3785; x_wconf 88' lang='lat' dir='ltr'>Thom.</span> <span class='ocrx_word' id='word_1_632' title='bbox 2068 3725 2337 3801; x_wconf 90' lang='lat' dir='ltr'>proponit</span> <span class='ocrx_word' id='word_1_633' title='bbox 2361 3722 2608 3781; x_wconf 91' lang='lat' dir='ltr'>secundo</span> <span class='ocrx_word' id='word_1_634' title='bbox 2648 3723 2769 3780; x_wconf 91' lang='lat' dir='ltr'>loco</span> <span class='ocrx_word' id='word_1_635' title='bbox 2799 3724 2901 3779; x_wconf 88' lang='lat' dir='ltr'>hoc</span> <span class='ocrx_word' id='word_1_636' title='bbox 2924 3708 3288 3804; x_wconf 54' lang='grc' dir='ltr'>ατςυ-ῑᾎῖἰξξξ·</span> 
     </span>
    </p>
   </div>
   <div class='ocr_carea' id='block_1_8' title="bbox 1736 3803 3116 5182">
    <p class='ocr_par' dir='ltr' id='par_1_8' title="bbox 1736 3803 3116 5182">
     <span class='ocr_line' id='line_1_97' title="bbox 1737 3803 3098 3879; baseline -0.005 -12"><span class='ocrx_word' id='word_1_637' title='bbox 1737 3814 1998 3868; x_wconf 89' lang='lat' dir='ltr'>mentum</span> <span class='ocrx_word' id='word_1_638' title='bbox 2033 3829 2046 3865; x_wconf 73' lang='grc' dir='ltr'><em>ι</em></span> <span class='ocrx_word' id='word_1_639' title='bbox 2081 3830 2106 3860; x_wconf 77' lang='grc' dir='ltr'>α</span> <span class='ocrx_word' id='word_1_640' title='bbox 2133 3806 2438 3879; x_wconf 90' lang='lat' dir='ltr'>Dispositio</span> <span class='ocrx_word' id='word_1_641' title='bbox 2460 3804 2723 3879; x_wconf 69' lang='lat' dir='ltr'>praecedit</span> <span class='ocrx_word' id='word_1_642' title='bbox 2757 3803 3098 3861; x_wconf 88' lang='lat' dir='ltr'>naturaliter</span> 
     </span>
     <span class='ocr_line' id='line_1_98' title="bbox 1742 3884 3101 3961; baseline -0.004 -16"><span class='ocrx_word' id='word_1_643' title='bbox 1742 3914 1768 3945; x_wconf 90' lang='lat'>«</span> <span class='ocrx_word' id='word_1_644' title='bbox 1799 3891 2069 3956; x_wconf 88' lang='lat' dir='ltr'>formam,</span> <span class='ocrx_word' id='word_1_645' title='bbox 2103 3886 2174 3945; x_wconf 86' lang='lat' dir='ltr'>ad</span> <span class='ocrx_word' id='word_1_646' title='bbox 2212 3904 2385 3961; x_wconf 88' lang='lat' dir='ltr'>quam</span> <span class='ocrx_word' id='word_1_647' title='bbox 2430 3886 2719 3959; x_wconf 87' lang='lat' dir='ltr'>disponit:</span> <span class='ocrx_word' id='word_1_648' title='bbox 2765 3884 2868 3942; x_wconf 91' lang='lat' dir='ltr'>sed</span> <span class='ocrx_word' id='word_1_649' title='bbox 2912 3889 3101 3942; x_wconf 88' lang='lat' dir='ltr'>motus</span> 
     </span>
     <span class='ocr_line' id='line_1_99' title="bbox 1742 3963 3100 4041; baseline -0.004 -16"><span class='ocrx_word' id='word_1_650' title='bbox 1742 3995 1768 4025; x_wconf 85' lang='grc'>«</span> <span class='ocrx_word' id='word_1_651' title='bbox 1801 3970 1971 4028; x_wconf 91' lang='lat' dir='ltr'>liberi</span> <span class='ocrx_word' id='word_1_652' title='bbox 2030 3969 2259 4026; x_wconf 89' lang='lat' dir='ltr'>arbitrii</span> <span class='ocrx_word' id='word_1_653' title='bbox 2286 3974 2371 4025; x_wconf 91' lang='lat' dir='ltr'>est</span> <span class='ocrx_word' id='word_1_654' title='bbox 2412 3966 2672 4041; x_wconf 70' lang='lat' dir='ltr'>quaedam</span> <span class='ocrx_word' id='word_1_655' title='bbox 2700 3964 2996 4038; x_wconf 89' lang='lat' dir='ltr'>dispositio</span> <span class='ocrx_word' id='word_1_656' title='bbox 3029 3963 3100 4021; x_wconf 86' lang='lat' dir='ltr'>ad</span> 
     </span>
     <span class='ocr_line' id='line_1_100' title="bbox 1742 4048 3101 4126; baseline -0.004 -18"><span class='ocrx_word' id='word_1_657' title='bbox 1742 4076 1769 4108; x_wconf 67' lang='lat' dir='ltr'>e&lt;</span> <span class='ocrx_word' id='word_1_658' title='bbox 1798 4053 2216 4126; x_wconf 89' lang='lat' dir='ltr'>susceptionem</span> <span class='ocrx_word' id='word_1_659' title='bbox 2265 4051 2509 4126; x_wconf 84' lang='lat' dir='ltr'>gratiae:</span> <span class='ocrx_word' id='word_1_660' title='bbox 2557 4065 2692 4124; x_wconf 89' lang='lat' dir='ltr'>ergo</span> <span class='ocrx_word' id='word_1_661' title='bbox 2758 4048 3101 4105; x_wconf 87' lang='lat' dir='ltr'>naturaliter</span> 
     </span>
     <span class='ocr_line' id='line_1_101' title="bbox 1744 4128 3102 4209; baseline -0.004 -19"><span class='ocrx_word' id='word_1_662' title='bbox 1744 4158 1769 4190; x_wconf 83' lang='lat'><strong>«</strong></span> <span class='ocrx_word' id='word_1_663' title='bbox 1795 4134 2062 4209; x_wconf 80' lang='lat' dir='ltr'>praecedit</span> <span class='ocrx_word' id='word_1_664' title='bbox 2108 4134 2460 4191; x_wconf 86' lang='lat' dir='ltr'>infusionem</span> <span class='ocrx_word' id='word_1_665' title='bbox 2505 4133 2723 4207; x_wconf 82' lang='lat' dir='ltr'>gratiae.</span> <span class='ocrx_word' id='word_1_666' title='bbox 2758 4152 2783 4184; x_wconf 85' lang='lat'><strong><em>»</em></strong></span> <span class='ocrx_word' id='word_1_667' title='bbox 2830 4128 2939 4185; x_wconf 88' lang='lat' dir='ltr'>Ubi</span> <span class='ocrx_word' id='word_1_668' title='bbox 2994 4145 3102 4186; x_wconf 91' lang='lat' dir='ltr'>no-</span> 
     </span>
     <span class='ocr_line' id='line_1_102' title="bbox 1736 4211 3100 4291; baseline -0.007 -17"><span class='ocrx_word' id='word_1_669' title='bbox 1736 4218 1901 4274; x_wconf 89' lang='lat' dir='ltr'>mine</span> <span class='ocrx_word' id='word_1_670' title='bbox 1920 4217 2119 4291; x_wconf 82' lang='lat' dir='ltr'>gratiae</span> <span class='ocrx_word' id='word_1_671' title='bbox 2132 4214 2446 4291; x_wconf 87' lang='lat' dir='ltr'>significari</span> <span class='ocrx_word' id='word_1_672' title='bbox 2461 4214 2708 4290; x_wconf 87' lang='lat' dir='ltr'>gratiam</span> <span class='ocrx_word' id='word_1_673' title='bbox 2726 4211 3100 4275; x_wconf 86' lang='lat' dir='ltr'>habitualem,</span> 
     </span>
     <span class='ocr_line' id='line_1_103' title="bbox 1736 4290 3107 4366; baseline -0.006 -12"><span class='ocrx_word' id='word_1_674' title='bbox 1736 4303 1822 4355; x_wconf 87' lang='lat' dir='ltr'>est</span> <span class='ocrx_word' id='word_1_675' title='bbox 1846 4299 1986 4354; x_wconf 89' lang='lat' dir='ltr'>satis</span> <span class='ocrx_word' id='word_1_676' title='bbox 2038 4298 2411 4355; x_wconf 85' lang='lat' dir='ltr'>manifestum</span> <span class='ocrx_word' id='word_1_677' title='bbox 2445 4317 2458 4351; x_wconf 73' lang='grc' dir='ltr'><strong>ε</strong></span> <span class='ocrx_word' id='word_1_678' title='bbox 2490 4300 2614 4350; x_wconf 88' lang='lat' dir='ltr'>tum</span> <span class='ocrx_word' id='word_1_679' title='bbox 2652 4293 2792 4366; x_wconf 88' lang='lat' dir='ltr'>quia</span> <span class='ocrx_word' id='word_1_680' title='bbox 2823 4292 2940 4348; x_wconf 83' lang='lat' dir='ltr'>haec</span> <span class='ocrx_word' id='word_1_681' title='bbox 2982 4290 3107 4347; x_wconf 88' lang='lat' dir='ltr'>sola</span> 
     </span>
     <span class='ocr_line' id='line_1_104' title="bbox 1737 4372 3109 4445; baseline -0.006 -10"><span class='ocrx_word' id='word_1_682' title='bbox 1737 4377 1910 4435; x_wconf 88' lang='lat' dir='ltr'>habet</span> <span class='ocrx_word' id='word_1_683' title='bbox 1957 4378 2243 4434; x_wconf 89' lang='lat' dir='ltr'>rationem</span> <span class='ocrx_word' id='word_1_684' title='bbox 2285 4377 2529 4433; x_wconf 82' lang='lat' dir='ltr'>formae:</span> <span class='ocrx_word' id='word_1_685' title='bbox 2577 4380 2700 4429; x_wconf 88' lang='lat' dir='ltr'>tum</span> <span class='ocrx_word' id='word_1_686' title='bbox 2748 4372 2882 4445; x_wconf 90' lang='lat' dir='ltr'>quia</span> <span class='ocrx_word' id='word_1_687' title='bbox 2918 4376 3109 4428; x_wconf 88' lang='lat' dir='ltr'>motus</span> 
     </span>
     <span class='ocr_line' id='line_1_105' title="bbox 1738 4453 3107 4529; baseline -0.005 -11"><span class='ocrx_word' id='word_1_688' title='bbox 1738 4460 1910 4518; x_wconf 85' lang='lat' dir='ltr'>liberi</span> <span class='ocrx_word' id='word_1_689' title='bbox 1940 4459 2172 4516; x_wconf 87' lang='lat' dir='ltr'>arbitrii</span> <span class='ocrx_word' id='word_1_690' title='bbox 2190 4474 2308 4514; x_wconf 91' lang='lat' dir='ltr'>non</span> <span class='ocrx_word' id='word_1_691' title='bbox 2332 4463 2418 4513; x_wconf 90' lang='lat' dir='ltr'>est</span> <span class='ocrx_word' id='word_1_692' title='bbox 2442 4455 2740 4529; x_wconf 90' lang='lat' dir='ltr'>dispositio</span> <span class='ocrx_word' id='word_1_693' title='bbox 2767 4453 2836 4510; x_wconf 89' lang='lat' dir='ltr'>ad</span> <span class='ocrx_word' id='word_1_694' title='bbox 2858 4454 3107 4528; x_wconf 89' lang='lat' dir='ltr'>gratiam</span> 
     </span>
     <span class='ocr_line' id='line_1_106' title="bbox 1737 4533 3109 4610; baseline -0.005 -11"><span class='ocrx_word' id='word_1_695' title='bbox 1737 4541 2038 4607; x_wconf 87' lang='lat' dir='ltr'>actualem,</span> <span class='ocrx_word' id='word_1_696' title='bbox 2066 4539 2164 4597; x_wconf 91' lang='lat' dir='ltr'>sed</span> <span class='ocrx_word' id='word_1_697' title='bbox 2187 4537 2256 4594; x_wconf 91' lang='lat' dir='ltr'>ad</span> <span class='ocrx_word' id='word_1_698' title='bbox 2285 4536 2662 4603; x_wconf 88' lang='lat' dir='ltr'>habitualem,</span> <span class='ocrx_word' id='word_1_699' title='bbox 2689 4541 2745 4593; x_wconf 91' lang='lat' dir='ltr'>et</span> <span class='ocrx_word' id='word_1_700' title='bbox 2786 4533 3109 4610; x_wconf 79' lang='lat' dir='ltr'>justifican-</span> 
     </span>
     <span class='ocr_line' id='line_1_107' title="bbox 1737 4618 3116 4695; baseline -0.003 -16"><span class='ocrx_word' id='word_1_701' title='bbox 1737 4628 1875 4680; x_wconf 88' lang='lat' dir='ltr'>tem.</span> <span class='ocrx_word' id='word_1_702' title='bbox 1901 4622 1988 4678; x_wconf 88' lang='lat' dir='ltr'>Ad</span> <span class='ocrx_word' id='word_1_703' title='bbox 2034 4620 2183 4695; x_wconf 87' lang='lat' dir='ltr'>quod</span> <span class='ocrx_word' id='word_1_704' title='bbox 2231 4624 2637 4693; x_wconf 83' lang='lat' dir='ltr'>argumentum</span> <span class='ocrx_word' id='word_1_705' title='bbox 2678 4619 2758 4675; x_wconf 88' lang='lat' dir='ltr'>sic</span> <span class='ocrx_word' id='word_1_706' title='bbox 2805 4618 3116 4691; x_wconf 85' lang='lat' dir='ltr'>respondet.</span> 
     </span>
     <span class='ocr_line' id='line_1_108' title="bbox 1740 4699 3110 4773; baseline -0.001 -13"><span class='ocrx_word' id='word_1_707' title='bbox 1740 4707 1805 4762; x_wconf 88' lang='lat' dir='ltr'>D.</span> <span class='ocrx_word' id='word_1_708' title='bbox 1832 4704 2038 4760; x_wconf 90' lang='lat' dir='ltr'>Thom.</span> <span class='ocrx_word' id='word_1_709' title='bbox 2064 4725 2089 4756; x_wconf 79' lang='grc' dir='ltr'>α</span> <span class='ocrx_word' id='word_1_710' title='bbox 2115 4702 2454 4767; x_wconf 89' lang='lat' dir='ltr'>Dicendum,</span> <span class='ocrx_word' id='word_1_711' title='bbox 2479 4700 2627 4773; x_wconf 90' lang='lat' dir='ltr'>quod</span> <span class='ocrx_word' id='word_1_712' title='bbox 2655 4699 2954 4773; x_wconf 89' lang='lat' dir='ltr'>dispositio</span> <span class='ocrx_word' id='word_1_713' title='bbox 2979 4701 3110 4758; x_wconf 91' lang='lat' dir='ltr'>sub-</span> 
     </span>
     <span class='ocr_line' id='line_1_109' title="bbox 1743 4782 3112 4861; baseline 0.001 -22"><span class='ocrx_word' id='word_1_714' title='bbox 1743 4808 1768 4839; x_wconf 82' lang='lat'>«</span> <span class='ocrx_word' id='word_1_715' title='bbox 1794 4785 1929 4861; x_wconf 87' lang='lat' dir='ltr'>jecti</span> <span class='ocrx_word' id='word_1_716' title='bbox 1953 4784 2654 4858; x_wconf 82' lang='lat' dir='ltr'>praeceditsusceptionem</span> <span class='ocrx_word' id='word_1_717' title='bbox 2684 4784 2886 4841; x_wconf 83' lang='lat' dir='ltr'>formae</span> <span class='ocrx_word' id='word_1_718' title='bbox 2905 4782 3112 4841; x_wconf 89' lang='lat' dir='ltr'>ordine</span> 
     </span>
     <span class='ocr_line' id='line_1_110' title="bbox 1744 4864 3114 4938; baseline 0.001 -18"><span class='ocrx_word' id='word_1_719' title='bbox 1744 4887 1769 4920; x_wconf 94' lang='lat'>«</span> <span class='ocrx_word' id='word_1_720' title='bbox 1803 4870 2028 4922; x_wconf 80' lang='lat' dir='ltr'>naturae</span> <span class='ocrx_word' id='word_1_721' title='bbox 2058 4889 2073 4933; x_wconf 83' lang='lat'><em>3</em></span> <span class='ocrx_word' id='word_1_722' title='bbox 2097 4865 2355 4938; x_wconf 91' lang='lat' dir='ltr'>sequitur</span> <span class='ocrx_word' id='word_1_723' title='bbox 2399 4870 2596 4921; x_wconf 89' lang='lat' dir='ltr'>tamen</span> <span class='ocrx_word' id='word_1_724' title='bbox 2624 4864 2904 4921; x_wconf 90' lang='lat' dir='ltr'>actionem</span> <span class='ocrx_word' id='word_1_725' title='bbox 2933 4879 3114 4937; x_wconf 86' lang='lat' dir='ltr'>agen-</span> 
     </span>
     <span class='ocr_line' id='line_1_111' title="bbox 1743 4944 3104 5020; baseline 0 -20"><span class='ocrx_word' id='word_1_726' title='bbox 1743 4946 1895 5015; x_wconf 82' lang='lat' dir='ltr'>«tis,</span> <span class='ocrx_word' id='word_1_727' title='bbox 1950 4962 2051 5020; x_wconf 90' lang='lat' dir='ltr'>per</span> <span class='ocrx_word' id='word_1_728' title='bbox 2100 4962 2275 5019; x_wconf 93' lang='lat' dir='ltr'>quam</span> <span class='ocrx_word' id='word_1_729' title='bbox 2326 4946 2503 5003; x_wconf 89' lang='lat' dir='ltr'>etiam</span> <span class='ocrx_word' id='word_1_730' title='bbox 2549 4945 2740 5018; x_wconf 91' lang='lat' dir='ltr'>ipsum</span> <span class='ocrx_word' id='word_1_731' title='bbox 2785 4944 3104 5018; x_wconf 72' lang='lat' dir='ltr'>subJectum</span> 
     </span>
     <span class='ocr_line' id='line_1_112' title="bbox 1745 5023 3109 5101; baseline 0.001 -20"><span class='ocrx_word' id='word_1_732' title='bbox 1745 5050 1771 5081; x_wconf 78' lang='grc' dir='ltr'>α</span> <span class='ocrx_word' id='word_1_733' title='bbox 1793 5027 2150 5101; x_wconf 88' lang='lat' dir='ltr'>disponitur.</span> <span class='ocrx_word' id='word_1_734' title='bbox 2181 5029 2252 5082; x_wconf 89' lang='lat' dir='ltr'>Et</span> <span class='ocrx_word' id='word_1_735' title='bbox 2273 5025 2400 5085; x_wconf 85' lang='lat' dir='ltr'>ideo</span> <span class='ocrx_word' id='word_1_736' title='bbox 2449 5030 2637 5084; x_wconf 90' lang='lat' dir='ltr'>motus</span> <span class='ocrx_word' id='word_1_737' title='bbox 2678 5024 2850 5082; x_wconf 90' lang='lat' dir='ltr'>liberi</span> <span class='ocrx_word' id='word_1_738' title='bbox 2877 5023 3109 5082; x_wconf 90' lang='lat' dir='ltr'>arbitrii</span> 
     </span>
     <span class='ocr_line' id='line_1_113' title="bbox 1745 5105 3107 5182; baseline -0.001 -19"><span class='ocrx_word' id='word_1_739' title='bbox 1745 5131 1772 5163; x_wconf 79' lang='grc' dir='ltr'><strong>α</strong></span> <span class='ocrx_word' id='word_1_740' title='bbox 1795 5115 2017 5167; x_wconf 78' lang='lat' dir='ltr'>naturae</span> <span class='ocrx_word' id='word_1_741' title='bbox 2061 5106 2266 5166; x_wconf 90' lang='lat' dir='ltr'>ordine</span> <span class='ocrx_word' id='word_1_742' title='bbox 2288 5106 2551 5182; x_wconf 82' lang='lat' dir='ltr'>praecedit</span> <span class='ocrx_word' id='word_1_743' title='bbox 2603 5105 3107 5179; x_wconf 88' lang='lat' dir='ltr'>consequutionem</span> 
     </span>
    </p>
   </div>
  </div>
 </body>
</html>
