3647 5753
269 4033 433 4075 Funda-

253 4087 431 4175 'iiffiffl
464 4079 804 4139 Tridentino
848 4084 1210 4159 desumptum
1239 4092 1647 4163 respondemus
1690 4102 1822 4155 vul-

248 4163 584 4234 d0„1‚00.gari
636 4163 757 4228 illa,
800 4171 855 4221 et
904 4167 1153 4225 solemni
1211 4170 1575 4234 distinctione
1620 4196 1821 4237 sensus

244 4238 446 4327 gffiqffiff
463 4242 652 4309 divisi,
679 4252 735 4302 et
755 4248 1049 4319 compositi
1075 4272 1087 4315 ;
1111 4255 1168 4307 et
1194 4250 1438 4310 dicimus
1464 4258 1817 4318 voluntatem

527 327 625 405 1214
1535 362 1628 415 na
1668 364 1938 420 GRATIA
1978 368 2321 427 ErrrcAcr.

515 538 643 577 rum
697 528 1250 598 argumentationem
1317 532 1386 588 ad
1448 533 1551 590 hoc
1610 533 1803 590 reduci
1850 553 1863 587 ε

518 624 542 652 «
585 604 777 660 Gratia
807 605 1023 675 efficax,
1055 625 1178 682 quae
1222 609 1293 667 de
1338 612 1484 670 sacto
1527 613 1716 683 datur,
1751 631 1869 672 non

517 705 541 736 «
585 685 734 740 tollit
762 691 1094 758 potestatem
1121 691 1515 763 dissentiendi,
1548 701 1651 752 etc.
1692 696 1791 754 sed
1817 696 1867 752 si

517 789 540 818 «
582 768 765 839 gratia
809 776 953 827 esset
996 785 1067 830 ex
1112 791 1189 842 se,
1223 782 1279 832 et
1306 775 1375 833 ab
1403 777 1718 836 intrinseco
1742 779 1868 837 effi-

515 869 539 898 «
577 864 700 915 cax,
733 852 955 908 tolleret
983 855 1310 929 hujusmodi
1341 864 1672 931 potestatem
1697 876 1866 939 :ergo

514 949 538 978 «
580 929 764 1000 gratia
794 946 909 987 non
936 939 1021 988 est
1044 936 1237 993 efficax
1258 954 1328 995 ex
1348 953 1426 1004 se,
1460 944 1516 996 et
1543 939 1613 996 ab
1643 940 1866 998 intrin-

302 1013 470 1057 1nuntis
515 1029 538 1059 «
581 1025 727 1068 seco.
772 1033 796 1063 »
846 1015 1014 1089 Cujus
1041 1016 1329 1075 discursus
1365 1021 1614 1092 primam
1649 1039 1863 1096 propo·-

292 1064 820 1158 Assss‘ssffi‘sitionem,
880 1097 1038 1166 quasi
1087 1115 1118 1153 a
1165 1099 1477 1156 Thomistis
1529 1110 1857 1176 negaretur,

319 1163 449 1207 tabor.
509 1171 750 1242 probant
776 1173 1109 1234 Adversarii
1141 1181 1397 1238 maximo
1422 1180 1724 1255 dispendio
1752 1201 1861 1241 au-

431 1273 452 1294 o
507 1254 841 1311 thoritatum
890 1259 1196 1332 Scripturae
1221 1305 1234 1327 ,
1288 1265 1545 1331 patrum,
1571 1272 1628 1322 et
1657 1267 1858 1339 praeci-

507 1351 613 1405 pue
658 1338 895 1394 Concilii
944 1341 1292 1400 Tridentini.
1344 1347 1408 1401 In
1453 1362 1564 1419 quo
1611 1341 1861 1419 profecto

505 1416 792 1476 inutiliter
839 1422 1135 1491 laborant;
1178 1428 1312 1498 quia
1340 1428 1649 1487 Themistae
1691 1430 1857 1487 illam

504 1500 950 1570 propositionem
1003 1505 1345 1577 suspicimus
1370 1550 1382 1574 ‚
1413 1514 1468 1564 et
1512 1510 1858 1582 suscipimus

501 1585 772 1653 tanquam
797 1582 933 1640 Fide
954 1587 1250 1653 sancitam,
1270 1595 1325 1646 et
1344 1590 1406 1645 in
1424 1591 1732 1663 Scriptura,
1755 1595 1858 1649 Pa-

500 1660 702 1730 tribus,
736 1670 789 1719 et
817 1663 1159 1724 Tridentino
1185 1686 1536 1741 expressam.
1567 1676 1857 1746 Negamus

501 1746 694 1798 tamen
723 1744 1006 1801 minorem
1034 1748 1286 1819 praedicti
1309 1749 1613 1818 discursuS,
1635 1754 1856 1810 ethanc

499 1820 707 1877 debent
734 1822 1064 1882 Adversarii
1113 1828 1356 1900 probare
1381 1873 1394 1893 ,
1446 1831 1657 1906 alioqui
1700 1834 1855 1889 nihil

498 1900 815 1959 conficient.
850 1909 1126 1962 Caeterum
1155 1909 1293 1965 dum
1315 1910 1384 1966 ad
1416 1911 1473 1967 id
1494 1914 1854 1986 compellun-

500 1986 608 2048 tur,
644 1981 839 2039 vident
864 2002 925 2042 se
951 1990 1215 2045 omnium
1245 1991 1482 2048 illarum
1530 1995 1853 2052 authorita-

496 2067 617 2118 tum
662 2063 864 2121 robore
891 2066 1121 2125 destitui
1155 2094 1167 2134 ;
1193 2071 1328 2142 quia
1357 2088 1539 2146 neque
1567 2075 1630 2130 in
1658 2076 1853 2148 Scrip-

493 2149 640 2207 tura,
688 2159 791 2201 nec
821 2146 880 2202 in
909 2148 1193 2216 PatribuS,
1227 2154 1412 2209 necin
1436 2155 1689 2213 Concilio
1716 2157 1853 2212 Tri-

488 2226 726 2282 dentino
752 2227 1069 2286 inveniunt
1093 2232 1430 2304 formaliter,
1461 2240 1548 2294 vel
1572 2239 1852 2313 aequipol-

493 2308 677 2363 lenter
702 2307 920 2364 dictum
950 2332 963 2366 :
992 2312 1220 2384 Quodsi
1243 2320 1430 2383 ‚qratia
1453 2327 1584 2374 esset
1606 2339 1677 2377 ex
1701 2339 1773 2387 se,
1800 2331 1852 2378 et

494 2388 562 2441 ab
591 2390 883 2444 intrinseco
909 2393 1129 2463 efficax,
1160 2396 1362 2452 tolle-ret
1387 2408 1703 2471 potestatem
1730 2404 1851 2457 dis-

490 2469 773 2535 sentiendi,
819 2474 1118 2547 resistendi,
1151 2485 1250 2532 etc.
1277 2480 1344 2533 Et
1372 2481 1450 2537 ita
1487 2483 1851 2554 probationes

493 2549 863 2623 illorumjam
885 2569 1002 2609 non
1029 2554 1363 2615 innituntur
1379 2565 1729 2637 authoritati,
1749 2567 1847 2624 sed

495 2628 1027 2689 ratiocinationibus
1046 2677 1059 2700 ,
1107 2636 1312 2708 quibus
1341 2658 1440 2713 per
1462 2645 1760 2713 mediatas,
1793 2654 1850 2704 et

487 2706 705 2766 debiles
743 2716 1172 2785 consequentias
1221 2729 1577 2796 assumptum
1608 2744 1847 2800 persua-

485 2788 627 2845 dere
652 2798 949 2849 conantur.
986 2795 1148 2853 Unde
1175 2804 1333 2858 tanto
1374 2805 1843 2865 testimoniorum

491 2876 763 2941 apparatu
815 2873 1075 2945 probant,
1107 2879 1256 2950 quod
1287 2897 1401 2939 non
1446 2902 1720 2961 negamus
1748 2914 1761 2956 ;
1791 2898 1846 2948 et

482 2950 637 3021 quod
684 2968 975 3027 negamuS‚
1010 2972 1125 3013 non
1157 2961 1415 3032 probant.
1468 2969 1845 3029 Concedimus

489 3030 669 3097 enim,
700 3034 945 3106 gratiam
973 3036 1251 3104 efficacem
1281 3058 1395 3101 non
1418 3047 1621 3106 tollere
1649 3057 1844 3127 potes-

489 3116 664 3167 tatem
697 3115 1028 3181 resistendi,
1062 3133 1125 3174 ac
1151 3119 1562 3195 dissentiendi;
1593 3135 1649 3186 et
1685 3132 1787 3189 hoc
1810 3148 1843 3188 a

488 3189 652 3246 nobis
690 3209 1014 3252 concessum
1062 3199 1306 3270 probant
1345 3205 1436 3260 illi
1491 3209 1842 3269 authoritate

477 3287 747 3344 expressa
774 3277 1033 3336 Concilii.
1078 3284 1362 3357 Negamus
1409 3303 1546 3346 vero
1589 3292 1837 3365 gratiam

481 3368 551 3408 ex
575 3370 654 3419 se,
680 3361 736 3412 et
757 3356 827 3412 ab
851 3359 1161 3420 intrinseco
1180 3365 1481 3435 efficacem,
1510 3372 1712 3430 tollere
1735 3375 1838 3431 hu-

472 3433 723 3506 jusmodi
748 3445 1174 3510 potestate1n;et
1196 3446 1299 3503 hoc
1322 3464 1354 3504 a
1377 3449 1541 3507 nobis
1565 3460 1834 3528 negatum

480 3514 567 3570 illi
598 3532 698 3572 nec
721 3518 963 3589 probant
990 3566 1002 3586 ,
1037 3539 1139 3580 nec
1167 3527 1410 3598 probare
1452 3542 1685 3604 possunt
1714 3537 1835 3594 ullo

477 3596 715 3652 Concilii
761 3599 1051 3676 suffragio,
1087 3607 1178 3662 vel
1219 3611 1581 3670 testimonio:
1609 3616 1709 3672 sed
1736 3633 1835 3674 co-

470 3683 687 3749 guntur
734 3697 1028 3743 recurrere
1074 3687 1145 3743 ad
1184 3694 1600 3767 metaphysicas
1628 3716 1832 3757 conse·

470 3757 751 3846 (mentius,
783 3778 922 3833 quas
960 3768 1153 3824 statim
1205 3770 1503 3831 elidemuS.
1557 3779 1829 3850 Imperti-

473 3844 675 3894 nenter
703 3839 878 3912 igitur
904 3853 1103 3903 contra
1130 3865 1233 3907 nos
1259 3850 1592 3927 intorquent
1619 3859 1828 3917 autho-

471 3917 696 3977 ritatem
725 3923 980 3981 Concilii.

541 4001 668 4056 213.
717 4003 815 4057 His
850 4007 1176 4077 suppositiS,
1203 4008 1273 4065 ad
1320 4022 1726 4086 argumentum
1754 4036 1826 4075 ex

459 4325 676 4381 auxilio
729 4326 934 4384 efficaci
962 4329 1217 4386 affectam
1267 4350 1425 4405 posse
1472 4340 1737 4399 resistere
1762 4350 1818 4401 et

456 4400 759 4461 dissentire
807 4407 869 4462 in
927 4425 1093 4465 sensu
1158 4411 1363 4479 diviso,
1419 4421 1474 4472 et
1513 4417 1768 4478 absolute
1798 4444 1813 4480 ε

453 4482 599 4553 quod
671 4485 873 4542 suflicit
927 4488 996 4544 ad
1054 4491 1396 4550 salvandum
1464 4497 1807 4567 libertatem,

449 4580 621 4635 quam
653 4569 970 4625 Concilium
1000 4570 1271 4629 adversus
1299 4575 1590 4636 haereticos
1619 4581 1813 4640 desen-

445 4642 632 4702 debat.
684 4650 969 4723 Negamus
1016 4658 1228 4720 tamen,
1253 4657 1401 4727 quod
1445 4659 1728 4728 resistere,
1754 4670 1810 4721 et

442 4723 750 4785 dissentire
778 4733 961 4788 valeat
983 4733 1047 4788 in
1081 4749 1249 4790 sensu
1272 4740 1583 4812 composito
1620 4764 1632 4799 ε
1659 4743 1808 4815 quod

442 4806 860 4878 requirebatur,
893 4814 1154 4887 utgratia
1185 4831 1302 4872 non
1328 4817 1613 4876 diceretur
1631 4838 1703 4878 ex
1723 4839 1800 4891 se,

437 4891 491 4940 et
516 4886 587 4941 ab
625 4889 938 4948 intrinseco
958 4894 1151 4951 efficax
1180 4920 1193 4961 ;
1222 4912 1354 4953 nam
1388 4914 1455 4956 eo
1482 4901 1622 4973 ipso,
1657 4904 1806 4975 quod

439 4970 626 5040 gratia
649 4970 842 5027 efficax
874 4984 1112 5048 nequeat
1139 4995 1267 5035 cum
1290 4980 1548 5040 dissensu
1571 4986 1805 5060 conjun-

1999 538 2077 613 gi,
2112 540 2287 598 infert
2318 543 2711 600 infallibiliter
2739 556 3106 604 consensum,
3131 544 3357 596 tametsi

2002 625 2333 691 potestatem
2373 624 2444 681 ad
2484 624 2808 697 oppositum
2858 623 3166 694 relinquat.
3224 622 3358 683 Quae

1999 699 2287 760 distinctio
2338 720 2534 761 recens
2561 720 2679 762 non
2730 707 2835 770 est,
2865 708 2925 757 ut
2947 703 3221 758 Recentes
3250 714 3358 771 pu-

1997 785 2137 849 tant,
2160 784 2352 841 velad
2401 784 2712 843 eludendas
2750 799 2954 841 eorum
2985 786 3356 856 argumenta-

1999 859 2181 937 tiones
2201 864 2438 923 inventa
2463 890 2476 933 3
2505 864 2603 924 sed
2629 863 3027 929 celeberrima,
3061 867 3117 919 et
3145 876 3355 955 peran-

1998 942 2173 1015 tiqua,
2199 952 2260 1001 ut
2286 947 2471 1005 videri
2515 952 2695 1020 potest
2734 945 2882 1021 apud
2928 945 3270 1035 Magistrum
3299 961 3355 1035 tn

2004 1026 2049 1090 l,
2082 1026 2210 1083 dist.
2260 1029 2352 1095 38,
2383 1031 2533 1086 circa
2578 1032 2757 1101 finem,
2815 1032 2879 1084 D.
2924 1027 3207 1084 'rhomam
3256 1023 3350 1085 ibi,

1994 1114 2179 1182 quast.
2221 1110 2266 1175 1,
2315 1117 2424 1166 art.
2455 1111 2492 1165 5
2540 1111 2616 1165 ad
2641 1112 2695 1177 3,
2751 1112 2975 1167 Scotum
3019 1107 3151 1163 dist.
3192 1107 3283 1170 39,
3325 1111 3355 1175 ἓ

1994 1186 2280 1259 Quantum
2329 1193 2405 1247 ad
2430 1200 2708 1269 qim-mm,
2747 1196 2804 1248 et
2848 1191 2991 1248 alios
3042 1188 3353 1246 nobiliores

1992 1268 2379 1329 scholasticos.
2425 1276 2494 1329 Et
2536 1271 2605 1329 ad
2648 1272 2890 1330 eandem
2925 1270 3349 1358 distinctionem

1992 1352 2443 1424 amplectendam
2488 1354 2781 1430 obligandi
2838 1360 2974 1410 sunt
3018 1353 3347 1409 Adversarii

1988 1433 2253 1504 exemplo
2294 1436 2493 1508 gratiae
2532 1451 2840 1509 congruam
2899 1450 3035 1491 nam
3083 1433 3351 1521 voluntas

1990 1509 2091 1567 illa
2114 1511 2310 1570 affecta
2332 1522 2509 1587 potest
2536 1515 2769 1588 quidem
2798 1514 3054 1572 absolute
3079 1511 3347 1568 dissenti-

1992 1604 2070 1654 re,
2095 1590 2193 1647 sed
2213 1591 2519 1652 dissentire
2534 1610 2650 1652 non
2662 1597 2816 1652 valet
2838 1596 2902 1650 in
2924 1609 3092 1650 sensu
3117 1607 3347 1664 compo-

1987 1669 2114 1736 sito,
2140 1675 2533 1750 conjungendo
2553 1675 2818 1732 videlicet
2855 1674 3178 1731 dissensum
3216 1688 3344 1727 cum

1990 1752 2247 1822 praedicta
2267 1758 2471 1829 gratia,
2505 1756 2718 1829 alioqui
2745 1772 2998 1830 congrua
3030 1770 3147 1811 non
3171 1759 3334 1809 esset.

2058 1833 2186 1887 214.
2232 1834 2338 1891 Sed
2385 1836 2658 1893 adversus
2717 1837 2864 1893 hanc
2911 1834 3344 1907 responsionem
3396 1865 3534 1921 &3¹⁵¹
3632 1865 3633 1922 3

1986 1909 2232 1987 insurgit
2269 1916 2524 1982 Suarius,
2550 1917 2825 1990 quoniam
2855 1916 3209 1973 voluntatem
3239 1929 3345 1969 au·
3374 1915 3541 1965 replica*
3632 1961 3633 1972 ,

1985 1993 2128 2051 xilio
2170 1995 2243 2052 ab
2272 1997 2581 2056 intrinseco
2630 1999 2851 2056 efficaci
2885 1998 3143 2054 affectam
3184 2011 3344 2085 posse

1984 2072 2289 2134 dissentire
2339 2079 2402 2135 in
2428 2095 2597 2136 sensu
2625 2079 2830 2144 diviso,
2861 2083 2915 2136 et
2944 2093 3061 2135 non
3100 2092 3258 2150 posse
3282 2093 3343 2131 in

1983 2170 2151 2212 sensu
2189 2161 2531 2232 composite,
2588 2162 2736 2217 nihil
2786 2159 2946 2217 aliud
3006 2163 3108 2223 est,
3169 2174 3341 2230 quam

1985 2239 2358 2306 voluntatem,
2391 2242 2645 2315 quandiu
2676 2243 2778 2299 illo
2832 2241 3050 2298 auxilio
3079 2239 3336 2306 afficitur,

1985 2335 2101 2376 non
2154 2337 2314 2393 posse
2357 2323 2677 2390 dissentire,
2701 2329 2757 2379 et
2791 2339 2949 2395 posse
2988 2322 3068 2377 sic
3114 2321 3341 2377 dissen-

1984 2401 2111 2467 tire,
2141 2403 2190 2458 si
2219 2403 2290 2459 ab
2334 2421 2401 2461 ea
2426 2407 2552 2463 tale
2592 2407 2875 2462 auxilium
2906 2405 3216 2469 auferatur,
3251 2404 3340 2458 vel

1980 2482 2030 2556 si
2069 2483 2173 2539 illo
2223 2485 2419 2542 affecta
2460 2502 2577 2543 non
2618 2488 2732 2542 sit:
2772 2486 2868 2543 sed
2899 2486 3001 2541 hoc
3029 2500 3144 2540 non
3179 2482 3338 2538 suffi-

1981 2562 2073 2631 cit,
2121 2569 2182 2619 ut
2230 2567 2495 2623 voluntas
2536 2568 2739 2624 habeat
2768 2569 3096 2639 potestatem
3137 2563 3208 2620 ad
3234 2580 3339 2636 op-

1981 2647 2248 2717 positum,
2297 2650 2484 2722 qualis
2514 2650 2584 2705 ad
2627 2649 2949 2706 libertatem
2999 2647 3334 2720 requiritur,

1978 2734 2035 2784 et
2066 2746 2100 2786 a
2128 2731 2380 2789 Concilio
2430 2731 2772 2789 Tridentino
2824 2731 3100 2788 asseritur
3139 2734 3339 2786 contra

1979 2811 2271 2869 haereticos
2300 2831 2313 2866 ε
2345 2829 2481 2889 ergo
2520 2814 2806 2870 auxilium
2825 2829 2895 2870 ex
2922 2829 2983 2868 se
3015 2811 3210 2868 efficax
3236 2810 3343 2868 de-

1976 2895 2148 2951 struit
2196 2894 2538 2962 libertatem,
2600 2902 2657 2954 et
2712 2913 2828 2954 non
2879 2900 3151 2953 consonat
3202 2893 3340 2952 doc-

1977 2977 2145 3033 trinas
2195 2980 2454 3035 Concilii.
2511 2979 2797 3036 Minorem
2853 2977 3050 3050 probat
3097 2977 3336 3033 Suarius

1975 3062 2104 3113 tom.
2128 3060 2184 3126 2,
2213 3058 2500 3128 dem-atta,
2531 3059 2623 3114 lt'b.
2642 3061 2762 3125 5,c.
2791 3059 2881 3124 38,
2912 3075 3065 3112 num.
3098 3058 3152 3111 2.
3183 3058 3330 3112 Tum

1981 3158 2006 3190 α
2033 3128 2167 3208 quia
2193 3138 2367 3194 etiam
2396 3141 2667 3195 Calvinus
2697 3154 2811 3196 non
2843 3143 3071 3211 negaret
3095 3141 3336 3208 potesta-

1979 3240 2004 3270 «
2033 3224 2148 3276 tem
2177 3219 2551 3278 dissentiendi
2575 3222 2637 3277 in
2664 3237 2831 3277 sensu
2863 3221 3066 3298 diviso,
3100 3219 3328 3275 etiamsi

1978 3320 2003 3350 α
2032 3300 2345 3357 motionem
2360 3303 2793 3358 necessitantem
2808 3305 3058 3372 poneret.
3094 3302 3330 3353 Frustra

1976 3400 2002 3431 «
2031 3394 2166 3454 ergo
2192 3380 2261 3436 ad
2291 3380 2608 3438 faciendam
2633 3381 2753 3437 vim
2775 3379 3107 3436 diffinitioni
3139 3378 3331 3450 impo-

1975 3481 2000 3510 α
2030 3460 2188 3516 nitur
2210 3461 2463 3529 Calvino,
2492 3460 2641 3533 quod
2683 3460 2977 3534 negaverit
2997 3463 3328 3531 potestatem

1973 3563 1999 3592 α
2027 3539 2402 3598 dissentiendi
2456 3542 2518 3597 in
2545 3558 2715 3598 sensu
2762 3540 2949 3597 diviso
2981 3564 2994 3605 3
3031 3556 3160 3595 cum
3209 3540 3327 3629 haec

1972 3642 1997 3673 «
2027 3620 2175 3675 nihil
2222 3621 2380 3678 aliud
2433 3622 2524 3688 sit,
2569 3638 2741 3694 quam
2785 3626 3025 3694 potestas
3071 3619 3321 3675 habendi

1970 3723 1996 3753 α
2024 3702 2378 3759 contrarium
2425 3709 2631 3768 actum,
2663 3704 2711 3759 si
2741 3702 2919 3759 motio
2946 3700 3260 3757 auferatur.
3291 3721 3316 3751 υ

1962 3782 2108 3836 Tum
2129 3782 2322 3850 etiam,
2356 3782 2490 3855 quia
2512 3783 2714 3840 videns
2742 3785 2921 3838 Deum
2950 3779 3117 3837 habet
3146 3785 3325 3852 potes-

1960 3864 2136 3927 tatem
2176 3877 2292 3918 non
2345 3862 2578 3919 videndi
2610 3866 2788 3918 Deum
2818 3862 2880 3918 in
2907 3876 3075 3918 sensu
3105 3859 3315 3925 diviso,

1958 3955 2166 4013 nempe
2184 3942 2232 3997 si
2288 3942 2430 3999 visio
2458 3944 2558 3999 Dei
2581 3941 2651 3999 ab
2703 3943 2826 4015 ipso
2868 3942 3233 4007 auferretur3
3264 3947 3324 3997 et

1957 4020 2341 4078 nihilominus
2364 4037 2480 4079 non
2497 4022 2663 4080 habet
2682 4028 3011 4096 potestatem
3026 4038 3090 4077 su
3099 4021 3319 4080 fficien-

1956 4103 2069 4155 tem
2117 4100 2186 4157 ad
2234 4117 2352 4158 non
2404 4103 2717 4159 amandum
2773 4104 2967 4169 Deum,
2998 4102 3096 4158 sed
3142 4102 3314 4162 illum

1953 4183 2291 4251 necessario,
2336 4189 2392 4240 et
2420 4182 2630 4257 absque
2671 4184 2934 4241 libertate
2955 4191 3111 4241 amat
3142 4202 3317 4261 :ergo

1954 4266 2196 4333 potestas
2224 4264 2345 4330 illa,
2372 4280 2543 4339 quam
2567 4266 2833 4322 voluntas
2859 4265 3079 4323 anxilio
3103 4266 3314 4324 efficaci

1949 4342 2146 4400 affecta
2167 4343 2335 4403 habet
2358 4345 2429 4403 ad
2449 4344 2906 4403 dissentiendum
2936 4348 2999 4403 in
3020 4363 3191 4415 sensu
3217 4348 3317 4405 di-

1948 4423 2091 4489 viso,
2117 4441 2234 4483 non
2260 4431 2346 4483 est
2381 4426 2684 4496 sufficienS,
2715 4433 2773 4483 et
2804 4428 2991 4500 qualis
3018 4428 3316 4487 desidera-

1947 4506 2040 4559 tur
2072 4502 2142 4560 ad
2190 4505 2533 4563 libertatem.
2563 4508 2839 4581 Majorem
2869 4514 3059 4565 autem
3099 4525 3317 4584 suppo-

1945 4583 2051 4651 nit,
2083 4590 2138 4642 et
2185 4585 2434 4644 declarat
2454 4587 2755 4660 praedictus
2799 4589 3021 4646 Author
3047 4590 3168 4647 loco
3196 4608 3314 4650 nu-

1944 4679 2045 4736 per
2084 4665 2273 4733 citum,
2316 4676 2374 4725 et
2418 4668 2618 4726 eodem
2667 4668 2835 4736 libro,
2878 4689 3000 4743 cap.
3036 4672 3118 4736 18,
3150 4690 3305 4731 num.

1942 4744 1995 4808 9,
2030 4744 2126 4801 ubi
2154 4746 2273 4802 ait:
2309 4770 2336 4800 α
2390 4749 2653 4807 Potentia
2680 4751 2744 4807 in
2769 4767 2940 4807 sensu
2972 4750 3160 4809 diviso
3188 4769 3308 4811 non

1946 4844 1973 4877 α
2001 4829 2089 4881 est
2106 4828 2358 4898 potentia
2381 4830 2611 4903 proprie
2632 4832 2833 4900 activa,
2852 4831 2952 4888 sed
2974 4835 3159 4907 magis
3184 4850 3311 4907 pas·

1945 4927 1970 4960 α
1997 4908 2142 4975 siva,
2181 4917 2459 4984 quatenus
2481 4918 2660 4986 potest
2695 4917 2840 4972 Deus
2876 4916 3107 4974 auferre
3134 4918 3305 4976 illam

1943 5013 1969 5046 α
2000 4993 2682 5065 praedeterminationem‚
2727 5004 2783 5054 et
2825 4999 3155 5072 relinquere
3196 5018 3307 5058 vo-

3005 5081 3289 5139 luntatem
