<?xml version="1.0" encoding="UTF-8"?>
<!DOCTYPE html PUBLIC "-//W3C//DTD XHTML 1.0 Transitional//EN"
    "http://www.w3.org/TR/xhtml1/DTD/xhtml1-transitional.dtd">
<html xmlns="http://www.w3.org/1999/xhtml" xml:lang="en" lang="en">
 <head>
  <title>
</title>
<meta http-equiv="Content-Type" content="text/html;charset=utf-8" />
  <meta name='ocr-system' content='tesseract 3.04.00' />
  <meta name='ocr-capabilities' content='ocr_page ocr_carea ocr_par ocr_line ocrx_word'/>
</head>
<body>
  <div class='ocr_page' id='page_1' title='image "./collegiisalmant00carmgoog_0430.png"; bbox 0 0 3647 5753; ppageno 0'>
   <div class='ocr_carea' id='block_1_1' title="bbox 284 820 446 870">
    <p class='ocr_par' dir='ltr' id='par_1_1' title="bbox 284 820 446 870">
     <span class='ocr_line' id='line_1_1' title="bbox 284 820 446 870; baseline 0.006 -10"><span class='ocrx_word' id='word_1_1' title='bbox 284 820 446 870; x_wconf 74' lang='lat' dir='ltr'>Expen-</span> 
     </span>
    </p>
   </div>
   <div class='ocr_carea' id='block_1_2' title="bbox 266 866 457 911">
    <p class='ocr_par' dir='ltr' id='par_1_2' title="bbox 266 866 457 911">
     <span class='ocr_line' id='line_1_2' title="bbox 266 866 457 911; baseline 0 -2"><span class='ocrx_word' id='word_1_2' title='bbox 266 868 380 911; x_wconf 81' lang='lat' dir='ltr'>ditur</span> <span class='ocrx_word' id='word_1_3' title='bbox 392 866 457 910; x_wconf 79' lang='lat' dir='ltr'>vis</span> 
     </span>
    </p>
   </div>
   <div class='ocr_carea' id='block_1_3' title="bbox 477 374 589 427">
    <p class='ocr_par' dir='ltr' id='par_1_3' title="bbox 477 374 589 427">
     <span class='ocr_line' id='line_1_3' title="bbox 477 374 589 427; baseline 0.009 -1"><span class='ocrx_word' id='word_1_4' title='bbox 477 374 589 427; x_wconf 80' lang='lat'>408</span> 
     </span>
    </p>
   </div>
   <div class='ocr_carea' id='block_1_4' title="bbox 480 549 1843 785">
    <p class='ocr_par' dir='ltr' id='par_1_4' title="bbox 480 549 1843 785">
     <span class='ocr_line' id='line_1_4' title="bbox 481 549 1843 625; baseline 0 -19"><span class='ocrx_word' id='word_1_5' title='bbox 481 549 551 606; x_wconf 89' lang='lat' dir='ltr'>ad</span> <span class='ocrx_word' id='word_1_6' title='bbox 578 550 761 622; x_wconf 89' lang='lat' dir='ltr'>legem</span> <span class='ocrx_word' id='word_1_7' title='bbox 784 551 1109 607; x_wconf 84' lang='lat' dir='ltr'>naturalem</span> <span class='ocrx_word' id='word_1_8' title='bbox 1135 566 1252 608; x_wconf 92' lang='lat' dir='ltr'>non</span> <span class='ocrx_word' id='word_1_9' title='bbox 1280 556 1465 625; x_wconf 91' lang='lat' dir='ltr'>posset</span> <span class='ocrx_word' id='word_1_10' title='bbox 1484 567 1555 608; x_wconf 86' lang='lat' dir='ltr'>ex</span> <span class='ocrx_word' id='word_1_11' title='bbox 1581 552 1703 606; x_wconf 89' lang='lat' dir='ltr'>sola</span> <span class='ocrx_word' id='word_1_12' title='bbox 1737 566 1843 606; x_wconf 91' lang='lat' dir='ltr'>va-</span> 
     </span>
     <span class='ocr_line' id='line_1_5' title="bbox 480 630 1841 705; baseline 0 -19"><span class='ocrx_word' id='word_1_13' title='bbox 480 630 727 686; x_wconf 89' lang='lat' dir='ltr'>riatione</span> <span class='ocrx_word' id='word_1_14' title='bbox 777 632 1051 705; x_wconf 90' lang='lat' dir='ltr'>temporis</span> <span class='ocrx_word' id='word_1_15' title='bbox 1096 633 1349 691; x_wconf 90' lang='lat' dir='ltr'>transire</span> <span class='ocrx_word' id='word_1_16' title='bbox 1394 634 1459 690; x_wconf 94' lang='lat' dir='ltr'>in</span> <span class='ocrx_word' id='word_1_17' title='bbox 1517 633 1841 705; x_wconf 84' lang='lat' dir='ltr'>simplicem</span> 
     </span>
     <span class='ocr_line' id='line_1_6' title="bbox 481 713 868 785; baseline 0 -17"><span class='ocrx_word' id='word_1_18' title='bbox 481 713 868 785; x_wconf 85' lang='lat' dir='ltr'>negationem.</span> 
     </span>
    </p>
   </div>
   <div class='ocr_carea' id='block_1_5' title="bbox 554 802 1842 878">
    <p class='ocr_par' dir='ltr' id='par_1_5' title="bbox 554 802 1842 878">
     <span class='ocr_line' id='line_1_7' title="bbox 554 802 1842 878; baseline 0.005 -23"><span class='ocrx_word' id='word_1_19' title='bbox 554 802 886 874; x_wconf 81' lang='lat' dir='ltr'>Explicatur</span> <span class='ocrx_word' id='word_1_20' title='bbox 900 805 1151 878; x_wconf 89' lang='lat' dir='ltr'>amplius</span> <span class='ocrx_word' id='word_1_21' title='bbox 1171 829 1185 873; x_wconf 73' lang='grc' dir='ltr'><strong><em>ς</em></strong></span> <span class='ocrx_word' id='word_1_22' title='bbox 1215 821 1352 863; x_wconf 91' lang='lat' dir='ltr'>nam</span> <span class='ocrx_word' id='word_1_23' title='bbox 1376 807 1509 863; x_wconf 92' lang='lat' dir='ltr'>licet</span> <span class='ocrx_word' id='word_1_24' title='bbox 1530 806 1702 863; x_wconf 89' lang='lat' dir='ltr'>homo</span> <span class='ocrx_word' id='word_1_25' title='bbox 1723 821 1842 862; x_wconf 91' lang='lat' dir='ltr'>non</span> 
     </span>
    </p>
   </div>
   <div class='ocr_carea' id='block_1_6' title="bbox 266 889 1842 961">
    <p class='ocr_par' dir='ltr' id='par_1_6' title="bbox 266 889 1842 961">
     <span class='ocr_line' id='line_1_8' title="bbox 266 889 1842 961; baseline -0.001 -17"><span class='ocrx_word' id='word_1_26' title='bbox 266 917 450 959; x_wconf 76' lang='lat' dir='ltr'>consuta·</span> <span class='ocrx_word' id='word_1_27' title='bbox 480 889 741 942; x_wconf 87' lang='lat' dir='ltr'>teneatur</span> <span class='ocrx_word' id='word_1_28' title='bbox 767 901 1013 958; x_wconf 81' lang='lat' dir='ltr'>semper,</span> <span class='ocrx_word' id='word_1_29' title='bbox 1046 892 1102 944; x_wconf 89' lang='lat' dir='ltr'>et</span> <span class='ocrx_word' id='word_1_30' title='bbox 1124 904 1229 961; x_wconf 88' lang='lat' dir='ltr'>pro</span> <span class='ocrx_word' id='word_1_31' title='bbox 1253 904 1481 961; x_wconf 88' lang='lat' dir='ltr'>semper</span> <span class='ocrx_word' id='word_1_32' title='bbox 1506 904 1568 945; x_wconf 91' lang='lat' dir='ltr'>se</span> <span class='ocrx_word' id='word_1_33' title='bbox 1593 904 1842 945; x_wconf 77' lang='lat' dir='ltr'>conver-</span> 
     </span>
    </p>
   </div>
   <div class='ocr_carea' id='block_1_7' title="bbox 298 966 439 1010">
    <p class='ocr_par' dir='ltr' id='par_1_7' title="bbox 298 966 439 1010">
     <span class='ocr_line' id='line_1_9' title="bbox 298 966 439 1010; baseline 0.014 -3"><span class='ocrx_word' id='word_1_34' title='bbox 298 966 439 1010; x_wconf 85' lang='lat' dir='ltr'>tionis.</span> 
     </span>
    </p>
   </div>
   <div class='ocr_carea' id='block_1_8' title="bbox 248 4394 434 4484">
    <p class='ocr_par' dir='ltr' id='par_1_8' title="bbox 248 4394 434 4484">
     <span class='ocr_line' id='line_1_10' title="bbox 248 4394 434 4484; baseline -0.005 0"><span class='ocrx_word' id='word_1_35' title='bbox 248 4394 434 4484; x_wconf 52' lang='grc' dir='ltr'>ἱῖῧρὲἒ·</span> 
     </span>
    </p>
   </div>
   <div class='ocr_carea' id='block_1_9' title="bbox 461 964 1843 4368">
    <p class='ocr_par' dir='ltr' id='par_1_9' title="bbox 461 964 1843 4368">
     <span class='ocr_line' id='line_1_11' title="bbox 478 964 1843 1042; baseline 0.003 -22"><span class='ocrx_word' id='word_1_36' title='bbox 478 970 598 1022; x_wconf 89' lang='lat' dir='ltr'>tere</span> <span class='ocrx_word' id='word_1_37' title='bbox 641 964 713 1021; x_wconf 92' lang='lat' dir='ltr'>ad</span> <span class='ocrx_word' id='word_1_38' title='bbox 758 967 938 1023; x_wconf 90' lang='lat' dir='ltr'>Deum</span> <span class='ocrx_word' id='word_1_39' title='bbox 979 967 1156 1026; x_wconf 87' lang='lat' dir='ltr'>finem</span> <span class='ocrx_word' id='word_1_40' title='bbox 1208 970 1733 1042; x_wconf 81' lang='lat' dir='ltr'>supernaturalem,</span> <span class='ocrx_word' id='word_1_41' title='bbox 1785 973 1843 1025; x_wconf 91' lang='lat' dir='ltr'>et</span> 
     </span>
     <span class='ocr_line' id='line_1_12' title="bbox 475 1046 1841 1122; baseline 0.001 -18"><span class='ocrx_word' id='word_1_42' title='bbox 475 1046 690 1104; x_wconf 86' lang='lat' dir='ltr'>habere</span> <span class='ocrx_word' id='word_1_43' title='bbox 720 1048 999 1120; x_wconf 85' lang='lat' dir='ltr'>gratiam;</span> <span class='ocrx_word' id='word_1_44' title='bbox 1055 1049 1446 1107; x_wconf 90' lang='lat' dir='ltr'>nihilominus</span> <span class='ocrx_word' id='word_1_45' title='bbox 1496 1066 1744 1122; x_wconf 88' lang='lat' dir='ltr'>semper,</span> <span class='ocrx_word' id='word_1_46' title='bbox 1783 1056 1841 1106; x_wconf 89' lang='lat' dir='ltr'>et</span> 
     </span>
     <span class='ocr_line' id='line_1_13' title="bbox 475 1131 1839 1206; baseline 0.001 -19"><span class='ocrx_word' id='word_1_47' title='bbox 475 1147 578 1204; x_wconf 90' lang='lat' dir='ltr'>pro</span> <span class='ocrx_word' id='word_1_48' title='bbox 598 1145 824 1202; x_wconf 89' lang='lat' dir='ltr'>semper</span> <span class='ocrx_word' id='word_1_49' title='bbox 869 1135 1095 1188; x_wconf 90' lang='lat' dir='ltr'>tenetur</span> <span class='ocrx_word' id='word_1_50' title='bbox 1123 1148 1241 1190; x_wconf 91' lang='lat' dir='ltr'>non</span> <span class='ocrx_word' id='word_1_51' title='bbox 1288 1148 1577 1206; x_wconf 88' lang='lat' dir='ltr'>apponere</span> <span class='ocrx_word' id='word_1_52' title='bbox 1615 1131 1839 1189; x_wconf 86' lang='lat' dir='ltr'>obicem</span> 
     </span>
     <span class='ocr_line' id='line_1_14' title="bbox 474 1210 1840 1287; baseline 0.004 -21"><span class='ocrx_word' id='word_1_53' title='bbox 474 1210 754 1285; x_wconf 79' lang='lat' dir='ltr'>praedictae</span> <span class='ocrx_word' id='word_1_54' title='bbox 794 1211 1178 1279; x_wconf 85' lang='lat' dir='ltr'>conversioni,</span> <span class='ocrx_word' id='word_1_55' title='bbox 1253 1219 1309 1271; x_wconf 90' lang='lat' dir='ltr'>et</span> <span class='ocrx_word' id='word_1_56' title='bbox 1375 1230 1493 1272; x_wconf 88' lang='lat' dir='ltr'>non</span> <span class='ocrx_word' id='word_1_57' title='bbox 1551 1213 1840 1287; x_wconf 84' lang='lat' dir='ltr'>impedire</span> 
     </span>
     <span class='ocr_line' id='line_1_15' title="bbox 473 1292 1838 1368; baseline 0.002 -20"><span class='ocrx_word' id='word_1_58' title='bbox 473 1292 717 1368; x_wconf 80' lang='lat' dir='ltr'>gratiam</span> <span class='ocrx_word' id='word_1_59' title='bbox 748 1316 764 1359; x_wconf 75' lang='lat'><em>3</em></span> <span class='ocrx_word' id='word_1_60' title='bbox 795 1293 1079 1366; x_wconf 80' lang='lat' dir='ltr'>praecipue</span> <span class='ocrx_word' id='word_1_61' title='bbox 1113 1295 1343 1367; x_wconf 88' lang='lat' dir='ltr'>quando</span> <span class='ocrx_word' id='word_1_62' title='bbox 1370 1295 1541 1354; x_wconf 90' lang='lat' dir='ltr'>habet</span> <span class='ocrx_word' id='word_1_63' title='bbox 1570 1295 1838 1353; x_wconf 79' lang='lat' dir='ltr'>notitiam</span> 
     </span>
     <span class='ocr_line' id='line_1_16' title="bbox 474 1374 1835 1451; baseline 0.003 -20"><span class='ocrx_word' id='word_1_64' title='bbox 474 1382 592 1432; x_wconf 88' lang='lat' dir='ltr'>tam</span> <span class='ocrx_word' id='word_1_65' title='bbox 621 1374 901 1449; x_wconf 80' lang='lat' dir='ltr'>praedictae</span> <span class='ocrx_word' id='word_1_66' title='bbox 938 1378 1351 1446; x_wconf 90' lang='lat' dir='ltr'>conversionis,</span> <span class='ocrx_word' id='word_1_67' title='bbox 1396 1394 1569 1451; x_wconf 89' lang='lat' dir='ltr'>quam</span> <span class='ocrx_word' id='word_1_68' title='bbox 1595 1376 1835 1451; x_wconf 79' lang='lat' dir='ltr'>gratiae:</span> 
     </span>
     <span class='ocr_line' id='line_1_17' title="bbox 473 1458 1839 1534; baseline 0 -19"><span class='ocrx_word' id='word_1_69' title='bbox 473 1459 751 1531; x_wconf 90' lang='lat' dir='ltr'>appositio</span> <span class='ocrx_word' id='word_1_70' title='bbox 771 1460 931 1515; x_wconf 90' lang='lat' dir='ltr'>enim</span> <span class='ocrx_word' id='word_1_71' title='bbox 970 1458 1172 1527; x_wconf 90' lang='lat' dir='ltr'>obicis,</span> <span class='ocrx_word' id='word_1_72' title='bbox 1221 1466 1279 1517; x_wconf 91' lang='lat' dir='ltr'>et</span> <span class='ocrx_word' id='word_1_73' title='bbox 1318 1460 1724 1534; x_wconf 83' lang='lat' dir='ltr'>impedimenti</span> <span class='ocrx_word' id='word_1_74' title='bbox 1766 1458 1839 1516; x_wconf 90' lang='lat' dir='ltr'>ad</span> 
     </span>
     <span class='ocr_line' id='line_1_18' title="bbox 471 1540 1839 1616; baseline 0.003 -21"><span class='ocrx_word' id='word_1_75' title='bbox 471 1540 800 1613; x_wconf 86' lang='lat' dir='ltr'>hujusmodi</span> <span class='ocrx_word' id='word_1_76' title='bbox 829 1540 999 1608; x_wconf 89' lang='lat' dir='ltr'>bona,</span> <span class='ocrx_word' id='word_1_77' title='bbox 1024 1544 1315 1616; x_wconf 87' lang='lat' dir='ltr'>supposita</span> <span class='ocrx_word' id='word_1_78' title='bbox 1342 1544 1446 1599; x_wconf 88' lang='lat' dir='ltr'>tali</span> <span class='ocrx_word' id='word_1_79' title='bbox 1477 1543 1704 1610; x_wconf 90' lang='lat' dir='ltr'>notitia,</span> <span class='ocrx_word' id='word_1_80' title='bbox 1731 1558 1839 1600; x_wconf 89' lang='lat' dir='ltr'>ne-</span> 
     </span>
     <span class='ocr_line' id='line_1_19' title="bbox 470 1620 1838 1693; baseline 0.005 -19"><span class='ocrx_word' id='word_1_81' title='bbox 470 1620 595 1693; x_wconf 89' lang='lat' dir='ltr'>quit</span> <span class='ocrx_word' id='word_1_82' title='bbox 621 1636 740 1677; x_wconf 90' lang='lat' dir='ltr'>non</span> <span class='ocrx_word' id='word_1_83' title='bbox 774 1637 897 1678; x_wconf 87' lang='lat' dir='ltr'>esse</span> <span class='ocrx_word' id='word_1_84' title='bbox 940 1623 1113 1689; x_wconf 88' lang='lat' dir='ltr'>mala,</span> <span class='ocrx_word' id='word_1_85' title='bbox 1145 1627 1202 1679; x_wconf 89' lang='lat' dir='ltr'>et</span> <span class='ocrx_word' id='word_1_86' title='bbox 1223 1622 1604 1680; x_wconf 86' lang='lat' dir='ltr'>deordinata:</span> <span class='ocrx_word' id='word_1_87' title='bbox 1655 1622 1838 1681; x_wconf 91' lang='lat' dir='ltr'>immo</span> 
     </span>
     <span class='ocr_line' id='line_1_20' title="bbox 472 1702 1831 1779; baseline 0.003 -24"><span class='ocrx_word' id='word_1_88' title='bbox 472 1702 672 1776; x_wconf 88' lang='lat' dir='ltr'>tangit,</span> <span class='ocrx_word' id='word_1_89' title='bbox 709 1706 766 1758; x_wconf 88' lang='lat' dir='ltr'>et</span> <span class='ocrx_word' id='word_1_90' title='bbox 794 1703 975 1759; x_wconf 86' lang='lat' dir='ltr'>violat</span> <span class='ocrx_word' id='word_1_91' title='bbox 1022 1718 1149 1760; x_wconf 74' lang='lat' dir='ltr'>non·</span> <span class='ocrx_word' id='word_1_92' title='bbox 1180 1704 1368 1760; x_wconf 87' lang='lat' dir='ltr'>solum</span> <span class='ocrx_word' id='word_1_93' title='bbox 1417 1705 1511 1779; x_wconf 86' lang='lat' dir='ltr'>jus</span> <span class='ocrx_word' id='word_1_94' title='bbox 1547 1703 1831 1771; x_wconf 88' lang='lat' dir='ltr'>naturale,</span> 
     </span>
     <span class='ocr_line' id='line_1_21' title="bbox 471 1780 1837 1858; baseline 0.002 -20"><span class='ocrx_word' id='word_1_95' title='bbox 471 1780 570 1839; x_wconf 91' lang='lat' dir='ltr'>sed</span> <span class='ocrx_word' id='word_1_96' title='bbox 597 1781 771 1838; x_wconf 91' lang='lat' dir='ltr'>etiam</span> <span class='ocrx_word' id='word_1_97' title='bbox 794 1789 1135 1857; x_wconf 82' lang='lat' dir='ltr'>praeceptum</span> <span class='ocrx_word' id='word_1_98' title='bbox 1178 1786 1513 1858; x_wconf 88' lang='lat' dir='ltr'>negativum</span> <span class='ocrx_word' id='word_1_99' title='bbox 1552 1799 1837 1856; x_wconf 88' lang='lat' dir='ltr'>superna-</span> 
     </span>
     <span class='ocr_line' id='line_1_22' title="bbox 475 1862 1833 1941; baseline 0.002 -24"><span class='ocrx_word' id='word_1_100' title='bbox 475 1862 689 1930; x_wconf 89' lang='lat' dir='ltr'>turale;</span> <span class='ocrx_word' id='word_1_101' title='bbox 713 1868 1022 1937; x_wconf 87' lang='lat' dir='ltr'>utrumque</span> <span class='ocrx_word' id='word_1_102' title='bbox 1046 1864 1205 1922; x_wconf 89' lang='lat' dir='ltr'>enim</span> <span class='ocrx_word' id='word_1_103' title='bbox 1218 1867 1312 1941; x_wconf 86' lang='lat' dir='ltr'>jus</span> <span class='ocrx_word' id='word_1_104' title='bbox 1332 1869 1501 1932; x_wconf 88' lang='lat' dir='ltr'>vetat,</span> <span class='ocrx_word' id='word_1_105' title='bbox 1520 1870 1708 1921; x_wconf 90' lang='lat' dir='ltr'>stante</span> <span class='ocrx_word' id='word_1_106' title='bbox 1731 1866 1833 1921; x_wconf 90' lang='lat' dir='ltr'>tali</span> 
     </span>
     <span class='ocr_line' id='line_1_23' title="bbox 473 1943 1836 2020; baseline 0.001 -21"><span class='ocrx_word' id='word_1_107' title='bbox 473 1943 696 2011; x_wconf 88' lang='lat' dir='ltr'>notitia,</span> <span class='ocrx_word' id='word_1_108' title='bbox 772 1945 1187 2017; x_wconf 90' lang='lat' dir='ltr'>appositionem</span> <span class='ocrx_word' id='word_1_109' title='bbox 1260 1946 1518 2020; x_wconf 81' lang='lat' dir='ltr'>praedicti</span> <span class='ocrx_word' id='word_1_110' title='bbox 1578 1945 1836 2018; x_wconf 91' lang='lat' dir='ltr'>impedi-</span> 
     </span>
     <span class='ocr_line' id='line_1_24' title="bbox 470 2023 1836 2099; baseline 0.001 -20"><span class='ocrx_word' id='word_1_111' title='bbox 470 2023 674 2080; x_wconf 85' lang='lat' dir='ltr'>menti.</span> <span class='ocrx_word' id='word_1_112' title='bbox 704 2024 875 2097; x_wconf 85' lang='lat' dir='ltr'>Atqui</span> <span class='ocrx_word' id='word_1_113' title='bbox 904 2024 1094 2090; x_wconf 88' lang='lat' dir='ltr'>homo,</span> <span class='ocrx_word' id='word_1_114' title='bbox 1125 2025 1224 2098; x_wconf 90' lang='lat' dir='ltr'>qui</span> <span class='ocrx_word' id='word_1_115' title='bbox 1253 2032 1377 2099; x_wconf 87' lang='lat' dir='ltr'>post</span> <span class='ocrx_word' id='word_1_116' title='bbox 1404 2027 1664 2098; x_wconf 91' lang='lat' dir='ltr'>elapsum</span> <span class='ocrx_word' id='word_1_117' title='bbox 1694 2029 1836 2081; x_wconf 88' lang='lat' dir='ltr'>tem-</span> 
     </span>
     <span class='ocr_line' id='line_1_25' title="bbox 472 2105 1834 2181; baseline 0.002 -21"><span class='ocrx_word' id='word_1_118' title='bbox 472 2121 576 2178; x_wconf 89' lang='lat' dir='ltr'>pus</span> <span class='ocrx_word' id='word_1_119' title='bbox 590 2105 928 2162; x_wconf 81' lang='lat' dir='ltr'>elevationis</span> <span class='ocrx_word' id='word_1_120' title='bbox 949 2105 1020 2163; x_wconf 90' lang='lat' dir='ltr'>ad</span> <span class='ocrx_word' id='word_1_121' title='bbox 1039 2106 1309 2164; x_wconf 88' lang='lat' dir='ltr'>ordinem</span> <span class='ocrx_word' id='word_1_122' title='bbox 1325 2107 1834 2181; x_wconf 87' lang='lat' dir='ltr'>supernaturalem</span> 
     </span>
     <span class='ocr_line' id='line_1_26' title="bbox 467 2187 1835 2255; baseline 0.001 -12"><span class='ocrx_word' id='word_1_123' title='bbox 467 2187 795 2255; x_wconf 82' lang='lat' dir='ltr'>voluntarie</span> <span class='ocrx_word' id='word_1_124' title='bbox 838 2195 1203 2246; x_wconf 85' lang='lat' dir='ltr'>conservaret</span> <span class='ocrx_word' id='word_1_125' title='bbox 1229 2189 1550 2246; x_wconf 87' lang='lat' dir='ltr'>carentiam</span> <span class='ocrx_word' id='word_1_126' title='bbox 1598 2189 1835 2246; x_wconf 82' lang='lat' dir='ltr'>confor-</span> 
     </span>
     <span class='ocr_line' id='line_1_27' title="bbox 468 2266 1834 2344; baseline 0.001 -21"><span class='ocrx_word' id='word_1_127' title='bbox 468 2267 688 2323; x_wconf 89' lang='lat' dir='ltr'>mitatis</span> <span class='ocrx_word' id='word_1_128' title='bbox 714 2266 785 2323; x_wconf 90' lang='lat' dir='ltr'>ad</span> <span class='ocrx_word' id='word_1_129' title='bbox 813 2269 1138 2325; x_wconf 89' lang='lat' dir='ltr'>naturalem</span> <span class='ocrx_word' id='word_1_130' title='bbox 1162 2270 1367 2344; x_wconf 88' lang='lat' dir='ltr'>legem,</span> <span class='ocrx_word' id='word_1_131' title='bbox 1394 2284 1461 2327; x_wconf 91' lang='lat' dir='ltr'>eo</span> <span class='ocrx_word' id='word_1_132' title='bbox 1485 2269 1608 2342; x_wconf 89' lang='lat' dir='ltr'>ipso</span> <span class='ocrx_word' id='word_1_133' title='bbox 1627 2270 1834 2327; x_wconf 88' lang='lat' dir='ltr'>volun-</span> 
     </span>
     <span class='ocr_line' id='line_1_28' title="bbox 468 2347 1831 2409; baseline 0.003 -6"><span class='ocrx_word' id='word_1_134' title='bbox 468 2347 614 2404; x_wconf 89' lang='lat' dir='ltr'>tarie</span> <span class='ocrx_word' id='word_1_135' title='bbox 639 2354 1002 2406; x_wconf 89' lang='lat' dir='ltr'>conservaret</span> <span class='ocrx_word' id='word_1_136' title='bbox 1028 2350 1250 2407; x_wconf 87' lang='lat' dir='ltr'>obicem</span> <span class='ocrx_word' id='word_1_137' title='bbox 1279 2350 1350 2407; x_wconf 90' lang='lat' dir='ltr'>ad</span> <span class='ocrx_word' id='word_1_138' title='bbox 1390 2351 1831 2409; x_wconf 89' lang='lat' dir='ltr'>conversionem</span> 
     </span>
     <span class='ocr_line' id='line_1_29' title="bbox 465 2430 1833 2507; baseline 0.004 -23"><span class='ocrx_word' id='word_1_139' title='bbox 465 2432 984 2502; x_wconf 88' lang='lat' dir='ltr'>supernaturalem,</span> <span class='ocrx_word' id='word_1_140' title='bbox 1008 2439 1065 2489; x_wconf 90' lang='lat' dir='ltr'>et</span> <span class='ocrx_word' id='word_1_141' title='bbox 1084 2430 1570 2505; x_wconf 83' lang='lat' dir='ltr'>impedimentum</span> <span class='ocrx_word' id='word_1_142' title='bbox 1596 2433 1668 2489; x_wconf 90' lang='lat' dir='ltr'>ad</span> <span class='ocrx_word' id='word_1_143' title='bbox 1694 2449 1833 2507; x_wconf 86' lang='lat' dir='ltr'>gra-</span> 
     </span>
     <span class='ocr_line' id='line_1_30' title="bbox 467 2512 1836 2588; baseline 0.003 -22"><span class='ocrx_word' id='word_1_144' title='bbox 467 2512 610 2567; x_wconf 83' lang='lat' dir='ltr'>tiam</span> <span class='ocrx_word' id='word_1_145' title='bbox 639 2512 958 2584; x_wconf 84' lang='lat' dir='ltr'>:siquidem</span> <span class='ocrx_word' id='word_1_146' title='bbox 986 2513 1280 2588; x_wconf 86' lang='lat' dir='ltr'>quodlibet</span> <span class='ocrx_word' id='word_1_147' title='bbox 1301 2521 1590 2588; x_wconf 89' lang='lat' dir='ltr'>peccatum</span> <span class='ocrx_word' id='word_1_148' title='bbox 1617 2519 1704 2572; x_wconf 87' lang='lat' dir='ltr'>est</span> <span class='ocrx_word' id='word_1_149' title='bbox 1732 2515 1836 2570; x_wconf 66' lang='lat' dir='ltr'>in-</span> 
     </span>
     <span class='ocr_line' id='line_1_31' title="bbox 468 2593 1830 2669; baseline 0.001 -19"><span class='ocrx_word' id='word_1_150' title='bbox 468 2593 857 2667; x_wconf 85' lang='lat' dir='ltr'>conjungibile</span> <span class='ocrx_word' id='word_1_151' title='bbox 876 2613 1008 2654; x_wconf 91' lang='lat' dir='ltr'>cum</span> <span class='ocrx_word' id='word_1_152' title='bbox 1042 2597 1182 2664; x_wconf 89' lang='lat' dir='ltr'>illis,</span> <span class='ocrx_word' id='word_1_153' title='bbox 1215 2603 1278 2654; x_wconf 90' lang='lat' dir='ltr'>ut</span> <span class='ocrx_word' id='word_1_154' title='bbox 1315 2597 1437 2653; x_wconf 84' lang='lat' dir='ltr'>dub.</span> <span class='ocrx_word' id='word_1_155' title='bbox 1476 2598 1699 2669; x_wconf 63' lang='lat' dir='ltr'>praeced.</span> <span class='ocrx_word' id='word_1_156' title='bbox 1733 2611 1830 2653; x_wconf 90' lang='lat' dir='ltr'>os-</span> 
     </span>
     <span class='ocr_line' id='line_1_32' title="bbox 468 2675 1828 2737; baseline 0.001 -5"><span class='ocrx_word' id='word_1_157' title='bbox 468 2675 782 2736; x_wconf 84' lang='lat' dir='ltr'>tendimus,</span> <span class='ocrx_word' id='word_1_158' title='bbox 816 2681 885 2734; x_wconf 80' lang='lat' dir='ltr'>Et</span> <span class='ocrx_word' id='word_1_159' title='bbox 910 2680 1146 2737; x_wconf 89' lang='lat' dir='ltr'>aliunde</span> <span class='ocrx_word' id='word_1_160' title='bbox 1191 2680 1364 2737; x_wconf 89' lang='lat' dir='ltr'>homo</span> <span class='ocrx_word' id='word_1_161' title='bbox 1392 2677 1627 2735; x_wconf 88' lang='lat' dir='ltr'>haberet</span> <span class='ocrx_word' id='word_1_162' title='bbox 1672 2679 1828 2734; x_wconf 90' lang='lat' dir='ltr'>noti-</span> 
     </span>
     <span class='ocr_line' id='line_1_33' title="bbox 469 2758 1828 2833; baseline 0.001 -20"><span class='ocrx_word' id='word_1_163' title='bbox 469 2758 612 2814; x_wconf 87' lang='lat' dir='ltr'>tiam</span> <span class='ocrx_word' id='word_1_164' title='bbox 639 2761 752 2832; x_wconf 89' lang='lat' dir='ltr'>(vel</span> <span class='ocrx_word' id='word_1_165' title='bbox 781 2776 1171 2833; x_wconf 87' lang='lat' dir='ltr'>supponamus</span> <span class='ocrx_word' id='word_1_166' title='bbox 1190 2776 1318 2816; x_wconf 89' lang='lat' dir='ltr'>eam</span> <span class='ocrx_word' id='word_1_167' title='bbox 1340 2758 1576 2828; x_wconf 88' lang='lat' dir='ltr'>habere)</span> <span class='ocrx_word' id='word_1_168' title='bbox 1602 2759 1828 2815; x_wconf 87' lang='lat' dir='ltr'>ordinis</span> 
     </span>
     <span class='ocr_line' id='line_1_34' title="bbox 465 2837 1829 2913; baseline 0.001 -19"><span class='ocrx_word' id='word_1_169' title='bbox 465 2841 926 2913; x_wconf 89' lang='lat' dir='ltr'>supernaturalis</span> <span class='ocrx_word' id='word_1_170' title='bbox 951 2865 965 2908; x_wconf 88' lang='grc'><strong>;</strong></span> <span class='ocrx_word' id='word_1_171' title='bbox 996 2857 1125 2897; x_wconf 90' lang='lat' dir='ltr'>cum</span> <span class='ocrx_word' id='word_1_172' title='bbox 1173 2839 1338 2896; x_wconf 87' lang='lat' dir='ltr'>illam</span> <span class='ocrx_word' id='word_1_173' title='bbox 1384 2837 1651 2895; x_wconf 87' lang='lat' dir='ltr'>habuerit</span> <span class='ocrx_word' id='word_1_174' title='bbox 1694 2844 1829 2895; x_wconf 91' lang='lat' dir='ltr'>ante</span> 
     </span>
     <span class='ocr_line' id='line_1_35' title="bbox 469 2917 1823 2995; baseline 0 -20"><span class='ocrx_word' id='word_1_175' title='bbox 469 2919 617 2976; x_wconf 91' lang='lat' dir='ltr'>illud</span> <span class='ocrx_word' id='word_1_176' title='bbox 663 2926 906 2995; x_wconf 89' lang='lat' dir='ltr'>tempus,</span> <span class='ocrx_word' id='word_1_177' title='bbox 962 2936 1068 2977; x_wconf 90' lang='lat' dir='ltr'>nec</span> <span class='ocrx_word' id='word_1_178' title='bbox 1111 2918 1257 2976; x_wconf 84' lang='lat' dir='ltr'>adsit</span> <span class='ocrx_word' id='word_1_179' title='bbox 1301 2917 1467 2984; x_wconf 89' lang='lat' dir='ltr'>ratio,</span> <span class='ocrx_word' id='word_1_180' title='bbox 1519 2922 1580 2974; x_wconf 89' lang='lat' dir='ltr'>ut</span> <span class='ocrx_word' id='word_1_181' title='bbox 1628 2918 1823 2975; x_wconf 88' lang='lat' dir='ltr'>statim</span> 
     </span>
     <span class='ocr_line' id='line_1_36' title="bbox 463 2997 1827 3074; baseline -0.002 -18"><span class='ocrx_word' id='word_1_182' title='bbox 463 3015 594 3056; x_wconf 91' lang='lat' dir='ltr'>eam</span> <span class='ocrx_word' id='word_1_183' title='bbox 623 3002 864 3058; x_wconf 86' lang='lat' dir='ltr'>amittat.</span> <span class='ocrx_word' id='word_1_184' title='bbox 898 3003 1047 3074; x_wconf 87' lang='lat' dir='ltr'>Ergo</span> <span class='ocrx_word' id='word_1_185' title='bbox 1073 2998 1254 3056; x_wconf 89' lang='lat' dir='ltr'>adhuc</span> <span class='ocrx_word' id='word_1_186' title='bbox 1296 3003 1561 3055; x_wconf 87' lang='lat' dir='ltr'>maneret</span> <span class='ocrx_word' id='word_1_187' title='bbox 1602 2997 1827 3056; x_wconf 89' lang='lat' dir='ltr'>deordi-</span> 
     </span>
     <span class='ocr_line' id='line_1_37' title="bbox 462 3079 1825 3152; baseline -0.001 -16"><span class='ocrx_word' id='word_1_188' title='bbox 462 3086 650 3147; x_wconf 77' lang='lat' dir='ltr'>natuS,</span> <span class='ocrx_word' id='word_1_189' title='bbox 681 3086 737 3138; x_wconf 92' lang='lat' dir='ltr'>et</span> <span class='ocrx_word' id='word_1_190' title='bbox 763 3080 1079 3136; x_wconf 88' lang='lat' dir='ltr'>maculatus</span> <span class='ocrx_word' id='word_1_191' title='bbox 1123 3094 1226 3152; x_wconf 88' lang='lat' dir='ltr'>per</span> <span class='ocrx_word' id='word_1_192' title='bbox 1268 3079 1658 3151; x_wconf 90' lang='lat' dir='ltr'>privationem</span> <span class='ocrx_word' id='word_1_193' title='bbox 1684 3094 1825 3136; x_wconf 90' lang='lat' dir='ltr'>con-</span> 
     </span>
     <span class='ocr_line' id='line_1_38' title="bbox 461 3160 1826 3234; baseline -0.001 -15"><span class='ocrx_word' id='word_1_194' title='bbox 461 3162 775 3219; x_wconf 82' lang='lat' dir='ltr'>formitatis</span> <span class='ocrx_word' id='word_1_195' title='bbox 811 3160 883 3217; x_wconf 90' lang='lat' dir='ltr'>ad</span> <span class='ocrx_word' id='word_1_196' title='bbox 924 3163 1106 3234; x_wconf 87' lang='lat' dir='ltr'>legem</span> <span class='ocrx_word' id='word_1_197' title='bbox 1160 3162 1509 3231; x_wconf 87' lang='lat' dir='ltr'>naturalem,</span> <span class='ocrx_word' id='word_1_198' title='bbox 1540 3161 1724 3218; x_wconf 89' lang='lat' dir='ltr'>immo</span> <span class='ocrx_word' id='word_1_199' title='bbox 1767 3166 1826 3219; x_wconf 90' lang='lat' dir='ltr'>et</span> 
     </span>
     <span class='ocr_line' id='line_1_39' title="bbox 463 3241 1823 3316; baseline 0 -17"><span class='ocrx_word' id='word_1_200' title='bbox 463 3258 566 3315; x_wconf 87' lang='lat' dir='ltr'>per</span> <span class='ocrx_word' id='word_1_201' title='bbox 602 3242 1114 3316; x_wconf 81' lang='lat' dir='ltr'>transgressionem</span> <span class='ocrx_word' id='word_1_202' title='bbox 1161 3241 1517 3299; x_wconf 86' lang='lat' dir='ltr'>habitualem</span> <span class='ocrx_word' id='word_1_203' title='bbox 1558 3243 1823 3315; x_wconf 83' lang='lat' dir='ltr'>praecepti</span> 
     </span>
     <span class='ocr_line' id='line_1_40' title="bbox 462 3321 1822 3396; baseline 0.002 -19"><span class='ocrx_word' id='word_1_204' title='bbox 462 3321 921 3396; x_wconf 87' lang='lat' dir='ltr'>supernaturalis</span> <span class='ocrx_word' id='word_1_205' title='bbox 942 3337 1009 3379; x_wconf 88' lang='lat' dir='ltr'>ea</span> <span class='ocrx_word' id='word_1_206' title='bbox 1043 3323 1461 3396; x_wconf 90' lang='lat' dir='ltr'>impedimenta</span> <span class='ocrx_word' id='word_1_207' title='bbox 1507 3322 1822 3396; x_wconf 89' lang='lat' dir='ltr'>prohiben-</span> 
     </span>
     <span class='ocr_line' id='line_1_41' title="bbox 463 3402 1820 3478; baseline 0.001 -19"><span class='ocrx_word' id='word_1_208' title='bbox 463 3402 538 3460; x_wconf 89' lang='lat' dir='ltr'>tis</span> <span class='ocrx_word' id='word_1_209' title='bbox 560 3427 577 3472; x_wconf 77' lang='lat'><em>3</em></span> <span class='ocrx_word' id='word_1_210' title='bbox 600 3409 653 3461; x_wconf 84' lang='lat' dir='ltr'>et</span> <span class='ocrx_word' id='word_1_211' title='bbox 674 3409 1084 3478; x_wconf 87' lang='lat' dir='ltr'>consequenter</span> <span class='ocrx_word' id='word_1_212' title='bbox 1104 3421 1207 3478; x_wconf 90' lang='lat' dir='ltr'>per</span> <span class='ocrx_word' id='word_1_213' title='bbox 1231 3407 1415 3464; x_wconf 90' lang='lat' dir='ltr'>solam</span> <span class='ocrx_word' id='word_1_214' title='bbox 1436 3405 1820 3464; x_wconf 90' lang='lat' dir='ltr'>variationem</span> 
     </span>
     <span class='ocr_line' id='line_1_42' title="bbox 462 3485 1821 3561; baseline 0.001 -21"><span class='ocrx_word' id='word_1_215' title='bbox 462 3485 742 3559; x_wconf 89' lang='lat' dir='ltr'>temporis</span> <span class='ocrx_word' id='word_1_216' title='bbox 793 3486 1040 3543; x_wconf 89' lang='lat' dir='ltr'>minime</span> <span class='ocrx_word' id='word_1_217' title='bbox 1077 3493 1313 3545; x_wconf 86' lang='lat' dir='ltr'>exueret</span> <span class='ocrx_word' id='word_1_218' title='bbox 1354 3492 1565 3544; x_wconf 88' lang='lat' dir='ltr'>statum</span> <span class='ocrx_word' id='word_1_219' title='bbox 1612 3487 1821 3561; x_wconf 89' lang='lat' dir='ltr'>peccati</span> 
     </span>
     <span class='ocr_line' id='line_1_43' title="bbox 463 3568 1821 3642; baseline 0.001 -18"><span class='ocrx_word' id='word_1_220' title='bbox 463 3571 663 3624; x_wconf 90' lang='lat' dir='ltr'>contra</span> <span class='ocrx_word' id='word_1_221' title='bbox 690 3568 873 3642; x_wconf 88' lang='lat' dir='ltr'>legem</span> <span class='ocrx_word' id='word_1_222' title='bbox 898 3572 1014 3624; x_wconf 90' lang='lat' dir='ltr'>tam</span> <span class='ocrx_word' id='word_1_223' title='bbox 1044 3569 1389 3634; x_wconf 89' lang='lat' dir='ltr'>naturalem,</span> <span class='ocrx_word' id='word_1_224' title='bbox 1415 3584 1588 3642; x_wconf 86' lang='lat' dir='ltr'>quam</span> <span class='ocrx_word' id='word_1_225' title='bbox 1615 3584 1821 3641; x_wconf 89' lang='lat' dir='ltr'>super-</span> 
     </span>
     <span class='ocr_line' id='line_1_44' title="bbox 462 3647 1821 3720; baseline 0.002 -18"><span class='ocrx_word' id='word_1_226' title='bbox 462 3647 808 3704; x_wconf 86' lang='lat' dir='ltr'>naturalem.</span> <span class='ocrx_word' id='word_1_227' title='bbox 841 3650 954 3704; x_wconf 90' lang='lat' dir='ltr'>Nec</span> <span class='ocrx_word' id='word_1_228' title='bbox 974 3647 1110 3703; x_wconf 92' lang='lat' dir='ltr'>hinc</span> <span class='ocrx_word' id='word_1_229' title='bbox 1129 3652 1324 3705; x_wconf 87' lang='lat' dir='ltr'>tamen</span> <span class='ocrx_word' id='word_1_230' title='bbox 1351 3647 1530 3714; x_wconf 87' lang='lat' dir='ltr'>fieret,</span> <span class='ocrx_word' id='word_1_231' title='bbox 1573 3647 1723 3720; x_wconf 84' lang='lat' dir='ltr'>quod</span> <span class='ocrx_word' id='word_1_232' title='bbox 1749 3663 1821 3705; x_wconf 83' lang='lat' dir='ltr'>ex</span> 
     </span>
     <span class='ocr_line' id='line_1_45' title="bbox 463 3726 1820 3800; baseline 0.001 -17"><span class='ocrx_word' id='word_1_233' title='bbox 463 3727 523 3783; x_wconf 91' lang='lat' dir='ltr'>vi</span> <span class='ocrx_word' id='word_1_234' title='bbox 551 3726 719 3800; x_wconf 85' lang='lat' dir='ltr'>hujus</span> <span class='ocrx_word' id='word_1_235' title='bbox 748 3727 980 3800; x_wconf 81' lang='lat' dir='ltr'>praecise</span> <span class='ocrx_word' id='word_1_236' title='bbox 1016 3727 1401 3787; x_wconf 90' lang='lat' dir='ltr'>committeret</span> <span class='ocrx_word' id='word_1_237' title='bbox 1445 3743 1661 3794; x_wconf 83' lang='lat' dir='ltr'>novum</span> <span class='ocrx_word' id='word_1_238' title='bbox 1691 3743 1820 3800; x_wconf 89' lang='lat' dir='ltr'>pec-</span> 
     </span>
     <span class='ocr_line' id='line_1_46' title="bbox 461 3807 1820 3875; baseline 0.001 -12"><span class='ocrx_word' id='word_1_239' title='bbox 461 3810 651 3863; x_wconf 90' lang='lat' dir='ltr'>catum</span> <span class='ocrx_word' id='word_1_240' title='bbox 679 3830 694 3875; x_wconf 90' lang='lat'>;</span> <span class='ocrx_word' id='word_1_241' title='bbox 719 3823 856 3863; x_wconf 92' lang='lat' dir='ltr'>nam</span> <span class='ocrx_word' id='word_1_242' title='bbox 872 3811 986 3866; x_wconf 88' lang='lat' dir='ltr'>tota</span> <span class='ocrx_word' id='word_1_243' title='bbox 1014 3823 1082 3865; x_wconf 88' lang='lat' dir='ltr'>ea</span> <span class='ocrx_word' id='word_1_244' title='bbox 1106 3807 1470 3866; x_wconf 90' lang='lat' dir='ltr'>deordinatio</span> <span class='ocrx_word' id='word_1_245' title='bbox 1494 3812 1641 3865; x_wconf 89' lang='lat' dir='ltr'>esset</span> <span class='ocrx_word' id='word_1_246' title='bbox 1661 3807 1820 3864; x_wconf 89' lang='lat' dir='ltr'>habi-</span> 
     </span>
     <span class='ocr_line' id='line_1_47' title="bbox 461 3886 1821 3963; baseline 0.003 -21"><span class='ocrx_word' id='word_1_247' title='bbox 461 3886 654 3953; x_wconf 87' lang='lat' dir='ltr'>tualis,</span> <span class='ocrx_word' id='word_1_248' title='bbox 686 3891 743 3944; x_wconf 89' lang='lat' dir='ltr'>et</span> <span class='ocrx_word' id='word_1_249' title='bbox 766 3889 963 3946; x_wconf 89' lang='lat' dir='ltr'>relicta</span> <span class='ocrx_word' id='word_1_250' title='bbox 985 3905 1057 3945; x_wconf 84' lang='lat' dir='ltr'>ex</span> <span class='ocrx_word' id='word_1_251' title='bbox 1102 3895 1226 3946; x_wconf 86' lang='lat' dir='ltr'>actu</span> <span class='ocrx_word' id='word_1_252' title='bbox 1251 3888 1643 3963; x_wconf 88' lang='lat' dir='ltr'>peccaminoso</span> <span class='ocrx_word' id='word_1_253' title='bbox 1671 3903 1821 3962; x_wconf 65' lang='lat' dir='ltr'>praa-</span> 
     </span>
     <span class='ocr_line' id='line_1_48' title="bbox 463 3969 1819 4045; baseline 0.002 -18"><span class='ocrx_word' id='word_1_254' title='bbox 463 3969 682 4027; x_wconf 87' lang='lat' dir='ltr'>cedenti</span> <span class='ocrx_word' id='word_1_255' title='bbox 717 3992 730 4026; x_wconf 91' lang='lat'><strong>:</strong></span> <span class='ocrx_word' id='word_1_256' title='bbox 760 3975 817 4027; x_wconf 87' lang='lat' dir='ltr'>et</span> <span class='ocrx_word' id='word_1_257' title='bbox 843 3986 959 4028; x_wconf 91' lang='lat' dir='ltr'>non</span> <span class='ocrx_word' id='word_1_258' title='bbox 986 3969 1144 4027; x_wconf 90' lang='lat' dir='ltr'>adest</span> <span class='ocrx_word' id='word_1_259' title='bbox 1167 3976 1530 4045; x_wconf 56' lang='lat' dir='ltr'>praeceptum,</span> <span class='ocrx_word' id='word_1_260' title='bbox 1559 3975 1621 4026; x_wconf 89' lang='lat' dir='ltr'>ut</span> <span class='ocrx_word' id='word_1_261' title='bbox 1646 3971 1819 4030; x_wconf 90' lang='lat' dir='ltr'>homo</span> 
     </span>
     <span class='ocr_line' id='line_1_49' title="bbox 462 4051 1820 4125; baseline 0.001 -18"><span class='ocrx_word' id='word_1_262' title='bbox 462 4051 799 4124; x_wconf 88' lang='lat' dir='ltr'>quantocius</span> <span class='ocrx_word' id='word_1_263' title='bbox 824 4068 952 4109; x_wconf 89' lang='lat' dir='ltr'>eam</span> <span class='ocrx_word' id='word_1_264' title='bbox 974 4052 1228 4109; x_wconf 88' lang='lat' dir='ltr'>destruat</span> <span class='ocrx_word' id='word_1_265' title='bbox 1250 4068 1351 4125; x_wconf 89' lang='lat' dir='ltr'>per</span> <span class='ocrx_word' id='word_1_266' title='bbox 1372 4053 1653 4109; x_wconf 89' lang='lat' dir='ltr'>actualem</span> <span class='ocrx_word' id='word_1_267' title='bbox 1688 4068 1820 4111; x_wconf 90' lang='lat' dir='ltr'>con-</span> 
     </span>
     <span class='ocr_line' id='line_1_50' title="bbox 462 4131 1819 4206; baseline 0.001 -19"><span class='ocrx_word' id='word_1_268' title='bbox 462 4132 790 4189; x_wconf 87' lang='lat' dir='ltr'>versionem</span> <span class='ocrx_word' id='word_1_269' title='bbox 816 4131 887 4187; x_wconf 87' lang='lat' dir='ltr'>ad</span> <span class='ocrx_word' id='word_1_270' title='bbox 916 4134 1118 4199; x_wconf 91' lang='lat' dir='ltr'>Deum,</span> <span class='ocrx_word' id='word_1_271' title='bbox 1145 4136 1206 4188; x_wconf 86' lang='lat' dir='ltr'>ut</span> <span class='ocrx_word' id='word_1_272' title='bbox 1233 4136 1385 4206; x_wconf 88' lang='lat' dir='ltr'>patet</span> <span class='ocrx_word' id='word_1_273' title='bbox 1408 4132 1472 4189; x_wconf 93' lang='lat' dir='ltr'>in</span> <span class='ocrx_word' id='word_1_274' title='bbox 1491 4137 1640 4189; x_wconf 90' lang='lat' dir='ltr'>statu</span> <span class='ocrx_word' id='word_1_275' title='bbox 1670 4149 1819 4205; x_wconf 82' lang='lat' dir='ltr'>prae-</span> 
     </span>
     <span class='ocr_line' id='line_1_51' title="bbox 462 4211 1818 4286; baseline 0.001 -19"><span class='ocrx_word' id='word_1_276' title='bbox 462 4214 641 4269; x_wconf 86' lang='lat' dir='ltr'>sentis</span> <span class='ocrx_word' id='word_1_277' title='bbox 662 4211 1055 4285; x_wconf 59' lang='lat' dir='ltr'>providentia).</span> <span class='ocrx_word' id='word_1_278' title='bbox 1088 4212 1253 4269; x_wconf 90' lang='lat' dir='ltr'>Unde</span> <span class='ocrx_word' id='word_1_279' title='bbox 1278 4218 1662 4286; x_wconf 57' lang='lat' dir='ltr'>praeoccupata</span> <span class='ocrx_word' id='word_1_280' title='bbox 1688 4228 1818 4269; x_wconf 91' lang='lat' dir='ltr'>ma-</span> 
     </span>
     <span class='ocr_line' id='line_1_52' title="bbox 464 4292 1312 4368; baseline 0.005 -20"><span class='ocrx_word' id='word_1_281' title='bbox 464 4299 559 4350; x_wconf 91' lang='lat' dir='ltr'>net</span> <span class='ocrx_word' id='word_1_282' title='bbox 579 4295 749 4351; x_wconf 88' lang='lat' dir='ltr'>tacita</span> <span class='ocrx_word' id='word_1_283' title='bbox 774 4292 1032 4367; x_wconf 57' lang='lat' dir='ltr'>quaedam</span> <span class='ocrx_word' id='word_1_284' title='bbox 1053 4292 1312 4368; x_wconf 86' lang='lat' dir='ltr'>objectio.</span> 
     </span>
    </p>
   </div>
   <div class='ocr_carea' id='block_1_10' title="bbox 545 4382 1820 4457">
    <p class='ocr_par' dir='ltr' id='par_1_10' title="bbox 545 4382 1820 4457">
     <span class='ocr_line' id='line_1_53' title="bbox 545 4382 1820 4457; baseline 0.002 -18"><span class='ocrx_word' id='word_1_285' title='bbox 545 4385 668 4440; x_wconf 85' lang='lat'>157.</span> <span class='ocrx_word' id='word_1_286' title='bbox 710 4385 794 4439; x_wconf 83' lang='lat' dir='ltr'>Ex</span> <span class='ocrx_word' id='word_1_287' title='bbox 822 4382 911 4438; x_wconf 89' lang='lat' dir='ltr'>his</span> <span class='ocrx_word' id='word_1_288' title='bbox 934 4383 1073 4439; x_wconf 88' lang='lat' dir='ltr'>satis</span> <span class='ocrx_word' id='word_1_289' title='bbox 1095 4384 1272 4456; x_wconf 88' lang='lat' dir='ltr'>liquet</span> <span class='ocrx_word' id='word_1_290' title='bbox 1294 4382 1363 4439; x_wconf 89' lang='lat' dir='ltr'>ad</span> <span class='ocrx_word' id='word_1_291' title='bbox 1377 4384 1663 4455; x_wconf 85' lang='lat' dir='ltr'>exempla,</span> <span class='ocrx_word' id='word_1_292' title='bbox 1694 4385 1820 4457; x_wconf 90' lang='lat' dir='ltr'>qui-</span> 
     </span>
    </p>
   </div>
   <div class='ocr_carea' id='block_1_11' title="bbox 249 4461 1812 4543">
    <p class='ocr_par' dir='ltr' id='par_1_11' title="bbox 249 4461 1812 4543">
     <span class='ocr_line' id='line_1_54' title="bbox 249 4461 1812 4543; baseline 0.002 -21"><span class='ocrx_word' id='word_1_293' title='bbox 249 4490 439 4543; x_wconf 62' lang='lat' dir='ltr'>mmm„</span> <span class='ocrx_word' id='word_1_294' title='bbox 464 4461 569 4520; x_wconf 89' lang='lat' dir='ltr'>bus</span> <span class='ocrx_word' id='word_1_295' title='bbox 614 4465 850 4521; x_wconf 89' lang='lat' dir='ltr'>Suarius</span> <span class='ocrx_word' id='word_1_296' title='bbox 914 4464 1214 4523; x_wconf 88' lang='lat' dir='ltr'>muniebat</span> <span class='ocrx_word' id='word_1_297' title='bbox 1251 4481 1416 4522; x_wconf 89' lang='lat' dir='ltr'>suam</span> <span class='ocrx_word' id='word_1_298' title='bbox 1466 4465 1812 4525; x_wconf 89' lang='lat' dir='ltr'>doctrinam.</span> 
     </span>
    </p>
   </div>
   <div class='ocr_carea' id='block_1_12' title="bbox 247 4540 427 4633">
    <p class='ocr_par' dir='ltr' id='par_1_12' title="bbox 247 4540 427 4633">
     <span class='ocr_line' id='line_1_55' title="bbox 268 4540 427 4585; baseline -0.019 0"><span class='ocrx_word' id='word_1_299' title='bbox 268 4540 315 4585; x_wconf 84' lang='lat' dir='ltr'>in</span> <span class='ocrx_word' id='word_1_300' title='bbox 330 4549 427 4583; x_wconf 82' lang='lat' dir='ltr'>con·</span> 
     </span>
     <span class='ocr_line' id='line_1_56' title="bbox 247 4588 426 4633; baseline 0.006 -1"><span class='ocrx_word' id='word_1_301' title='bbox 247 4588 426 4633; x_wconf 74' lang='lat' dir='ltr'>trarium</span> 
     </span>
    </p>
   </div>
   <div class='ocr_carea' id='block_1_13' title="bbox 250 4637 447 4684">
    <p class='ocr_par' dir='ltr' id='par_1_13' title="bbox 250 4637 447 4684">
     <span class='ocr_line' id='line_1_57' title="bbox 250 4637 447 4684; baseline -0.015 0"><span class='ocrx_word' id='word_1_302' title='bbox 250 4637 447 4684; x_wconf 84' lang='lat' dir='ltr'>adducta.</span> 
     </span>
    </p>
   </div>
   <div class='ocr_carea' id='block_1_14' title="bbox 459 4545 1821 5032">
    <p class='ocr_par' dir='ltr' id='par_1_14' title="bbox 459 4545 1821 5032">
     <span class='ocr_line' id='line_1_58' title="bbox 463 4545 1818 4623; baseline 0.003 -21"><span class='ocrx_word' id='word_1_303' title='bbox 463 4546 731 4603; x_wconf 89' lang='lat' dir='ltr'>Primum</span> <span class='ocrx_word' id='word_1_304' title='bbox 770 4548 928 4604; x_wconf 90' lang='lat' dir='ltr'>enim</span> <span class='ocrx_word' id='word_1_305' title='bbox 957 4545 1294 4621; x_wconf 88' lang='lat' dir='ltr'>procedebat</span> <span class='ocrx_word' id='word_1_306' title='bbox 1339 4547 1403 4604; x_wconf 91' lang='lat' dir='ltr'>in</span> <span class='ocrx_word' id='word_1_307' title='bbox 1451 4548 1719 4623; x_wconf 87' lang='lat' dir='ltr'>physicis,</span> <span class='ocrx_word' id='word_1_308' title='bbox 1752 4549 1818 4606; x_wconf 93' lang='lat' dir='ltr'>in</span> 
     </span>
     <span class='ocr_line' id='line_1_59' title="bbox 461 4628 1821 4707; baseline 0.002 -21"><span class='ocrx_word' id='word_1_309' title='bbox 461 4629 670 4706; x_wconf 90' lang='lat' dir='ltr'>quibus</span> <span class='ocrx_word' id='word_1_310' title='bbox 693 4628 942 4688; x_wconf 88' lang='lat' dir='ltr'>libenter</span> <span class='ocrx_word' id='word_1_311' title='bbox 968 4629 1343 4698; x_wconf 79' lang='lat' dir='ltr'>admittimuS,</span> <span class='ocrx_word' id='word_1_312' title='bbox 1375 4646 1536 4704; x_wconf 90' lang='lat' dir='ltr'>posse</span> <span class='ocrx_word' id='word_1_313' title='bbox 1558 4632 1821 4707; x_wconf 87' lang='lat' dir='ltr'>negatio-</span> 
     </span>
     <span class='ocr_line' id='line_1_60' title="bbox 461 4712 1818 4786; baseline 0.001 -15"><span class='ocrx_word' id='word_1_314' title='bbox 461 4729 599 4772; x_wconf 91' lang='lat' dir='ltr'>nem</span> <span class='ocrx_word' id='word_1_315' title='bbox 622 4713 875 4772; x_wconf 88' lang='lat' dir='ltr'>transire</span> <span class='ocrx_word' id='word_1_316' title='bbox 918 4713 982 4770; x_wconf 91' lang='lat' dir='ltr'>in</span> <span class='ocrx_word' id='word_1_317' title='bbox 1024 4712 1431 4786; x_wconf 80' lang='lat' dir='ltr'>privationem,</span> <span class='ocrx_word' id='word_1_318' title='bbox 1466 4715 1561 4772; x_wconf 86' lang='lat' dir='ltr'>vel</span> <span class='ocrx_word' id='word_1_319' title='bbox 1602 4730 1641 4782; x_wconf 67' lang='lat' dir='ltr'>e,</span> <span class='ocrx_word' id='word_1_320' title='bbox 1678 4730 1818 4772; x_wconf 88' lang='lat' dir='ltr'>con-</span> 
     </span>
     <span class='ocr_line' id='line_1_61' title="bbox 460 4795 1818 4869; baseline 0.001 -15"><span class='ocrx_word' id='word_1_321' title='bbox 460 4813 645 4867; x_wconf 80' lang='lat' dir='ltr'>versO,</span> <span class='ocrx_word' id='word_1_322' title='bbox 674 4812 747 4854; x_wconf 84' lang='lat' dir='ltr'>ex</span> <span class='ocrx_word' id='word_1_323' title='bbox 793 4797 915 4855; x_wconf 90' lang='lat' dir='ltr'>sola</span> <span class='ocrx_word' id='word_1_324' title='bbox 941 4795 1263 4853; x_wconf 86' lang='lat' dir='ltr'>variatione</span> <span class='ocrx_word' id='word_1_325' title='bbox 1289 4795 1580 4869; x_wconf 88' lang='lat' dir='ltr'>temporis,</span> <span class='ocrx_word' id='word_1_326' title='bbox 1611 4812 1818 4855; x_wconf 89' lang='lat' dir='ltr'>secun-</span> 
     </span>
     <span class='ocr_line' id='line_1_62' title="bbox 459 4875 1820 4951; baseline 0.003 -18"><span class='ocrx_word' id='word_1_327' title='bbox 459 4876 603 4934; x_wconf 89' lang='lat' dir='ltr'>dum</span> <span class='ocrx_word' id='word_1_328' title='bbox 630 4877 782 4951; x_wconf 90' lang='lat' dir='ltr'>quod</span> <span class='ocrx_word' id='word_1_329' title='bbox 802 4876 1060 4946; x_wconf 90' lang='lat' dir='ltr'>debetur,</span> <span class='ocrx_word' id='word_1_330' title='bbox 1092 4880 1191 4934; x_wconf 89' lang='lat' dir='ltr'>aut</span> <span class='ocrx_word' id='word_1_331' title='bbox 1230 4892 1348 4935; x_wconf 90' lang='lat' dir='ltr'>non</span> <span class='ocrx_word' id='word_1_332' title='bbox 1369 4875 1609 4934; x_wconf 88' lang='lat' dir='ltr'>debetur</span> <span class='ocrx_word' id='word_1_333' title='bbox 1630 4878 1820 4937; x_wconf 84' lang='lat' dir='ltr'>forma</span> 
     </span>
     <span class='ocr_line' id='line_1_63' title="bbox 461 4955 1818 5032; baseline 0.001 -16"><span class='ocrx_word' id='word_1_334' title='bbox 461 4958 741 5032; x_wconf 88' lang='lat' dir='ltr'>opposita.</span> <span class='ocrx_word' id='word_1_335' title='bbox 773 4961 845 5015; x_wconf 87' lang='lat' dir='ltr'>At</span> <span class='ocrx_word' id='word_1_336' title='bbox 871 4960 936 5015; x_wconf 91' lang='lat' dir='ltr'>in</span> <span class='ocrx_word' id='word_1_337' title='bbox 962 4955 1283 5015; x_wconf 90' lang='lat' dir='ltr'>moralibus</span> <span class='ocrx_word' id='word_1_338' title='bbox 1322 4973 1482 5016; x_wconf 89' lang='lat' dir='ltr'>secus</span> <span class='ocrx_word' id='word_1_339' title='bbox 1503 4959 1723 5031; x_wconf 88' lang='lat' dir='ltr'>accidit,</span> <span class='ocrx_word' id='word_1_340' title='bbox 1756 4966 1818 5017; x_wconf 90' lang='lat' dir='ltr'>ut</span> 
     </span>
    </p>
   </div>
   <div class='ocr_carea' id='block_1_15' title="bbox 1406 368 2363 427">
    <p class='ocr_par' dir='ltr' id='par_1_15' title="bbox 1406 368 2363 427">
     <span class='ocr_line' id='line_1_64' title="bbox 1406 368 2363 427; baseline -0.003 0"><span class='ocrx_word' id='word_1_341' title='bbox 1406 373 1500 427; x_wconf 86' lang='lat' dir='ltr'>DE</span> <span class='ocrx_word' id='word_1_342' title='bbox 1538 369 2121 427; x_wconf 77' lang='lat' dir='ltr'>JUSTIFICATIONE</span> <span class='ocrx_word' id='word_1_343' title='bbox 2163 368 2363 424; x_wconf 80' lang='lat' dir='ltr'>1MP11.</span> 
     </span>
    </p>
   </div>
   <div class='ocr_carea' id='block_1_16' title="bbox 1970 540 3348 1753">
    <p class='ocr_par' dir='ltr' id='par_1_16' title="bbox 1970 540 3348 1753">
     <span class='ocr_line' id='line_1_65' title="bbox 1979 540 3348 614; baseline 0.001 -17"><span class='ocrx_word' id='word_1_344' title='bbox 1979 541 2149 599; x_wconf 93' lang='lat' dir='ltr'>modo</span> <span class='ocrx_word' id='word_1_345' title='bbox 2176 540 2464 608; x_wconf 88' lang='lat' dir='ltr'>vidimus;</span> <span class='ocrx_word' id='word_1_346' title='bbox 2495 542 2628 614; x_wconf 88' lang='lat' dir='ltr'>quia</span> <span class='ocrx_word' id='word_1_347' title='bbox 2668 541 2817 614; x_wconf 90' lang='lat' dir='ltr'>quod</span> <span class='ocrx_word' id='word_1_348' title='bbox 2847 542 2909 597; x_wconf 92' lang='lat' dir='ltr'>in</span> <span class='ocrx_word' id='word_1_349' title='bbox 2955 541 3037 599; x_wconf 91' lang='lat' dir='ltr'>eis</span> <span class='ocrx_word' id='word_1_350' title='bbox 3083 543 3348 598; x_wconf 71' lang='lat' dir='ltr'>carentia</span> 
     </span>
     <span class='ocr_line' id='line_1_66' title="bbox 1976 621 3340 695; baseline 0.002 -19"><span class='ocrx_word' id='word_1_351' title='bbox 1976 621 2048 677; x_wconf 91' lang='lat' dir='ltr'>sit</span> <span class='ocrx_word' id='word_1_352' title='bbox 2072 621 2340 694; x_wconf 90' lang='lat' dir='ltr'>privati0‚</span> <span class='ocrx_word' id='word_1_353' title='bbox 2370 623 2667 695; x_wconf 84' lang='lat' dir='ltr'>regulatur</span> <span class='ocrx_word' id='word_1_354' title='bbox 2714 621 2994 694; x_wconf 81' lang='lat' dir='ltr'>praecipue</span> <span class='ocrx_word' id='word_1_355' title='bbox 3023 637 3196 694; x_wconf 89' lang='lat' dir='ltr'>penes</span> <span class='ocrx_word' id='word_1_356' title='bbox 3234 621 3340 679; x_wconf 87' lang='lat' dir='ltr'>de-</span> 
     </span>
     <span class='ocr_line' id='line_1_67' title="bbox 1976 702 3338 778; baseline 0.001 -19"><span class='ocrx_word' id='word_1_357' title='bbox 1976 702 2162 760; x_wconf 90' lang='lat' dir='ltr'>bitum</span> <span class='ocrx_word' id='word_1_358' title='bbox 2184 705 2542 776; x_wconf 88' lang='lat' dir='ltr'>intempore,</span> <span class='ocrx_word' id='word_1_359' title='bbox 2576 704 2640 759; x_wconf 93' lang='lat' dir='ltr'>in</span> <span class='ocrx_word' id='word_1_360' title='bbox 2667 719 2778 776; x_wconf 90' lang='lat' dir='ltr'>quo</span> <span class='ocrx_word' id='word_1_361' title='bbox 2804 702 3119 771; x_wconf 89' lang='lat' dir='ltr'>inducitur,</span> <span class='ocrx_word' id='word_1_362' title='bbox 3150 709 3206 761; x_wconf 89' lang='lat' dir='ltr'>et</span> <span class='ocrx_word' id='word_1_363' title='bbox 3234 718 3338 778; x_wconf 88' lang='lat' dir='ltr'>pe-</span> 
     </span>
     <span class='ocr_line' id='line_1_68' title="bbox 1975 783 3345 859; baseline 0.002 -20"><span class='ocrx_word' id='word_1_364' title='bbox 1975 800 2078 841; x_wconf 89' lang='lat' dir='ltr'>nes</span> <span class='ocrx_word' id='word_1_365' title='bbox 2120 790 2326 852; x_wconf 87' lang='lat' dir='ltr'>actum,</span> <span class='ocrx_word' id='word_1_366' title='bbox 2365 801 2478 859; x_wconf 90' lang='lat' dir='ltr'>quo</span> <span class='ocrx_word' id='word_1_367' title='bbox 2529 789 2939 842; x_wconf 87' lang='lat' dir='ltr'>conservatur:</span> <span class='ocrx_word' id='word_1_368' title='bbox 2968 791 3024 842; x_wconf 91' lang='lat' dir='ltr'>et</span> <span class='ocrx_word' id='word_1_369' title='bbox 3072 783 3169 841; x_wconf 88' lang='lat' dir='ltr'>ubi</span> <span class='ocrx_word' id='word_1_370' title='bbox 3216 785 3345 842; x_wconf 80' lang='lat' dir='ltr'>haec</span> 
     </span>
     <span class='ocr_line' id='line_1_69' title="bbox 1976 864 3330 939; baseline 0.001 -18"><span class='ocrx_word' id='word_1_371' title='bbox 1976 864 2202 930; x_wconf 89' lang='lat' dir='ltr'>adsunt,</span> <span class='ocrx_word' id='word_1_372' title='bbox 2252 865 2511 922; x_wconf 86' lang='lat' dir='ltr'>carentia</span> <span class='ocrx_word' id='word_1_373' title='bbox 2537 880 2654 922; x_wconf 90' lang='lat' dir='ltr'>non</span> <span class='ocrx_word' id='word_1_374' title='bbox 2698 871 2784 921; x_wconf 90' lang='lat' dir='ltr'>est</span> <span class='ocrx_word' id='word_1_375' title='bbox 2808 865 3055 937; x_wconf 84' lang='lat' dir='ltr'>simplex</span> <span class='ocrx_word' id='word_1_376' title='bbox 3082 866 3330 939; x_wconf 81' lang='lat' dir='ltr'>negatiO,</span> 
     </span>
     <span class='ocr_line' id='line_1_70' title="bbox 1973 946 3327 1021; baseline 0.002 -18"><span class='ocrx_word' id='word_1_377' title='bbox 1973 946 2071 1004; x_wconf 88' lang='lat' dir='ltr'>sed</span> <span class='ocrx_word' id='word_1_378' title='bbox 2101 947 2718 1019; x_wconf 88' lang='lat' dir='ltr'>privati0.Secundum</span> <span class='ocrx_word' id='word_1_379' title='bbox 2766 946 3018 1021; x_wconf 88' lang='lat' dir='ltr'>procedit</span> <span class='ocrx_word' id='word_1_380' title='bbox 3066 948 3129 1004; x_wconf 90' lang='lat' dir='ltr'>in</span> <span class='ocrx_word' id='word_1_381' title='bbox 3175 953 3327 1013; x_wconf 88' lang='lat' dir='ltr'>voto,</span> 
     </span>
     <span class='ocr_line' id='line_1_71' title="bbox 1974 1027 3338 1105; baseline 0.002 -21"><span class='ocrx_word' id='word_1_382' title='bbox 1974 1029 2133 1102; x_wconf 88' lang='lat' dir='ltr'>cujus</span> <span class='ocrx_word' id='word_1_383' title='bbox 2153 1028 2427 1105; x_wconf 82' lang='lat' dir='ltr'>obligatio</span> <span class='ocrx_word' id='word_1_384' title='bbox 2474 1046 2592 1086; x_wconf 92' lang='lat' dir='ltr'>non</span> <span class='ocrx_word' id='word_1_385' title='bbox 2637 1027 2920 1103; x_wconf 89' lang='lat' dir='ltr'>dependet</span> <span class='ocrx_word' id='word_1_386' title='bbox 2967 1028 3255 1102; x_wconf 74' lang='lat' dir='ltr'>adaequate</span> <span class='ocrx_word' id='word_1_387' title='bbox 3300 1046 3338 1086; x_wconf 83' lang='lat' dir='ltr'>a</span> 
     </span>
     <span class='ocr_line' id='line_1_72' title="bbox 1974 1111 3344 1184; baseline 0.001 -18"><span class='ocrx_word' id='word_1_388' title='bbox 1974 1115 2239 1178; x_wconf 89' lang='lat' dir='ltr'>vovente,</span> <span class='ocrx_word' id='word_1_389' title='bbox 2272 1111 2367 1169; x_wconf 89' lang='lat' dir='ltr'>sed</span> <span class='ocrx_word' id='word_1_390' title='bbox 2396 1128 2430 1168; x_wconf 92' lang='lat' dir='ltr'>a</span> <span class='ocrx_word' id='word_1_391' title='bbox 2476 1113 2589 1168; x_wconf 91' lang='lat' dir='ltr'>Deo</span> <span class='ocrx_word' id='word_1_392' title='bbox 2618 1117 2942 1184; x_wconf 87' lang='lat' dir='ltr'>acceptante</span> <span class='ocrx_word' id='word_1_393' title='bbox 2967 1140 2979 1173; x_wconf 88' lang='lat'>:</span> <span class='ocrx_word' id='word_1_394' title='bbox 3005 1111 3157 1168; x_wconf 90' lang='lat' dir='ltr'>unde</span> <span class='ocrx_word' id='word_1_395' title='bbox 3188 1112 3344 1168; x_wconf 79' lang='lat' dir='ltr'>sicut</span> 
     </span>
     <span class='ocr_line' id='line_1_73' title="bbox 1974 1194 3334 1267; baseline 0.001 -18"><span class='ocrx_word' id='word_1_396' title='bbox 1974 1196 2121 1249; x_wconf 88' lang='lat' dir='ltr'>Deus</span> <span class='ocrx_word' id='word_1_397' title='bbox 2142 1199 2319 1267; x_wconf 87' lang='lat' dir='ltr'>potest</span> <span class='ocrx_word' id='word_1_398' title='bbox 2354 1199 2551 1251; x_wconf 88' lang='lat' dir='ltr'>votum</span> <span class='ocrx_word' id='word_1_399' title='bbox 2581 1209 2613 1249; x_wconf 92' lang='lat' dir='ltr'>a</span> <span class='ocrx_word' id='word_1_400' title='bbox 2653 1194 2942 1267; x_wconf 89' lang='lat' dir='ltr'>principio</span> <span class='ocrx_word' id='word_1_401' title='bbox 2990 1210 3108 1251; x_wconf 91' lang='lat' dir='ltr'>non</span> <span class='ocrx_word' id='word_1_402' title='bbox 3136 1210 3334 1267; x_wconf 91' lang='lat' dir='ltr'>accep-</span> 
     </span>
     <span class='ocr_line' id='line_1_74' title="bbox 1973 1272 3333 1346; baseline -0.001 -16"><span class='ocrx_word' id='word_1_403' title='bbox 1973 1278 2114 1340; x_wconf 88' lang='lat' dir='ltr'>tare,</span> <span class='ocrx_word' id='word_1_404' title='bbox 2140 1279 2197 1329; x_wconf 90' lang='lat' dir='ltr'>et</span> <span class='ocrx_word' id='word_1_405' title='bbox 2217 1277 2352 1346; x_wconf 86' lang='lat' dir='ltr'>tunc</span> <span class='ocrx_word' id='word_1_406' title='bbox 2374 1272 2538 1330; x_wconf 90' lang='lat' dir='ltr'>nulla</span> <span class='ocrx_word' id='word_1_407' title='bbox 2553 1289 2624 1330; x_wconf 86' lang='lat' dir='ltr'>ex</span> <span class='ocrx_word' id='word_1_408' title='bbox 2646 1279 2777 1331; x_wconf 90' lang='lat' dir='ltr'>voto</span> <span class='ocrx_word' id='word_1_409' title='bbox 2803 1272 3174 1330; x_wconf 88' lang='lat' dir='ltr'>induceretur</span> <span class='ocrx_word' id='word_1_410' title='bbox 3189 1272 3333 1331; x_wconf 90' lang='lat' dir='ltr'>obli-</span> 
     </span>
     <span class='ocr_line' id='line_1_75' title="bbox 1971 1354 3339 1429; baseline 0 -18"><span class='ocrx_word' id='word_1_411' title='bbox 1971 1354 2124 1429; x_wconf 86' lang='lat' dir='ltr'>gatio</span> <span class='ocrx_word' id='word_1_412' title='bbox 2150 1375 2164 1409; x_wconf 86' lang='lat'>:</span> <span class='ocrx_word' id='word_1_413' title='bbox 2196 1354 2275 1410; x_wconf 87' lang='lat' dir='ltr'>ita</span> <span class='ocrx_word' id='word_1_414' title='bbox 2326 1358 2508 1427; x_wconf 88' lang='lat' dir='ltr'>potest</span> <span class='ocrx_word' id='word_1_415' title='bbox 2566 1354 2713 1411; x_wconf 86' lang='lat' dir='ltr'>illud</span> <span class='ocrx_word' id='word_1_416' title='bbox 2762 1357 3054 1427; x_wconf 88' lang='lat' dir='ltr'>acceptare</span> <span class='ocrx_word' id='word_1_417' title='bbox 3100 1355 3339 1428; x_wconf 80' lang='lat' dir='ltr'>praecise</span> 
     </span>
     <span class='ocr_line' id='line_1_76' title="bbox 1976 1436 3335 1510; baseline 0.001 -18"><span class='ocrx_word' id='word_1_418' title='bbox 1976 1452 2150 1510; x_wconf 89' lang='lat' dir='ltr'>usque</span> <span class='ocrx_word' id='word_1_419' title='bbox 2192 1436 2263 1493; x_wconf 91' lang='lat' dir='ltr'>ad</span> <span class='ocrx_word' id='word_1_420' title='bbox 2314 1436 2766 1494; x_wconf 89' lang='lat' dir='ltr'>determinatum</span> <span class='ocrx_word' id='word_1_421' title='bbox 2813 1442 3151 1510; x_wconf 79' lang='lat' dir='ltr'>tempus3et</span> <span class='ocrx_word' id='word_1_422' title='bbox 3197 1443 3335 1494; x_wconf 87' lang='lat' dir='ltr'>tunc</span> 
     </span>
     <span class='ocr_line' id='line_1_77' title="bbox 1971 1516 3332 1591; baseline -0.001 -17"><span class='ocrx_word' id='word_1_423' title='bbox 1971 1516 2245 1591; x_wconf 87' lang='lat' dir='ltr'>obligatio</span> <span class='ocrx_word' id='word_1_424' title='bbox 2266 1523 2390 1573; x_wconf 87' lang='lat' dir='ltr'>orta</span> <span class='ocrx_word' id='word_1_425' title='bbox 2406 1534 2478 1574; x_wconf 85' lang='lat' dir='ltr'>ex</span> <span class='ocrx_word' id='word_1_426' title='bbox 2499 1523 2631 1574; x_wconf 89' lang='lat' dir='ltr'>voto</span> <span class='ocrx_word' id='word_1_427' title='bbox 2652 1516 2883 1574; x_wconf 86' lang='lat' dir='ltr'>durabit</span> <span class='ocrx_word' id='word_1_428' title='bbox 2896 1533 3069 1590; x_wconf 90' lang='lat' dir='ltr'>usque</span> <span class='ocrx_word' id='word_1_429' title='bbox 3090 1516 3160 1574; x_wconf 87' lang='lat' dir='ltr'>ad</span> <span class='ocrx_word' id='word_1_430' title='bbox 3184 1516 3332 1574; x_wconf 91' lang='lat' dir='ltr'>illud</span> 
     </span>
     <span class='ocr_line' id='line_1_78' title="bbox 1972 1597 3331 1671; baseline -0.001 -14"><span class='ocrx_word' id='word_1_431' title='bbox 1972 1605 2217 1671; x_wconf 85' lang='lat' dir='ltr'>tempus,</span> <span class='ocrx_word' id='word_1_432' title='bbox 2248 1604 2305 1654; x_wconf 89' lang='lat' dir='ltr'>et</span> <span class='ocrx_word' id='word_1_433' title='bbox 2327 1614 2445 1654; x_wconf 92' lang='lat' dir='ltr'>non</span> <span class='ocrx_word' id='word_1_434' title='bbox 2478 1597 2746 1670; x_wconf 91' lang='lat' dir='ltr'>amplius.</span> <span class='ocrx_word' id='word_1_435' title='bbox 2781 1600 3060 1655; x_wconf 73' lang='lat' dir='ltr'>Caeterum</span> <span class='ocrx_word' id='word_1_436' title='bbox 3104 1599 3331 1655; x_wconf 78' lang='lat' dir='ltr'>macula</span> 
     </span>
     <span class='ocr_line' id='line_1_79' title="bbox 1970 1679 3330 1753; baseline 0 -17"><span class='ocrx_word' id='word_1_437' title='bbox 1970 1696 2042 1737; x_wconf 86' lang='lat' dir='ltr'>ex</span> <span class='ocrx_word' id='word_1_438' title='bbox 2065 1682 2287 1753; x_wconf 89' lang='lat' dir='ltr'>peccato</span> <span class='ocrx_word' id='word_1_439' title='bbox 2308 1679 2515 1735; x_wconf 88' lang='lat' dir='ltr'>actuali</span> <span class='ocrx_word' id='word_1_440' title='bbox 2546 1679 2745 1735; x_wconf 87' lang='lat' dir='ltr'>relicta</span> <span class='ocrx_word' id='word_1_441' title='bbox 2765 1685 3030 1736; x_wconf 87' lang='lat' dir='ltr'>causatur</span> <span class='ocrx_word' id='word_1_442' title='bbox 3066 1680 3231 1737; x_wconf 90' lang='lat' dir='ltr'>unice</span> <span class='ocrx_word' id='word_1_443' title='bbox 3258 1679 3330 1736; x_wconf 89' lang='lat' dir='ltr'>ab</span> 
     </span>
    </p>
   </div>
   <div class='ocr_carea' id='block_1_17' title="bbox 1925 1759 3323 1828">
    <p class='ocr_par' dir='ltr' id='par_1_17' title="bbox 1925 1759 3323 1828">
     <span class='ocr_line' id='line_1_80' title="bbox 1925 1759 3323 1828; baseline 0.004 -15"><span class='ocrx_word' id='word_1_444' title='bbox 1925 1810 1928 1813; x_wconf 17' lang='grc' dir='ltr'><strong>Α</strong></span> <span class='ocrx_word' id='word_1_445' title='bbox 1971 1761 2227 1827; x_wconf 78' lang='lat' dir='ltr'>homine,</span> <span class='ocrx_word' id='word_1_446' title='bbox 2263 1766 2320 1817; x_wconf 88' lang='lat' dir='ltr'>et</span> <span class='ocrx_word' id='word_1_447' title='bbox 2345 1759 2516 1817; x_wconf 89' lang='lat' dir='ltr'>durat</span> <span class='ocrx_word' id='word_1_448' title='bbox 2550 1776 2621 1817; x_wconf 83' lang='lat' dir='ltr'>ex</span> <span class='ocrx_word' id='word_1_449' title='bbox 2666 1776 2728 1818; x_wconf 87' lang='lat' dir='ltr'>se</span> <span class='ocrx_word' id='word_1_450' title='bbox 2773 1762 2901 1818; x_wconf 89' lang='lat' dir='ltr'>sine</span> <span class='ocrx_word' id='word_1_451' title='bbox 2954 1762 3323 1828; x_wconf 87' lang='lat' dir='ltr'>limitatione,</span> 
     </span>
    </p>
   </div>
   <div class='ocr_carea' id='block_1_18' title="bbox 1960 1841 3328 3050">
    <p class='ocr_par' dir='ltr' id='par_1_18' title="bbox 1960 1841 3328 3050">
     <span class='ocr_line' id='line_1_81' title="bbox 1971 1841 3323 1919; baseline 0 -22"><span class='ocrx_word' id='word_1_452' title='bbox 1971 1842 2083 1898; x_wconf 92' lang='lat' dir='ltr'>nisi</span> <span class='ocrx_word' id='word_1_453' title='bbox 2121 1841 2293 1898; x_wconf 90' lang='lat' dir='ltr'>homo</span> <span class='ocrx_word' id='word_1_454' title='bbox 2335 1844 2599 1897; x_wconf 88' lang='lat' dir='ltr'>retractet</span> <span class='ocrx_word' id='word_1_455' title='bbox 2646 1841 2897 1914; x_wconf 91' lang='lat' dir='ltr'>priorem</span> <span class='ocrx_word' id='word_1_456' title='bbox 2945 1843 3323 1919; x_wconf 85' lang='lat' dir='ltr'>voluntatem,</span> 
     </span>
     <span class='ocr_line' id='line_1_82' title="bbox 1969 1922 3325 1995; baseline 0 -16"><span class='ocrx_word' id='word_1_457' title='bbox 1969 1923 2060 1980; x_wconf 80' lang='lat' dir='ltr'>vel</span> <span class='ocrx_word' id='word_1_458' title='bbox 2100 1922 2383 1980; x_wconf 89' lang='lat' dir='ltr'>eliciendo</span> <span class='ocrx_word' id='word_1_459' title='bbox 2417 1926 2603 1978; x_wconf 90' lang='lat' dir='ltr'>actum</span> <span class='ocrx_word' id='word_1_460' title='bbox 2643 1922 2987 1995; x_wconf 87' lang='lat' dir='ltr'>oppositum,</span> <span class='ocrx_word' id='word_1_461' title='bbox 3042 1925 3133 1979; x_wconf 78' lang='lat' dir='ltr'>vel</span> <span class='ocrx_word' id='word_1_462' title='bbox 3176 1925 3325 1981; x_wconf 91' lang='lat' dir='ltr'>reci-</span> 
     </span>
     <span class='ocr_line' id='line_1_83' title="bbox 1966 2001 3326 2076; baseline 0 -17"><span class='ocrx_word' id='word_1_463' title='bbox 1966 2001 2232 2075; x_wconf 90' lang='lat' dir='ltr'>cipiendo</span> <span class='ocrx_word' id='word_1_464' title='bbox 2271 2003 2543 2067; x_wconf 82' lang='lat' dir='ltr'>formam,</span> <span class='ocrx_word' id='word_1_465' title='bbox 2576 2001 2640 2056; x_wconf 91' lang='lat' dir='ltr'>in</span> <span class='ocrx_word' id='word_1_466' title='bbox 2672 2016 2785 2073; x_wconf 90' lang='lat' dir='ltr'>qua</span> <span class='ocrx_word' id='word_1_467' title='bbox 2822 2003 3148 2059; x_wconf 88' lang='lat' dir='ltr'>eminenter</span> <span class='ocrx_word' id='word_1_468' title='bbox 3175 2019 3326 2076; x_wconf 84' lang='lat' dir='ltr'>prae-</span> 
     </span>
     <span class='ocr_line' id='line_1_84' title="bbox 1968 2082 3328 2159; baseline 0.003 -19"><span class='ocrx_word' id='word_1_469' title='bbox 1968 2084 2250 2142; x_wconf 88' lang='lat' dir='ltr'>habeatur</span> <span class='ocrx_word' id='word_1_470' title='bbox 2272 2084 2377 2140; x_wconf 89' lang='lat' dir='ltr'>illa</span> <span class='ocrx_word' id='word_1_471' title='bbox 2407 2082 2755 2140; x_wconf 88' lang='lat' dir='ltr'>retractatio.</span> <span class='ocrx_word' id='word_1_472' title='bbox 2800 2083 2965 2141; x_wconf 91' lang='lat' dir='ltr'>Unde</span> <span class='ocrx_word' id='word_1_473' title='bbox 3016 2100 3087 2142; x_wconf 86' lang='lat' dir='ltr'>ex</span> <span class='ocrx_word' id='word_1_474' title='bbox 3113 2102 3328 2159; x_wconf 90' lang='lat' dir='ltr'>suppo-</span> 
     </span>
     <span class='ocr_line' id='line_1_85' title="bbox 1967 2166 3324 2241; baseline 0.002 -19"><span class='ocrx_word' id='word_1_475' title='bbox 1967 2168 2195 2235; x_wconf 87' lang='lat' dir='ltr'>sitione,</span> <span class='ocrx_word' id='word_1_476' title='bbox 2249 2166 2399 2241; x_wconf 92' lang='lat' dir='ltr'>quod</span> <span class='ocrx_word' id='word_1_477' title='bbox 2451 2169 2601 2222; x_wconf 89' lang='lat' dir='ltr'>Deus</span> <span class='ocrx_word' id='word_1_478' title='bbox 2645 2166 2975 2237; x_wconf 88' lang='lat' dir='ltr'>permiserit</span> <span class='ocrx_word' id='word_1_479' title='bbox 3025 2167 3324 2225; x_wconf 89' lang='lat' dir='ltr'>hominem</span> 
     </span>
     <span class='ocr_line' id='line_1_86' title="bbox 1968 2245 3310 2321; baseline 0.001 -18"><span class='ocrx_word' id='word_1_480' title='bbox 1968 2262 2225 2319; x_wconf 88' lang='lat' dir='ltr'>peccare,</span> <span class='ocrx_word' id='word_1_481' title='bbox 2255 2252 2311 2303; x_wconf 87' lang='lat' dir='ltr'>et</span> <span class='ocrx_word' id='word_1_482' title='bbox 2339 2245 2648 2318; x_wconf 89' lang='lat' dir='ltr'>producere</span> <span class='ocrx_word' id='word_1_483' title='bbox 2686 2247 2970 2302; x_wconf 88' lang='lat' dir='ltr'>maculam</span> <span class='ocrx_word' id='word_1_484' title='bbox 3000 2246 3062 2303; x_wconf 89' lang='lat' dir='ltr'>in</span> <span class='ocrx_word' id='word_1_485' title='bbox 3107 2249 3310 2321; x_wconf 86' lang='lat' dir='ltr'>seips0,</span> 
     </span>
     <span class='ocr_line' id='line_1_87' title="bbox 1968 2326 3325 2403; baseline 0.001 -19"><span class='ocrx_word' id='word_1_486' title='bbox 1968 2344 2086 2384; x_wconf 90' lang='lat' dir='ltr'>non</span> <span class='ocrx_word' id='word_1_487' title='bbox 2109 2335 2289 2401; x_wconf 86' lang='lat' dir='ltr'>potest</span> <span class='ocrx_word' id='word_1_488' title='bbox 2310 2344 2413 2401; x_wconf 93' lang='lat' dir='ltr'>pro</span> <span class='ocrx_word' id='word_1_489' title='bbox 2452 2326 2618 2385; x_wconf 92' lang='lat' dir='ltr'>libito</span> <span class='ocrx_word' id='word_1_490' title='bbox 2643 2342 2771 2384; x_wconf 90' lang='lat' dir='ltr'>eam</span> <span class='ocrx_word' id='word_1_491' title='bbox 2820 2331 3107 2386; x_wconf 89' lang='lat' dir='ltr'>maculam</span> <span class='ocrx_word' id='word_1_492' title='bbox 3148 2346 3325 2403; x_wconf 90' lang='lat' dir='ltr'>usque</span> 
     </span>
     <span class='ocr_line' id='line_1_88' title="bbox 1968 2409 3324 2485; baseline 0.002 -20"><span class='ocrx_word' id='word_1_493' title='bbox 1968 2409 2039 2465; x_wconf 91' lang='lat' dir='ltr'>ad</span> <span class='ocrx_word' id='word_1_494' title='bbox 2065 2409 2519 2467; x_wconf 88' lang='lat' dir='ltr'>determinatum</span> <span class='ocrx_word' id='word_1_495' title='bbox 2541 2414 2767 2483; x_wconf 89' lang='lat' dir='ltr'>tempus</span> <span class='ocrx_word' id='word_1_496' title='bbox 2779 2410 3130 2483; x_wconf 88' lang='lat' dir='ltr'>permittere,</span> <span class='ocrx_word' id='word_1_497' title='bbox 3153 2417 3324 2485; x_wconf 89' lang='lat' dir='ltr'>etper</span> 
     </span>
     <span class='ocr_line' id='line_1_89' title="bbox 1963 2489 3326 2550; baseline 0.003 -5"><span class='ocrx_word' id='word_1_498' title='bbox 1963 2491 2148 2547; x_wconf 90' lang='lat' dir='ltr'>solam</span> <span class='ocrx_word' id='word_1_499' title='bbox 2177 2490 2564 2547; x_wconf 87' lang='lat' dir='ltr'>variationem</span> <span class='ocrx_word' id='word_1_500' title='bbox 2585 2489 2762 2547; x_wconf 89' lang='lat' dir='ltr'>debiti</span> <span class='ocrx_word' id='word_1_501' title='bbox 2784 2506 2913 2547; x_wconf 92' lang='lat' dir='ltr'>eam</span> <span class='ocrx_word' id='word_1_502' title='bbox 2936 2496 3326 2550; x_wconf 81' lang='lat' dir='ltr'>transmutare</span> 
     </span>
     <span class='ocr_line' id='line_1_90' title="bbox 1964 2569 3320 2649; baseline 0.004 -24"><span class='ocrx_word' id='word_1_503' title='bbox 1964 2569 2035 2625; x_wconf 90' lang='lat' dir='ltr'>ab</span> <span class='ocrx_word' id='word_1_504' title='bbox 2062 2573 2210 2625; x_wconf 88' lang='lat' dir='ltr'>statu</span> <span class='ocrx_word' id='word_1_505' title='bbox 2253 2570 2601 2642; x_wconf 90' lang='lat' dir='ltr'>privationis</span> <span class='ocrx_word' id='word_1_506' title='bbox 2627 2571 2692 2626; x_wconf 91' lang='lat' dir='ltr'>in</span> <span class='ocrx_word' id='word_1_507' title='bbox 2720 2577 2932 2628; x_wconf 90' lang='lat' dir='ltr'>statum</span> <span class='ocrx_word' id='word_1_508' title='bbox 2960 2574 3280 2649; x_wconf 83' lang='lat' dir='ltr'>negationis</span> <span class='ocrx_word' id='word_1_509' title='bbox 3305 2595 3320 2630; x_wconf 88' lang='lat'><strong>:</strong></span> 
     </span>
     <span class='ocr_line' id='line_1_91' title="bbox 1960 2648 3326 2725; baseline 0.004 -19"><span class='ocrx_word' id='word_1_510' title='bbox 1960 2648 2061 2706; x_wconf 90' lang='lat' dir='ltr'>sed</span> <span class='ocrx_word' id='word_1_511' title='bbox 2113 2650 2487 2706; x_wconf 85' lang='lat' dir='ltr'>necessitatur</span> <span class='ocrx_word' id='word_1_512' title='bbox 2531 2651 2626 2707; x_wconf 89' lang='lat' dir='ltr'>vel</span> <span class='ocrx_word' id='word_1_513' title='bbox 2678 2667 2807 2707; x_wconf 89' lang='lat' dir='ltr'>eam</span> <span class='ocrx_word' id='word_1_514' title='bbox 2873 2654 3209 2725; x_wconf 88' lang='lat' dir='ltr'>permittere</span> <span class='ocrx_word' id='word_1_515' title='bbox 3261 2655 3326 2711; x_wconf 90' lang='lat' dir='ltr'>in</span> 
     </span>
     <span class='ocr_line' id='line_1_92' title="bbox 1962 2730 3327 2803; baseline 0.003 -16"><span class='ocrx_word' id='word_1_516' title='bbox 1962 2735 2268 2796; x_wconf 81' lang='lat' dir='ltr'>aeternum,</span> <span class='ocrx_word' id='word_1_517' title='bbox 2307 2731 2400 2787; x_wconf 84' lang='lat' dir='ltr'>vel</span> <span class='ocrx_word' id='word_1_518' title='bbox 2426 2730 2613 2803; x_wconf 90' lang='lat' dir='ltr'>ipsam</span> <span class='ocrx_word' id='word_1_519' title='bbox 2652 2730 2948 2790; x_wconf 89' lang='lat' dir='ltr'>destruere</span> <span class='ocrx_word' id='word_1_520' title='bbox 2988 2734 3179 2791; x_wconf 88' lang='lat' dir='ltr'>media</span> <span class='ocrx_word' id='word_1_521' title='bbox 3204 2735 3327 2791; x_wconf 91' lang='lat' dir='ltr'>im-</span> 
     </span>
     <span class='ocr_line' id='line_1_93' title="bbox 1961 2811 3323 2886; baseline 0.005 -20"><span class='ocrx_word' id='word_1_522' title='bbox 1961 2811 2287 2867; x_wconf 89' lang='lat' dir='ltr'>mutatione</span> <span class='ocrx_word' id='word_1_523' title='bbox 2314 2811 2634 2869; x_wconf 88' lang='lat' dir='ltr'>intrinseca</span> <span class='ocrx_word' id='word_1_524' title='bbox 2681 2814 3005 2886; x_wconf 88' lang='lat' dir='ltr'>peccatoris,</span> <span class='ocrx_word' id='word_1_525' title='bbox 3055 2815 3148 2870; x_wconf 91' lang='lat' dir='ltr'>cui</span> <span class='ocrx_word' id='word_1_526' title='bbox 3180 2831 3323 2873; x_wconf 88' lang='lat' dir='ltr'>con-</span> 
     </span>
     <span class='ocr_line' id='line_1_94' title="bbox 1961 2893 3323 2967; baseline 0.004 -18"><span class='ocrx_word' id='word_1_527' title='bbox 1961 2893 2110 2951; x_wconf 83' lang='lat' dir='ltr'>ferat</span> <span class='ocrx_word' id='word_1_528' title='bbox 2135 2898 2234 2950; x_wconf 88' lang='lat' dir='ltr'>aut</span> <span class='ocrx_word' id='word_1_529' title='bbox 2258 2893 2506 2967; x_wconf 85' lang='lat' dir='ltr'>gratiam</span> <span class='ocrx_word' id='word_1_530' title='bbox 2534 2893 3005 2963; x_wconf 86' lang='lat' dir='ltr'>sanctificantem,</span> <span class='ocrx_word' id='word_1_531' title='bbox 3037 2901 3133 2952; x_wconf 88' lang='lat' dir='ltr'>aut</span> <span class='ocrx_word' id='word_1_532' title='bbox 3150 2899 3323 2955; x_wconf 86' lang='lat' dir='ltr'>auxi-</span> 
     </span>
     <span class='ocr_line' id='line_1_95' title="bbox 1960 2973 3315 3050; baseline 0.006 -20"><span class='ocrx_word' id='word_1_533' title='bbox 1960 2975 2107 3031; x_wconf 89' lang='lat' dir='ltr'>lium</span> <span class='ocrx_word' id='word_1_534' title='bbox 2146 2973 2216 3031; x_wconf 88' lang='lat' dir='ltr'>ad</span> <span class='ocrx_word' id='word_1_535' title='bbox 2245 2974 2670 3032; x_wconf 89' lang='lat' dir='ltr'>retractandum</span> <span class='ocrx_word' id='word_1_536' title='bbox 2722 2980 2908 3032; x_wconf 91' lang='lat' dir='ltr'>actum</span> <span class='ocrx_word' id='word_1_537' title='bbox 2939 2979 3315 3050; x_wconf 61' lang='lat' dir='ltr'>praeteritum.</span> 
     </span>
    </p>
   </div>
   <div class='ocr_carea' id='block_1_19' title="bbox 2562 3132 2704 3200">
    <p class='ocr_par' dir='ltr' id='par_1_19' title="bbox 2562 3132 2704 3200">
     <span class='ocr_line' id='line_1_96' title="bbox 2562 3132 2704 3200; baseline -0.007 -13"><span class='ocrx_word' id='word_1_538' title='bbox 2562 3132 2704 3200; x_wconf 80' lang='lat' dir='ltr'>§V.</span> 
     </span>
    </p>
   </div>
   <div class='ocr_carea' id='block_1_20' title="bbox 2134 3284 3148 3358">
    <p class='ocr_par' dir='ltr' id='par_1_20' title="bbox 2134 3284 3148 3358">
     <span class='ocr_line' id='line_1_97' title="bbox 2134 3284 3148 3358; baseline 0.001 -15"><span class='ocrx_word' id='word_1_539' title='bbox 2134 3284 2441 3358; x_wconf 77' lang='lat' dir='ltr'>Resellitur</span> <span class='ocrx_word' id='word_1_540' title='bbox 2459 3285 2640 3341; x_wconf 79' lang='lat' dir='ltr'>altera</span> <span class='ocrx_word' id='word_1_541' title='bbox 2667 3284 2909 3344; x_wconf 72' lang='lat' dir='ltr'>Curi-elis</span> <span class='ocrx_word' id='word_1_542' title='bbox 2931 3287 3148 3345; x_wconf 72' lang='lat' dir='ltr'>solatia.</span> 
     </span>
    </p>
   </div>
   <div class='ocr_carea' id='block_1_21' title="bbox 2040 3434 3528 3602">
    <p class='ocr_par' dir='ltr' id='par_1_21' title="bbox 2040 3434 3528 3602">
     <span class='ocr_line' id='line_1_98' title="bbox 2040 3434 3514 3551; baseline 0.007 -62"><span class='ocrx_word' id='word_1_543' title='bbox 2040 3434 2161 3490; x_wconf 90' lang='lat'>158.</span> <span class='ocrx_word' id='word_1_544' title='bbox 2205 3434 2402 3491; x_wconf 90' lang='lat' dir='ltr'>Tertio</span> <span class='ocrx_word' id='word_1_545' title='bbox 2427 3435 2678 3492; x_wconf 87' lang='lat' dir='ltr'>occurrit</span> <span class='ocrx_word' id='word_1_546' title='bbox 2714 3434 2927 3492; x_wconf 89' lang='lat' dir='ltr'>rationi</span> <span class='ocrx_word' id='word_1_547' title='bbox 2957 3441 3166 3494; x_wconf 84' lang='lat' dir='ltr'>nostrae</span> <span class='ocrx_word' id='word_1_548' title='bbox 3210 3438 3514 3551; x_wconf 52' lang='lat' dir='ltr'>Cu-Airnegum</span> 
     </span>
     <span class='ocr_line' id='line_1_99' title="bbox 3354 3518 3528 3602; baseline 0 -2"><span class='ocrx_word' id='word_1_549' title='bbox 3354 3518 3528 3602; x_wconf 49' lang='lat' dir='ltr'>effi?</span> 
     </span>
    </p>
   </div>
   <div class='ocr_carea' id='block_1_22' title="bbox 1951 3513 3343 5131">
    <p class='ocr_par' dir='ltr' id='par_1_22' title="bbox 1951 3513 3343 5050">
     <span class='ocr_line' id='line_1_100' title="bbox 1957 3513 3343 3586; baseline 0.005 -17"><span class='ocrx_word' id='word_1_550' title='bbox 1957 3513 2066 3570; x_wconf 90' lang='lat' dir='ltr'>riel</span> <span class='ocrx_word' id='word_1_551' title='bbox 2095 3513 2158 3569; x_wconf 89' lang='lat' dir='ltr'>in</span> <span class='ocrx_word' id='word_1_552' title='bbox 2182 3515 2448 3586; x_wconf 61' lang='lat' dir='ltr'>praesenti</span> <span class='ocrx_word' id='word_1_553' title='bbox 2493 3514 2620 3570; x_wconf 83' lang='lat' dir='ltr'>dub.</span> <span class='ocrx_word' id='word_1_554' title='bbox 2664 3516 2719 3581; x_wconf 82' lang='lat'>2,</span> <span class='ocrx_word' id='word_1_555' title='bbox 2750 3519 2781 3585; x_wconf 67' lang='grc'>9</span> <span class='ocrx_word' id='word_1_556' title='bbox 2818 3516 2900 3583; x_wconf 92' lang='grc'>10,</span> <span class='ocrx_word' id='word_1_557' title='bbox 2952 3515 3343 3576; x_wconf 71' lang='lat' dir='ltr'>concedendoe</span> 
     </span>
     <span class='ocr_line' id='line_1_101' title="bbox 1956 3594 3316 3667; baseline 0.006 -20"><span class='ocrx_word' id='word_1_558' title='bbox 1956 3594 2342 3651; x_wconf 89' lang='lat' dir='ltr'>necessariam</span> <span class='ocrx_word' id='word_1_559' title='bbox 2387 3609 2511 3651; x_wconf 91' lang='lat' dir='ltr'>esse</span> <span class='ocrx_word' id='word_1_560' title='bbox 2537 3596 2790 3667; x_wconf 90' lang='lat' dir='ltr'>aliquam</span> <span class='ocrx_word' id='word_1_561' title='bbox 2825 3597 3225 3664; x_wconf 90' lang='lat' dir='ltr'>mutationem,</span> <span class='ocrx_word' id='word_1_562' title='bbox 3251 3605 3316 3655; x_wconf 86' lang='lat' dir='ltr'>ut</span> 
     </span>
     <span class='ocr_line' id='line_1_102' title="bbox 1956 3673 3321 3747; baseline 0.004 -18"><span class='ocrx_word' id='word_1_563' title='bbox 1956 3679 2215 3747; x_wconf 86' lang='lat' dir='ltr'>peccator</span> <span class='ocrx_word' id='word_1_564' title='bbox 2263 3673 2333 3733; x_wconf 90' lang='lat' dir='ltr'>ab</span> <span class='ocrx_word' id='word_1_565' title='bbox 2386 3690 2507 3732; x_wconf 84' lang='lat' dir='ltr'>esse</span> <span class='ocrx_word' id='word_1_566' title='bbox 2554 3676 2922 3744; x_wconf 88' lang='lat' dir='ltr'>maculatum,</span> <span class='ocrx_word' id='word_1_567' title='bbox 2968 3694 3237 3734; x_wconf 86' lang='lat' dir='ltr'>aversum</span> <span class='ocrx_word' id='word_1_568' title='bbox 3283 3695 3321 3736; x_wconf 87' lang='lat' dir='ltr'>a</span> 
     </span>
     <span class='ocr_line' id='line_1_103' title="bbox 1954 3756 3324 3831; baseline 0.006 -20"><span class='ocrx_word' id='word_1_569' title='bbox 1954 3757 2089 3822; x_wconf 90' lang='lat' dir='ltr'>De0,</span> <span class='ocrx_word' id='word_1_570' title='bbox 2116 3761 2172 3812; x_wconf 89' lang='lat' dir='ltr'>et</span> <span class='ocrx_word' id='word_1_571' title='bbox 2197 3756 2439 3831; x_wconf 87' lang='lat' dir='ltr'>dignum</span> <span class='ocrx_word' id='word_1_572' title='bbox 2465 3774 2652 3831; x_wconf 86' lang='lat' dir='ltr'>poena,</span> <span class='ocrx_word' id='word_1_573' title='bbox 2685 3762 2939 3816; x_wconf 89' lang='lat' dir='ltr'>transeat</span> <span class='ocrx_word' id='word_1_574' title='bbox 2959 3759 3028 3816; x_wconf 92' lang='lat' dir='ltr'>ad</span> <span class='ocrx_word' id='word_1_575' title='bbox 3059 3776 3175 3816; x_wconf 88' lang='lat' dir='ltr'>non</span> <span class='ocrx_word' id='word_1_576' title='bbox 3196 3777 3324 3819; x_wconf 84' lang='lat' dir='ltr'>esse</span> 
     </span>
     <span class='ocr_line' id='line_1_104' title="bbox 1954 3837 3319 3909; baseline 0.005 -18"><span class='ocrx_word' id='word_1_577' title='bbox 1954 3837 2326 3902; x_wconf 85' lang='lat' dir='ltr'>maculatum,</span> <span class='ocrx_word' id='word_1_578' title='bbox 2351 3842 2479 3905; x_wconf 90' lang='lat' dir='ltr'>etc.,</span> <span class='ocrx_word' id='word_1_579' title='bbox 2526 3838 2696 3895; x_wconf 92' lang='lat' dir='ltr'>aliter</span> <span class='ocrx_word' id='word_1_580' title='bbox 2721 3838 2882 3896; x_wconf 89' lang='lat' dir='ltr'>enim</span> <span class='ocrx_word' id='word_1_581' title='bbox 2930 3839 3159 3909; x_wconf 71' lang='lat' dir='ltr'>fatetur,</span> <span class='ocrx_word' id='word_1_582' title='bbox 3187 3840 3319 3898; x_wconf 86' lang='lat' dir='ltr'>fieri</span> 
     </span>
     <span class='ocr_line' id='line_1_105' title="bbox 1955 3919 3318 3992; baseline 0.005 -19"><span class='ocrx_word' id='word_1_583' title='bbox 1955 3932 2073 3974; x_wconf 89' lang='lat' dir='ltr'>non</span> <span class='ocrx_word' id='word_1_584' title='bbox 2104 3934 2267 3992; x_wconf 87' lang='lat' dir='ltr'>posse</span> <span class='ocrx_word' id='word_1_585' title='bbox 2312 3919 2626 3976; x_wconf 89' lang='lat' dir='ltr'>transitum</span> <span class='ocrx_word' id='word_1_586' title='bbox 2662 3920 2733 3977; x_wconf 89' lang='lat' dir='ltr'>ab</span> <span class='ocrx_word' id='word_1_587' title='bbox 2766 3937 2882 3979; x_wconf 88' lang='lat' dir='ltr'>uno</span> <span class='ocrx_word' id='word_1_588' title='bbox 2921 3921 3213 3981; x_wconf 86' lang='lat' dir='ltr'>contrario</span> <span class='ocrx_word' id='word_1_589' title='bbox 3252 3924 3318 3980; x_wconf 88' lang='lat' dir='ltr'>in</span> 
     </span>
     <span class='ocr_line' id='line_1_106' title="bbox 1955 3998 3317 4074; baseline 0.005 -21"><span class='ocrx_word' id='word_1_590' title='bbox 1955 3998 2162 4055; x_wconf 89' lang='lat' dir='ltr'>alium.</span> <span class='ocrx_word' id='word_1_591' title='bbox 2201 3998 2288 4054; x_wconf 85' lang='lat' dir='ltr'>Ad</span> <span class='ocrx_word' id='word_1_592' title='bbox 2316 3999 2421 4057; x_wconf 92' lang='lat' dir='ltr'>hoc</span> <span class='ocrx_word' id='word_1_593' title='bbox 2461 4006 2653 4058; x_wconf 88' lang='lat' dir='ltr'>autem</span> <span class='ocrx_word' id='word_1_594' title='bbox 2697 4001 2884 4074; x_wconf 90' lang='lat' dir='ltr'>inquit</span> <span class='ocrx_word' id='word_1_595' title='bbox 2933 4004 3317 4061; x_wconf 89' lang='lat' dir='ltr'>necessariam</span> 
     </span>
     <span class='ocr_line' id='line_1_107' title="bbox 1954 4081 3312 4155; baseline 0.004 -19"><span class='ocrx_word' id='word_1_596' title='bbox 1954 4096 2072 4138; x_wconf 89' lang='lat' dir='ltr'>non</span> <span class='ocrx_word' id='word_1_597' title='bbox 2097 4095 2220 4137; x_wconf 90' lang='lat' dir='ltr'>esse</span> <span class='ocrx_word' id='word_1_598' title='bbox 2241 4081 2535 4155; x_wconf 83' lang='lat' dir='ltr'>physicam</span> <span class='ocrx_word' id='word_1_599' title='bbox 2565 4084 2872 4155; x_wconf 88' lang='lat' dir='ltr'>peccatoris</span> <span class='ocrx_word' id='word_1_600' title='bbox 2914 4086 3312 4152; x_wconf 89' lang='lat' dir='ltr'>mutationem,</span> 
     </span>
     <span class='ocr_line' id='line_1_108' title="bbox 1954 4160 3317 4236; baseline 0.001 -16"><span class='ocrx_word' id='word_1_601' title='bbox 1954 4163 2047 4220; x_wconf 90' lang='lat' dir='ltr'>vel</span> <span class='ocrx_word' id='word_1_602' title='bbox 2063 4160 2212 4235; x_wconf 92' lang='lat' dir='ltr'>quod</span> <span class='ocrx_word' id='word_1_603' title='bbox 2232 4162 2287 4219; x_wconf 92' lang='lat' dir='ltr'>ei</span> <span class='ocrx_word' id='word_1_604' title='bbox 2313 4162 2537 4236; x_wconf 86' lang='lat' dir='ltr'>aliquid</span> <span class='ocrx_word' id='word_1_605' title='bbox 2561 4164 2632 4221; x_wconf 91' lang='lat' dir='ltr'>de</span> <span class='ocrx_word' id='word_1_606' title='bbox 2653 4181 2803 4223; x_wconf 89' lang='lat' dir='ltr'>novo</span> <span class='ocrx_word' id='word_1_607' title='bbox 2820 4166 3190 4232; x_wconf 80' lang='lat' dir='ltr'>infundatur;</span> <span class='ocrx_word' id='word_1_608' title='bbox 3217 4166 3317 4224; x_wconf 90' lang='lat' dir='ltr'>sed</span> 
     </span>
     <span class='ocr_line' id='line_1_109' title="bbox 1952 4244 3316 4318; baseline 0.003 -16"><span class='ocrx_word' id='word_1_609' title='bbox 1952 4246 2091 4302; x_wconf 92' lang='lat' dir='ltr'>satis</span> <span class='ocrx_word' id='word_1_610' title='bbox 2125 4260 2265 4309; x_wconf 86' lang='lat' dir='ltr'>esse,</span> <span class='ocrx_word' id='word_1_611' title='bbox 2297 4244 2451 4318; x_wconf 89' lang='lat' dir='ltr'>quod</span> <span class='ocrx_word' id='word_1_612' title='bbox 2496 4245 2594 4303; x_wconf 85' lang='lat' dir='ltr'>fiat</span> <span class='ocrx_word' id='word_1_613' title='bbox 2622 4249 2865 4306; x_wconf 85' lang='lat' dir='ltr'>mutatio</span> <span class='ocrx_word' id='word_1_614' title='bbox 2893 4266 3008 4307; x_wconf 90' lang='lat' dir='ltr'>uno</span> <span class='ocrx_word' id='word_1_615' title='bbox 3032 4266 3104 4306; x_wconf 83' lang='lat' dir='ltr'>ex</span> <span class='ocrx_word' id='word_1_616' title='bbox 3130 4249 3316 4307; x_wconf 90' lang='lat' dir='ltr'>tribus</span> 
     </span>
     <span class='ocr_line' id='line_1_110' title="bbox 1952 4325 3310 4405; baseline 0.004 -22"><span class='ocrx_word' id='word_1_617' title='bbox 1952 4325 2161 4384; x_wconf 79' lang='lat' dir='ltr'>modis,</span> <span class='ocrx_word' id='word_1_618' title='bbox 2194 4326 2405 4395; x_wconf 85' lang='lat' dir='ltr'>Primo,</span> <span class='ocrx_word' id='word_1_619' title='bbox 2436 4327 2580 4385; x_wconf 80' lang='lat' dir='ltr'>facta</span> <span class='ocrx_word' id='word_1_620' title='bbox 2604 4329 2924 4388; x_wconf 88' lang='lat' dir='ltr'>mutatione</span> <span class='ocrx_word' id='word_1_621' title='bbox 2950 4347 3069 4388; x_wconf 91' lang='lat' dir='ltr'>non</span> <span class='ocrx_word' id='word_1_622' title='bbox 3097 4330 3160 4387; x_wconf 94' lang='lat' dir='ltr'>in</span> <span class='ocrx_word' id='word_1_623' title='bbox 3183 4347 3310 4405; x_wconf 91' lang='lat' dir='ltr'>pec-</span> 
     </span>
     <span class='ocr_line' id='line_1_111' title="bbox 1951 4409 3310 4485; baseline 0.003 -20"><span class='ocrx_word' id='word_1_624' title='bbox 1951 4413 2158 4475; x_wconf 89' lang='lat' dir='ltr'>catore,</span> <span class='ocrx_word' id='word_1_625' title='bbox 2191 4409 2378 4465; x_wconf 90' lang='lat' dir='ltr'>necin</span> <span class='ocrx_word' id='word_1_626' title='bbox 2418 4411 2552 4477; x_wconf 90' lang='lat' dir='ltr'>Deo,</span> <span class='ocrx_word' id='word_1_627' title='bbox 2581 4409 2773 4467; x_wconf 91' lang='lat' dir='ltr'>sedin</span> <span class='ocrx_word' id='word_1_628' title='bbox 2811 4411 3059 4485; x_wconf 92' lang='lat' dir='ltr'>quodam</span> <span class='ocrx_word' id='word_1_629' title='bbox 3099 4413 3310 4481; x_wconf 86' lang='lat' dir='ltr'>tertio;</span> 
     </span>
     <span class='ocr_line' id='line_1_112' title="bbox 1952 4488 3316 4568; baseline 0.005 -22"><span class='ocrx_word' id='word_1_630' title='bbox 1952 4495 2014 4546; x_wconf 89' lang='lat' dir='ltr'>ut</span> <span class='ocrx_word' id='word_1_631' title='bbox 2035 4490 2088 4546; x_wconf 92' lang='lat' dir='ltr'>si</span> <span class='ocrx_word' id='word_1_632' title='bbox 2116 4493 2267 4547; x_wconf 92' lang='lat' dir='ltr'>Deus</span> <span class='ocrx_word' id='word_1_633' title='bbox 2293 4488 2563 4548; x_wconf 87' lang='lat' dir='ltr'>decernat</span> <span class='ocrx_word' id='word_1_634' title='bbox 2583 4490 2877 4551; x_wconf 87' lang='lat' dir='ltr'>dimittere</span> <span class='ocrx_word' id='word_1_635' title='bbox 2898 4500 3187 4568; x_wconf 88' lang='lat' dir='ltr'>peccatum</span> <span class='ocrx_word' id='word_1_636' title='bbox 3209 4497 3316 4553; x_wconf 86' lang='lat' dir='ltr'>Pe·</span> 
     </span>
     <span class='ocr_line' id='line_1_113' title="bbox 1952 4571 3317 4650; baseline 0.003 -23"><span class='ocrx_word' id='word_1_637' title='bbox 1952 4571 2030 4628; x_wconf 90' lang='lat' dir='ltr'>tri</span> <span class='ocrx_word' id='word_1_638' title='bbox 2052 4576 2286 4645; x_wconf 88' lang='lat' dir='ltr'>propter</span> <span class='ocrx_word' id='word_1_639' title='bbox 2335 4587 2528 4643; x_wconf 85' lang='lat' dir='ltr'>preces</span> <span class='ocrx_word' id='word_1_640' title='bbox 2561 4574 2749 4640; x_wconf 90' lang='lat' dir='ltr'>Pauli,</span> <span class='ocrx_word' id='word_1_641' title='bbox 2788 4590 2855 4632; x_wconf 90' lang='lat' dir='ltr'>eo</span> <span class='ocrx_word' id='word_1_642' title='bbox 2896 4575 3019 4648; x_wconf 90' lang='lat' dir='ltr'>ipso</span> <span class='ocrx_word' id='word_1_643' title='bbox 3055 4575 3207 4650; x_wconf 89' lang='lat' dir='ltr'>quod</span> <span class='ocrx_word' id='word_1_644' title='bbox 3251 4575 3317 4632; x_wconf 90' lang='lat' dir='ltr'>in</span> 
     </span>
     <span class='ocr_line' id='line_1_114' title="bbox 1953 4651 3318 4730; baseline 0.004 -23"><span class='ocrx_word' id='word_1_645' title='bbox 1953 4653 2135 4710; x_wconf 89' lang='lat' dir='ltr'>Paulo</span> <span class='ocrx_word' id='word_1_646' title='bbox 2158 4658 2405 4725; x_wconf 89' lang='lat' dir='ltr'>ponatur</span> <span class='ocrx_word' id='word_1_647' title='bbox 2439 4651 2569 4709; x_wconf 86' lang='lat' dir='ltr'>talis</span> <span class='ocrx_word' id='word_1_648' title='bbox 2617 4659 2792 4722; x_wconf 90' lang='lat' dir='ltr'>actus,</span> <span class='ocrx_word' id='word_1_649' title='bbox 2825 4655 3068 4713; x_wconf 88' lang='lat' dir='ltr'>cessabit</span> <span class='ocrx_word' id='word_1_650' title='bbox 3117 4671 3318 4730; x_wconf 86' lang='lat' dir='ltr'>pecca-</span> 
     </span>
     <span class='ocr_line' id='line_1_115' title="bbox 1953 4731 3318 4799; baseline 0.004 -11"><span class='ocrx_word' id='word_1_651' title='bbox 1953 4739 2078 4788; x_wconf 84' lang='lat' dir='ltr'>tum</span> <span class='ocrx_word' id='word_1_652' title='bbox 2103 4731 2281 4799; x_wconf 88' lang='lat' dir='ltr'>Petri,</span> <span class='ocrx_word' id='word_1_653' title='bbox 2314 4736 2371 4788; x_wconf 92' lang='lat' dir='ltr'>et</span> <span class='ocrx_word' id='word_1_654' title='bbox 2390 4731 2663 4789; x_wconf 89' lang='lat' dir='ltr'>transibit</span> <span class='ocrx_word' id='word_1_655' title='bbox 2707 4731 2779 4790; x_wconf 90' lang='lat' dir='ltr'>ab</span> <span class='ocrx_word' id='word_1_656' title='bbox 2806 4749 2928 4793; x_wconf 88' lang='lat' dir='ltr'>esse</span> <span class='ocrx_word' id='word_1_657' title='bbox 2962 4737 3318 4793; x_wconf 87' lang='lat' dir='ltr'>maculatum</span> 
     </span>
     <span class='ocr_line' id='line_1_116' title="bbox 1953 4811 3318 4889; baseline 0.004 -21"><span class='ocrx_word' id='word_1_658' title='bbox 1953 4811 2026 4868; x_wconf 87' lang='lat' dir='ltr'>ad</span> <span class='ocrx_word' id='word_1_659' title='bbox 2048 4827 2168 4869; x_wconf 91' lang='lat' dir='ltr'>non</span> <span class='ocrx_word' id='word_1_660' title='bbox 2196 4827 2319 4870; x_wconf 90' lang='lat' dir='ltr'>esse</span> <span class='ocrx_word' id='word_1_661' title='bbox 2343 4813 2715 4870; x_wconf 87' lang='lat' dir='ltr'>maculatum.</span> <span class='ocrx_word' id='word_1_662' title='bbox 2758 4814 2913 4889; x_wconf 79' lang='lat' dir='ltr'>Sicut</span> <span class='ocrx_word' id='word_1_663' title='bbox 2949 4816 3000 4872; x_wconf 90' lang='lat' dir='ltr'>si</span> <span class='ocrx_word' id='word_1_664' title='bbox 3022 4818 3171 4874; x_wconf 89' lang='lat' dir='ltr'>Deus</span> <span class='ocrx_word' id='word_1_665' title='bbox 3194 4821 3318 4873; x_wconf 88' lang='lat' dir='ltr'>sta-</span> 
     </span>
     <span class='ocr_line' id='line_1_117' title="bbox 1955 4893 3318 4968; baseline 0.004 -19"><span class='ocrx_word' id='word_1_666' title='bbox 1955 4898 2080 4950; x_wconf 89' lang='lat' dir='ltr'>tuat</span> <span class='ocrx_word' id='word_1_667' title='bbox 2101 4899 2335 4968; x_wconf 89' lang='lat' dir='ltr'>propter</span> <span class='ocrx_word' id='word_1_668' title='bbox 2355 4893 2805 4952; x_wconf 80' lang='lat' dir='ltr'>satisfactionem</span> <span class='ocrx_word' id='word_1_669' title='bbox 2828 4896 2996 4953; x_wconf 89' lang='lat' dir='ltr'>Pauli</span> <span class='ocrx_word' id='word_1_670' title='bbox 3023 4894 3318 4956; x_wconf 84' lang='lat' dir='ltr'>dimittere</span> 
     </span>
     <span class='ocr_line' id='line_1_118' title="bbox 1954 4975 3311 5050; baseline 0.001 -17"><span class='ocrx_word' id='word_1_671' title='bbox 1954 4990 2185 5048; x_wconf 87' lang='lat' dir='ltr'>poenam</span> <span class='ocrx_word' id='word_1_672' title='bbox 2208 4975 2604 5050; x_wconf 89' lang='lat' dir='ltr'>temporalem,</span> <span class='ocrx_word' id='word_1_673' title='bbox 2634 4991 2808 5049; x_wconf 90' lang='lat' dir='ltr'>quam</span> <span class='ocrx_word' id='word_1_674' title='bbox 2824 4975 3066 5035; x_wconf 88' lang='lat' dir='ltr'>debebat</span> <span class='ocrx_word' id='word_1_675' title='bbox 3086 4979 3311 5045; x_wconf 85' lang='lat' dir='ltr'>Petrus,</span> 
     </span>
    </p>

    <p class='ocr_par' dir='ltr' id='par_1_23' title="bbox 3132 5056 3317 5131">
     <span class='ocr_line' id='line_1_119' title="bbox 3132 5056 3317 5131; baseline -0.011 -16"><span class='ocrx_word' id='word_1_676' title='bbox 3132 5056 3317 5131; x_wconf 89' lang='lat' dir='ltr'>posita</span> 
     </span>
    </p>
   </div>
  </div>
 </body>
</html>
