3647 5753
336 2338 522 2392 Replicae

364 2387 523 2433 solutio

351 2438 521 2531 atati:

562 355 677 410 726

567 531 627 582 ut
648 527 864 583 vivam.
898 525 1062 583 debet
1092 523 1321 581 admitti
1349 522 1525 579 etiam
1554 520 1618 577 in
1642 518 1771 588 fide,
1801 536 1928 591 quae

563 608 895 665 infunditur
920 623 1048 665 cum
1074 607 1291 681 gratia.
1329 608 1392 662 ln
1422 604 1613 662 forma
1638 618 1778 678 ergo
1804 600 1928 657 dis-

563 688 943 764 tinguendum
992 694 1077 742 est
1105 685 1447 743 antecedens
1470 684 1568 757 huj
1577 699 1641 738 us
1664 681 1922 756 replica-33

561 776 621 830 et
642 787 904 829 concesso
930 769 1000 826 de
1027 771 1131 826 illo
1154 769 1336 842 priori
1365 768 1429 823 in
1450 784 1561 841 quo
1582 766 1721 823 fides
1749 766 1926 822 intel-

566 852 767 927 ligitur
795 868 895 926 per
921 867 982 907 se
1008 851 1312 906 dimanare
1339 865 1372 905 a
1397 849 1601 923 gratia,
1627 853 1683 905 et
1710 853 1772 903 ut
1799 861 1928 920 pro-

565 932 778 1006 prietas
808 932 970 987 illius
999 931 1230 1004 proprie
1251 930 1417 995 dicta,
1445 929 1642 1003 negari
1672 927 1839 986 debet
1858 926 1928 983 de

562 1016 680 1072 alio
710 1014 893 1088 priori
925 1014 1300 1079 antecedenti,
1347 1013 1409 1069 in
1441 1028 1552 1085 quo
1579 1010 1926 1085 intelligitur

560 1096 870 1154 dimanare
893 1097 1054 1168 quasi
1086 1113 1185 1168 per
1226 1094 1502 1162 accidenS,
1534 1109 1631 1150 seu
1660 1093 1844 1166 magis
1867 1096 1925 1146 ut

561 1177 825 1234 accidens
844 1191 1172 1234 commune.
1206 1177 1274 1230 Et
1300 1176 1498 1232 eodem
1523 1172 1694 1230 modo
1718 1171 1925 1227 distin-

557 1258 852 1331 guendum
900 1263 983 1314 est
1031 1257 1285 1329 primum
1321 1262 1689 1327 consequens,
1720 1258 1777 1309 et
1816 1267 1924 1309 ne·-

557 1337 749 1412 ganda
768 1344 851 1394 est
873 1336 1130 1393 absolute
1151 1334 1397 1393 secunda
1421 1332 1844 1406 consequentia.

635 1418 792 1475 Adde
840 1418 1218 1492 proprietates
1272 1422 1407 1481 tunc
1431 1416 1619 1472 solum
1669 1412 1922 1488 intelligi

560 1499 871 1557 informari
896 1515 928 1556 a
956 1499 1191 1572 propria
1215 1497 1418 1562 forma,
1444 1494 1671 1568 quando
1698 1494 1922 1551 intelli-

558 1587 778 1655 guntur
816 1579 1122 1636 dimanare
1168 1578 1238 1635 ab
1280 1579 1402 1644 illa,
1438 1584 1711 1650 tanquam
1752 1592 1784 1632 a
1812 1590 1922 1631 na-

559 1668 689 1718 tura
736 1684 749 1717 ε
798 1661 940 1719 fides
981 1666 1174 1718 autem
1215 1661 1278 1717 in
1326 1661 1431 1717 illo
1467 1659 1670 1732 priori,
1702 1658 1766 1714 in
1810 1672 1921 1730 quo

552 1742 875 1800 secundum
903 1759 964 1799 se
992 1741 1271 1808 dimanat,
1299 1755 1416 1797 non
1454 1739 1800 1814 intelligitur
1827 1736 1922 1793 di-

556 1841 801 1882 manare
847 1841 881 1880 a
918 1825 1122 1898 gratia,
1157 1830 1429 1898 tanquam
1470 1838 1503 1878 a
1558 1827 1792 1884 natura,
1821 1819 1920 1877 sed

556 1905 743 1980 magis
781 1904 968 1979 gratia
1015 1910 1150 1960 tunc
1205 1921 1267 1961 se
1319 1902 1489 1959 habet
1529 1917 1631 1975 per
1681 1899 1919 1958 modum

557 1986 785 2051 auxilii,
809 1984 878 2041 de
899 1986 984 2059 cuj
994 2002 1057 2040 us
1080 1986 1304 2042 ratione
1325 1997 1442 2040 non
1468 1988 1554 2040 est
1574 1983 1913 2046 informare,

555 2074 611 2125 et
634 2067 929 2125 vivificare
957 2084 1125 2123 suum
1163 2065 1446 2123 effectum.
1479 2063 1647 2122 Unde
1670 2063 1743 2122 ob
1771 2064 1920 2120 hanc

553 2151 731 2208 etiam
775 2150 1059 2207 rationem
1107 2148 1249 2206 fides
1301 2150 1364 2205 in
1411 2147 1682 2222 praedicto
1734 2145 1917 2219 priori

555 2246 673 2288 non
697 2230 1048 2302 intelligitur
1063 2230 1366 2286 dimanare
1392 2228 1657 2297 formata,
1681 2232 1740 2283 et
1758 2225 1911 2283 viva.

638 2316 724 2370 17.
756 2314 975 2372 Solutio
999 2330 1134 2370 vero
1157 2314 1310 2369 inter
1333 2311 1728 2385 replicandum
1758 2308 1918 2366 adhi-

556 2392 692 2459 bita,
736 2397 925 2451 solum
960 2411 1030 2451 ex
1061 2401 1241 2468 parte,
1272 2398 1328 2450 et
1367 2393 1532 2466 juxta
1559 2392 1752 2450 datam
1792 2390 1917 2446 dis-

555 2474 895 2529 tinctionem
910 2472 1074 2530 debet
1097 2472 1347 2529 admitti.
1361 2474 1573 2529 Contra
1590 2473 1751 2528 illam
1774 2486 1916 2528 vero

551 2556 633 2611 sic
655 2555 1029 2630 intellectam,
1054 2561 1110 2612 et
1130 2556 1470 2628 explicatam
1500 2555 1661 2610 nulla
1690 2554 1916 2625 impro-

548 2634 704 2691 batio
755 2640 935 2709 urget.
968 2638 1095 2692 Non
1126 2636 1334 2708 prima,
1366 2635 1505 2708 quia
1541 2633 1683 2690 fides
1706 2649 1915 2690 secun·

549 2715 688 2771 dum
734 2731 795 2772 se
824 2732 941 2773 non
969 2723 1054 2772 est
1095 2717 1415 2788 proprietas
1453 2717 1653 2789 gratiae
1681 2714 1914 2786 proprie

547 2796 714 2865 dicta,
761 2803 823 2853 ut
862 2814 934 2854 ex
974 2797 1140 2853 dictis
1186 2802 1421 2853 constat.
1473 2800 1584 2852 Nec
1626 2793 1908 2863 secunda;

551 2895 688 2936 nam
710 2880 885 2937 etiam
910 2880 1077 2952 plura
1100 2879 1411 2936 accidentia
1426 2881 1761 2936 communia
1775 2885 1913 2935 sunt

550 2959 744 3018 debita
796 2966 1042 3024 naturas,
1076 2966 1132 3016 et
1176 2964 1601 3034 consequuntur
1630 2959 1793 3015 illam
1847 2959 1911 3016 in

545 3042 790 3099 instanti
837 3040 1246 3114 generationis,
1282 3046 1342 3096 ut
1371 3046 1522 3113 patet
1562 3039 1632 3098 de
1674 3041 1911 3114 quanti-

544 3128 678 3190 tate,
725 3124 934 3188 colore,
967 3126 1024 3177 et
1068 3120 1201 3177 aliis
1251 3126 1504 3194 respectu
1532 3126 1754 3178 naturae
1798 3122 1911 3177 hu-

545 3222 734 3263 manae
754 3229 766 3271 ;
789 3220 913 3277 quae
935 3209 1130 3260 tamen
1151 3203 1287 3275 quia
1313 3219 1431 3262 non
1457 3204 1701 3262 omnino
1729 3220 1830 3277 per
1848 3219 1909 3261 se

539 3284 623 3359 (id
650 3292 736 3344 est
778 3285 1082 3360 perseitate
1126 3300 1187 3341 se
1232 3289 1465 3342 tenente
1490 3291 1609 3342 tam
1636 3300 1707 3341 ex
1749 3289 1910 3358 parte

539 3383 764 3436 eorum,
811 3383 983 3440 quam
1011 3382 1083 3423 ex
1123 3371 1285 3439 parte
1312 3366 1496 3438 ipsius
1542 3368 1785 3436 naturas)
1815 3365 1908 3420 illi

541 3449 844 3516 debentur,
880 3465 999 3506 non
1026 3449 1270 3505 omnino
1299 3464 1400 3521 per
1419 3463 1482 3505 se
1502 3446 1573 3504 ab
1601 3448 1705 3504 illa
1725 3446 1908 3514 dima-

541 3537 705 3598 nant,
739 3547 842 3588 nec
880 3535 1017 3585 sunt
1055 3528 1218 3584 illius
1266 3529 1643 3603 proprietates
1675 3528 1907 3602 proprie

540 3612 728 3670 dictae.
762 3616 832 3668 Et
857 3612 935 3668 ita
969 3615 1055 3667 est
1081 3609 1149 3667 de
1178 3608 1290 3666 fide
1315 3610 1675 3667 considerata
1698 3625 1907 3667 secun-

541 3694 681 3751 dum
736 3692 1118 3749 substantiam
1168 3696 1422 3763 respectu
1488 3690 1689 3765 gratiae
1707 3713 1722 3758 3
1787 3707 1905 3748 non

539 3775 702 3833 enim
732 3774 871 3831 fides
905 3773 986 3828 sic
1025 3780 1254 3844 sumpta
1280 3771 1648 3842 consequitur
1675 3769 1746 3827 ad
1767 3787 1905 3845 gra·

542 3859 683 3915 tiam
713 3856 955 3913 omnino
984 3870 1084 3927 per
1110 3870 1170 3910 se
1196 3855 1338 3925 (hoc
1383 3859 1468 3910 est
1512 3853 1819 3925 perseitate
1845 3871 1906 3912 se

539 3945 771 3998 tenente
797 3955 867 3995 ex
898 3943 1057 4012 parte
1093 3937 1432 4008 utriusque),
1478 3935 1613 4008 quia
1639 3936 1905 4008 quamvis

540 4021 683 4080 fides
715 4020 909 4077 debita
933 4018 1151 4093 gratiae,
1185 4014 1319 4073 fidei
1367 4022 1561 4073 tamen
1587 4014 1903 4073 secundum

536 4120 599 4161 se
627 4118 745 4159 non
772 4099 1029 4163 debetur,
1060 4105 1119 4152 ut
1147 4112 1276 4152 cum
1304 4097 1490 4171 gratia
1537 4096 1898 4164 infundatur,

533 4184 636 4243 sed
660 4186 840 4257 potest
866 4178 1100 4235 infundi
1127 4177 1304 4234 etiam
1346 4178 1472 4234 sine
1498 4179 1686 4253 gratia
1711 4177 1905 4235 :unde

538 4283 655 4325 non
696 4262 940 4322 omnino
968 4275 1069 4333 per
1095 4276 1154 4316 se
1183 4258 1325 4316 fides
1362 4260 1678 4318 secundum
1718 4275 1780 4317 se
1806 4276 1903 4317 ac-

531 4357 693 4424 cepta
721 4347 987 4404 dimanat
1012 4361 1045 4401 a
1070 4344 1280 4418 gratia.

611 4423 698 4480 Ad
744 4421 979 4479 tertiam
1027 4417 1202 4486 dicas,
1252 4416 1518 4474 habitum
1562 4417 1902 4492 cognosciti-

522 4522 701 4574 ·vum,
724 4503 823 4576 qui
850 4500 1088 4557 debetur
1120 4499 1363 4556 omnino
1392 4513 1492 4570 per
1517 4514 1578 4555 se
1602 4498 1820 4572 gratias,
1845 4504 1903 4556 et

535 4588 699 4663 cujus
720 4587 826 4642 illa
844 4588 928 4642 est
950 4582 1115 4640 radix
1138 4596 1238 4654 per
1260 4579 1496 4638 modum
1520 4584 1759 4648 naturae,
1777 4597 1902 4640 esse

542 4672 742 4727 lumen
781 4665 995 4740 gloriae,
1038 4660 1188 4736 quod
1236 4676 1338 4733 per
1376 4677 1438 4719 se
1488 4660 1816 4719 dimanabit
1869 4679 1903 4720 a

534 4753 744 4830 gratia,
779 4747 876 4805 ubi
899 4748 1002 4805 illa
1027 4745 1203 4803 suerit
1228 4745 1291 4800 in
1324 4759 1429 4801 sua
1451 4743 1818 4816 perfectione,
1843 4750 1901 4803 et

526 4830 1066 4895 ‘consummatione;
1110 4826 1350 4885 interim
1397 4830 1594 4882 tamen
1640 4827 1898 4900 quandiu

524 4917 725 4996 -gratia
758 4913 927 4972 habet
954 4910 1190 4968 modum
1217 4907 1444 4968 essendi
1471 4907 1893 4982 imperfectum,

539 5006 664 5063 loco
707 4996 971 5064 luminis,
1002 4999 1059 5052 et
1084 4993 1247 5068 quasi
1271 5006 1373 5068 per
1398 4990 1659 5050 accidens
1683 4993 1900 5050 substi-

1522 350 1613 404 DE
1658 349 1980 403 INFLUXU
2023 348 2474 403 CHARITATIS.

2061 519 2246 576 tuitur
2272 518 2432 585 fides,
2459 537 2583 593 quae
2616 537 2746 576 cum
2792 520 3019 577 venerit
3040 517 3192 591 quod
3216 533 3325 591 per
3348 533 3430 580 se,

2060 609 2116 658 et
2143 603 2454 676 perfectum
2483 609 2585 669 est,
2626 602 3036 669 evacuabitur;
3078 602 3218 675 quia
3265 602 3432 674 quasi

2062 699 2165 756 per
2191 683 2468 752 accidens,
2492 691 2550 743 et
2568 701 2638 741 ex
2668 690 2828 758 parte
2853 691 2961 740 est.

2135 765 2221 820 Ad
2268 765 2764 823 confirmationem
2797 766 2968 839 hujus
2998 766 3226 838 replicae
3276 770 3599 836 patetom

2059 863 2131 903 ex
2193 846 2388 915 dictis;
2441 865 2575 905 nam
2625 850 2950 907 intellectus
3000 847 3322 905 secundum
3369 838 3597 927 sem

2058 936 2322 1003 sumptus
2349 938 2533 1003 potest
2562 930 2673 988 dici
2700 933 3021 1005 proprietas
3043 932 3260 987 anima}
3289 946 3434 1002 pro-
3510 935 3558 975 ti·

2059 1013 2185 1084 prie
2201 1012 2368 1081 dicta,
2388 1023 2441 1071 et
2464 1016 2705 1072 omnino
2730 1032 2828 1088 per
2849 1032 2910 1072 se
2926 1014 2996 1070 ab
3020 1015 3122 1071 illa
3146 1022 3430 1086 tanquam

2058 1108 2092 1148 a
2132 1098 2342 1150 natura
2387 1093 2683 1161 dimanat;
2731 1102 2785 1153 et
2815 1095 2941 1153 ideo
2989 1096 3048 1151 in
3080 1096 3276 1166 prima
3320 1111 3429 1151 sua

2055 1175 2427 1232 emanatione
2454 1174 2618 1233 debet
2657 1178 2933 1242 vivusset
2963 1175 3243 1231 formatus
3273 1190 3430 1247 prae-

2055 1250 2274 1309 cedere.
2307 1257 2442 1318 Quae
2470 1256 2615 1312 ratio
2641 1258 2724 1326 (ut
2763 1256 2980 1312 dictum
3007 1257 3112 1325 est)
3140 1270 3260 1310 non
3284 1270 3429 1326 pro-

2056 1334 2205 1390 cedit
2227 1337 2289 1392 in
2313 1334 2446 1394 fide.
2500 1337 2675 1402 Adde,
2708 1337 2858 1410 quod
2893 1339 3057 1412 juxta
3086 1336 3255 1393 valde
3283 1354 3428 1410 pro·

2058 1415 2309 1474 babilem
2338 1419 2687 1476 sententiam
2709 1423 2910 1492 (quam
2931 1422 3011 1474 N.
3036 1421 3329 1491 Complut.
3363 1423 3425 1475 in
3441 1422 3572 1475 0⁶¹¹!-

2059 1499 2454 1565 lib.deanima,
2478 1501 2617 1574 disp.
2636 1505 2697 1558 17
2707 1547 2718 1566 ,
2738 1519 2773 1556 a
2797 1519 2947 1557 num.
2985 1503 3238 1565 ll,acute
3260 1508 3428 1558 tuen·

2057 1582 2369 1651 tur),etiam
2394 1582 2455 1637 in
2480 1582 2767 1639 intellectu
2786 1581 3121 1639 dimanante
3135 1581 3207 1638 ab
3219 1582 3428 1639 anima

2055 1661 2326 1718 rationali
2356 1661 2730 1737 distinguitur
2763 1662 2908 1719 ratio
2932 1663 3427 1735 intellectivaepo-

2053 1744 2247 1800 tentiae
2276 1761 2308 1801 a
2336 1745 2558 1802 ratione
2585 1745 2982 1817 proprietatis;
3012 1750 3069 1800 et
3099 1745 3426 1803 secundum

2056 1825 2216 1882 illam
2265 1826 2518 1898 priorem
2570 1830 2656 1881 est
2698 1825 3026 1882 communis
3070 1825 3306 1892 animae,
3364 1836 3426 1883 et

2052 1906 2292 1980 Angelis
2324 1927 2337 1961 :
2363 1905 2696 1977 atque‘adeo
2718 1905 2798 1961 sic
2827 1912 3108 1978 sumptus,
3143 1923 3263 1962 non
3287 1923 3426 1963 om-

2053 1986 2196 2043 nino
2237 2002 2339 2058 per
2375 2002 2435 2042 se
2462 1985 2724 2042 dimanat
2753 1986 2823 2043 ab
2852 1987 3050 2043 anima
3095 1986 3421 2044 secundum

2051 2083 2213 2123 suam
2255 2067 2558 2140 specialem
2591 2068 2908 2137 rationem3
2953 2087 3082 2126 cum
3113 2076 3309 2126 tamen
3352 2071 3421 2126 in

2050 2155 2331 2221 quantum
2380 2149 2700 2223 proprietas
2725 2157 2828 2216 est,
2855 2152 3099 2208 omnino
3126 2166 3228 2223 per
3253 2166 3318 2208 se
3344 2151 3422 2208 ab

2051 2230 2156 2286 illa
2185 2230 2467 2303 procedat.
2521 2230 2686 2287 Unde
2731 2232 2781 2287 si
2819 2231 3247 2289 consideremus
3302 2233 3422 2290 hu-

2050 2329 2289 2369 manum
2319 2313 2679 2370 intellectum
2722 2315 2955 2387 praecise
2981 2317 3299 2372 secundum
3327 2333 3416 2382 se,

2048 2401 2106 2451 et
2171 2401 2232 2449 ut
2282 2411 2382 2468 per
2433 2392 2671 2455 modum
2720 2397 2987 2468 potentiae
3046 2398 3420 2455 intellectiva-„⁴

2049 2474 2347 2534 dumtaxat
2375 2476 2720 2551 intelligitur
2748 2477 3051 2535 dimanare
3085 2479 3155 2536 ab
3185 2480 3407 2546 anima,

2049 2575 2167 2616 non
2209 2560 2576 2617 inveniemus
2624 2561 2794 2621 illum
2828 2562 3059 2633 praecise
3084 2579 3155 2618 ex
3182 2563 3241 2620 vi
3270 2564 3410 2619 talis

2045 2641 2433 2698 emanationis
2489 2641 2690 2698 vivere
2750 2640 2865 2697 vita
2928 2643 3161 2714 propria
3225 2643 3410 2717 ipsius

2046 2723 2277 2778 animae.
2329 2722 2512 2778 Multo
2559 2723 2737 2797 igitur
2773 2721 2982 2778 melius
3023 2722 3256 2779 habebit
3301 2725 3410 2783 hoc

2047 2801 2237 2859 locum
2266 2803 2329 2858 in
2357 2800 2488 2869 fide,
2528 2802 2591 2858 in
2629 2817 2741 2875 qua
2764 2803 2997 2858 realiter
3023 2801 3322 2872 differunt,
3351 2812 3410 2862 et

2045 2886 2195 2957 quod
2217 2887 2293 2942 sit
2313 2884 2472 2951 fides,
2492 2891 2550 2943 et
2574 2883 2723 2959 quod
2745 2885 2820 2939 sit
2845 2885 3000 2953 viva,
3024 2902 3124 2943 seu
3147 2890 3408 2962 proprie-

2045 2971 2131 3023 tas
2159 2966 2387 3031 animae‚
2419 2971 2483 3022 ut
2508 2963 2723 3022 dictum
2750 2970 2852 3021 est.

2639 3152 2671 3219 ς
2710 3150 2802 3205 w.

2043 3296 2508 3356 Adventui-iorum
2547 3298 2751 3370 opiniO,
2781 3306 3106 3368 aryumenea
3133 3317 3240 3373 pro
3279 3301 3398 3368 illa,

2393 3386 2444 3434 et
2471 3395 2659 3434 eorum
2682 3378 3051 3436 enodationes.

2125 3529 2208 3584 18.
2255 3526 2584 3600 Oppositam
2617 3526 2962 3582 sententiam
2991 3531 3228 3584 tuentur
3253 3529 3403 3585 vas·
3424 3532 3569 3587 81³⁸&

2039 3623 2179 3680 quez
2200 3612 2260 3665 in
2277 3609 2544 3681 praeseuti,
2569 3606 2710 3678 disp.
2761 3607 2882 3672 127,
2906 3611 2964 3663 et
2999 3608 3179 3665 refert
3208 3625 3316 3681 pro
3334 3626 3400 3666 ea
3428 3588 3572 3673 ‘aff

2038 3706 2112 3748 ex
2156 3690 2470 3749 Thomistis
2516 3689 2877 3761 Capreolum,
2928 3691 3288 3765 CaJetanum,
3345 3699 3402 3750 et

2040 3773 2236 3829 Sotum
2285 3794 2298 3827 ε
2343 3770 2637 3827 immerito
2664 3775 2876 3836 tamen,
2928 3773 3203 3844 quoniam
3245 3789 3400 3846 prae-

2039 3851 2175 3908 dicti
2205 3856 2467 3909 Doctores
2494 3857 2720 3907 tantum
2755 3849 2970 3916 dicunt,
3003 3853 3202 3910 omnia
3222 3869 3400 3927 opera

2040 3932 2189 3991 bona
2232 3931 2548 3998 moraliter,
2594 3946 2718 4003 quas
2745 3929 2890 3990 fiunt
2917 3931 2987 3988 ab
3027 3933 3309 3991 existente
3336 3935 3400 3992 in

2037 4015 2243 4089 gratia,
2295 4029 2416 4070 esse
2444 4013 2576 4069 vitas
2621 4017 2849 4069 aeternae
2900 4013 3235 4076 meritoria;
3279 4032 3399 4073 non

2039 4112 2178 4153 vero
2206 4100 2437 4170 negant,
2467 4094 2618 4168 quod
2666 4093 2737 4151 ad
2766 4096 2871 4152 hoc
2898 4095 3100 4150 saltem
3129 4096 3401 4153 virtualis
3603 4085 3624 4194 J

2040 4178 2244 4234 relatio
2289 4176 2587 4233 charitatis
2635 4176 2984 4256 requiratur,
3020 4178 3162 4248 quin
3211 4178 3400 4251 potius
3607 4197 3618 4210 ·

2036 4275 2166 4316 eam
2212 4258 2282 4316 ad
2330 4257 2387 4314 id
2416 4273 2683 4330 expresse
2729 4257 3049 4329 requirunt,
3084 4264 3145 4315 ut
3189 4258 3260 4317 de
3287 4263 3399 4321 Ca-

2038 4343 2254 4414 pre010,
2280 4347 2335 4399 et
2363 4342 2629 4415 Cajetano
2666 4338 2865 4396 videre
2889 4345 2974 4396 est
3003 4342 3140 4398 locis
3168 4359 3200 4400 a
3228 4343 3396 4402 nobis

2035 4442 2190 4481 nuru.
2241 4426 2277 4479 5
2303 4424 2517 4485 citatis;
2546 4429 2603 4479 et
2623 4421 2693 4479 de
2719 4423 2852 4478 Soto
2889 4421 3089 4480 eodem
3125 4426 3260 4493 loco,
3292 4425 3394 4482 ubi

2035 4506 2249 4563 citatur
2294 4523 2327 4563 a
2373 4507 2544 4578 Vasq.
2588 4509 2649 4561 ut
2686 4504 2967 4563 constabit
3015 4522 3085 4563 ex
3135 4507 3393 4582 ejusdem
3433 4514 3554 4564 vass.

2034 4588 2154 4644 Soti
2194 4585 2407 4652 verbis,
2438 4602 2564 4658 quae
2587 4586 2712 4641 dub.
2750 4587 2802 4654 5,
2845 4605 2997 4643 num.
3047 4588 3140 4655 73,
3174 4588 3395 4647 refere—

2035 4685 2185 4727 mus.
2230 4667 2487 4726 Eandem
2534 4668 2882 4725 sententiam
2941 4675 3137 4726 tenent
3183 4673 3396 4728 Suarez
3413 4681 3568 4723 snm,

2035 4753 2131 4808 ub.
2171 4753 2254 4819 12,
2274 4770 2394 4825 cap.
2423 4751 2519 4806 oet
2550 4751 2631 4817 10,
2652 4751 2892 4809 Montes.
2914 4752 3057 4825 disp.
3088 4754 3180 4819 36,
3205 4762 3391 4832 quast.
3414 4732 3574 4774 *Μ

2043 4833 2088 4899 l,
2114 4850 2267 4889 num.
2295 4833 2414 4900 195,
2433 4836 2490 4889 et
2518 4831 2790 4888 nonnulli
2818 4831 2919 4888 alii
2940 4832 3211 4902 Juniores
3229 4840 3400 4892 extra

2032 4912 2297 4971 Scholam
2339 4914 2403 4969 D.
2454 4909 2661 4969 Thom.
2690 4911 3006 4970 Dissidium
3063 4919 3258 4972 tamen
3311 4923 3401 4973 est

2033 4994 2188 5053 inter
2214 4993 2508 5068 praedictos
2554 4995 2865 5067 Authores;
2906 4998 3185 5070 quoniam
3219 5002 3393 5133 Vltlisq.

3163 5089 3246 5131 nu
3298 5091 3397 5134 am

3543 5237 3631 5393 cl
