<?xml version="1.0" encoding="UTF-8"?>
<!DOCTYPE html PUBLIC "-//W3C//DTD XHTML 1.0 Transitional//EN"
    "http://www.w3.org/TR/xhtml1/DTD/xhtml1-transitional.dtd">
<html xmlns="http://www.w3.org/1999/xhtml" xml:lang="en" lang="en">
 <head>
  <title>
</title>
<meta http-equiv="Content-Type" content="text/html;charset=utf-8" />
  <meta name='ocr-system' content='tesseract 3.04.00' />
  <meta name='ocr-capabilities' content='ocr_page ocr_carea ocr_par ocr_line ocrx_word'/>
</head>
<body>
  <div class='ocr_page' id='page_1' title='image "./collegiisalmant00carmgoog_0713.png"; bbox 0 0 3647 5753; ppageno 0'>
   <div class='ocr_carea' id='block_1_1' title="bbox 1390 412 3095 481">
    <p class='ocr_par' dir='ltr' id='par_1_1' title="bbox 1390 412 3095 481">
     <span class='ocr_line' id='line_1_1' title="bbox 1390 412 3095 481; baseline 0.002 -11"><span class='ocrx_word' id='word_1_1' title='bbox 1390 415 1572 470; x_wconf 88' lang='lat' dir='ltr'>DISP.</span> <span class='ocrx_word' id='word_1_2' title='bbox 1614 414 1656 481; x_wconf 89' lang='lat'>1,</span> <span class='ocrx_word' id='word_1_3' title='bbox 1700 412 1868 469; x_wconf 92' lang='lat' dir='ltr'>DUB.</span> <span class='ocrx_word' id='word_1_4' title='bbox 1912 412 1981 469; x_wconf 87' lang='lat' dir='ltr'>V.</span> <span class='ocrx_word' id='word_1_5' title='bbox 2987 418 3095 473; x_wconf 82' lang='lat'>691</span> 
     </span>
    </p>
   </div>
   <div class='ocr_carea' id='block_1_2' title="bbox 219 584 1599 742">
    <p class='ocr_par' dir='ltr' id='par_1_2' title="bbox 219 584 1599 742">
     <span class='ocr_line' id='line_1_2' title="bbox 220 584 1599 659; baseline -0.001 -18"><span class='ocrx_word' id='word_1_6' title='bbox 220 584 564 658; x_wconf 80' lang='lat' dir='ltr'>praedictam</span> <span class='ocrx_word' id='word_1_7' title='bbox 618 587 1036 654; x_wconf 84' lang='lat' dir='ltr'>collectionem,</span> <span class='ocrx_word' id='word_1_8' title='bbox 1088 591 1144 643; x_wconf 90' lang='lat' dir='ltr'>et</span> <span class='ocrx_word' id='word_1_9' title='bbox 1197 587 1382 644; x_wconf 90' lang='lat' dir='ltr'>multo</span> <span class='ocrx_word' id='word_1_10' title='bbox 1431 586 1599 659; x_wconf 89' lang='lat' dir='ltr'>plura</span> 
     </span>
     <span class='ocr_line' id='line_1_3' title="bbox 219 668 1259 742; baseline 0.006 -21"><span class='ocrx_word' id='word_1_11' title='bbox 219 669 583 742; x_wconf 82' lang='lat' dir='ltr'>Angelorum</span> <span class='ocrx_word' id='word_1_12' title='bbox 609 668 819 725; x_wconf 87' lang='lat' dir='ltr'>merita</span> <span class='ocrx_word' id='word_1_13' title='bbox 842 668 1259 742; x_wconf 78' lang='lat' dir='ltr'>superexcedit.</span> 
     </span>
    </p>
   </div>
   <div class='ocr_carea' id='block_1_3' title="bbox 15 750 1599 823">
    <p class='ocr_par' dir='ltr' id='par_1_3' title="bbox 15 750 1599 823">
     <span class='ocr_line' id='line_1_4' title="bbox 15 750 1599 823; baseline 0.004 -25"><span class='ocrx_word' id='word_1_14' title='bbox 15 764 190 799; x_wconf 73' lang='lat' dir='ltr'>:rum</span> <span class='ocrx_word' id='word_1_15' title='bbox 301 751 393 806; x_wconf 86' lang='lat'>45.</span> <span class='ocrx_word' id='word_1_16' title='bbox 443 750 602 815; x_wconf 91' lang='lat' dir='ltr'>Quod</span> <span class='ocrx_word' id='word_1_17' title='bbox 642 766 782 806; x_wconf 83' lang='lat' dir='ltr'>vero</span> <span class='ocrx_word' id='word_1_18' title='bbox 834 752 1040 807; x_wconf 79' lang='lat' dir='ltr'>attinet</span> <span class='ocrx_word' id='word_1_19' title='bbox 1090 750 1161 807; x_wconf 92' lang='lat' dir='ltr'>ad</span> <span class='ocrx_word' id='word_1_20' title='bbox 1200 750 1517 823; x_wconf 89' lang='lat' dir='ltr'>Apostolos,</span> <span class='ocrx_word' id='word_1_21' title='bbox 1541 752 1599 805; x_wconf 91' lang='lat' dir='ltr'>et</span> 
     </span>
    </p>
   </div>
   <div class='ocr_carea' id='block_1_4' title="bbox 15 814 1597 5137">
    <p class='ocr_par' dir='ltr' id='par_1_4' title="bbox 15 814 1597 5137">
     <span class='ocr_line' id='line_1_5' title="bbox 15 814 1596 903; baseline 0.003 -21"><span class='ocrx_word' id='word_1_22' title='bbox 15 814 188 898; x_wconf 46' lang='lat' dir='ltr'>{⁰ss3:</span> <span class='ocrx_word' id='word_1_23' title='bbox 221 829 294 886; x_wconf 89' lang='lat' dir='ltr'>D.</span> <span class='ocrx_word' id='word_1_24' title='bbox 333 832 617 888; x_wconf 90' lang='lat' dir='ltr'>Joannem</span> <span class='ocrx_word' id='word_1_25' title='bbox 666 831 1003 903; x_wconf 89' lang='lat' dir='ltr'>Baptistam,</span> <span class='ocrx_word' id='word_1_26' title='bbox 1058 830 1365 890; x_wconf 88' lang='lat' dir='ltr'>dicendum</span> <span class='ocrx_word' id='word_1_27' title='bbox 1418 833 1596 888; x_wconf 90' lang='lat' dir='ltr'>etiam</span> 
     </span>
     <span class='ocr_line' id='line_1_6' title="bbox 15 904 1596 979; baseline -0.001 -11"><span class='ocrx_word' id='word_1_28' title='bbox 15 904 182 949; x_wconf 66' lang='lat'><strong>¹⁰⁸¹·</strong></span> <span class='ocrx_word' id='word_1_29' title='bbox 218 917 332 979; x_wconf 87' lang='lat' dir='ltr'>est,</span> <span class='ocrx_word' id='word_1_30' title='bbox 366 929 484 970; x_wconf 89' lang='lat' dir='ltr'>non</span> <span class='ocrx_word' id='word_1_31' title='bbox 504 913 645 970; x_wconf 89' lang='lat' dir='ltr'>satis</span> <span class='ocrx_word' id='word_1_32' title='bbox 666 912 867 971; x_wconf 88' lang='lat' dir='ltr'>deduci</span> <span class='ocrx_word' id='word_1_33' title='bbox 903 928 976 969; x_wconf 84' lang='lat' dir='ltr'>ex</span> <span class='ocrx_word' id='word_1_34' title='bbox 1002 914 1124 970; x_wconf 91' lang='lat' dir='ltr'>sola</span> <span class='ocrx_word' id='word_1_35' title='bbox 1169 913 1361 970; x_wconf 80' lang='lat' dir='ltr'>meriti</span> <span class='ocrx_word' id='word_1_36' title='bbox 1408 912 1596 969; x_wconf 91' lang='lat' dir='ltr'>conti-</span> 
     </span>
     <span class='ocr_line' id='line_1_7' title="bbox 221 992 1590 1068; baseline -0.001 -20"><span class='ocrx_word' id='word_1_37' title='bbox 221 993 523 1059; x_wconf 87' lang='lat' dir='ltr'>nuatione,</span> <span class='ocrx_word' id='word_1_38' title='bbox 544 1011 717 1068; x_wconf 91' lang='lat' dir='ltr'>quam</span> <span class='ocrx_word' id='word_1_39' title='bbox 741 996 896 1064; x_wconf 84' lang='lat' dir='ltr'>Eliae,</span> <span class='ocrx_word' id='word_1_40' title='bbox 915 1001 969 1052; x_wconf 91' lang='lat' dir='ltr'>et</span> <span class='ocrx_word' id='word_1_41' title='bbox 988 994 1182 1052; x_wconf 83' lang='lat' dir='ltr'>Enoch</span> <span class='ocrx_word' id='word_1_42' title='bbox 1206 992 1590 1059; x_wconf 86' lang='lat' dir='ltr'>concedimus,</span> 
     </span>
     <span class='ocr_line' id='line_1_8' title="bbox 219 1073 1597 1148; baseline -0.001 -18"><span class='ocrx_word' id='word_1_43' title='bbox 219 1073 333 1131; x_wconf 88' lang='lat' dir='ltr'>hos</span> <span class='ocrx_word' id='word_1_44' title='bbox 360 1077 559 1131; x_wconf 87' lang='lat' dir='ltr'>Patres</span> <span class='ocrx_word' id='word_1_45' title='bbox 602 1075 825 1133; x_wconf 85' lang='lat' dir='ltr'>futuros</span> <span class='ocrx_word' id='word_1_46' title='bbox 871 1093 992 1134; x_wconf 89' lang='lat' dir='ltr'>esse</span> <span class='ocrx_word' id='word_1_47' title='bbox 1033 1076 1154 1131; x_wconf 92' lang='lat' dir='ltr'>illis</span> <span class='ocrx_word' id='word_1_48' title='bbox 1201 1074 1263 1131; x_wconf 89' lang='lat' dir='ltr'>in</span> <span class='ocrx_word' id='word_1_49' title='bbox 1310 1075 1514 1148; x_wconf 82' lang='lat' dir='ltr'>gratia,</span> <span class='ocrx_word' id='word_1_50' title='bbox 1540 1079 1597 1130; x_wconf 93' lang='lat' dir='ltr'>et</span> 
     </span>
     <span class='ocr_line' id='line_1_9' title="bbox 219 1154 1595 1229; baseline 0.001 -19"><span class='ocrx_word' id='word_1_51' title='bbox 219 1154 526 1212; x_wconf 79' lang='lat' dir='ltr'>sanctitate</span> <span class='ocrx_word' id='word_1_52' title='bbox 565 1173 744 1229; x_wconf 65' lang='lat' dir='ltr'>pares»,</span> <span class='ocrx_word' id='word_1_53' title='bbox 778 1162 875 1216; x_wconf 90' lang='lat' dir='ltr'>aut</span> <span class='ocrx_word' id='word_1_54' title='bbox 902 1158 985 1215; x_wconf 88' lang='lat' dir='ltr'>eis</span> <span class='ocrx_word' id='word_1_55' title='bbox 1037 1159 1482 1229; x_wconf 69' lang='lat' dir='ltr'>praestantiores.</span> <span class='ocrx_word' id='word_1_56' title='bbox 1525 1156 1595 1211; x_wconf 91' lang='lat' dir='ltr'>Et</span> 
     </span>
     <span class='ocr_line' id='line_1_10' title="bbox 225 1236 1591 1310; baseline 0.001 -19"><span class='ocrx_word' id='word_1_57' title='bbox 225 1236 378 1293; x_wconf 88' lang='lat' dir='ltr'>ratio</span> <span class='ocrx_word' id='word_1_58' title='bbox 399 1242 503 1303; x_wconf 89' lang='lat' dir='ltr'>est,</span> <span class='ocrx_word' id='word_1_59' title='bbox 555 1238 830 1310; x_wconf 89' lang='lat' dir='ltr'>quoniam</span> <span class='ocrx_word' id='word_1_60' title='bbox 873 1239 1149 1296; x_wconf 90' lang='lat' dir='ltr'>meritum</span> <span class='ocrx_word' id='word_1_61' title='bbox 1198 1254 1317 1294; x_wconf 91' lang='lat' dir='ltr'>non</span> <span class='ocrx_word' id='word_1_62' title='bbox 1365 1241 1591 1293; x_wconf 89' lang='lat' dir='ltr'>tantum</span> 
     </span>
     <span class='ocr_line' id='line_1_11' title="bbox 218 1315 1596 1392; baseline 0.001 -20"><span class='ocrx_word' id='word_1_63' title='bbox 218 1315 551 1387; x_wconf 87' lang='lat' dir='ltr'>duratione,</span> <span class='ocrx_word' id='word_1_64' title='bbox 577 1325 856 1391; x_wconf 87' lang='lat' dir='ltr'>quantum</span> <span class='ocrx_word' id='word_1_65' title='bbox 885 1320 1211 1377; x_wconf 88' lang='lat' dir='ltr'>intensione</span> <span class='ocrx_word' id='word_1_66' title='bbox 1233 1319 1424 1392; x_wconf 89' lang='lat' dir='ltr'>operis</span> <span class='ocrx_word' id='word_1_67' title='bbox 1448 1334 1596 1376; x_wconf 88' lang='lat' dir='ltr'>cres·</span> 
     </span>
     <span class='ocr_line' id='line_1_12' title="bbox 219 1397 1593 1457; baseline 0.001 -4"><span class='ocrx_word' id='word_1_68' title='bbox 219 1397 302 1453; x_wconf 87' lang='lat' dir='ltr'>cit</span> <span class='ocrx_word' id='word_1_69' title='bbox 330 1418 343 1453; x_wconf 76' lang='grc' dir='ltr'><strong><em>ε</em></strong></span> <span class='ocrx_word' id='word_1_70' title='bbox 371 1403 426 1455; x_wconf 95' lang='lat' dir='ltr'>et</span> <span class='ocrx_word' id='word_1_71' title='bbox 460 1399 540 1455; x_wconf 88' lang='lat' dir='ltr'>ita</span> <span class='ocrx_word' id='word_1_72' title='bbox 572 1415 720 1454; x_wconf 89' lang='lat' dir='ltr'>unus</span> <span class='ocrx_word' id='word_1_73' title='bbox 746 1407 901 1457; x_wconf 89' lang='lat' dir='ltr'>actus</span> <span class='ocrx_word' id='word_1_74' title='bbox 939 1399 1237 1457; x_wconf 89' lang='lat' dir='ltr'>charitatis</span> <span class='ocrx_word' id='word_1_75' title='bbox 1282 1399 1452 1457; x_wconf 83' lang='lat' dir='ltr'>valde</span> <span class='ocrx_word' id='word_1_76' title='bbox 1495 1399 1593 1455; x_wconf 88' lang='lat' dir='ltr'>in-</span> 
     </span>
     <span class='ocr_line' id='line_1_13' title="bbox 217 1477 1594 1554; baseline 0.001 -21"><span class='ocrx_word' id='word_1_77' title='bbox 217 1482 440 1544; x_wconf 88' lang='lat' dir='ltr'>tensus,</span> <span class='ocrx_word' id='word_1_78' title='bbox 472 1477 708 1536; x_wconf 89' lang='lat' dir='ltr'>etiamsi</span> <span class='ocrx_word' id='word_1_79' title='bbox 752 1478 1152 1538; x_wconf 84' lang='lat' dir='ltr'>instantaneus</span> <span class='ocrx_word' id='word_1_80' title='bbox 1196 1482 1286 1551; x_wconf 88' lang='lat' dir='ltr'>sit,</span> <span class='ocrx_word' id='word_1_81' title='bbox 1321 1485 1501 1554; x_wconf 89' lang='lat' dir='ltr'>potest</span> <span class='ocrx_word' id='word_1_82' title='bbox 1528 1479 1594 1535; x_wconf 90' lang='lat' dir='ltr'>in</span> 
     </span>
     <span class='ocr_line' id='line_1_14' title="bbox 220 1557 1593 1635; baseline 0.003 -22"><span class='ocrx_word' id='word_1_83' title='bbox 220 1557 449 1616; x_wconf 88' lang='lat' dir='ltr'>ratione</span> <span class='ocrx_word' id='word_1_84' title='bbox 476 1561 671 1617; x_wconf 90' lang='lat' dir='ltr'>meriti</span> <span class='ocrx_word' id='word_1_85' title='bbox 698 1576 973 1633; x_wconf 89' lang='lat' dir='ltr'>superare</span> <span class='ocrx_word' id='word_1_86' title='bbox 999 1563 1283 1635; x_wconf 88' lang='lat' dir='ltr'>plurimos</span> <span class='ocrx_word' id='word_1_87' title='bbox 1304 1561 1449 1620; x_wconf 91' lang='lat' dir='ltr'>alios</span> <span class='ocrx_word' id='word_1_88' title='bbox 1475 1561 1593 1617; x_wconf 92' lang='lat' dir='ltr'>mi-</span> 
     </span>
     <span class='ocr_line' id='line_1_15' title="bbox 218 1639 1593 1719; baseline 0.004 -24"><span class='ocrx_word' id='word_1_89' title='bbox 218 1654 332 1695; x_wconf 88' lang='lat' dir='ltr'>nus</span> <span class='ocrx_word' id='word_1_90' title='bbox 355 1639 630 1708; x_wconf 51' lang='lat' dir='ltr'>intensos</span> <span class='ocrx_word' id='word_1_91' title='bbox 661 1642 760 1714; x_wconf 90' lang='lat' dir='ltr'>qui</span> <span class='ocrx_word' id='word_1_92' title='bbox 792 1658 892 1714; x_wconf 88' lang='lat' dir='ltr'>per</span> <span class='ocrx_word' id='word_1_93' title='bbox 917 1644 1155 1719; x_wconf 87' lang='lat' dir='ltr'>longum</span> <span class='ocrx_word' id='word_1_94' title='bbox 1198 1648 1425 1716; x_wconf 90' lang='lat' dir='ltr'>tempus</span> <span class='ocrx_word' id='word_1_95' title='bbox 1452 1659 1593 1700; x_wconf 91' lang='lat' dir='ltr'>con-</span> 
     </span>
     <span class='ocr_line' id='line_1_16' title="bbox 219 1720 1592 1799; baseline 0.004 -24"><span class='ocrx_word' id='word_1_96' title='bbox 219 1720 563 1777; x_wconf 89' lang='lat' dir='ltr'>tinuentur:</span> <span class='ocrx_word' id='word_1_97' title='bbox 612 1723 759 1779; x_wconf 86' lang='lat' dir='ltr'>sicut</span> <span class='ocrx_word' id='word_1_98' title='bbox 787 1723 858 1781; x_wconf 90' lang='lat' dir='ltr'>de</span> <span class='ocrx_word' id='word_1_99' title='bbox 897 1727 1069 1782; x_wconf 85' lang='lat' dir='ltr'>Beata</span> <span class='ocrx_word' id='word_1_100' title='bbox 1096 1725 1337 1799; x_wconf 89' lang='lat' dir='ltr'>Virgine</span> <span class='ocrx_word' id='word_1_101' title='bbox 1363 1723 1592 1781; x_wconf 89' lang='lat' dir='ltr'>diceba-</span> 
     </span>
     <span class='ocr_line' id='line_1_17' title="bbox 219 1804 1590 1881; baseline 0.002 -23"><span class='ocrx_word' id='word_1_102' title='bbox 219 1819 373 1869; x_wconf 75' lang='lat' dir='ltr'>muS,</span> <span class='ocrx_word' id='word_1_103' title='bbox 404 1818 529 1876; x_wconf 82' lang='lat' dir='ltr'>quae</span> <span class='ocrx_word' id='word_1_104' title='bbox 574 1804 745 1861; x_wconf 90' lang='lat' dir='ltr'>unico</span> <span class='ocrx_word' id='word_1_105' title='bbox 793 1805 896 1862; x_wconf 91' lang='lat' dir='ltr'>illo</span> <span class='ocrx_word' id='word_1_106' title='bbox 944 1812 1090 1871; x_wconf 87' lang='lat' dir='ltr'>actu,</span> <span class='ocrx_word' id='word_1_107' title='bbox 1115 1822 1227 1881; x_wconf 90' lang='lat' dir='ltr'>quo</span> <span class='ocrx_word' id='word_1_108' title='bbox 1247 1820 1590 1863; x_wconf 88' lang='lat' dir='ltr'>consensum</span> 
     </span>
     <span class='ocr_line' id='line_1_18' title="bbox 220 1883 1592 1960; baseline 0.001 -21"><span class='ocrx_word' id='word_1_109' title='bbox 220 1883 293 1940; x_wconf 88' lang='lat' dir='ltr'>ad</span> <span class='ocrx_word' id='word_1_110' title='bbox 359 1885 821 1943; x_wconf 86' lang='lat' dir='ltr'>Incarnationem</span> <span class='ocrx_word' id='word_1_111' title='bbox 877 1886 1135 1959; x_wconf 80' lang='lat' dir='ltr'>praebuit,</span> <span class='ocrx_word' id='word_1_112' title='bbox 1195 1888 1323 1960; x_wconf 88' lang='lat' dir='ltr'>plus</span> <span class='ocrx_word' id='word_1_113' title='bbox 1379 1886 1592 1942; x_wconf 89' lang='lat' dir='ltr'>meruit</span> 
     </span>
     <span class='ocr_line' id='line_1_19' title="bbox 215 1969 1591 2045; baseline 0.002 -24"><span class='ocrx_word' id='word_1_114' title='bbox 215 1982 394 2039; x_wconf 90' lang='lat' dir='ltr'>quam</span> <span class='ocrx_word' id='word_1_115' title='bbox 442 1985 642 2026; x_wconf 87' lang='lat' dir='ltr'>omnes</span> <span class='ocrx_word' id='word_1_116' title='bbox 699 1970 926 2045; x_wconf 89' lang='lat' dir='ltr'>Angeli,</span> <span class='ocrx_word' id='word_1_117' title='bbox 986 1977 1042 2028; x_wconf 92' lang='lat' dir='ltr'>et</span> <span class='ocrx_word' id='word_1_118' title='bbox 1090 1971 1358 2028; x_wconf 90' lang='lat' dir='ltr'>homines</span> <span class='ocrx_word' id='word_1_119' title='bbox 1410 1969 1591 2025; x_wconf 85' lang='lat' dir='ltr'>simul</span> 
     </span>
     <span class='ocr_line' id='line_1_20' title="bbox 218 2051 1591 2126; baseline 0.001 -23"><span class='ocrx_word' id='word_1_120' title='bbox 218 2055 579 2104; x_wconf 89' lang='lat' dir='ltr'>meruerunt.</span> <span class='ocrx_word' id='word_1_121' title='bbox 652 2051 841 2108; x_wconf 78' lang='lat' dir='ltr'>Potuit</span> <span class='ocrx_word' id='word_1_122' title='bbox 886 2068 1024 2126; x_wconf 89' lang='lat' dir='ltr'>ergo</span> <span class='ocrx_word' id='word_1_123' title='bbox 1076 2054 1282 2109; x_wconf 85' lang='lat' dir='ltr'>Beatus</span> <span class='ocrx_word' id='word_1_124' title='bbox 1340 2052 1591 2107; x_wconf 77' lang='lat' dir='ltr'>Joannes</span> 
     </span>
     <span class='ocr_line' id='line_1_21' title="bbox 221 2128 1592 2205; baseline 0.003 -22"><span class='ocrx_word' id='word_1_125' title='bbox 221 2128 494 2201; x_wconf 86' lang='lat' dir='ltr'>Baptista,</span> <span class='ocrx_word' id='word_1_126' title='bbox 525 2135 836 2201; x_wconf 88' lang='lat' dir='ltr'>potuerunt</span> <span class='ocrx_word' id='word_1_127' title='bbox 856 2134 1114 2205; x_wconf 86' lang='lat' dir='ltr'>Apostoli</span> <span class='ocrx_word' id='word_1_128' title='bbox 1143 2132 1307 2190; x_wconf 84' lang='lat' dir='ltr'>brevi</span> <span class='ocrx_word' id='word_1_129' title='bbox 1333 2132 1435 2189; x_wconf 91' lang='lat' dir='ltr'>illo</span> <span class='ocrx_word' id='word_1_130' title='bbox 1451 2130 1592 2187; x_wconf 85' lang='lat' dir='ltr'>tem-</span> 
     </span>
     <span class='ocr_line' id='line_1_22' title="bbox 219 2214 1588 2285; baseline 0.001 -16"><span class='ocrx_word' id='word_1_131' title='bbox 219 2229 378 2284; x_wconf 88' lang='lat' dir='ltr'>pore,</span> <span class='ocrx_word' id='word_1_132' title='bbox 412 2228 524 2285; x_wconf 91' lang='lat' dir='ltr'>quo</span> <span class='ocrx_word' id='word_1_133' title='bbox 545 2214 781 2272; x_wconf 86' lang='lat' dir='ltr'>fuerunt</span> <span class='ocrx_word' id='word_1_134' title='bbox 820 2217 1087 2282; x_wconf 91' lang='lat' dir='ltr'>viatores,</span> <span class='ocrx_word' id='word_1_135' title='bbox 1113 2223 1267 2272; x_wconf 91' lang='lat' dir='ltr'>actus</span> <span class='ocrx_word' id='word_1_136' title='bbox 1291 2215 1369 2271; x_wconf 90' lang='lat' dir='ltr'>ita</span> <span class='ocrx_word' id='word_1_137' title='bbox 1396 2216 1588 2271; x_wconf 88' lang='lat' dir='ltr'>inten-</span> 
     </span>
     <span class='ocr_line' id='line_1_23' title="bbox 217 2293 1591 2370; baseline 0.001 -21"><span class='ocrx_word' id='word_1_138' title='bbox 217 2310 312 2350; x_wconf 83' lang='lat' dir='ltr'>sos</span> <span class='ocrx_word' id='word_1_139' title='bbox 332 2293 556 2359; x_wconf 88' lang='lat' dir='ltr'>elicere,</span> <span class='ocrx_word' id='word_1_140' title='bbox 585 2301 646 2350; x_wconf 86' lang='lat' dir='ltr'>ut</span> <span class='ocrx_word' id='word_1_141' title='bbox 671 2303 1013 2369; x_wconf 83' lang='lat' dir='ltr'>superarent</span> <span class='ocrx_word' id='word_1_142' title='bbox 1034 2297 1098 2353; x_wconf 91' lang='lat' dir='ltr'>in</span> <span class='ocrx_word' id='word_1_143' title='bbox 1129 2298 1358 2353; x_wconf 87' lang='lat' dir='ltr'>meritis</span> <span class='ocrx_word' id='word_1_144' title='bbox 1384 2312 1591 2370; x_wconf 89' lang='lat' dir='ltr'>quem-</span> 
     </span>
     <span class='ocr_line' id='line_1_24' title="bbox 223 2374 1590 2451; baseline 0.002 -21"><span class='ocrx_word' id='word_1_145' title='bbox 223 2374 365 2431; x_wconf 88' lang='lat' dir='ltr'>libet</span> <span class='ocrx_word' id='word_1_146' title='bbox 391 2377 575 2432; x_wconf 89' lang='lat' dir='ltr'>alium</span> <span class='ocrx_word' id='word_1_147' title='bbox 604 2379 963 2445; x_wconf 87' lang='lat' dir='ltr'>Sanctorum,</span> <span class='ocrx_word' id='word_1_148' title='bbox 1007 2378 1109 2451; x_wconf 82' lang='lat' dir='ltr'>q&#39;ui</span> <span class='ocrx_word' id='word_1_149' title='bbox 1163 2394 1264 2451; x_wconf 91' lang='lat' dir='ltr'>per</span> <span class='ocrx_word' id='word_1_150' title='bbox 1320 2378 1590 2451; x_wconf 88' lang='lat' dir='ltr'>longissi-</span> 
     </span>
     <span class='ocr_line' id='line_1_25' title="bbox 224 2458 1588 2534; baseline 0.004 -23"><span class='ocrx_word' id='word_1_151' title='bbox 224 2472 387 2512; x_wconf 87' lang='lat' dir='ltr'>mum</span> <span class='ocrx_word' id='word_1_152' title='bbox 417 2461 658 2530; x_wconf 77' lang='lat' dir='ltr'>tempuS,</span> <span class='ocrx_word' id='word_1_153' title='bbox 694 2460 784 2515; x_wconf 85' lang='lat' dir='ltr'>vel</span> <span class='ocrx_word' id='word_1_154' title='bbox 828 2475 1005 2534; x_wconf 90' lang='lat' dir='ltr'>usque</span> <span class='ocrx_word' id='word_1_155' title='bbox 1044 2458 1114 2516; x_wconf 91' lang='lat' dir='ltr'>ad</span> <span class='ocrx_word' id='word_1_156' title='bbox 1155 2458 1334 2516; x_wconf 84' lang='lat' dir='ltr'>finem</span> <span class='ocrx_word' id='word_1_157' title='bbox 1382 2459 1588 2516; x_wconf 87' lang='lat' dir='ltr'>mundi</span> 
     </span>
     <span class='ocr_line' id='line_1_26' title="bbox 224 2538 1375 2599; baseline 0.002 -4"><span class='ocrx_word' id='word_1_158' title='bbox 224 2538 500 2597; x_wconf 90' lang='lat' dir='ltr'>continuo</span> <span class='ocrx_word' id='word_1_159' title='bbox 530 2556 645 2597; x_wconf 91' lang='lat' dir='ltr'>non</span> <span class='ocrx_word' id='word_1_160' title='bbox 672 2542 752 2598; x_wconf 89' lang='lat' dir='ltr'>ita</span> <span class='ocrx_word' id='word_1_161' title='bbox 782 2541 1004 2599; x_wconf 89' lang='lat' dir='ltr'>intense</span> <span class='ocrx_word' id='word_1_162' title='bbox 1032 2549 1375 2599; x_wconf 88' lang='lat' dir='ltr'>mereretur.</span> 
     </span>
     <span class='ocr_line' id='line_1_27' title="bbox 19 2620 1589 2691; baseline 0 -12"><span class='ocrx_word' id='word_1_163' title='bbox 19 2633 217 2679; x_wconf 78' lang='lat' dir='ltr'>uetitas</span> <span class='ocrx_word' id='word_1_164' title='bbox 303 2620 584 2686; x_wconf 84' lang='lat' dir='ltr'>Diximus,</span> <span class='ocrx_word' id='word_1_165' title='bbox 635 2639 706 2677; x_wconf 72' lang='lat' dir='ltr'>ex</span> <span class='ocrx_word' id='word_1_166' title='bbox 748 2625 865 2678; x_wconf 80' lang='lat' dir='ltr'>sola</span> <span class='ocrx_word' id='word_1_167' title='bbox 915 2626 1102 2679; x_wconf 75' lang='lat' dir='ltr'>meriti</span> <span class='ocrx_word' id='word_1_168' title='bbox 1148 2624 1589 2691; x_wconf 79' lang='lat' dir='ltr'>continuatione,·</span> 
     </span>
     <span class='ocr_line' id='line_1_28' title="bbox 15 2696 1581 2781; baseline 0.002 -24"><span class='ocrx_word' id='word_1_169' title='bbox 15 2696 164 2781; x_wconf 55' lang='lat'>332¹}</span> <span class='ocrx_word' id='word_1_170' title='bbox 221 2704 359 2775; x_wconf 89' lang='lat' dir='ltr'>quia</span> <span class='ocrx_word' id='word_1_171' title='bbox 405 2702 659 2760; x_wconf 79' lang='lat' dir='ltr'>absolute</span> <span class='ocrx_word' id='word_1_172' title='bbox 712 2706 996 2778; x_wconf 91' lang='lat' dir='ltr'>loquendo</span> <span class='ocrx_word' id='word_1_173' title='bbox 1061 2723 1178 2764; x_wconf 91' lang='lat' dir='ltr'>non</span> <span class='ocrx_word' id='word_1_174' title='bbox 1229 2705 1581 2772; x_wconf 89' lang='lat' dir='ltr'>dubitamus,</span> 
     </span>
     <span class='ocr_line' id='line_1_29' title="bbox 221 2784 1587 2854; baseline 0.003 -17"><span class='ocrx_word' id='word_1_175' title='bbox 221 2785 531 2841; x_wconf 87' lang='lat' dir='ltr'>Parentem</span> <span class='ocrx_word' id='word_1_176' title='bbox 561 2784 750 2840; x_wconf 87' lang='lat' dir='ltr'>Eliam</span> <span class='ocrx_word' id='word_1_177' title='bbox 796 2786 859 2841; x_wconf 90' lang='lat' dir='ltr'>in</span> <span class='ocrx_word' id='word_1_178' title='bbox 900 2786 1146 2853; x_wconf 76' lang='lat' dir='ltr'>meritiS,</span> <span class='ocrx_word' id='word_1_179' title='bbox 1179 2788 1500 2854; x_wconf 85' lang='lat' dir='ltr'>sanctitate,</span> <span class='ocrx_word' id='word_1_180' title='bbox 1530 2790 1587 2842; x_wconf 91' lang='lat' dir='ltr'>et</span> 
     </span>
     <span class='ocr_line' id='line_1_30' title="bbox 216 2865 1585 2942; baseline 0.003 -22"><span class='ocrx_word' id='word_1_181' title='bbox 216 2865 405 2939; x_wconf 88' lang='lat' dir='ltr'>gloria</span> <span class='ocrx_word' id='word_1_182' title='bbox 426 2865 643 2923; x_wconf 79' lang='lat' dir='ltr'>caeteris</span> <span class='ocrx_word' id='word_1_183' title='bbox 662 2866 947 2940; x_wconf 86' lang='lat' dir='ltr'>Apostolis</span> <span class='ocrx_word' id='word_1_184' title='bbox 970 2868 1233 2926; x_wconf 82' lang='lat' dir='ltr'>futurum</span> <span class='ocrx_word' id='word_1_185' title='bbox 1256 2887 1377 2928; x_wconf 89' lang='lat' dir='ltr'>esse</span> <span class='ocrx_word' id='word_1_186' title='bbox 1399 2884 1585 2942; x_wconf 81' lang='lat' dir='ltr'>aequa-</span> 
     </span>
     <span class='ocr_line' id='line_1_31' title="bbox 219 2949 1585 3023; baseline 0.005 -21"><span class='ocrx_word' id='word_1_187' title='bbox 219 2949 356 3014; x_wconf 89' lang='lat' dir='ltr'>lem,</span> <span class='ocrx_word' id='word_1_188' title='bbox 386 2954 576 3021; x_wconf 91' lang='lat' dir='ltr'>utpote</span> <span class='ocrx_word' id='word_1_189' title='bbox 596 2949 693 3023; x_wconf 89' lang='lat' dir='ltr'>qui</span> <span class='ocrx_word' id='word_1_190' title='bbox 724 2949 844 3022; x_wconf 91' lang='lat' dir='ltr'>ipse</span> <span class='ocrx_word' id='word_1_191' title='bbox 865 2951 1041 3006; x_wconf 89' lang='lat' dir='ltr'>simul</span> <span class='ocrx_word' id='word_1_192' title='bbox 1057 2967 1188 3008; x_wconf 91' lang='lat' dir='ltr'>cum</span> <span class='ocrx_word' id='word_1_193' title='bbox 1208 2953 1400 3010; x_wconf 88' lang='lat' dir='ltr'>Enoch</span> <span class='ocrx_word' id='word_1_194' title='bbox 1413 2969 1585 3009; x_wconf 87' lang='lat' dir='ltr'>verus</span> 
     </span>
     <span class='ocr_line' id='line_1_32' title="bbox 218 3031 1582 3107; baseline 0.006 -25"><span class='ocrx_word' id='word_1_195' title='bbox 218 3032 522 3100; x_wconf 84' lang='lat' dir='ltr'>Apostolus</span> <span class='ocrx_word' id='word_1_196' title='bbox 561 3037 645 3087; x_wconf 91' lang='lat' dir='ltr'>est</span> <span class='ocrx_word' id='word_1_197' title='bbox 667 3031 895 3088; x_wconf 80' lang='lat' dir='ltr'>futurus</span> <span class='ocrx_word' id='word_1_198' title='bbox 918 3053 931 3088; x_wconf 72' lang='grc' dir='ltr'><strong><em>ε</em></strong></span> <span class='ocrx_word' id='word_1_199' title='bbox 958 3048 1061 3090; x_wconf 87' lang='lat' dir='ltr'>nec</span> <span class='ocrx_word' id='word_1_200' title='bbox 1096 3033 1445 3099; x_wconf 88' lang='lat' dir='ltr'>dubitamus,</span> <span class='ocrx_word' id='word_1_201' title='bbox 1480 3050 1582 3107; x_wconf 91' lang='lat' dir='ltr'>pa—</span> 
     </span>
     <span class='ocr_line' id='line_1_33' title="bbox 221 3111 1577 3188; baseline 0.004 -21"><span class='ocrx_word' id='word_1_202' title='bbox 221 3126 344 3167; x_wconf 85' lang='lat' dir='ltr'>rem</span> <span class='ocrx_word' id='word_1_203' title='bbox 372 3111 547 3167; x_wconf 87' lang='lat' dir='ltr'>etiam</span> <span class='ocrx_word' id='word_1_204' title='bbox 577 3111 836 3169; x_wconf 79' lang='lat' dir='ltr'>futurum</span> <span class='ocrx_word' id='word_1_205' title='bbox 865 3129 987 3172; x_wconf 91' lang='lat' dir='ltr'>esse</span> <span class='ocrx_word' id='word_1_206' title='bbox 1032 3115 1249 3172; x_wconf 90' lang='lat' dir='ltr'>Joanni</span> <span class='ocrx_word' id='word_1_207' title='bbox 1292 3116 1577 3188; x_wconf 72' lang='lat' dir='ltr'>Baptistae,</span> 
     </span>
     <span class='ocr_line' id='line_1_34' title="bbox 15 3191 1575 3267; baseline 0.004 -21"><span class='ocrx_word' id='word_1_208' title='bbox 15 3237 20 3246; x_wconf 83' lang='grc'><strong><em>,</em></strong></span> <span class='ocrx_word' id='word_1_209' title='bbox 51 3191 314 3263; x_wconf 67' lang='lat' dir='ltr'>niet-‚qui</span> <span class='ocrx_word' id='word_1_210' title='bbox 338 3193 419 3262; x_wconf 91' lang='lat' dir='ltr'>(ut</span> <span class='ocrx_word' id='word_1_211' title='bbox 442 3192 521 3248; x_wconf 90' lang='lat' dir='ltr'>ait</span> <span class='ocrx_word' id='word_1_212' title='bbox 546 3191 936 3267; x_wconf 87' lang='lat' dir='ltr'>Hieronymus</span> <span class='ocrx_word' id='word_1_213' title='bbox 967 3195 1183 3252; x_wconf 88' lang='lat' dir='ltr'>relatus</span> <span class='ocrx_word' id='word_1_214' title='bbox 1212 3211 1245 3251; x_wconf 88' lang='lat' dir='ltr'>a</span> <span class='ocrx_word' id='word_1_215' title='bbox 1271 3196 1335 3251; x_wconf 93' lang='lat' dir='ltr'>D.</span> <span class='ocrx_word' id='word_1_216' title='bbox 1370 3196 1575 3253; x_wconf 89' lang='lat' dir='ltr'>Thom.</span> 
     </span>
     <span class='ocr_line' id='line_1_35' title="bbox 15 3255 1582 3350; baseline 0.004 -22"><span class='ocrx_word' id='word_1_217' title='bbox 15 3255 180 3297; x_wconf 70' lang='lat' dir='ltr'><strong>·T¹¹⁰·</strong></span> <span class='ocrx_word' id='word_1_218' title='bbox 218 3274 283 3329; x_wconf 89' lang='lat' dir='ltr'>in</span> <span class='ocrx_word' id='word_1_219' title='bbox 305 3274 534 3336; x_wconf 88' lang='lat' dir='ltr'>Catena,</span> <span class='ocrx_word' id='word_1_220' title='bbox 562 3291 726 3346; x_wconf 82' lang='lat' dir='ltr'>super</span> <span class='ocrx_word' id='word_1_221' title='bbox 745 3293 867 3347; x_wconf 83' lang='lat' dir='ltr'>cap.</span> <span class='ocrx_word' id='word_1_222' title='bbox 903 3278 986 3342; x_wconf 88' lang='lat' dir='ltr'>ll,</span> <span class='ocrx_word' id='word_1_223' title='bbox 1020 3276 1252 3349; x_wconf 78' lang='grc' dir='ltr'>ΜαιιΙι.)</span> <span class='ocrx_word' id='word_1_224' title='bbox 1281 3282 1582 3350; x_wconf 88' lang='lat' dir='ltr'>propterea</span> 
     </span>
     <span class='ocr_line' id='line_1_36' title="bbox 217 3353 1575 3429; baseline 0.004 -20"><span class='ocrx_word' id='word_1_225' title='bbox 217 3354 444 3411; x_wconf 82' lang='lat' dir='ltr'>venisse</span> <span class='ocrx_word' id='word_1_226' title='bbox 489 3353 661 3410; x_wconf 89' lang='lat' dir='ltr'>dicitu</span> <span class='ocrx_word' id='word_1_227' title='bbox 674 3374 719 3422; x_wconf 88' lang='lat' dir='ltr'>r,</span> <span class='ocrx_word' id='word_1_228' title='bbox 752 3358 814 3411; x_wconf 80' lang='lat' dir='ltr'>in</span> <span class='ocrx_word' id='word_1_229' title='bbox 839 3358 1059 3429; x_wconf 79' lang='lat' dir='ltr'>spiritu,</span> <span class='ocrx_word' id='word_1_230' title='bbox 1086 3365 1136 3413; x_wconf 83' lang='lat' dir='ltr'>et</span> <span class='ocrx_word' id='word_1_231' title='bbox 1189 3360 1392 3414; x_wconf 82' lang='lat' dir='ltr'>virtute</span> <span class='ocrx_word' id='word_1_232' title='bbox 1415 3358 1471 3416; x_wconf 89' lang='lat' dir='ltr'><em>E</em></span> <span class='ocrx_word' id='word_1_233' title='bbox 1475 3359 1575 3425; x_wconf 55' lang='lat' dir='ltr'>liar,</span> 
     </span>
     <span class='ocr_line' id='line_1_37' title="bbox 220 3436 1579 3511; baseline 0.005 -21"><span class='ocrx_word' id='word_1_234' title='bbox 220 3437 352 3511; x_wconf 83' lang='lat' dir='ltr'>quia</span> <span class='ocrx_word' id='word_1_235' title='bbox 380 3436 606 3490; x_wconf 83' lang='lat' dir='ltr'>eandem</span> <span class='ocrx_word' id='word_1_236' title='bbox 640 3436 889 3510; x_wconf 77' lang='lat' dir='ltr'>Spiritus</span> <span class='ocrx_word' id='word_1_237' title='bbox 911 3443 1088 3495; x_wconf 79' lang='lat' dir='ltr'>sancti</span> <span class='ocrx_word' id='word_1_238' title='bbox 1113 3440 1200 3495; x_wconf 89' lang='lat' dir='ltr'>vel</span> <span class='ocrx_word' id='word_1_239' title='bbox 1216 3443 1463 3511; x_wconf 72' lang='lat' dir='ltr'>qratiam</span> <span class='ocrx_word' id='word_1_240' title='bbox 1483 3441 1579 3496; x_wconf 74' lang='lat' dir='ltr'>ha·</span> 
     </span>
     <span class='ocr_line' id='line_1_38' title="bbox 222 3518 1581 3586; baseline 0.004 -13"><span class='ocrx_word' id='word_1_241' title='bbox 222 3518 415 3586; x_wconf 80' lang='lat' dir='ltr'>buerit,</span> <span class='ocrx_word' id='word_1_242' title='bbox 447 3521 533 3575; x_wconf 77' lang='lat' dir='ltr'>vel</span> <span class='ocrx_word' id='word_1_243' title='bbox 557 3537 913 3576; x_wconf 80' lang='lat' dir='ltr'>mensuram:</span> <span class='ocrx_word' id='word_1_244' title='bbox 951 3524 1042 3577; x_wconf 78' lang='lat' dir='ltr'>sed</span> <span class='ocrx_word' id='word_1_245' title='bbox 1066 3531 1115 3579; x_wconf 80' lang='lat' dir='ltr'>et</span> <span class='ocrx_word' id='word_1_246' title='bbox 1142 3526 1265 3580; x_wconf 70' lang='lat' dir='ltr'>vitta</span> <span class='ocrx_word' id='word_1_247' title='bbox 1284 3525 1581 3580; x_wconf 75' lang='lat' dir='ltr'>austeritas</span> 
     </span>
     <span class='ocr_line' id='line_1_39' title="bbox 221 3600 1581 3678; baseline 0.003 -22"><span class='ocrx_word' id='word_1_248' title='bbox 221 3600 629 3672; x_wconf 84' lang='lat' dir='ltr'>(prosequitur)</span> <span class='ocrx_word' id='word_1_249' title='bbox 656 3604 908 3678; x_wconf 75' lang='lat' dir='ltr'>riyorque</span> <span class='ocrx_word' id='word_1_250' title='bbox 934 3607 1130 3660; x_wconf 78' lang='lat' dir='ltr'>mentis</span> <span class='ocrx_word' id='word_1_251' title='bbox 1157 3605 1211 3662; x_wconf 91' lang='lat' dir='ltr'><em>E</em></span> <span class='ocrx_word' id='word_1_252' title='bbox 1216 3608 1315 3671; x_wconf 61' lang='lat' dir='ltr'>liat,</span> <span class='ocrx_word' id='word_1_253' title='bbox 1340 3615 1390 3661; x_wconf 78' lang='lat' dir='ltr'>et</span> <span class='ocrx_word' id='word_1_254' title='bbox 1410 3604 1581 3662; x_wconf 83' lang='lat' dir='ltr'>Joan-</span> 
     </span>
     <span class='ocr_line' id='line_1_40' title="bbox 15 3684 1572 3763; baseline 0.003 -23"><span class='ocrx_word' id='word_1_255' title='bbox 15 3728 23 3740; x_wconf 89' lang='lat'>.</span> <span class='ocrx_word' id='word_1_256' title='bbox 49 3697 205 3749; x_wconf 79' lang='lat' dir='ltr'>Chry.</span> <span class='ocrx_word' id='word_1_257' title='bbox 220 3684 308 3738; x_wconf 80' lang='lat' dir='ltr'>nis</span> <span class='ocrx_word' id='word_1_258' title='bbox 321 3701 488 3756; x_wconf 83' lang='lat' dir='ltr'>pares</span> <span class='ocrx_word' id='word_1_259' title='bbox 512 3690 659 3740; x_wconf 82' lang='lat' dir='ltr'>sunt.</span> <span class='ocrx_word' id='word_1_260' title='bbox 687 3687 960 3749; x_wconf 84' lang='lat' dir='ltr'>Quocirca</span> <span class='ocrx_word' id='word_1_261' title='bbox 989 3689 1051 3744; x_wconf 90' lang='lat' dir='ltr'>D.</span> <span class='ocrx_word' id='word_1_262' title='bbox 1086 3691 1290 3745; x_wconf 81' lang='lat' dir='ltr'>Petrus</span> <span class='ocrx_word' id='word_1_263' title='bbox 1311 3689 1572 3763; x_wconf 86' lang='lat' dir='ltr'>Chrysol.</span> 
     </span>
     <span class='ocr_line' id='line_1_41' title="bbox 216 3766 1576 3844; baseline 0.003 -22"><span class='ocrx_word' id='word_1_264' title='bbox 216 3785 378 3823; x_wconf 77' lang='lat' dir='ltr'>serm.</span> <span class='ocrx_word' id='word_1_265' title='bbox 410 3766 501 3828; x_wconf 82' lang='lat'>82,</span> <span class='ocrx_word' id='word_1_266' title='bbox 534 3766 839 3823; x_wconf 81' lang='lat' dir='ltr'>conferens</span> <span class='ocrx_word' id='word_1_267' title='bbox 883 3784 984 3840; x_wconf 89' lang='lat' dir='ltr'>per</span> <span class='ocrx_word' id='word_1_268' title='bbox 1028 3772 1228 3828; x_wconf 91' lang='lat' dir='ltr'>omnia</span> <span class='ocrx_word' id='word_1_269' title='bbox 1262 3770 1576 3844; x_wconf 88' lang='lat' dir='ltr'>Baptistam</span> 
     </span>
     <span class='ocr_line' id='line_1_42' title="bbox 217 3847 1578 3927; baseline 0.001 -21"><span class='ocrx_word' id='word_1_270' title='bbox 217 3864 345 3906; x_wconf 91' lang='lat' dir='ltr'>cum</span> <span class='ocrx_word' id='word_1_271' title='bbox 394 3847 556 3912; x_wconf 88' lang='lat' dir='ltr'>Elia;</span> <span class='ocrx_word' id='word_1_272' title='bbox 600 3848 681 3904; x_wconf 90' lang='lat' dir='ltr'>sic</span> <span class='ocrx_word' id='word_1_273' title='bbox 731 3849 1025 3921; x_wconf 87' lang='lat' dir='ltr'>loquitur:</span> <span class='ocrx_word' id='word_1_274' title='bbox 1075 3873 1100 3904; x_wconf 79' lang='grc' dir='ltr'>α</span> <span class='ocrx_word' id='word_1_275' title='bbox 1146 3855 1396 3910; x_wconf 87' lang='lat' dir='ltr'>Joannes</span> <span class='ocrx_word' id='word_1_276' title='bbox 1442 3867 1578 3927; x_wconf 86' lang='lat' dir='ltr'>ergo</span> 
     </span>
     <span class='ocr_line' id='line_1_43' title="bbox 225 3927 1577 4007; baseline 0.005 -25"><span class='ocrx_word' id='word_1_277' title='bbox 225 3951 249 3982; x_wconf 86' lang='lat'><strong><em>«</em></strong></span> <span class='ocrx_word' id='word_1_278' title='bbox 281 3928 425 3984; x_wconf 82' lang='lat' dir='ltr'>Eliae</span> <span class='ocrx_word' id='word_1_279' title='bbox 471 3927 633 3983; x_wconf 82' lang='lat' dir='ltr'>venit</span> <span class='ocrx_word' id='word_1_280' title='bbox 683 3927 746 3983; x_wconf 92' lang='lat' dir='ltr'>in</span> <span class='ocrx_word' id='word_1_281' title='bbox 790 3929 1016 4001; x_wconf 91' lang='lat' dir='ltr'>spiritu,</span> <span class='ocrx_word' id='word_1_282' title='bbox 1041 3937 1096 3988; x_wconf 98' lang='lat' dir='ltr'>et</span> <span class='ocrx_word' id='word_1_283' title='bbox 1123 3931 1184 3988; x_wconf 90' lang='lat' dir='ltr'>in</span> <span class='ocrx_word' id='word_1_284' title='bbox 1212 3934 1333 4007; x_wconf 86' lang='lat' dir='ltr'>ejus</span> <span class='ocrx_word' id='word_1_285' title='bbox 1364 3933 1577 3989; x_wconf 88' lang='lat' dir='ltr'>virtute</span> 
     </span>
     <span class='ocr_line' id='line_1_44' title="bbox 222 4007 1575 4082; baseline 0.007 -21"><span class='ocrx_word' id='word_1_286' title='bbox 222 4007 556 4082; x_wconf 81' lang='lat' dir='ltr'>«graditur,</span> <span class='ocrx_word' id='word_1_287' title='bbox 602 4007 700 4079; x_wconf 92' lang='lat' dir='ltr'>qui</span> <span class='ocrx_word' id='word_1_288' title='bbox 749 4013 930 4065; x_wconf 90' lang='lat' dir='ltr'>totum</span> <span class='ocrx_word' id='word_1_289' title='bbox 978 4012 1150 4080; x_wconf 81' lang='lat' dir='ltr'>victu,</span> <span class='ocrx_word' id='word_1_290' title='bbox 1208 4013 1436 4079; x_wconf 87' lang='lat' dir='ltr'>vestitu,</span> <span class='ocrx_word' id='word_1_291' title='bbox 1471 4013 1575 4070; x_wconf 89' lang='lat' dir='ltr'>ho-</span> 
     </span>
     <span class='ocr_line' id='line_1_45' title="bbox 220 4087 1576 4160; baseline 0.005 -20"><span class='ocrx_word' id='word_1_292' title='bbox 220 4110 244 4140; x_wconf 77' lang='lat'>«</span> <span class='ocrx_word' id='word_1_293' title='bbox 278 4103 437 4152; x_wconf 87' lang='lat' dir='ltr'>nore,</span> <span class='ocrx_word' id='word_1_294' title='bbox 469 4087 742 4156; x_wconf 85' lang='lat' dir='ltr'>castitate,</span> <span class='ocrx_word' id='word_1_295' title='bbox 789 4088 1155 4160; x_wconf 87' lang='lat' dir='ltr'>abstinentia,</span> <span class='ocrx_word' id='word_1_296' title='bbox 1206 4093 1260 4149; x_wconf 85' lang='lat' dir='ltr'>et</span> <span class='ocrx_word' id='word_1_297' title='bbox 1306 4092 1576 4150; x_wconf 88' lang='lat' dir='ltr'>omnibus</span> 
     </span>
     <span class='ocr_line' id='line_1_46' title="bbox 17 4168 1574 4248; baseline 0.005 -26"><span class='ocrx_word' id='word_1_298' title='bbox 17 4189 172 4232; x_wconf 74' lang='lat' dir='ltr'>aymo.</span> <span class='ocrx_word' id='word_1_299' title='bbox 222 4191 247 4221; x_wconf 76' lang='grc' dir='ltr'>α</span> <span class='ocrx_word' id='word_1_300' title='bbox 278 4169 466 4225; x_wconf 90' lang='lat' dir='ltr'>Eliam</span> <span class='ocrx_word' id='word_1_301' title='bbox 494 4168 807 4225; x_wconf 85' lang='lat' dir='ltr'>virtutibus</span> <span class='ocrx_word' id='word_1_302' title='bbox 835 4178 1224 4244; x_wconf 75' lang='lat' dir='ltr'>repraesentat.</span> <span class='ocrx_word' id='word_1_303' title='bbox 1258 4195 1285 4225; x_wconf 87' lang='grc'>»</span> <span class='ocrx_word' id='word_1_304' title='bbox 1319 4177 1388 4231; x_wconf 88' lang='lat' dir='ltr'>Et</span> <span class='ocrx_word' id='word_1_305' title='bbox 1416 4176 1574 4248; x_wconf 87' lang='lat' dir='ltr'>Hay-</span> 
     </span>
     <span class='ocr_line' id='line_1_47' title="bbox 215 4249 1576 4327; baseline 0.004 -22"><span class='ocrx_word' id='word_1_306' title='bbox 215 4266 307 4306; x_wconf 89' lang='lat' dir='ltr'>mo</span> <span class='ocrx_word' id='word_1_307' title='bbox 346 4265 517 4321; x_wconf 89' lang='lat' dir='ltr'>super</span> <span class='ocrx_word' id='word_1_308' title='bbox 560 4249 795 4307; x_wconf 87' lang='lat' dir='ltr'>citatum</span> <span class='ocrx_word' id='word_1_309' title='bbox 847 4258 1014 4325; x_wconf 89' lang='lat' dir='ltr'>caput</span> <span class='ocrx_word' id='word_1_310' title='bbox 1043 4256 1099 4310; x_wconf 92' lang='lat' dir='ltr'>ll</span> <span class='ocrx_word' id='word_1_311' title='bbox 1133 4256 1336 4312; x_wconf 86' lang='lat' dir='ltr'>Matth.</span> <span class='ocrx_word' id='word_1_312' title='bbox 1384 4255 1576 4327; x_wconf 85' lang='lat' dir='ltr'>expli-</span> 
     </span>
     <span class='ocr_line' id='line_1_48' title="bbox 213 4328 1574 4407; baseline 0.005 -21"><span class='ocrx_word' id='word_1_313' title='bbox 213 4344 345 4386; x_wconf 85' lang='lat' dir='ltr'>cans</span> <span class='ocrx_word' id='word_1_314' title='bbox 372 4328 548 4385; x_wconf 88' lang='lat' dir='ltr'>verba</span> <span class='ocrx_word' id='word_1_315' title='bbox 576 4330 698 4396; x_wconf 91' lang='lat' dir='ltr'>illa,</span> <span class='ocrx_word' id='word_1_316' title='bbox 726 4330 969 4388; x_wconf 81' lang='lat' dir='ltr'>Joannes</span> <span class='ocrx_word' id='word_1_317' title='bbox 995 4337 1109 4407; x_wconf 73' lang='lat' dir='ltr'>ipse</span> <span class='ocrx_word' id='word_1_318' title='bbox 1129 4341 1208 4390; x_wconf 86' lang='lat' dir='ltr'>est</span> <span class='ocrx_word' id='word_1_319' title='bbox 1240 4334 1420 4401; x_wconf 73' lang='lat' dir='ltr'>Elias,</span> <span class='ocrx_word' id='word_1_320' title='bbox 1456 4336 1574 4392; x_wconf 84' lang='lat' dir='ltr'>haec</span> 
     </span>
     <span class='ocr_line' id='line_1_49' title="bbox 214 4411 1572 4488; baseline 0.007 -22"><span class='ocrx_word' id='word_1_321' title='bbox 214 4411 329 4466; x_wconf 90' lang='lat' dir='ltr'>ait:</span> <span class='ocrx_word' id='word_1_322' title='bbox 361 4433 385 4463; x_wconf 79' lang='grc' dir='ltr'><strong>α</strong></span> <span class='ocrx_word' id='word_1_323' title='bbox 416 4411 696 4468; x_wconf 91' lang='lat' dir='ltr'>Dominus</span> <span class='ocrx_word' id='word_1_324' title='bbox 723 4420 957 4488; x_wconf 89' lang='lat' dir='ltr'>propter</span> <span class='ocrx_word' id='word_1_325' title='bbox 986 4415 1262 4473; x_wconf 89' lang='lat' dir='ltr'>meritum</span> <span class='ocrx_word' id='word_1_326' title='bbox 1298 4418 1572 4475; x_wconf 88' lang='lat' dir='ltr'>sanctita-</span> 
     </span>
     <span class='ocr_line' id='line_1_50' title="bbox 219 4488 1574 4556; baseline 0.007 -12"><span class='ocrx_word' id='word_1_327' title='bbox 219 4514 244 4544; x_wconf 80' lang='lat'>«</span> <span class='ocrx_word' id='word_1_328' title='bbox 274 4490 345 4547; x_wconf 86' lang='lat' dir='ltr'>tis</span> <span class='ocrx_word' id='word_1_329' title='bbox 366 4488 522 4556; x_wconf 88' lang='lat' dir='ltr'>dicit,</span> <span class='ocrx_word' id='word_1_330' title='bbox 547 4493 831 4550; x_wconf 81' lang='lat' dir='ltr'>Joannem</span> <span class='ocrx_word' id='word_1_331' title='bbox 862 4496 1051 4551; x_wconf 81' lang='lat' dir='ltr'>Elium</span> <span class='ocrx_word' id='word_1_332' title='bbox 1087 4512 1231 4554; x_wconf 90' lang='lat' dir='ltr'>esse.</span> <span class='ocrx_word' id='word_1_333' title='bbox 1263 4497 1574 4555; x_wconf 87' lang='lat' dir='ltr'>Videamus</span> 
     </span>
     <span class='ocr_line' id='line_1_51' title="bbox 219 4570 1572 4651; baseline 0.008 -27"><span class='ocrx_word' id='word_1_334' title='bbox 219 4593 242 4624; x_wconf 77' lang='grc' dir='ltr'>α</span> <span class='ocrx_word' id='word_1_335' title='bbox 270 4570 573 4645; x_wconf 90' lang='lat' dir='ltr'>quomodo.</span> <span class='ocrx_word' id='word_1_336' title='bbox 618 4575 748 4631; x_wconf 87' lang='lat' dir='ltr'>Fuit</span> <span class='ocrx_word' id='word_1_337' title='bbox 796 4575 952 4632; x_wconf 85' lang='lat' dir='ltr'>Elias</span> <span class='ocrx_word' id='word_1_338' title='bbox 979 4576 1164 4651; x_wconf 88' lang='lat' dir='ltr'>virgo,</span> <span class='ocrx_word' id='word_1_339' title='bbox 1217 4583 1273 4634; x_wconf 91' lang='lat' dir='ltr'>et</span> <span class='ocrx_word' id='word_1_340' title='bbox 1318 4580 1572 4635; x_wconf 87' lang='lat' dir='ltr'>Joannes</span> 
     </span>
     <span class='ocr_line' id='line_1_52' title="bbox 215 4652 1572 4726; baseline 0.007 -21"><span class='ocrx_word' id='word_1_341' title='bbox 215 4673 242 4705; x_wconf 72' lang='grc' dir='ltr'><strong>α</strong></span> <span class='ocrx_word' id='word_1_342' title='bbox 284 4653 450 4726; x_wconf 88' lang='lat' dir='ltr'>virgo</span> <span class='ocrx_word' id='word_1_343' title='bbox 478 4652 589 4708; x_wconf 85' lang='lat' dir='ltr'>fuit</span> <span class='ocrx_word' id='word_1_344' title='bbox 618 4676 631 4710; x_wconf 78' lang='lat' dir='ltr'>z</span> <span class='ocrx_word' id='word_1_345' title='bbox 655 4654 766 4712; x_wconf 78' lang='lat' dir='ltr'>fuit</span> <span class='ocrx_word' id='word_1_346' title='bbox 788 4657 946 4711; x_wconf 88' lang='lat' dir='ltr'>Elias</span> <span class='ocrx_word' id='word_1_347' title='bbox 968 4663 1214 4723; x_wconf 82' lang='lat' dir='ltr'>sanctus,</span> <span class='ocrx_word' id='word_1_348' title='bbox 1241 4665 1296 4716; x_wconf 91' lang='lat' dir='ltr'>et</span> <span class='ocrx_word' id='word_1_349' title='bbox 1320 4661 1572 4715; x_wconf 87' lang='lat' dir='ltr'>Joannes</span> 
     </span>
     <span class='ocr_line' id='line_1_53' title="bbox 216 4733 1572 4796; baseline 0.008 -11"><span class='ocrx_word' id='word_1_350' title='bbox 216 4738 494 4790; x_wconf 87' lang='lat' dir='ltr'>«sanctus</span> <span class='ocrx_word' id='word_1_351' title='bbox 520 4733 648 4791; x_wconf 80' lang='lat' dir='ltr'>fuit.</span> <span class='ocrx_word' id='word_1_352' title='bbox 680 4737 835 4792; x_wconf 90' lang='lat' dir='ltr'>Sicut</span> <span class='ocrx_word' id='word_1_353' title='bbox 877 4736 1031 4792; x_wconf 88' lang='lat' dir='ltr'>Elias</span> <span class='ocrx_word' id='word_1_354' title='bbox 1080 4737 1143 4793; x_wconf 90' lang='lat' dir='ltr'>in</span> <span class='ocrx_word' id='word_1_355' title='bbox 1191 4738 1415 4795; x_wconf 83' lang='lat' dir='ltr'>deserto</span> <span class='ocrx_word' id='word_1_356' title='bbox 1441 4754 1572 4796; x_wconf 89' lang='lat' dir='ltr'>ere-</span> 
     </span>
     <span class='ocr_line' id='line_1_54' title="bbox 215 4813 1567 4882; baseline 0.008 -15"><span class='ocrx_word' id='word_1_357' title='bbox 215 4835 240 4867; x_wconf 73' lang='lat'>«</span> <span class='ocrx_word' id='word_1_358' title='bbox 269 4813 526 4871; x_wconf 83' lang='lat' dir='ltr'>miticam</span> <span class='ocrx_word' id='word_1_359' title='bbox 577 4816 757 4873; x_wconf 84' lang='lat' dir='ltr'>vitam</span> <span class='ocrx_word' id='word_1_360' title='bbox 816 4815 1000 4882; x_wconf 88' lang='lat' dir='ltr'>duxit,</span> <span class='ocrx_word' id='word_1_361' title='bbox 1052 4818 1132 4875; x_wconf 90' lang='lat' dir='ltr'>ita</span> <span class='ocrx_word' id='word_1_362' title='bbox 1179 4826 1234 4877; x_wconf 87' lang='lat' dir='ltr'>et</span> <span class='ocrx_word' id='word_1_363' title='bbox 1277 4822 1567 4878; x_wconf 81' lang='lat' dir='ltr'>Joannes:</span> 
     </span>
     <span class='ocr_line' id='line_1_55' title="bbox 216 4895 1566 4970; baseline 0.007 -23"><span class='ocrx_word' id='word_1_364' title='bbox 216 4917 239 4947; x_wconf 77' lang='grc' dir='ltr'><strong>α</strong></span> <span class='ocrx_word' id='word_1_365' title='bbox 267 4895 410 4950; x_wconf 89' lang='lat' dir='ltr'>sicut</span> <span class='ocrx_word' id='word_1_366' title='bbox 431 4895 589 4951; x_wconf 88' lang='lat' dir='ltr'>Elias</span> <span class='ocrx_word' id='word_1_367' title='bbox 618 4900 930 4970; x_wconf 79' lang='lat' dir='ltr'>praeveniet</span> <span class='ocrx_word' id='word_1_368' title='bbox 971 4899 1284 4957; x_wconf 88' lang='lat' dir='ltr'>adventum</span> <span class='ocrx_word' id='word_1_369' title='bbox 1327 4903 1356 4955; x_wconf 83' lang='lat' dir='ltr'>J</span> <span class='ocrx_word' id='word_1_370' title='bbox 1366 4900 1566 4968; x_wconf 89' lang='lat' dir='ltr'>udicis,</span> 
     </span>
     <span class='ocr_line' id='line_1_56' title="bbox 215 4976 1573 5057; baseline 0.008 -28"><span class='ocrx_word' id='word_1_371' title='bbox 215 5001 239 5031; x_wconf 88' lang='lat'>«</span> <span class='ocrx_word' id='word_1_372' title='bbox 266 4976 345 5033; x_wconf 89' lang='lat' dir='ltr'>sic</span> <span class='ocrx_word' id='word_1_373' title='bbox 366 4980 619 5034; x_wconf 82' lang='lat' dir='ltr'>Joannes</span> <span class='ocrx_word' id='word_1_374' title='bbox 647 4984 926 5052; x_wconf 81' lang='lat' dir='ltr'>praevenit</span> <span class='ocrx_word' id='word_1_375' title='bbox 949 4981 1260 5040; x_wconf 83' lang='lat' dir='ltr'>adventum</span> <span class='ocrx_word' id='word_1_376' title='bbox 1291 4983 1573 5057; x_wconf 84' lang='lat' dir='ltr'>Redemp-</span> 
     </span>
     <span class='ocr_line' id='line_1_57' title="bbox 213 5059 1572 5137; baseline 0.007 -25"><span class='ocrx_word' id='word_1_377' title='bbox 213 5083 239 5112; x_wconf 72' lang='grc' dir='ltr'>ιι</span> <span class='ocrx_word' id='word_1_378' title='bbox 269 5059 428 5116; x_wconf 90' lang='lat' dir='ltr'>toris.</span> <span class='ocrx_word' id='word_1_379' title='bbox 460 5059 620 5124; x_wconf 90' lang='lat' dir='ltr'>Quod</span> <span class='ocrx_word' id='word_1_380' title='bbox 642 5075 778 5137; x_wconf 85' lang='lat' dir='ltr'>ergo</span> <span class='ocrx_word' id='word_1_381' title='bbox 821 5064 1103 5120; x_wconf 90' lang='lat' dir='ltr'>Dominus</span> <span class='ocrx_word' id='word_1_382' title='bbox 1149 5063 1296 5121; x_wconf 86' lang='lat' dir='ltr'>dixit</span> <span class='ocrx_word' id='word_1_383' title='bbox 1341 5063 1411 5121; x_wconf 76' lang='lat' dir='ltr'>‹le</span> <span class='ocrx_word' id='word_1_384' title='bbox 1438 5067 1572 5122; x_wconf 80' lang='lat' dir='ltr'>vitae</span> 
     </span>
    </p>
   </div>
   <div class='ocr_carea' id='block_1_5' title="bbox 1718 583 3295 3183">
    <p class='ocr_par' dir='ltr' id='par_1_5' title="bbox 1727 583 3104 1148">
     <span class='ocr_line' id='line_1_58' title="bbox 1740 583 3101 660; baseline 0.006 -24"><span class='ocrx_word' id='word_1_385' title='bbox 1740 604 1765 636; x_wconf 78' lang='grc' dir='ltr'>α</span> <span class='ocrx_word' id='word_1_386' title='bbox 1795 584 2025 651; x_wconf 90' lang='lat' dir='ltr'>merito,</span> <span class='ocrx_word' id='word_1_387' title='bbox 2071 585 2222 658; x_wconf 92' lang='lat' dir='ltr'>quod</span> <span class='ocrx_word' id='word_1_388' title='bbox 2275 587 2527 643; x_wconf 82' lang='lat' dir='ltr'>Joannes</span> <span class='ocrx_word' id='word_1_389' title='bbox 2571 583 2723 642; x_wconf 91' lang='lat' dir='ltr'>idem</span> <span class='ocrx_word' id='word_1_390' title='bbox 2751 591 2915 653; x_wconf 88' lang='lat' dir='ltr'>esset,</span> <span class='ocrx_word' id='word_1_391' title='bbox 2947 586 3101 660; x_wconf 85' lang='lat' dir='ltr'>quod</span> 
     </span>
     <span class='ocr_line' id='line_1_59' title="bbox 1739 666 3099 742; baseline 0.006 -23"><span class='ocrx_word' id='word_1_392' title='bbox 1739 688 1763 719; x_wconf 85' lang='grc' dir='ltr'>α</span> <span class='ocrx_word' id='word_1_393' title='bbox 1790 667 1966 732; x_wconf 88' lang='lat' dir='ltr'>Elias,</span> <span class='ocrx_word' id='word_1_394' title='bbox 2010 667 2116 724; x_wconf 91' lang='lat' dir='ltr'>hoc</span> <span class='ocrx_word' id='word_1_395' title='bbox 2160 668 2410 725; x_wconf 90' lang='lat' dir='ltr'>Joannes</span> <span class='ocrx_word' id='word_1_396' title='bbox 2457 673 2625 742; x_wconf 89' lang='lat' dir='ltr'>negat</span> <span class='ocrx_word' id='word_1_397' title='bbox 2652 666 2721 724; x_wconf 92' lang='lat' dir='ltr'>de</span> <span class='ocrx_word' id='word_1_398' title='bbox 2749 670 3099 740; x_wconf 82' lang='lat' dir='ltr'>proprietate</span> 
     </span>
     <span class='ocr_line' id='line_1_60' title="bbox 1738 749 3099 825; baseline 0.005 -22"><span class='ocrx_word' id='word_1_399' title='bbox 1738 771 1764 803; x_wconf 77' lang='grc' dir='ltr'>α</span> <span class='ocrx_word' id='word_1_400' title='bbox 1792 766 1913 807; x_wconf 83' lang='lat' dir='ltr'>suae</span> <span class='ocrx_word' id='word_1_401' title='bbox 1956 765 2236 822; x_wconf 69' lang='lat' dir='ltr'>personae.</span> <span class='ocrx_word' id='word_1_402' title='bbox 2273 772 2298 803; x_wconf 67' lang='grc' dir='ltr'>ι)</span> <span class='ocrx_word' id='word_1_403' title='bbox 2333 753 2515 825; x_wconf 87' lang='lat' dir='ltr'>Atque</span> <span class='ocrx_word' id='word_1_404' title='bbox 2542 749 2742 808; x_wconf 90' lang='lat' dir='ltr'>eodem</span> <span class='ocrx_word' id='word_1_405' title='bbox 2792 751 2962 809; x_wconf 90' lang='lat' dir='ltr'>modo</span> <span class='ocrx_word' id='word_1_406' title='bbox 3007 754 3099 810; x_wconf 86' lang='lat' dir='ltr'>lo·-</span> 
     </span>
     <span class='ocr_line' id='line_1_61' title="bbox 1735 833 3091 906; baseline 0.003 -19"><span class='ocrx_word' id='word_1_407' title='bbox 1735 835 1998 904; x_wconf 90' lang='lat' dir='ltr'>quuntur</span> <span class='ocrx_word' id='word_1_408' title='bbox 2049 833 2243 906; x_wconf 88' lang='lat' dir='ltr'>plures</span> <span class='ocrx_word' id='word_1_409' title='bbox 2287 833 2390 888; x_wconf 88' lang='lat' dir='ltr'>alii</span> <span class='ocrx_word' id='word_1_410' title='bbox 2438 834 2656 900; x_wconf 75' lang='lat' dir='ltr'>PatreS,</span> <span class='ocrx_word' id='word_1_411' title='bbox 2706 835 2763 889; x_wconf 90' lang='lat' dir='ltr'>et</span> <span class='ocrx_word' id='word_1_412' title='bbox 2809 835 3091 890; x_wconf 79' lang='lat' dir='ltr'>DoctoreS.</span> 
     </span>
     <span class='ocr_line' id='line_1_62' title="bbox 1727 912 3097 987; baseline 0.001 -20"><span class='ocrx_word' id='word_1_413' title='bbox 1727 912 1937 969; x_wconf 90' lang='lat' dir='ltr'>Merito</span> <span class='ocrx_word' id='word_1_414' title='bbox 1989 928 2124 987; x_wconf 90' lang='lat' dir='ltr'>ergo</span> <span class='ocrx_word' id='word_1_415' title='bbox 2163 915 2353 970; x_wconf 90' lang='lat' dir='ltr'>Eliam</span> <span class='ocrx_word' id='word_1_416' title='bbox 2393 912 2604 971; x_wconf 90' lang='lat' dir='ltr'>Joanni</span> <span class='ocrx_word' id='word_1_417' title='bbox 2649 914 3097 987; x_wconf 76' lang='lat' dir='ltr'>aequiparamuS,</span> 
     </span>
     <span class='ocr_line' id='line_1_63' title="bbox 1729 992 3104 1067; baseline 0.003 -20"><span class='ocrx_word' id='word_1_418' title='bbox 1729 997 1898 1065; x_wconf 90' lang='lat' dir='ltr'>atque</span> <span class='ocrx_word' id='word_1_419' title='bbox 1953 992 2093 1051; x_wconf 91' lang='lat' dir='ltr'>adeo</span> <span class='ocrx_word' id='word_1_420' title='bbox 2145 998 2202 1051; x_wconf 89' lang='lat' dir='ltr'>et</span> <span class='ocrx_word' id='word_1_421' title='bbox 2243 994 2546 1067; x_wconf 85' lang='lat' dir='ltr'>Apostolis,</span> <span class='ocrx_word' id='word_1_422' title='bbox 2598 992 2805 1065; x_wconf 91' lang='lat' dir='ltr'>quibus</span> <span class='ocrx_word' id='word_1_423' title='bbox 2843 997 3104 1053; x_wconf 77' lang='lat' dir='ltr'>Joannes</span> 
     </span>
     <span class='ocr_line' id='line_1_64' title="bbox 1729 1075 2937 1148; baseline 0.004 -20"><span class='ocrx_word' id='word_1_424' title='bbox 1729 1088 2093 1146; x_wconf 88' lang='lat' dir='ltr'>nequaquam</span> <span class='ocrx_word' id='word_1_425' title='bbox 2116 1075 2308 1148; x_wconf 91' lang='lat' dir='ltr'>impar</span> <span class='ocrx_word' id='word_1_426' title='bbox 2329 1075 2539 1132; x_wconf 90' lang='lat' dir='ltr'>merito</span> <span class='ocrx_word' id='word_1_427' title='bbox 2554 1075 2937 1133; x_wconf 86' lang='lat' dir='ltr'>existimatur.</span> 
     </span>
    </p>

    <p class='ocr_par' dir='ltr' id='par_1_6' title="bbox 1718 1155 3289 1876">
     <span class='ocr_line' id='line_1_65' title="bbox 1801 1155 3281 1233; baseline 0.007 -24"><span class='ocrx_word' id='word_1_428' title='bbox 1801 1155 1894 1211; x_wconf 84' lang='lat'>46.</span> <span class='ocrx_word' id='word_1_429' title='bbox 1928 1158 2043 1212; x_wconf 92' lang='lat' dir='ltr'>Nec</span> <span class='ocrx_word' id='word_1_430' title='bbox 2071 1156 2265 1223; x_wconf 79' lang='lat' dir='ltr'>refert,</span> <span class='ocrx_word' id='word_1_431' title='bbox 2298 1157 2348 1213; x_wconf 87' lang='lat' dir='ltr'>si</span> <span class='ocrx_word' id='word_1_432' title='bbox 2378 1155 2614 1230; x_wconf 86' lang='lat' dir='ltr'>objicias</span> <span class='ocrx_word' id='word_1_433' title='bbox 2640 1177 2653 1212; x_wconf 68' lang='grc' dir='ltr'><strong><em>ε</em></strong></span> <span class='ocrx_word' id='word_1_434' title='bbox 2685 1163 2805 1212; x_wconf 89' lang='lat' dir='ltr'>turn</span> <span class='ocrx_word' id='word_1_435' title='bbox 2835 1155 2983 1227; x_wconf 89' lang='lat' dir='ltr'>quod</span> <span class='ocrx_word' id='word_1_436' title='bbox 3022 1172 3093 1213; x_wconf 87' lang='lat' dir='ltr'>ex</span> <span class='ocrx_word' id='word_1_437' title='bbox 3131 1173 3281 1233; x_wconf 74' lang='lat' dir='ltr'>objec-</span> 
     </span>
     <span class='ocr_line' id='line_1_66' title="bbox 1727 1227 3289 1304; baseline 0.003 -12"><span class='ocrx_word' id='word_1_438' title='bbox 1727 1235 2014 1292; x_wconf 85' lang='lat' dir='ltr'>sententia</span> <span class='ocrx_word' id='word_1_439' title='bbox 2041 1237 2371 1304; x_wconf 80' lang='lat' dir='ltr'>Salvatoris,</span> <span class='ocrx_word' id='word_1_440' title='bbox 2401 1238 2605 1295; x_wconf 81' lang='lat' dir='ltr'>Matth.</span> <span class='ocrx_word' id='word_1_441' title='bbox 2645 1240 2731 1295; x_wconf 88' lang='lat' dir='ltr'>ll:</span> <span class='ocrx_word' id='word_1_442' title='bbox 2754 1239 2910 1295; x_wconf 80' lang='lat' dir='ltr'>Inter</span> <span class='ocrx_word' id='word_1_443' title='bbox 2935 1246 3094 1295; x_wconf 82' lang='lat' dir='ltr'>natos</span> <span class='ocrx_word' id='word_1_444' title='bbox 3133 1227 3289 1269; x_wconf 54' lang='grc' dir='ltr'>’ΨΜ</span> 
     </span>
     <span class='ocr_line' id='line_1_67' title="bbox 1726 1316 3093 1393; baseline 0.003 -22"><span class='ocrx_word' id='word_1_445' title='bbox 1726 1317 2028 1373; x_wconf 81' lang='lat' dir='ltr'>mulierum</span> <span class='ocrx_word' id='word_1_446' title='bbox 2073 1336 2184 1374; x_wconf 78' lang='lat' dir='ltr'>non</span> <span class='ocrx_word' id='word_1_447' title='bbox 2209 1322 2456 1375; x_wconf 73' lang='lat' dir='ltr'>surrexit</span> <span class='ocrx_word' id='word_1_448' title='bbox 2495 1322 2676 1392; x_wconf 86' lang='lat' dir='ltr'>major</span> <span class='ocrx_word' id='word_1_449' title='bbox 2695 1319 2908 1377; x_wconf 79' lang='lat' dir='ltr'>Joanne</span> <span class='ocrx_word' id='word_1_450' title='bbox 2933 1316 3093 1393; x_wconf 81' lang='lat' dir='ltr'>Bap-</span> 
     </span>
     <span class='ocr_line' id='line_1_68' title="bbox 1727 1399 3091 1474; baseline 0.003 -21"><span class='ocrx_word' id='word_1_451' title='bbox 1727 1399 1861 1454; x_wconf 72' lang='lat' dir='ltr'>tista</span> <span class='ocrx_word' id='word_1_452' title='bbox 1883 1417 1902 1452; x_wconf 92' lang='grc'>.·</span> <span class='ocrx_word' id='word_1_453' title='bbox 1934 1415 2070 1474; x_wconf 89' lang='lat' dir='ltr'>ergo</span> <span class='ocrx_word' id='word_1_454' title='bbox 2093 1415 2212 1457; x_wconf 90' lang='lat' dir='ltr'>non</span> <span class='ocrx_word' id='word_1_455' title='bbox 2240 1404 2388 1456; x_wconf 89' lang='lat' dir='ltr'>recte</span> <span class='ocrx_word' id='word_1_456' title='bbox 2416 1414 2520 1457; x_wconf 89' lang='lat' dir='ltr'>nos</span> <span class='ocrx_word' id='word_1_457' title='bbox 2547 1400 2601 1457; x_wconf 89' lang='lat' dir='ltr'>ei</span> <span class='ocrx_word' id='word_1_458' title='bbox 2622 1400 2812 1457; x_wconf 87' lang='lat' dir='ltr'>Eliam</span> <span class='ocrx_word' id='word_1_459' title='bbox 2835 1416 3091 1473; x_wconf 65' lang='lat' dir='ltr'>coaequa-</span> 
     </span>
     <span class='ocr_line' id='line_1_69' title="bbox 1727 1479 3089 1554; baseline 0.004 -20"><span class='ocrx_word' id='word_1_460' title='bbox 1727 1494 1882 1535; x_wconf 89' lang='lat' dir='ltr'>mus.</span> <span class='ocrx_word' id='word_1_461' title='bbox 1924 1481 2073 1535; x_wconf 90' lang='lat' dir='ltr'>Tum</span> <span class='ocrx_word' id='word_1_462' title='bbox 2119 1480 2317 1547; x_wconf 88' lang='lat' dir='ltr'>etiam,</span> <span class='ocrx_word' id='word_1_463' title='bbox 2372 1479 2521 1552; x_wconf 90' lang='lat' dir='ltr'>quod</span> <span class='ocrx_word' id='word_1_464' title='bbox 2556 1481 2719 1554; x_wconf 85' lang='lat' dir='ltr'>juxta</span> <span class='ocrx_word' id='word_1_465' title='bbox 2767 1480 3089 1539; x_wconf 89' lang='lat' dir='ltr'>doctrinam</span> 
     </span>
     <span class='ocr_line' id='line_1_70' title="bbox 1726 1559 3280 1635; baseline 0.009 -21"><span class='ocrx_word' id='word_1_466' title='bbox 1726 1560 1792 1617; x_wconf 88' lang='lat' dir='ltr'>D.</span> <span class='ocrx_word' id='word_1_467' title='bbox 1818 1559 2024 1618; x_wconf 87' lang='lat' dir='ltr'>Thom.</span> <span class='ocrx_word' id='word_1_468' title='bbox 2057 1559 2128 1616; x_wconf 88' lang='lat' dir='ltr'>ad</span> <span class='ocrx_word' id='word_1_469' title='bbox 2158 1561 2363 1635; x_wconf 87' lang='lat' dir='ltr'>Ephes.</span> <span class='ocrx_word' id='word_1_470' title='bbox 2398 1562 2444 1630; x_wconf 89' lang='lat'>1,</span> <span class='ocrx_word' id='word_1_471' title='bbox 2472 1562 2597 1619; x_wconf 83' lang='lat' dir='ltr'>lect.</span> <span class='ocrx_word' id='word_1_472' title='bbox 2625 1564 2683 1619; x_wconf 69' lang='lat'>32</span> <span class='ocrx_word' id='word_1_473' title='bbox 2714 1560 3088 1621; x_wconf 66' lang='lat' dir='ltr'>Temen-arium</span> <span class='ocrx_word' id='word_1_474' title='bbox 3102 1582 3156 1626; x_wconf 88' lang='lat' dir='ltr'>D.</span> <span class='ocrx_word' id='word_1_475' title='bbox 3176 1582 3280 1628; x_wconf 75' lang='lat' dir='ltr'>Tho.</span> 
     </span>
     <span class='ocr_line' id='line_1_71' title="bbox 1728 1642 3089 1718; baseline 0.004 -22"><span class='ocrx_word' id='word_1_476' title='bbox 1728 1648 1806 1697; x_wconf 79' lang='lat' dir='ltr'>est</span> <span class='ocrx_word' id='word_1_477' title='bbox 1828 1642 2066 1715; x_wconf 82' lang='lat' dir='ltr'>aliquem</span> <span class='ocrx_word' id='word_1_478' title='bbox 2086 1643 2265 1698; x_wconf 81' lang='lat' dir='ltr'>alium</span> <span class='ocrx_word' id='word_1_479' title='bbox 2289 1650 2607 1699; x_wconf 79' lang='lat' dir='ltr'>sanctorum</span> <span class='ocrx_word' id='word_1_480' title='bbox 2633 1643 2914 1718; x_wconf 78' lang='lat' dir='ltr'>Apostolis</span> <span class='ocrx_word' id='word_1_481' title='bbox 2938 1665 3089 1702; x_wconf 84' lang='lat' dir='ltr'>com-</span> 
     </span>
     <span class='ocr_line' id='line_1_72' title="bbox 1718 1719 3088 1797; baseline 0.005 -21"><span class='ocrx_word' id='word_1_482' title='bbox 1718 1719 1954 1794; x_wconf 64' lang='lat' dir='ltr'>parare:</span> <span class='ocrx_word' id='word_1_483' title='bbox 1980 1738 2117 1797; x_wconf 92' lang='lat' dir='ltr'>ergo</span> <span class='ocrx_word' id='word_1_484' title='bbox 2144 1739 2260 1780; x_wconf 90' lang='lat' dir='ltr'>non</span> <span class='ocrx_word' id='word_1_485' title='bbox 2283 1721 2590 1780; x_wconf 91' lang='lat' dir='ltr'>debuimus</span> <span class='ocrx_word' id='word_1_486' title='bbox 2613 1724 2766 1782; x_wconf 92' lang='lat' dir='ltr'>inter</span> <span class='ocrx_word' id='word_1_487' title='bbox 2794 1727 3003 1794; x_wconf 86' lang='lat' dir='ltr'>Eliam,</span> <span class='ocrx_word' id='word_1_488' title='bbox 3032 1732 3088 1783; x_wconf 87' lang='lat' dir='ltr'>et</span> 
     </span>
     <span class='ocr_line' id='line_1_73' title="bbox 1724 1803 2784 1876; baseline 0.008 -20"><span class='ocrx_word' id='word_1_489' title='bbox 1724 1803 2025 1875; x_wconf 87' lang='lat' dir='ltr'>Apostolos</span> <span class='ocrx_word' id='word_1_490' title='bbox 2044 1804 2428 1876; x_wconf 80' lang='lat' dir='ltr'>aequalitatem</span> <span class='ocrx_word' id='word_1_491' title='bbox 2444 1804 2784 1864; x_wconf 82' lang='lat' dir='ltr'>admittere.</span> 
     </span>
    </p>

    <p class='ocr_par' dir='ltr' id='par_1_7' title="bbox 1722 1886 3295 2944">
     <span class='ocr_line' id='line_1_74' title="bbox 1798 1886 3289 1962; baseline 0.005 -21"><span class='ocrx_word' id='word_1_492' title='bbox 1798 1888 1926 1943; x_wconf 91' lang='lat' dir='ltr'>Non</span> <span class='ocrx_word' id='word_1_493' title='bbox 1956 1886 2134 1960; x_wconf 88' lang='lat' dir='ltr'>igitur</span> <span class='ocrx_word' id='word_1_494' title='bbox 2157 1888 2261 1944; x_wconf 90' lang='lat' dir='ltr'>hoc</span> <span class='ocrx_word' id='word_1_495' title='bbox 2290 1887 2470 1944; x_wconf 84' lang='lat' dir='ltr'>refert</span> <span class='ocrx_word' id='word_1_496' title='bbox 2496 1909 2508 1943; x_wconf 90' lang='lat'>:</span> <span class='ocrx_word' id='word_1_497' title='bbox 2551 1903 2687 1944; x_wconf 90' lang='lat' dir='ltr'>nam</span> <span class='ocrx_word' id='word_1_498' title='bbox 2727 1888 2797 1944; x_wconf 89' lang='lat' dir='ltr'>ad</span> <span class='ocrx_word' id='word_1_499' title='bbox 2828 1889 3084 1962; x_wconf 88' lang='lat' dir='ltr'>primum</span> <span class='ocrx_word' id='word_1_500' title='bbox 3100 1903 3289 1949; x_wconf 73' lang='lat' dir='ltr'>occurri·</span> 
     </span>
     <span class='ocr_line' id='line_1_75' title="bbox 1724 1959 3295 2048; baseline 0.002 -24"><span class='ocrx_word' id='word_1_501' title='bbox 1724 1966 1943 2039; x_wconf 89' lang='lat' dir='ltr'>optime</span> <span class='ocrx_word' id='word_1_502' title='bbox 1971 1983 2074 2039; x_wconf 90' lang='lat' dir='ltr'>pro</span> <span class='ocrx_word' id='word_1_503' title='bbox 2102 1968 2267 2025; x_wconf 85' lang='lat' dir='ltr'>nobis</span> <span class='ocrx_word' id='word_1_504' title='bbox 2298 1968 2604 2041; x_wconf 89' lang='lat' dir='ltr'>respondet</span> <span class='ocrx_word' id='word_1_505' title='bbox 2642 1972 2706 2026; x_wconf 92' lang='lat' dir='ltr'>D.</span> <span class='ocrx_word' id='word_1_506' title='bbox 2751 1973 2989 2043; x_wconf 83' lang='lat' dir='ltr'>August.</span> <span class='ocrx_word' id='word_1_507' title='bbox 3025 1973 3084 2026; x_wconf 80' lang='lat' dir='ltr'>in</span> <span class='ocrx_word' id='word_1_508' title='bbox 3141 1959 3295 2048; x_wconf 50' lang='lat' dir='ltr'>rigae:</span> 
     </span>
     <span class='ocr_line' id='line_1_76' title="bbox 1725 2047 3283 2125; baseline 0.002 -22"><span class='ocrx_word' id='word_1_509' title='bbox 1725 2047 1817 2103; x_wconf 82' lang='lat' dir='ltr'>lib.</span> <span class='ocrx_word' id='word_1_510' title='bbox 1852 2049 2205 2125; x_wconf 59' lang='lat' dir='ltr'>quastionum</span> <span class='ocrx_word' id='word_1_511' title='bbox 2248 2051 2444 2105; x_wconf 80' lang='lat' dir='ltr'>veleris</span> <span class='ocrx_word' id='word_1_512' title='bbox 2490 2048 2840 2116; x_wconf 78' lang='lat' dir='ltr'>Testamenti,</span> <span class='ocrx_word' id='word_1_513' title='bbox 2876 2050 2974 2106; x_wconf 88' lang='lat' dir='ltr'>ubi</span> <span class='ocrx_word' id='word_1_514' title='bbox 3013 2067 3084 2108; x_wconf 86' lang='lat' dir='ltr'>ex</span> <span class='ocrx_word' id='word_1_515' title='bbox 3140 2054 3283 2106; x_wconf 77' lang='lat' dir='ltr'>-Au8·</span> 
     </span>
     <span class='ocr_line' id='line_1_77' title="bbox 1726 2128 3085 2211; baseline 0.005 -27"><span class='ocrx_word' id='word_1_516' title='bbox 1726 2128 1830 2186; x_wconf 90' lang='lat' dir='ltr'>hoc</span> <span class='ocrx_word' id='word_1_517' title='bbox 1874 2130 2203 2211; x_wconf 51' lang='lat' dir='ltr'>Salvatorisk</span> <span class='ocrx_word' id='word_1_518' title='bbox 2238 2131 2586 2198; x_wconf 87' lang='lat' dir='ltr'>testimonio,</span> <span class='ocrx_word' id='word_1_519' title='bbox 2612 2137 2667 2189; x_wconf 90' lang='lat' dir='ltr'>et</span> <span class='ocrx_word' id='word_1_520' title='bbox 2693 2148 2764 2189; x_wconf 89' lang='lat' dir='ltr'>ex</span> <span class='ocrx_word' id='word_1_521' title='bbox 2786 2133 2905 2201; x_wconf 87' lang='lat' dir='ltr'>illo,</span> <span class='ocrx_word' id='word_1_522' title='bbox 2935 2134 3085 2206; x_wconf 90' lang='lat' dir='ltr'>quod</span> 
     </span>
     <span class='ocr_line' id='line_1_78' title="bbox 1724 2208 3079 2281; baseline 0.004 -16"><span class='ocrx_word' id='word_1_523' title='bbox 1724 2208 1969 2267; x_wconf 89' lang='lat' dir='ltr'>habetur</span> <span class='ocrx_word' id='word_1_524' title='bbox 2023 2212 2183 2267; x_wconf 78' lang='lat' dir='ltr'>Lucae</span> <span class='ocrx_word' id='word_1_525' title='bbox 2235 2214 2279 2279; x_wconf 92' lang='lat' dir='ltr'>l,</span> <span class='ocrx_word' id='word_1_526' title='bbox 2314 2213 2414 2269; x_wconf 90' lang='lat' dir='ltr'>ubi</span> <span class='ocrx_word' id='word_1_527' title='bbox 2460 2212 2671 2269; x_wconf 90' lang='lat' dir='ltr'>dicitur</span> <span class='ocrx_word' id='word_1_528' title='bbox 2722 2212 2792 2271; x_wconf 92' lang='lat' dir='ltr'>de</span> <span class='ocrx_word' id='word_1_529' title='bbox 2838 2216 3079 2281; x_wconf 82' lang='lat' dir='ltr'>Joanne,</span> 
     </span>
     <span class='ocr_line' id='line_1_79' title="bbox 1722 2292 3088 2369; baseline 0.004 -22"><span class='ocrx_word' id='word_1_530' title='bbox 1722 2292 1870 2365; x_wconf 91' lang='lat' dir='ltr'>quod</span> <span class='ocrx_word' id='word_1_531' title='bbox 1917 2300 2198 2349; x_wconf 82' lang='lat' dir='ltr'>venturus</span> <span class='ocrx_word' id='word_1_532' title='bbox 2249 2300 2374 2351; x_wconf 89' lang='lat' dir='ltr'>erat</span> <span class='ocrx_word' id='word_1_533' title='bbox 2419 2296 2484 2351; x_wconf 88' lang='lat' dir='ltr'>in</span> <span class='ocrx_word' id='word_1_534' title='bbox 2526 2296 2756 2369; x_wconf 90' lang='lat' dir='ltr'>spiritu,</span> <span class='ocrx_word' id='word_1_535' title='bbox 2789 2303 2844 2353; x_wconf 92' lang='lat' dir='ltr'>et</span> <span class='ocrx_word' id='word_1_536' title='bbox 2870 2297 3088 2354; x_wconf 82' lang='lat' dir='ltr'>virtute</span> 
     </span>
     <span class='ocr_line' id='line_1_80' title="bbox 1724 2373 3089 2451; baseline 0.006 -23"><span class='ocrx_word' id='word_1_537' title='bbox 1724 2373 1866 2430; x_wconf 82' lang='lat' dir='ltr'>Eliae</span> <span class='ocrx_word' id='word_1_538' title='bbox 1893 2397 1907 2441; x_wconf 88' lang='lat'>;</span> <span class='ocrx_word' id='word_1_539' title='bbox 1952 2381 2000 2430; x_wconf 79' lang='lat' dir='ltr'>et</span> <span class='ocrx_word' id='word_1_540' title='bbox 2046 2376 2139 2431; x_wconf 77' lang='lat' dir='ltr'>cit.</span> <span class='ocrx_word' id='word_1_541' title='bbox 2190 2394 2314 2449; x_wconf 85' lang='lat' dir='ltr'>cap.</span> <span class='ocrx_word' id='word_1_542' title='bbox 2370 2379 2454 2445; x_wconf 92' lang='lat' dir='ltr'>ll,</span> <span class='ocrx_word' id='word_1_543' title='bbox 2498 2377 2705 2437; x_wconf 63' lang='lat' dir='ltr'>Mami.</span> <span class='ocrx_word' id='word_1_544' title='bbox 2762 2376 2911 2451; x_wconf 92' lang='lat' dir='ltr'>quod</span> <span class='ocrx_word' id='word_1_545' title='bbox 2966 2377 3089 2451; x_wconf 88' lang='lat' dir='ltr'>ipse</span> 
     </span>
     <span class='ocr_line' id='line_1_81' title="bbox 1724 2457 3089 2526; baseline 0.004 -16"><span class='ocrx_word' id='word_1_546' title='bbox 1724 2457 1978 2513; x_wconf 82' lang='lat' dir='ltr'>Joannes</span> <span class='ocrx_word' id='word_1_547' title='bbox 2017 2461 2101 2513; x_wconf 91' lang='lat' dir='ltr'>est</span> <span class='ocrx_word' id='word_1_548' title='bbox 2142 2458 2315 2524; x_wconf 85' lang='lat' dir='ltr'>Elias,</span> <span class='ocrx_word' id='word_1_549' title='bbox 2347 2458 2529 2517; x_wconf 85' lang='lat' dir='ltr'>infert</span> <span class='ocrx_word' id='word_1_550' title='bbox 2553 2460 2765 2518; x_wconf 82' lang='lat' dir='ltr'>Joanni</span> <span class='ocrx_word' id='word_1_551' title='bbox 2788 2460 3000 2526; x_wconf 82' lang='lat' dir='ltr'>Ellam,</span> <span class='ocrx_word' id='word_1_552' title='bbox 3033 2466 3089 2517; x_wconf 89' lang='lat' dir='ltr'>et</span> 
     </span>
     <span class='ocr_line' id='line_1_82' title="bbox 1722 2537 3086 2615; baseline 0.006 -24"><span class='ocrx_word' id='word_1_553' title='bbox 1722 2537 1870 2594; x_wconf 80' lang='lat' dir='ltr'>Eliae</span> <span class='ocrx_word' id='word_1_554' title='bbox 1896 2539 2187 2596; x_wconf 81' lang='lat' dir='ltr'>Joannem</span> <span class='ocrx_word' id='word_1_555' title='bbox 2212 2557 2334 2598; x_wconf 88' lang='lat' dir='ltr'>esse</span> <span class='ocrx_word' id='word_1_556' title='bbox 2359 2544 2656 2615; x_wconf 55' lang='lat' dir='ltr'>aqualem,</span> <span class='ocrx_word' id='word_1_557' title='bbox 2684 2550 2737 2599; x_wconf 90' lang='lat' dir='ltr'>et</span> <span class='ocrx_word' id='word_1_558' title='bbox 2759 2542 2838 2599; x_wconf 89' lang='lat' dir='ltr'>ita</span> <span class='ocrx_word' id='word_1_559' title='bbox 2859 2541 3046 2615; x_wconf 88' lang='lat' dir='ltr'>inquit</span> <span class='ocrx_word' id='word_1_560' title='bbox 3072 2562 3086 2599; x_wconf 72' lang='grc' dir='ltr'><strong><em>ε</em></strong></span> 
     </span>
     <span class='ocr_line' id='line_1_83' title="bbox 1730 2620 3090 2697; baseline 0.006 -25"><span class='ocrx_word' id='word_1_561' title='bbox 1730 2640 1756 2672; x_wconf 85' lang='lat'>«</span> <span class='ocrx_word' id='word_1_562' title='bbox 1787 2620 1999 2677; x_wconf 84' lang='lat' dir='ltr'>Parem</span> <span class='ocrx_word' id='word_1_563' title='bbox 2027 2637 2163 2697; x_wconf 87' lang='lat' dir='ltr'>ergo</span> <span class='ocrx_word' id='word_1_564' title='bbox 2202 2624 2414 2680; x_wconf 86' lang='lat' dir='ltr'>Joanni</span> <span class='ocrx_word' id='word_1_565' title='bbox 2465 2625 2653 2681; x_wconf 80' lang='lat' dir='ltr'>Elium</span> <span class='ocrx_word' id='word_1_566' title='bbox 2701 2625 2966 2682; x_wconf 87' lang='lat' dir='ltr'>ostendit.</span> <span class='ocrx_word' id='word_1_567' title='bbox 3020 2626 3090 2680; x_wconf 87' lang='lat' dir='ltr'>Et</span> 
     </span>
     <span class='ocr_line' id='line_1_84' title="bbox 1727 2702 3083 2781; baseline 0.006 -28"><span class='ocrx_word' id='word_1_568' title='bbox 1727 2721 1753 2753; x_wconf 77' lang='grc' dir='ltr'><strong>α</strong></span> <span class='ocrx_word' id='word_1_569' title='bbox 1784 2702 2067 2758; x_wconf 91' lang='lat' dir='ltr'>Dominus</span> <span class='ocrx_word' id='word_1_570' title='bbox 2092 2703 2232 2761; x_wconf 89' lang='lat' dir='ltr'>dicit</span> <span class='ocrx_word' id='word_1_571' title='bbox 2260 2725 2274 2759; x_wconf 78' lang='grc' dir='ltr'><strong><em>ε</em></strong></span> <span class='ocrx_word' id='word_1_572' title='bbox 2303 2707 2486 2763; x_wconf 90' lang='lat' dir='ltr'>Nemo</span> <span class='ocrx_word' id='word_1_573' title='bbox 2517 2708 2704 2781; x_wconf 86' lang='lat' dir='ltr'>major</span> <span class='ocrx_word' id='word_1_574' title='bbox 2734 2708 2887 2763; x_wconf 88' lang='lat' dir='ltr'>inter</span> <span class='ocrx_word' id='word_1_575' title='bbox 2918 2711 3083 2763; x_wconf 86' lang='lat' dir='ltr'>natos</span> 
     </span>
     <span class='ocr_line' id='line_1_85' title="bbox 1726 2785 3085 2865; baseline 0.007 -29"><span class='ocrx_word' id='word_1_576' title='bbox 1726 2804 1751 2835; x_wconf 78' lang='grc' dir='ltr'>α</span> <span class='ocrx_word' id='word_1_577' title='bbox 1782 2785 2099 2842; x_wconf 88' lang='lat' dir='ltr'>mulierum</span> <span class='ocrx_word' id='word_1_578' title='bbox 2124 2787 2408 2860; x_wconf 88' lang='lat' dir='ltr'>Propheta</span> <span class='ocrx_word' id='word_1_579' title='bbox 2420 2790 2643 2847; x_wconf 83' lang='lat' dir='ltr'>Joanne</span> <span class='ocrx_word' id='word_1_580' title='bbox 2659 2792 2934 2865; x_wconf 89' lang='lat' dir='ltr'>Baptista.</span> <span class='ocrx_word' id='word_1_581' title='bbox 2957 2791 3085 2845; x_wconf 89' lang='lat' dir='ltr'>Non</span> 
     </span>
     <span class='ocr_line' id='line_1_86' title="bbox 1725 2863 3083 2944; baseline 0.006 -25"><span class='ocrx_word' id='word_1_582' title='bbox 1725 2886 1750 2918; x_wconf 74' lang='grc' dir='ltr'>α</span> <span class='ocrx_word' id='word_1_583' title='bbox 1781 2863 1919 2923; x_wconf 88' lang='lat' dir='ltr'>dicit</span> <span class='ocrx_word' id='word_1_584' title='bbox 1945 2868 2216 2926; x_wconf 91' lang='lat' dir='ltr'>omnibus</span> <span class='ocrx_word' id='word_1_585' title='bbox 2244 2870 2448 2944; x_wconf 87' lang='lat' dir='ltr'>major,</span> <span class='ocrx_word' id='word_1_586' title='bbox 2480 2871 2579 2930; x_wconf 86' lang='lat' dir='ltr'>sed</span> <span class='ocrx_word' id='word_1_587' title='bbox 2609 2889 2780 2931; x_wconf 89' lang='lat' dir='ltr'>nemo</span> <span class='ocrx_word' id='word_1_588' title='bbox 2809 2873 2912 2930; x_wconf 88' lang='lat' dir='ltr'>illo</span> <span class='ocrx_word' id='word_1_589' title='bbox 2954 2887 3083 2927; x_wconf 89' lang='lat' dir='ltr'>ma-</span> 
     </span>
    </p>

    <p class='ocr_par' dir='ltr' id='par_1_8' title="bbox 1718 2948 3083 3183">
     <span class='ocr_line' id='line_1_87' title="bbox 1724 2948 3083 3028; baseline 0.007 -26"><span class='ocrx_word' id='word_1_590' title='bbox 1724 2968 1750 3001; x_wconf 75' lang='lat'>«</span> <span class='ocrx_word' id='word_1_591' title='bbox 1774 2948 1869 3022; x_wconf 85' lang='lat' dir='ltr'>jor</span> <span class='ocrx_word' id='word_1_592' title='bbox 1893 2955 2007 3017; x_wconf 89' lang='lat' dir='ltr'>est;</span> <span class='ocrx_word' id='word_1_593' title='bbox 2040 2950 2141 3007; x_wconf 88' lang='lat' dir='ltr'>hoc</span> <span class='ocrx_word' id='word_1_594' title='bbox 2180 2957 2285 3018; x_wconf 89' lang='lat' dir='ltr'>est,</span> <span class='ocrx_word' id='word_1_595' title='bbox 2348 2955 2625 3026; x_wconf 85' lang='lat' dir='ltr'>aequalem</span> <span class='ocrx_word' id='word_1_596' title='bbox 2662 2955 2828 3012; x_wconf 91' lang='lat' dir='ltr'>habet</span> <span class='ocrx_word' id='word_1_597' title='bbox 2857 2977 2868 3010; x_wconf 89' lang='lat'>:</span> <span class='ocrx_word' id='word_1_598' title='bbox 2898 2954 3083 3028; x_wconf 84' lang='lat' dir='ltr'>majo-</span> 
     </span>
     <span class='ocr_line' id='line_1_88' title="bbox 1723 3031 3074 3109; baseline 0.003 -27"><span class='ocrx_word' id='word_1_599' title='bbox 1723 3049 1749 3082; x_wconf 82' lang='grc' dir='ltr'>α</span> <span class='ocrx_word' id='word_1_600' title='bbox 1781 3044 1904 3086; x_wconf 91' lang='lat' dir='ltr'>rem</span> <span class='ocrx_word' id='word_1_601' title='bbox 1945 3046 2059 3087; x_wconf 91' lang='lat' dir='ltr'>non</span> <span class='ocrx_word' id='word_1_602' title='bbox 2083 3031 2270 3089; x_wconf 89' lang='lat' dir='ltr'>habet.</span> <span class='ocrx_word' id='word_1_603' title='bbox 2304 3035 2462 3091; x_wconf 89' lang='lat' dir='ltr'>Elias</span> <span class='ocrx_word' id='word_1_604' title='bbox 2482 3051 2617 3109; x_wconf 89' lang='lat' dir='ltr'>ergo</span> <span class='ocrx_word' id='word_1_605' title='bbox 2658 3052 2760 3108; x_wconf 89' lang='lat' dir='ltr'>par</span> <span class='ocrx_word' id='word_1_606' title='bbox 2795 3037 2881 3092; x_wconf 88' lang='lat' dir='ltr'>illi</span> <span class='ocrx_word' id='word_1_607' title='bbox 2911 3040 3012 3090; x_wconf 91' lang='lat' dir='ltr'>est.</span> <span class='ocrx_word' id='word_1_608' title='bbox 3047 3053 3074 3086; x_wconf 68' lang='lat' dir='ltr'>n</span> 
     </span>
     <span class='ocr_line' id='line_1_89' title="bbox 1718 3108 3080 3183; baseline 0.004 -21"><span class='ocrx_word' id='word_1_609' title='bbox 1718 3108 1973 3166; x_wconf 89' lang='lat' dir='ltr'>Eandem</span> <span class='ocrx_word' id='word_1_610' title='bbox 1995 3111 2441 3183; x_wconf 84' lang='lat' dir='ltr'>explicationem</span> <span class='ocrx_word' id='word_1_611' title='bbox 2472 3112 2651 3169; x_wconf 87' lang='lat' dir='ltr'>tradit</span> <span class='ocrx_word' id='word_1_612' title='bbox 2678 3114 2853 3170; x_wconf 76' lang='lat' dir='ltr'>etiam</span> <span class='ocrx_word' id='word_1_613' title='bbox 2878 3115 3080 3169; x_wconf 90' lang='lat' dir='ltr'>Petrus</span> 
     </span>
    </p>
   </div>
   <div class='ocr_carea' id='block_1_6' title="bbox 1701 3192 3284 5145">
    <p class='ocr_par' dir='ltr' id='par_1_9' title="bbox 1712 3192 3079 4162">
     <span class='ocr_line' id='line_1_90' title="bbox 1716 3192 3079 3269; baseline 0.004 -23"><span class='ocrx_word' id='word_1_614' title='bbox 1716 3192 2031 3247; x_wconf 86' lang='lat' dir='ltr'>Damianus</span> <span class='ocrx_word' id='word_1_615' title='bbox 2056 3210 2218 3251; x_wconf 84' lang='lat' dir='ltr'>serm.</span> <span class='ocrx_word' id='word_1_616' title='bbox 2275 3196 2358 3262; x_wconf 87' lang='lat'>18,</span> <span class='ocrx_word' id='word_1_617' title='bbox 2407 3195 2505 3269; x_wconf 89' lang='lat' dir='ltr'>qui</span> <span class='ocrx_word' id='word_1_618' title='bbox 2552 3200 2637 3251; x_wconf 90' lang='lat' dir='ltr'>est</span> <span class='ocrx_word' id='word_1_619' title='bbox 2685 3194 2965 3253; x_wconf 90' lang='lat' dir='ltr'>secundus</span> <span class='ocrx_word' id='word_1_620' title='bbox 3009 3193 3079 3251; x_wconf 92' lang='lat' dir='ltr'>de</span> 
     </span>
     <span class='ocr_line' id='line_1_91' title="bbox 1714 3274 3078 3352; baseline 0.004 -23"><span class='ocrx_word' id='word_1_621' title='bbox 1714 3278 1909 3330; x_wconf 88' lang='lat' dir='ltr'>sancto</span> <span class='ocrx_word' id='word_1_622' title='bbox 1929 3274 2106 3331; x_wconf 85' lang='lat' dir='ltr'>Vitali</span> <span class='ocrx_word' id='word_1_623' title='bbox 2134 3281 2410 3350; x_wconf 83' lang='lat' dir='ltr'>martyre,</span> <span class='ocrx_word' id='word_1_624' title='bbox 2444 3276 2543 3333; x_wconf 90' lang='lat' dir='ltr'>ubi</span> <span class='ocrx_word' id='word_1_625' title='bbox 2571 3294 2643 3335; x_wconf 89' lang='lat' dir='ltr'>ex</span> <span class='ocrx_word' id='word_1_626' title='bbox 2672 3278 2938 3352; x_wconf 86' lang='lat' dir='ltr'>praedicto</span> <span class='ocrx_word' id='word_1_627' title='bbox 2960 3279 3078 3334; x_wconf 90' lang='lat' dir='ltr'>Sal-</span> 
     </span>
     <span class='ocr_line' id='line_1_92' title="bbox 1715 3357 3071 3435; baseline 0.004 -22"><span class='ocrx_word' id='word_1_628' title='bbox 1715 3357 2278 3426; x_wconf 79' lang='lat' dir='ltr'>vatoristestimonio</span> <span class='ocrx_word' id='word_1_629' title='bbox 2298 3377 2472 3432; x_wconf 89' lang='lat' dir='ltr'>super</span> <span class='ocrx_word' id='word_1_630' title='bbox 2487 3377 2791 3435; x_wconf 86' lang='lat' dir='ltr'>personam</span> <span class='ocrx_word' id='word_1_631' title='bbox 2808 3365 2838 3416; x_wconf 90' lang='lat' dir='ltr'>J</span> <span class='ocrx_word' id='word_1_632' title='bbox 2843 3362 3071 3429; x_wconf 79' lang='lat' dir='ltr'>oannis,</span> 
     </span>
     <span class='ocr_line' id='line_1_93' title="bbox 1712 3439 3077 3516; baseline 0.004 -21"><span class='ocrx_word' id='word_1_633' title='bbox 1712 3444 1770 3495; x_wconf 86' lang='lat' dir='ltr'>et</span> <span class='ocrx_word' id='word_1_634' title='bbox 1817 3454 1888 3495; x_wconf 87' lang='lat' dir='ltr'>ex</span> <span class='ocrx_word' id='word_1_635' title='bbox 1941 3439 2267 3510; x_wconf 72' lang='lat' dir='ltr'>aequalitate</span> <span class='ocrx_word' id='word_1_636' title='bbox 2312 3442 2456 3499; x_wconf 84' lang='lat' dir='ltr'>Eliae</span> <span class='ocrx_word' id='word_1_637' title='bbox 2513 3460 2644 3500; x_wconf 91' lang='lat' dir='ltr'>cum</span> <span class='ocrx_word' id='word_1_638' title='bbox 2697 3445 2840 3516; x_wconf 90' lang='lat' dir='ltr'>ipso,</span> <span class='ocrx_word' id='word_1_639' title='bbox 2898 3444 3077 3501; x_wconf 84' lang='lat' dir='ltr'>infert</span> 
     </span>
     <span class='ocr_line' id='line_1_94' title="bbox 1713 3520 3070 3592; baseline 0.006 -18"><span class='ocrx_word' id='word_1_640' title='bbox 1713 3520 2030 3576; x_wconf 83' lang='lat' dir='ltr'>maximam</span> <span class='ocrx_word' id='word_1_641' title='bbox 2079 3521 2220 3578; x_wconf 82' lang='lat' dir='ltr'>Eliae</span> <span class='ocrx_word' id='word_1_642' title='bbox 2265 3524 2647 3592; x_wconf 88' lang='lat' dir='ltr'>sanctitatem,</span> <span class='ocrx_word' id='word_1_643' title='bbox 2680 3531 2737 3582; x_wconf 90' lang='lat' dir='ltr'>et</span> <span class='ocrx_word' id='word_1_644' title='bbox 2775 3526 3070 3590; x_wconf 87' lang='lat' dir='ltr'>virtutem,</span> 
     </span>
     <span class='ocr_line' id='line_1_95' title="bbox 1714 3601 3079 3682; baseline 0.005 -24"><span class='ocrx_word' id='word_1_645' title='bbox 1714 3603 1805 3658; x_wconf 88' lang='lat' dir='ltr'>his</span> <span class='ocrx_word' id='word_1_646' title='bbox 1844 3601 2038 3659; x_wconf 87' lang='lat' dir='ltr'>verbis</span> <span class='ocrx_word' id='word_1_647' title='bbox 2067 3626 2080 3661; x_wconf 75' lang='grc' dir='ltr'><strong><em>ε</em></strong></span> <span class='ocrx_word' id='word_1_648' title='bbox 2133 3625 2158 3656; x_wconf 77' lang='grc' dir='ltr'>α</span> <span class='ocrx_word' id='word_1_649' title='bbox 2216 3606 2295 3663; x_wconf 91' lang='lat' dir='ltr'>De</span> <span class='ocrx_word' id='word_1_650' title='bbox 2341 3605 2560 3663; x_wconf 29' lang='lat' dir='ltr'>eodem*</span> <span class='ocrx_word' id='word_1_651' title='bbox 2586 3624 2807 3682; x_wconf 91' lang='lat' dir='ltr'>quoque</span> <span class='ocrx_word' id='word_1_652' title='bbox 2857 3611 3079 3665; x_wconf 85' lang='lat' dir='ltr'>Joanne</span> 
     </span>
     <span class='ocr_line' id='line_1_96' title="bbox 1716 3683 3079 3746; baseline 0.007 -9"><span class='ocrx_word' id='word_1_653' title='bbox 1716 3704 1742 3737; x_wconf 76' lang='grc' dir='ltr'><strong><em>α</em></strong></span> <span class='ocrx_word' id='word_1_654' title='bbox 1775 3683 2056 3740; x_wconf 91' lang='lat' dir='ltr'>Dominus</span> <span class='ocrx_word' id='word_1_655' title='bbox 2076 3689 2315 3742; x_wconf 89' lang='lat' dir='ltr'>testatur</span> <span class='ocrx_word' id='word_1_656' title='bbox 2337 3685 2533 3744; x_wconf 90' lang='lat' dir='ltr'>dicens</span> <span class='ocrx_word' id='word_1_657' title='bbox 2555 3709 2569 3744; x_wconf 75' lang='grc' dir='ltr'><strong><em>ε</em></strong></span> <span class='ocrx_word' id='word_1_658' title='bbox 2594 3690 2750 3745; x_wconf 87' lang='lat' dir='ltr'>Inter</span> <span class='ocrx_word' id='word_1_659' title='bbox 2773 3695 2933 3746; x_wconf 90' lang='lat' dir='ltr'>natos</span> <span class='ocrx_word' id='word_1_660' title='bbox 2953 3706 3079 3746; x_wconf 91' lang='lat' dir='ltr'>mu-</span> 
     </span>
     <span class='ocr_line' id='line_1_97' title="bbox 1719 3764 3079 3843; baseline 0.006 -24"><span class='ocrx_word' id='word_1_661' title='bbox 1719 3787 1744 3817; x_wconf 75' lang='lat'>«</span> <span class='ocrx_word' id='word_1_662' title='bbox 1774 3764 1985 3821; x_wconf 90' lang='lat' dir='ltr'>lierum</span> <span class='ocrx_word' id='word_1_663' title='bbox 2011 3781 2130 3824; x_wconf 92' lang='lat' dir='ltr'>non</span> <span class='ocrx_word' id='word_1_664' title='bbox 2157 3768 2410 3825; x_wconf 85' lang='lat' dir='ltr'>surrexit</span> <span class='ocrx_word' id='word_1_665' title='bbox 2436 3770 2621 3843; x_wconf 88' lang='lat' dir='ltr'>major</span> <span class='ocrx_word' id='word_1_666' title='bbox 2666 3772 2888 3827; x_wconf 82' lang='lat' dir='ltr'>Joanne</span> <span class='ocrx_word' id='word_1_667' title='bbox 2925 3771 3079 3842; x_wconf 92' lang='lat' dir='ltr'>Bap-</span> 
     </span>
     <span class='ocr_line' id='line_1_98' title="bbox 1717 3845 3078 3925; baseline 0.007 -26"><span class='ocrx_word' id='word_1_668' title='bbox 1717 3866 1743 3899; x_wconf 81' lang='lat'><strong>«</strong></span> <span class='ocrx_word' id='word_1_669' title='bbox 1774 3845 1925 3902; x_wconf 90' lang='lat' dir='ltr'>tista.</span> <span class='ocrx_word' id='word_1_670' title='bbox 1960 3846 2018 3901; x_wconf 91' lang='lat' dir='ltr'>Si</span> <span class='ocrx_word' id='word_1_671' title='bbox 2042 3849 2347 3921; x_wconf 90' lang='lat' dir='ltr'>ergointer</span> <span class='ocrx_word' id='word_1_672' title='bbox 2363 3848 2630 3907; x_wconf 88' lang='lat' dir='ltr'>homines</span> <span class='ocrx_word' id='word_1_673' title='bbox 2650 3852 2834 3925; x_wconf 83' lang='lat' dir='ltr'>maJ&#39;or</span> <span class='ocrx_word' id='word_1_674' title='bbox 2855 3853 3078 3909; x_wconf 84' lang='lat' dir='ltr'>Joanne</span> 
     </span>
     <span class='ocr_line' id='line_1_99' title="bbox 1716 3928 3070 4009; baseline 0.006 -28"><span class='ocrx_word' id='word_1_675' title='bbox 1716 3949 1742 3979; x_wconf 77' lang='grc' dir='ltr'>α</span> <span class='ocrx_word' id='word_1_676' title='bbox 1772 3928 2025 4000; x_wconf 90' lang='lat' dir='ltr'>Baptista</span> <span class='ocrx_word' id='word_1_677' title='bbox 2049 3944 2165 3985; x_wconf 90' lang='lat' dir='ltr'>non</span> <span class='ocrx_word' id='word_1_678' title='bbox 2197 3932 2532 4000; x_wconf 85' lang='lat' dir='ltr'>resurrexit,</span> <span class='ocrx_word' id='word_1_679' title='bbox 2566 3933 2695 4004; x_wconf 90' lang='lat' dir='ltr'>quis</span> <span class='ocrx_word' id='word_1_680' title='bbox 2716 3936 2902 4009; x_wconf 87' lang='lat' dir='ltr'>major</span> <span class='ocrx_word' id='word_1_681' title='bbox 2924 3933 3070 4001; x_wconf 89' lang='lat' dir='ltr'>Elia,</span> 
     </span>
     <span class='ocr_line' id='line_1_100' title="bbox 1716 4008 3072 4081; baseline 0.009 -22"><span class='ocrx_word' id='word_1_682' title='bbox 1716 4027 1741 4059; x_wconf 78' lang='grc' dir='ltr'><strong>α</strong></span> <span class='ocrx_word' id='word_1_683' title='bbox 1769 4008 1868 4080; x_wconf 89' lang='lat' dir='ltr'>qui</span> <span class='ocrx_word' id='word_1_684' title='bbox 1895 4025 2071 4065; x_wconf 87' lang='lat' dir='ltr'>unam</span> <span class='ocrx_word' id='word_1_685' title='bbox 2089 4008 2387 4081; x_wconf 87' lang='lat' dir='ltr'>virtutem,</span> <span class='ocrx_word' id='word_1_686' title='bbox 2408 4018 2464 4069; x_wconf 92' lang='lat' dir='ltr'>et</span> <span class='ocrx_word' id='word_1_687' title='bbox 2491 4029 2673 4069; x_wconf 92' lang='lat' dir='ltr'>unum</span> <span class='ocrx_word' id='word_1_688' title='bbox 2700 4029 2829 4070; x_wconf 89' lang='lat' dir='ltr'>cum</span> <span class='ocrx_word' id='word_1_689' title='bbox 2851 4016 3072 4071; x_wconf 82' lang='lat' dir='ltr'>Joanne</span> 
     </span>
     <span class='ocr_line' id='line_1_101' title="bbox 1712 4090 2344 4162; baseline 0.005 -20"><span class='ocrx_word' id='word_1_690' title='bbox 1712 4110 1740 4142; x_wconf 77' lang='grc' dir='ltr'><em>α</em></span> <span class='ocrx_word' id='word_1_691' title='bbox 1769 4091 2041 4162; x_wconf 90' lang='lat' dir='ltr'>spiritum</span> <span class='ocrx_word' id='word_1_692' title='bbox 2069 4090 2290 4148; x_wconf 89' lang='lat' dir='ltr'>habuit.</span> <span class='ocrx_word' id='word_1_693' title='bbox 2318 4113 2344 4145; x_wconf 86' lang='lat'><strong><em>»</em></strong></span> 
     </span>
    </p>

    <p class='ocr_par' dir='ltr' id='par_1_10' title="bbox 1701 4172 3284 5145">
     <span class='ocr_line' id='line_1_102' title="bbox 1780 4172 3272 4246; baseline 0.011 -18"><span class='ocrx_word' id='word_1_694' title='bbox 1780 4172 1870 4228; x_wconf 90' lang='lat' dir='ltr'>Ad</span> <span class='ocrx_word' id='word_1_695' title='bbox 1907 4173 2221 4231; x_wconf 87' lang='lat' dir='ltr'>secundum</span> <span class='ocrx_word' id='word_1_696' title='bbox 2261 4174 2570 4234; x_wconf 89' lang='lat' dir='ltr'>dicendum</span> <span class='ocrx_word' id='word_1_697' title='bbox 2610 4184 2713 4246; x_wconf 86' lang='lat' dir='ltr'>est,</span> <span class='ocrx_word' id='word_1_698' title='bbox 2744 4178 3065 4236; x_wconf 86' lang='lat' dir='ltr'>doctrinam</span> <span class='ocrx_word' id='word_1_699' title='bbox 3081 4197 3272 4242; x_wconf 73' lang='lat' dir='ltr'>Diluitur</span> 
     </span>
     <span class='ocr_line' id='line_1_103' title="bbox 1707 4248 3284 4333; baseline 0.007 -23"><span class='ocrx_word' id='word_1_700' title='bbox 1707 4253 1873 4312; x_wconf 89' lang='lat' dir='ltr'>illam</span> <span class='ocrx_word' id='word_1_701' title='bbox 1896 4259 2041 4330; x_wconf 87' lang='lat' dir='ltr'>Ang.</span> <span class='ocrx_word' id='word_1_702' title='bbox 2062 4258 2316 4316; x_wconf 88' lang='lat' dir='ltr'>Doctoris</span> <span class='ocrx_word' id='word_1_703' title='bbox 2337 4275 2695 4333; x_wconf 85' lang='lat' dir='ltr'>nequaquam</span> <span class='ocrx_word' id='word_1_704' title='bbox 2723 4278 2844 4320; x_wconf 87' lang='lat' dir='ltr'>esse</span> <span class='ocrx_word' id='word_1_705' title='bbox 2869 4268 3068 4319; x_wconf 89' lang='lat' dir='ltr'>contra</span> <span class='ocrx_word' id='word_1_706' title='bbox 3081 4248 3284 4293; x_wconf 54' lang='lat' dir='ltr'><strong>semum·</strong></span> 
     </span>
     <span class='ocr_line' id='line_1_104' title="bbox 1707 4338 3068 4418; baseline 0.007 -26"><span class='ocrx_word' id='word_1_707' title='bbox 1707 4352 1841 4404; x_wconf 89' lang='lat' dir='ltr'>nos;</span> <span class='ocrx_word' id='word_1_708' title='bbox 1890 4338 2026 4411; x_wconf 90' lang='lat' dir='ltr'>quia</span> <span class='ocrx_word' id='word_1_709' title='bbox 2075 4356 2206 4396; x_wconf 90' lang='lat' dir='ltr'>cum</span> <span class='ocrx_word' id='word_1_710' title='bbox 2237 4342 2428 4398; x_wconf 88' lang='lat' dir='ltr'>Eliam</span> <span class='ocrx_word' id='word_1_711' title='bbox 2470 4344 2748 4415; x_wconf 84' lang='lat' dir='ltr'>aequalem</span> <span class='ocrx_word' id='word_1_712' title='bbox 2782 4344 3068 4418; x_wconf 88' lang='lat' dir='ltr'>Apostolis</span> 
     </span>
     <span class='ocr_line' id='line_1_105' title="bbox 1707 4418 3069 4499; baseline 0.007 -25"><span class='ocrx_word' id='word_1_713' title='bbox 1707 4418 2125 4489; x_wconf 87' lang='lat' dir='ltr'>constituimus,</span> <span class='ocrx_word' id='word_1_714' title='bbox 2153 4438 2271 4479; x_wconf 92' lang='lat' dir='ltr'>non</span> <span class='ocrx_word' id='word_1_715' title='bbox 2295 4423 2549 4495; x_wconf 90' lang='lat' dir='ltr'>aliquem</span> <span class='ocrx_word' id='word_1_716' title='bbox 2578 4424 2759 4481; x_wconf 90' lang='lat' dir='ltr'>alium</span> <span class='ocrx_word' id='word_1_717' title='bbox 2781 4427 3069 4499; x_wconf 89' lang='lat' dir='ltr'>Apostolis</span> 
     </span>
     <span class='ocr_line' id='line_1_106' title="bbox 1704 4502 3067 4577; baseline 0.009 -23"><span class='ocrx_word' id='word_1_718' title='bbox 1704 4514 2128 4571; x_wconf 76' lang='lat' dir='ltr'>comparamuS,</span> <span class='ocrx_word' id='word_1_719' title='bbox 2158 4502 2309 4577; x_wconf 90' lang='lat' dir='ltr'>quod</span> <span class='ocrx_word' id='word_1_720' title='bbox 2353 4505 2419 4560; x_wconf 92' lang='lat' dir='ltr'>D.</span> <span class='ocrx_word' id='word_1_721' title='bbox 2450 4504 2655 4562; x_wconf 90' lang='lat' dir='ltr'>Thom.</span> <span class='ocrx_word' id='word_1_722' title='bbox 2691 4509 3067 4566; x_wconf 89' lang='lat' dir='ltr'>temerarium</span> 
     </span>
     <span class='ocr_line' id='line_1_107' title="bbox 1706 4582 3068 4663; baseline 0.008 -29"><span class='ocrx_word' id='word_1_723' title='bbox 1706 4582 1990 4651; x_wconf 87' lang='lat' dir='ltr'>appellat;</span> <span class='ocrx_word' id='word_1_724' title='bbox 2020 4583 2119 4640; x_wconf 87' lang='lat' dir='ltr'>sed</span> <span class='ocrx_word' id='word_1_725' title='bbox 2147 4586 2483 4657; x_wconf 89' lang='lat' dir='ltr'>Apostolum</span> <span class='ocrx_word' id='word_1_726' title='bbox 2505 4586 2696 4643; x_wconf 88' lang='lat' dir='ltr'>Eliam</span> <span class='ocrx_word' id='word_1_727' title='bbox 2726 4588 2858 4643; x_wconf 90' lang='lat' dir='ltr'>aliis</span> <span class='ocrx_word' id='word_1_728' title='bbox 2882 4593 3068 4663; x_wconf 84' lang='lat' dir='ltr'>Apos-</span> 
     </span>
     <span class='ocr_line' id='line_1_108' title="bbox 1704 4661 3069 4739; baseline 0.009 -22"><span class='ocrx_word' id='word_1_729' title='bbox 1704 4661 1837 4717; x_wconf 88' lang='lat' dir='ltr'>tolis</span> <span class='ocrx_word' id='word_1_730' title='bbox 1881 4678 2256 4736; x_wconf 63' lang='lat' dir='ltr'>coaequamus,</span> <span class='ocrx_word' id='word_1_731' title='bbox 2288 4667 2439 4739; x_wconf 90' lang='lat' dir='ltr'>quod</span> <span class='ocrx_word' id='word_1_732' title='bbox 2486 4683 2588 4724; x_wconf 91' lang='lat' dir='ltr'>nec</span> <span class='ocrx_word' id='word_1_733' title='bbox 2634 4670 2698 4725; x_wconf 90' lang='lat' dir='ltr'>D.</span> <span class='ocrx_word' id='word_1_734' title='bbox 2726 4671 2927 4728; x_wconf 89' lang='lat' dir='ltr'>Thom.</span> <span class='ocrx_word' id='word_1_735' title='bbox 2965 4687 3069 4730; x_wconf 89' lang='lat' dir='ltr'>nec</span> 
     </span>
     <span class='ocr_line' id='line_1_109' title="bbox 1704 4741 3065 4819; baseline 0.009 -22"><span class='ocrx_word' id='word_1_736' title='bbox 1704 4741 1853 4798; x_wconf 90' lang='lat' dir='ltr'>alius</span> <span class='ocrx_word' id='word_1_737' title='bbox 1875 4743 2085 4817; x_wconf 89' lang='lat' dir='ltr'>aliquis</span> <span class='ocrx_word' id='word_1_738' title='bbox 2110 4751 2332 4819; x_wconf 82' lang='lat' dir='ltr'>reputat</span> <span class='ocrx_word' id='word_1_739' title='bbox 2356 4748 2788 4807; x_wconf 88' lang='lat' dir='ltr'>inconveniens.</span> <span class='ocrx_word' id='word_1_740' title='bbox 2812 4753 2885 4807; x_wconf 86' lang='lat' dir='ltr'>Ut</span> <span class='ocrx_word' id='word_1_741' title='bbox 2904 4752 3065 4809; x_wconf 89' lang='lat' dir='ltr'>enim</span> 
     </span>
     <span class='ocr_line' id='line_1_110' title="bbox 1703 4826 3066 4903; baseline 0.009 -26"><span class='ocrx_word' id='word_1_742' title='bbox 1703 4837 1952 4880; x_wconf 90' lang='lat' dir='ltr'>numero</span> <span class='ocrx_word' id='word_1_743' title='bbox 2013 4826 2351 4898; x_wconf 81' lang='lat' dir='ltr'>praecedenti</span> <span class='ocrx_word' id='word_1_744' title='bbox 2420 4828 2733 4903; x_wconf 82' lang='lat' dir='ltr'>tetigimus,</span> <span class='ocrx_word' id='word_1_745' title='bbox 2785 4832 2960 4896; x_wconf 87' lang='lat' dir='ltr'>Elias,</span> <span class='ocrx_word' id='word_1_746' title='bbox 3011 4838 3066 4889; x_wconf 92' lang='lat' dir='ltr'>et</span> 
     </span>
     <span class='ocr_line' id='line_1_111' title="bbox 1702 4904 3064 4987; baseline 0.01 -29"><span class='ocrx_word' id='word_1_747' title='bbox 1702 4904 1917 4961; x_wconf 85' lang='lat' dir='ltr'>Enoch.</span> <span class='ocrx_word' id='word_1_748' title='bbox 1946 4904 2129 4963; x_wconf 81' lang='lat' dir='ltr'>futuri</span> <span class='ocrx_word' id='word_1_749' title='bbox 2156 4916 2292 4965; x_wconf 90' lang='lat' dir='ltr'>sunt</span> <span class='ocrx_word' id='word_1_750' title='bbox 2320 4911 2445 4968; x_wconf 90' lang='lat' dir='ltr'>veri</span> <span class='ocrx_word' id='word_1_751' title='bbox 2468 4913 2743 4985; x_wconf 87' lang='lat' dir='ltr'>Apostoli,</span> <span class='ocrx_word' id='word_1_752' title='bbox 2770 4912 2839 4970; x_wconf 90' lang='lat' dir='ltr'>de</span> <span class='ocrx_word' id='word_1_753' title='bbox 2859 4914 3064 4987; x_wconf 89' lang='lat' dir='ltr'>quihus</span> 
     </span>
     <span class='ocr_line' id='line_1_112' title="bbox 1701 4988 3064 5070; baseline 0.011 -29"><span class='ocrx_word' id='word_1_754' title='bbox 1701 5002 1773 5043; x_wconf 90' lang='lat' dir='ltr'>ex</span> <span class='ocrx_word' id='word_1_755' title='bbox 1799 4988 2119 5045; x_wconf 89' lang='lat' dir='ltr'>multorum</span> <span class='ocrx_word' id='word_1_756' title='bbox 2144 4991 2382 5048; x_wconf 89' lang='lat' dir='ltr'>Patrum</span> <span class='ocrx_word' id='word_1_757' title='bbox 2408 4997 2695 5053; x_wconf 88' lang='lat' dir='ltr'>sententia</span> <span class='ocrx_word' id='word_1_758' title='bbox 2725 4998 3064 5070; x_wconf 87' lang='lat' dir='ltr'>loquebatur</span> 
     </span>
     <span class='ocr_line' id='line_1_113' title="bbox 1701 5070 3058 5145; baseline 0.013 -22"><span class='ocrx_word' id='word_1_759' title='bbox 1701 5070 2005 5143; x_wconf 88' lang='lat' dir='ltr'>Apostolus</span> <span class='ocrx_word' id='word_1_760' title='bbox 2039 5073 2113 5138; x_wconf 89' lang='lat' dir='ltr'>·l,</span> <span class='ocrx_word' id='word_1_761' title='bbox 2156 5073 2230 5128; x_wconf 86' lang='lat' dir='ltr'>ad</span> <span class='ocrx_word' id='word_1_762' title='bbox 2282 5073 2535 5133; x_wconf 75' lang='lat' dir='ltr'>Corinth.</span> <span class='ocrx_word' id='word_1_763' title='bbox 2589 5078 2644 5145; x_wconf 80' lang='lat'>4,</span> <span class='ocrx_word' id='word_1_764' title='bbox 2694 5096 2825 5137; x_wconf 91' lang='lat' dir='ltr'>cum</span> <span class='ocrx_word' id='word_1_765' title='bbox 2872 5080 3019 5140; x_wconf 85' lang='lat' dir='ltr'>dixit</span> <span class='ocrx_word' id='word_1_766' title='bbox 3044 5105 3058 5141; x_wconf 72' lang='grc' dir='ltr'><strong><em>ε</em></strong></span> 
     </span>
    </p>
   </div>
   <div class='ocr_carea' id='block_1_7' title="bbox 3091 3181 3291 3275">
    <p class='ocr_par' dir='ltr' id='par_1_11' title="bbox 3091 3181 3291 3275">
     <span class='ocr_line' id='line_1_114' title="bbox 3116 3181 3269 3225; baseline 0.026 -4"><span class='ocrx_word' id='word_1_767' title='bbox 3116 3181 3269 3225; x_wconf 80' lang='lat' dir='ltr'>Petrus</span> 
     </span>
     <span class='ocr_line' id='line_1_115' title="bbox 3091 3229 3291 3275; baseline 0.01 -4"><span class='ocrx_word' id='word_1_768' title='bbox 3091 3229 3291 3275; x_wconf 68' lang='lat' dir='ltr'>Damian-</span> 
     </span>
    </p>
   </div>
  </div>
 </body>
</html>
