3647 5753
35 2555 219 2610 Opinio

26 2612 224 2664 eontra·

74 2666 169 2700 na.

21 2707 94 2749 D.
132 2706 241 2747 Bon.

34 2757 228 2797 Scelus.

19 2803 240 2851 Dur-and„

20 2857 234 2898 Montes.

34 2907 211 2947 Lorca.

19 2955 222 2997 Suarez.

19 3459 223 3504 Primum

58 3517 87 3551 8
94 3515 195 3558 rgu-

19 3560 221 3603 menmm
228 3586 239 3597 .

1427 398 1607 455 msP.
1649 396 1746 465 ιν,
1790 393 1959 449 Dua.
2000 393 2069 449 v.
2996 382 3101 438 ττι

252 586 489 655 possunt
531 580 743 638 habere
791 581 1076 644 rationem
1130 575 1387 642 utilium,
1444 576 1613 645 atque

253 662 393 721 adeo
420 662 491 720 ad
514 664 644 721 illos
673 662 973 720 dumtaxat
1000 662 1267 718 honestos
1306 657 1452 714 fines
1493 654 1613 710 im-

253 744 501 802 mediate
532 746 757 813 ret'erri,
789 744 996 819 quibus
1019 746 1255 816 possunt
1273 754 1394 797 esse
1414 736 1608 794 utiles,

252 825 418 884 Unde
438 828 574 899 quia
601 830 734 894 Deo,
781 833 842 883 ut
868 832 952 883 est
977 825 1161 882 bonus
1213 823 1278 879 in
1328 837 1410 887 se,
1461 818 1612 875 nihil

252 915 336 967 est
377 910 537 976 utile,
565 926 749 983 neque
771 910 825 966 ei
850 904 1066 982 aliquid
1094 908 1292 979 placet,
1326 902 1439 960 nisi
1461 898 1612 975 quod

251 996 336 1048 est
362 990 700 1058 honestum;
733 991 945 1048 idcirco
974 989 1169 1045 nullus
1208 1003 1280 1044 ex
1327 981 1613 1059 praedictis

252 1069 470 1129 actibus
500 1070 965 1129 indifferentibus
1014 1072 1193 1142 potest
1219 1068 1282 1123 in
1306 1066 1477 1122 illum
1508 1077 1612 1136 per

250 1151 592 1208 charitatem
634 1151 969 1209 immediate
995 1148 1223 1206 referri.
1258 1148 1505 1203 Possunt
1531 1147 1612 1198 ta·

251 1247 388 1289 men
430 1232 636 1290 referri
684 1233 931 1291 mediate
958 1254 970 1289 ε
1020 1249 1076 1289 ν.
1132 1247 1187 1305 g.
1237 1242 1497 1302 egressus
1548 1224 1612 1280 in

254 1330 457 1388 agrum
503 1314 816 1371 secundum
860 1330 922 1371 se
962 1319 1224 1384 sumptus
1264 1324 1384 1365 non
1430 1309 1613 1379 potest

254 1393 591 1452 immediate
639 1395 894 1453 exerceri
950 1399 1184 1468 propter
1216 1394 1420 1454 Deum,
1475 1387 1611 1460 quia

250 1491 380 1532 cum
409 1477 633 1533 nullam
657 1476 861 1534 habeat
888 1476 1263 1539 honestatem,
1290 1488 1407 1529 non
1432 1472 1612 1544 potest

249 1557 302 1615 ei
332 1559 557 1631 placere
583 1581 596 1616 :
624 1560 722 1616 sed
762 1561 898 1634 quia
927 1563 1106 1632 potest
1130 1554 1423 1613 deservire
1446 1550 1516 1609 ad
1537 1549 1612 1606 fi-

250 1655 384 1696 nem
409 1642 727 1716 religionis„
756 1657 964 1713 nempe
986 1639 1056 1696 ad
1079 1637 1355 1695 attentius
1374 1637 1489 1691 Deo
1516 1648 1614 1689 va·

248 1719 521 1788 candum,
550 1727 731 1795 potest
753 1723 817 1777 in
838 1719 1167 1794 hujusmodi
1186 1718 1362 1775 finem
1380 1732 1481 1789 per
1496 1713 1613 1771 vir·

248 1807 430 1859 tutem
457 1803 756 1878 religionis
781 1802 1011 1868 referri,
1055 1807 1109 1858 et
1150 1799 1341 1857 medio
1369 1799 1512 1872 ipso,
1556 1801 1614 1854 et

248 1883 564 1953 honestate,
597 1901 769 1958 quam
800 1900 868 1941 ex
899 1901 966 1943 eo
990 1883 1207 1956 recipit,
1257 1879 1521 1938 ordinari
1546 1877 1613 1934 in

249 1964 432 2020 Deum
462 1980 562 2037 per
584 1964 948 2022 charitatem.

845 2169 876 2235 g
917 2167 1013 2221 1x.

257 2314 519 2388 Opposita
564 2318 849 2381 sententia,
894 2317 1143 2388 primum
1182 2330 1287 2385 pro
1324 2328 1389 2366 ea
1439 2325 1613 2380 arqu-

552 2404 812 2464 mentum‚
839 2406 887 2452 et
908 2398 1111 2451 eversio
1142 2395 1314 2449 illius.

340 2545 464 2600 107.
519 2545 846 2617 oppositam
897 2543 1242 2600 sententiam
1297 2546 1491 2599 tenent
1544 2541 1608 2595 D.

256 2625 472 2682 Bonav.
519 2627 731 2690 Scotus,
760 2624 1082 2692 Durandus,
1116 2630 1170 2680 et
1198 2624 1321 2689 alii,
1350 2639 1491 2696 quos
1518 2636 1615 2677 re-

261 2705 388 2773 fert,
422 2713 476 2764 et
502 2707 758 2778 sequitur
805 2704 989 2779 quoad
1018 2705 1121 2762 hoc
1159 2707 1402 2761 Montes,
1436 2705 1613 2760 Lorca

253 2786 382 2843 dist.
415 2789 508 2853 48,
542 2789 750 2843 Suarez
780 2787 871 2843 lib.
914 2788 995 2849 12,
1042 2789 1211 2841 citato
1250 2802 1370 2857 cap.
1431 2784 1512 2849 lO,
1557 2786 1613 2839 et

255 2867 378 2925 alii.
436 2871 505 2925 Et
550 2868 815 2943 quamvis
855 2867 1197 2931 difficiliora,
1229 2871 1286 2924 et
1326 2865 1612 2940 praecipua

253 2966 359 3022 pro
385 2951 488 3008 hac
513 2951 798 3007 sententia
840 2955 1177 3024 argumenta
1205 2965 1273 3006 ea
1319 2948 1453 3013 sint,
1487 2962 1613 3020 quae

251 3034 283 3098 ἕ
310 3032 365 3097 5,
417 3030 690 3087 adversus
724 3034 791 3086 D.
822 3032 1055 3087 Thomae
1084 3032 1369 3086 rationem
1397 3028 1611 3103 obJ'eci-

250 3128 399 3178 mue,
432 3112 576 3169 etin
615 3113 985 3185 sequentibus
1011 3128 1187 3183 usque
1216 3110 1386 3167 modo
1428 3108 1611 3166 solvi-

251 3212 400 3261 muS,
436 3211 554 3252 non
580 3195 788 3251 desunt
821 3201 1016 3251 tamen
1038 3196 1232 3266 aliqua
1251 3192 1460 3265 quibus
1487 3207 1611 3247 res-

251 3276 506 3352 pondere
532 3294 673 3350 opus
700 3277 793 3341 sit,
820 3277 1085 3347 quamvis
1111 3282 1167 3332 et
1189 3276 1430 3331 istorum
1451 3273 1612 3329 solu-

252 3358 334 3415 tio
357 3372 473 3414 non
502 3355 804 3412 difficulter
833 3356 1112 3412 habeatur
1138 3372 1207 3412 ex
1235 3353 1420 3409 dictis.

328 3438 604 3513 Arguitur
629 3437 818 3510 primo
856 3454 926 3494 ex
958 3437 1245 3504 Durando,
1271 3437 1406 3509 quia
1425 3435 1611 3508 justus

255 3536 374 3578 non
401 3524 628 3578 tenetur
656 3536 857 3577 omnes
883 3536 1016 3575 suos
1038 3525 1192 3576 actus
1213 3520 1387 3576 etiam
1414 3534 1612 3574 mora-

256 3601 389 3658 liter
417 3600 598 3658 bonos
626 3601 695 3657 ad
733 3599 908 3656 finem
936 3601 1233 3657 charitatis
1261 3599 1607 3665 formaliter,

253 3686 352 3738 aut
377 3680 708 3737 virtualiter
734 3680 951 3738 referre
978 3697 1149 3755 :ergo
1178 3679 1386 3754 poterit
1415 3681 1610 3753 plures

252 3779 323 3820 ex
345 3763 466 3819 illis
489 3777 594 3834 pro
623 3760 789 3819 libito
818 3762 1057 3828 referre,
1088 3768 1329 3819 autnon
1359 3762 1606 3819 referre:

250 3842 349 3902 sed
388 3859 455 3901 eo
503 3842 647 3915 ipso,
686 3842 835 3915 quod
883 3859 1000 3901 non
1043 3844 1271 3910 referat,
1320 3858 1436 3899 non
1475 3846 1608 3898 sunt

249 3928 383 3985 vitae
409 3931 639 3983 aeternae
678 3926 967 3983 meritorii
1004 3947 1015 3981 ε
1046 3924 1172 3981 dari
1212 3942 1346 4001 ergo
1373 3928 1610 3999 possunt

250 4012 314 4067 in
343 4011 448 4068 illo
474 4015 630 4067 actus
658 4008 797 4065 boni
847 4009 1166 4075 moraliter,
1198 4013 1255 4065 et
1282 4026 1397 4066 non
1425 4007 1608 4064 meri-

248 4093 405 4151 torii.
433 4095 686 4163 Utraque
711 4091 1134 4164 consequentia,
1165 4096 1222 4147 et
1246 4091 1442 4147 minor
1468 4090 1608 4146 sub-

249 4181 480 4249 sumpta
526 4178 764 4251 constat.
810 4174 1165 4232 Antecedens
1204 4180 1396 4231 autem
1434 4190 1508 4231 ex
1539 4190 1607 4234 eo

251 4256 548 4331 probatur,
575 4255 709 4328 quia
735 4255 964 4312 nullum
994 4262 1228 4328 apparet
1248 4255 1318 4312 de
1339 4254 1443 4312 hac
1464 4256 1608 4313 rela-

248 4342 408 4397 tione
434 4352 538 4411 pro
559 4338 807 4412 singulis
828 4336 1097 4410 operibus
1119 4335 1443 4394 adhibenda
1466 4352 1607 4409 prae·

243 4427 470 4495 ceptum
528 4441 541 4476 :
601 4436 737 4494 ergo
792 4436 909 4477 non
960 4424 1043 4476 est
1098 4420 1249 4477 unde
1302 4419 1488 4493 justus
1534 4418 1605 4475 ad

247 4504 415 4560 illam
458 4505 738 4557 teneatur.
770 4501 850 4557 Eo
889 4501 982 4557 vel
1010 4500 1286 4567 maxime,
1313 4499 1464 4573 quod
1493 4500 1605 4555 hu-

241 4582 496 4660 jusmodi
526 4590 890 4656 praeceptum,
920 4584 970 4639 si
992 4588 1232 4649 extaret,
1266 4598 1385 4640 non
1408 4583 1605 4640 minus

247 4667 526 4742 obligaret
546 4671 892 4737 peccatorem
914 4671 1075 4722 extra
1090 4666 1336 4740 gratiam
1358 4666 1605 4723 existen-

247 4754 383 4813 tem,
415 4762 586 4819 quam
609 4745 848 4819 justum,
877 4752 937 4802 ut
975 4763 1047 4804 ex
1072 4763 1133 4803 se
1161 4752 1362 4804 notum
1389 4752 1472 4804 est
1505 4767 1517 4802 ε
1548 4750 1605 4803 at

247 4833 504 4903 peccator
532 4843 648 4884 non
679 4832 905 4885 tenetur
928 4829 1144 4885 referre
1165 4844 1296 4885 suos
1337 4832 1494 4884 actus
1532 4827 1605 4885 ad

246 4912 423 4969 finem
454 4911 726 4966 ultimum
747 4913 1268 4984 supernaturalem,
1301 4911 1446 4968 alias
1472 4928 1603 4969 cum

246 4995 398 5062 illos,
429 4993 684 5067 quandiu
733 5000 986 5066 peccator
1031 5000 1133 5060 est,
1178 5011 1474 5068 nunquam
1508 5011 1604 5053 re-

246 5078 413 5147 ferat,
465 5074 770 5150 frangeret,
809 5076 870 5131 in
929 5074 1199 5133 omnibus
1261 5075 1599 5150 praedictum

1744 570 2113 639 praeceptum,
2159 569 2217 622 et
2268 564 2348 620 ita
2402 562 2464 625 in
2509 556 2783 617 omnibus
2828 555 3101 627 peccaret,

1741 647 1894 722 quod
1924 651 2074 721 patet
2097 661 2220 704 esse
2253 646 2463 702 falsum
2492 665 2505 698 ε
2535 656 2691 716 ergo,
2723 644 2832 695 etc.

1817 729 2215 804 Respondetur
2238 726 2501 802 negando
2518 721 2858 782 antecedens
2880 742 2894 786 ;
2926 732 3105 790 oppo-
3118 724 3305 815 Bagoon·

1742 814 1920 870 situm
1946 813 2107 870 enim
2155 811 2448 886 colligitur
2492 825 2564 866 ex
2605 807 2707 863 illo
2748 802 2916 860 Pauli
2953 801 2973 856 l
3033 797 3141 864 ad1
3166 782 3324 865 2300.

1744 897 2007 954 Corinth.
2046 897 2109 953 10
2138 917 2151 951 ε
2178 894 2311 954 Sive
2339 892 2705 956 manducati-9,
2754 888 2867 943 sive
2895 884 3100 949 bibitis,
3119 870 3316 916 'mm-¹⁰·

1741 981 1856 1034 sive
1899 979 2061 1035 aliud
2087 978 2222 1056 quid
2271 977 2483 1051 faciti&
2542 973 2730 1028 omnia
2782 971 2842 1024 in
2865 967 3106 1036 moriam

1745 1060 1849 1117 Dei
1872 1064 2058 1136 facite.
2103 1063 2239 1126 Quae
2265 1058 2443 1116 verba
2485 1058 2648 1131 juxta
2684 1049 3105 1125 expositionem

1743 1143 1810 1199 D.
1854 1143 2058 1200 Thom.
2104 1140 2386 1215 capreoli,
2418 1135 2693 1213 cajetani,
2742 1138 2799 1190 et
2826 1131 3099 1194 aliorum,

1740 1215 1849 1282 etsi
1879 1225 2170 1282 intellecta
2214 1224 2286 1280 de
2331 1220 2696 1279 ordinatione
2744 1214 2952 1272 actuali
2981 1212 3105 1269 for-

1743 1307 1886 1363 mali
1910 1308 1975 1363 in
2001 1306 2249 1381 gloriam
2296 1305 2416 1369 Dei,
2449 1308 2617 1375 atque
2662 1299 2800 1372 adeo
2841 1297 2904 1353 in
2925 1294 3104 1351 finem

1743 1391 2017 1446 ultimum
2069 1388 2571 1463 supernaturalem
2621 1398 2723 1456 pro
2750 1378 3024 1437 omnibus
3049 1380 3108 1433 et

1742 1472 1989 1547 singulis
2036 1471 2249 1529 nostris
2295 1468 2514 1526 actibus
2541 1461 2884 1528 adhibenda,
2914 1460 3105 1517 solum

1744 1553 1994 1610 habeant
2042 1553 2326 1609 rationem
2362 1548 2609 1614 consilii,
2653 1545 2745 1602 vel
2775 1542 2912 1599 finis
2958 1555 3109 1613 prae-

1743 1635 1888 1708 cepti
1911 1659 1925 1702 ς
1956 1635 2249 1691 intellecta
2275 1638 2470 1690 tamen
2496 1629 2567 1686 de
2589 1624 2958 1685 ordinatione
2978 1621 3108 1678 vir-

1744 1718 1910 1784 tuali,
1961 1721 2043 1773 ita
2070 1717 2214 1795 quod
2239 1714 2457 1786 (verba
2482 1718 2617 1768 sunt
2660 1712 2805 1782 Ang.
2851 1703 3107 1762 Doctoris

1745 1798 1806 1854 in
1830 1800 1885 1864 2,
1918 1796 2015 1853 ubi
2043 1813 2236 1870 supra,
2271 1797 2335 1853 in
2356 1794 2644 1852 solutione
2670 1789 2741 1848 ad
2761 1792 2834 1859 7),
2861 1809 2887 1839 α
2911 1790 3108 1842 actua-

1749 1901 1775 1934 «
1808 1880 1882 1937 lis
1908 1879 2201 1937 ordinatio
2246 1879 2309 1934 in
2338 1881 2517 1934 Deum
2563 1876 2640 1931 sit
2683 1873 2985 1946 conjuncta
3013 1883 3108 1924 ac-

1749 1984 1775 2016 α
1808 1963 1955 2020 tioni
1987 1969 2196 2019 nostrae
2230 1960 2484 2029 cuilibet,
2517 1975 2636 2016 non
2684 1960 2806 2012 actu
2847 1953 2999 2025 (hoc
3023 1955 3110 2009 est

1749 2067 1775 2099 α
1808 2046 2192 2117 formaliter).
2247 2043 2345 2101 sed
2392 2044 2458 2100 in
2509 2043 2743 2105 virtute,
2787 2034 3107 2095 secundum

1750 2148 1776 2180 α
1805 2127 1954 2202 quod
1984 2129 2171 2184 virtus
2195 2128 2399 2201 primae
2420 2122 2805 2184 ordinationis
2821 2121 3017 2175 manet
3043 2117 3109 2173 in

1751 2229 1777 2261 α
1806 2208 2079 2265 omnibus
2109 2208 2433 2266 actionibus
2459 2202 2848 2280 sequentibuS,
2880 2200 3027 2256 sicut
3051 2201 3107 2254 et

1752 2313 1779 2345 ι
1806 2291 1995 2347 virtus
2042 2289 2177 2347 finis
2243 2291 2436 2347 ultimi
2491 2293 2688 2345 manet
2733 2287 2796 2341 in
2836 2279 3107 2341 omnibus

1750 2392 1777 2424 α
1807 2370 2022 2428 finibus
2049 2371 2119 2428 ad
2150 2374 2339 2445 ipsum
2385 2370 2689 2436 ordinatis,
2722 2364 2938 2423 habent
2969 2377 3106 2435 pro-

1753 2475 1779 2507 α
1811 2454 1936 2525 prie
1958 2455 2243 2511 rationem
2274 2453 2537 2526 praecepti
2573 2472 2585 2506 ε
2625 2470 2651 2500 »
2685 2447 2843 2520 cujus
2869 2443 3106 2502 omissio

1745 2537 1955 2610 (inquit
1984 2539 2046 2593 D.
2086 2538 2319 2608 Thom.)
2360 2551 2477 2592 non
2505 2531 2787 2605 contingit
2812 2528 2941 2584 sine
2970 2540 3104 2599 pec-

1744 2625 1888 2687 cato,
1920 2621 2055 2693 quia
2082 2622 2171 2677 vel
2201 2626 2286 2678 est
2326 2620 2518 2692 aliquo
2546 2613 2734 2679 modo,
2767 2617 2865 2668 aut
2890 2625 3107 2683 suppo-

1746 2704 1836 2760 nit
1879 2709 2169 2778 peccatum
2213 2704 2472 2768 mortale,
2524 2701 2667 2756 sicut
2706 2694 2988 2768 contingit
3039 2692 3104 2749 in

1746 2787 2169 2861 peccatoribus;
2195 2786 2285 2842 vel
2313 2791 2397 2842 est
2425 2788 2713 2859 peccatum
2742 2778 2984 2843 veniale,
3020 2775 3103 2831 si-

1744 2873 1837 2926 cut
1859 2869 2062 2927 accidit
2081 2868 2257 2927 etiam
2286 2867 2349 2923 in
2371 2868 2559 2942 J'ustis.

1828 2952 1942 3007 108.
2014 2949 2174 3017 Quod
2226 2952 2409 3024 magis
2453 2946 2730 3021 explicuit
2787 2945 2843 3000 S.
2903 2943 3320 2999 Doctornlustm*

1744 3038 1930 3109 quaest.
1978 3034 2033 3096 2,
2065 3034 2129 3087 de
2185 3030 2386 3087 Virtut.
2437 3037 2546 3085 art.
2607 3029 2690 3092 ll,
2726 3025 2821 3079 ubi
2849 3020 3054 3095 quaerit
3086 3010 3304 3105 :ssflssffg

1750 3110 1949 3167 Utrum
1976 3128 2160 3167 omnes
2185 3118 2472 3166 teneantur
2493 3110 2568 3163 ad
2590 3108 2887 3181 perfectam
2914 3102 3104 3156 chari·
3135 3102 3305 3145 D·‘1’h⁰·

1744 3193 1952 3248 tatem?
1973 3194 2040 3246 Et
2068 3194 2133 3247 in
2160 3193 2196 3247 2
2225 3196 2563 3266 argumento
2591 3187 2784 3261 objicit
2820 3200 2923 3257 pro
2946 3187 3105 3257 parte
3168 3162 3248 3194 ¹¹¹⁸·

1744 3273 2095 3332 affirmativa
2123 3273 2463 3345 praedictum
2493 3274 2680 3329 locum
2708 3267 2985 3341 Apostoli,
3011 3265 3105 3321 di-

1742 3372 1878 3414 cens
1912 3376 1925 3410 :
1959 3376 1985 3408 α
2017 3357 2302 3412 Praeterea
2330 3355 2436 3411 hoc
2476 3354 2707 3410 videtur
2732 3365 2853 3407 esse
2879 3347 2950 3405 de
2972 3363 3097 3420 per-

1750 3459 1776 3492 «
1805 3435 2049 3494 tectione
2069 3437 2385 3503 charitatis,
2400 3436 2549 3510 quod
2571 3435 2742 3491 homo
2757 3446 2962 3489 omnes
2975 3445 3106 3486 suos

1750 3540 1776 3573 α
1806 3523 1962 3575 actus
1992 3518 2204 3576 referat
2235 3520 2297 3574 in
2328 3521 2528 3584 Deum,
2554 3515 2653 3574 sed
2684 3514 2752 3572 ad
2776 3514 2878 3570 hoc
2904 3526 3106 3570 omnes

1748 3621 1774 3653 α
1806 3604 2109 3667 tenentur;
2134 3600 2347 3657 dicitur
2368 3600 2526 3657 enim
2562 3601 2580 3654 l
2628 3596 2699 3652 ad
2721 3594 2982 3652 Corinth.
3016 3594 3100 3655 10,

1749 3704 1776 3735 α
1802 3680 1927 3738 sive
1977 3680 2357 3747 manducatiS,
2389 3681 2513 3736 sive
2559 3677 2775 3741 bibitis,
2823 3676 2913 3731 vel
2943 3672 3104 3731 aliud

1746 3784 1773 3817 α
1804 3763 1942 3837 quid
1965 3763 2167 3830 facitis,
2189 3764 2388 3821 omnia
2415 3763 2479 3819 in
2499 3762 2747 3837 gloriam
2773 3759 2872 3815 Dei
2903 3757 3099 3815 facite:

1748 3868 1785 3902 «J
1803 3863 1940 3921 ergo
1983 3862 2186 3903 omnes
2244 3852 2514 3903 tenentur
2563 3844 2634 3902 ad
2693 3841 3103 3917 perfectionem

1747 3952 1774 3983 α
1802 3928 2116 3987 charitatis,
2146 3947 2172 3979 »
2201 3928 2270 3984 Et
2303 3927 2439 4002 quia
2461 3928 2530 3985 ad
2561 3928 2667 3985 hoc
2695 3927 3102 3999 argumentum

1742 4014 1925 4084 posset
1953 4009 2162 4082 aliquis
2192 4009 2555 4083 respondere,
2579 4008 2915 4082 Apostolum
2946 4002 3103 4078 loqui

1739 4095 1809 4151 de
1870 4095 2150 4152 relatione
2202 4095 2266 4151 in
2323 4096 2504 4151 Deum
2544 4094 2731 4151 solum
2793 4087 3097 4153 habituali,

1738 4173 1933 4231 statim
1975 4177 2039 4231 in
2067 4176 2237 4233 tertio
2259 4176 2564 4251 impugnat
2584 4174 2732 4229 hanc
2751 4171 3101 4230 solutionem

1740 4259 1831 4314 his
1860 4258 2052 4316 verbis
2086 4282 2098 4316 :
2131 4281 2158 4312 «
2189 4258 2298 4316 Sed
2345 4264 2568 4317 contra.
2625 4259 2913 4328 Praecepta
2960 4252 3104 4328 legis

1743 4360 1769 4393 α
1799 4345 1936 4395 sunt
1955 4340 2027 4397 de
2048 4339 2267 4398 actibus
2306 4340 2591 4396 virtutum
2613 4363 2626 4407 ;
2659 4337 2888 4395 habitus
2911 4339 3102 4393 autem

1745 4444 1771 4477 α
1801 4439 1921 4480 non
1948 4422 2100 4480 cadit
2141 4422 2246 4479 sub
2277 4428 2553 4496 praecepto
2580 4444 2592 4478 :
2624 4437 2743 4478 non
2788 4436 2923 4495 ergo
2951 4432 3103 4491 prae-

1743 4525 1769 4557 α
1799 4512 2026 4577 ceptum
2056 4505 2313 4577 Apostoli
2344 4504 2691 4579 intelligitur
2718 4503 2789 4559 de
2816 4499 3099 4558 habituali

1744 4607 1771 4640 α
1801 4587 2082 4644 relatione
2132 4592 2461 4643 nostrorum
2510 4591 2739 4643 actuum
2787 4586 2851 4642 in
2892 4587 3092 4648 Deum,

1742 4688 1767 4720 α
1797 4667 1895 4724 sed
1918 4667 1989 4724 de
2016 4669 2241 4725 actuali.
2272 4689 2298 4720 »
2331 4668 2416 4724 Ad
2446 4669 2564 4725 haec
2589 4669 2764 4743 igitur
2786 4666 2898 4724 duo
2921 4680 3096 4740 argu-

1737 4755 1934 4808 menta
1978 4752 2315 4824 (postquam
2345 4752 2407 4807 in
2433 4745 2669 4825 corpore
2698 4750 2925 4808 articuli
2972 4747 3095 4804 dis-

1736 4835 1913 4891 tinxit
1939 4840 2054 4892 tres
2080 4834 2293 4909 gradus
2315 4835 2681 4909 perfectionis
2703 4835 2766 4890 in
2793 4833 3092 4897 charitate,

1735 4922 1792 4975 et
1849 4916 2016 4983 dixit,
2072 4918 2221 4991 quod
2275 4918 2345 4975 ad
2387 4919 2638 4992 primam
2688 4917 3096 4991 perfectionem

1736 5014 1940 5056 omnes
1962 5004 2253 5068 tenentur,
2281 4999 2416 5072 quia
2436 5000 2563 5057 sine
2586 4999 2689 5055 illa
2709 4998 2957 5054 charitas
2976 5013 3098 5054 esse

1735 5095 1855 5139 non
1904 5086 2111 5153 potest3
2143 5079 2215 5137 ad
2249 5080 2559 5139 secundam
2588 5097 2749 5147 vere,
2778 5085 2834 5137 et
2860 5079 3092 5136 tertiam
