3647 5753
1407 342 1588 397 DlSP.
1631 343 1700 408 11,
1743 343 1910 397 DUB.
1953 344 2047 398 Vl.
3003 358 3116 413 475

245 516 400 591 quod
432 516 709 591 peccavit;
733 513 791 569 id
832 529 969 570 vero
998 513 1245 569 minime
1265 513 1526 569 salvatur
1555 511 1618 567 in

249 600 583 675 argumenti
625 596 927 672 hypothesi
973 618 986 652 ε
1039 611 1178 651 nam
1230 595 1612 668 suppositum,

246 681 401 756 quod
430 685 754 756 peccaverat
796 679 860 735 in
886 678 991 734 illa
1020 683 1248 744 natura,
1299 693 1425 750 quae
1454 692 1617 732 assu-

250 770 510 822 meretur
533 781 567 819 a
587 753 832 836 perso'na
865 759 1088 825 divina,
1116 758 1532 822 excluderetur,
1563 761 1619 813 et

248 847 642 903 destrueretur
670 859 770 916 per
797 839 1285 911 assumptionem;
1314 839 1466 896 unde
1492 836 1617 893 des—

253 932 546 985 trueretur
569 930 856 999 peccatum
884 922 954 979 ad
1002 921 1449 979 destructionem
1477 937 1617 992 sup-

256 1007 449 1081 positi.
508 1005 668 1069 Quod
728 1003 856 1060 fieri
899 1002 1156 1059 absolute
1214 1017 1375 1075 posse
1412 1001 1618 1073 saepius

254 1090 383 1145 dub.
402 1087 621 1161 praeced.
655 1086 1261 1142 insinuavimusTum
1282 1083 1459 1140 etiam
1481 1083 1615 1154 quia

251 1168 403 1243 quod
435 1167 715 1240 praecipue
760 1166 1137 1232 intendimus,
1186 1170 1271 1221 est
1325 1167 1614 1236 peccatum

252 1266 368 1307 non
394 1265 555 1321 posse
574 1246 793 1303 destrui
824 1246 916 1303 vel
944 1245 1154 1319 absque
1180 1244 1387 1301 efficaci
1415 1243 1504 1298 sui
1531 1258 1615 1299 re-

251 1330 608 1396 tractatione,
662 1328 756 1384 vel
807 1326 1016 1399 absque
1062 1325 1360 1382 infusione·
1419 1324 1616 1398 gratiae

248 1409 656 1468 sanctificantis
683 1429 696 1464 ε
723 1404 793 1464 in'
809 1407 1079 1481 praedicta
1100 1413 1289 1463 autem
1313 1403 1614 1480 hypothesi

250 1489 658 1546 infunderetur
720 1487 884 1560 quasi
949 1487 1364 1559 aequivalenter
1427 1483 1615 1559 gratia

251 1570 612 1629 sanctificans
636 1593 649 1636 3
670 1584 809 1625 nam
833 1574 1040 1624 natura
1055 1567 1257 1625 divina
1274 1566 1465 1624 media
1484 1582 1616 1639 per-

247 1653 550 1709 sonalitate
575 1647 954 1706 sanctificaret
980 1647 1323 1714 formaliter,
1363 1652 1418 1703 et
1446 1645 1616 1702 subs-

254 1733 571 1789 tantialiter
629 1731 1071 1787 humanitatem.
1128 1731 1278 1785 Tum
1343 1728 1610 1801 denique,

253 1815 388 1888 quia
410 1814 754 1871 assertiones
783 1817 1009 1878 nostras,
1036 1818 1154 1868 tam
1183 1811 1247 1867 in
1274 1811 1379 1868 hoc
1418 1808 1610 1876 dubie,

254 1911 426 1968 quam
466 1896 528 1951 in
578 1892 914 1968 praecedent‘i
965 1892 1283 1966 propositas,
1336 1891 1617 1964 praecipue

258 1976 564 2032 intendunt
594 1981 882 2047 peccatum
932 1990 1051 2031 non
1080 1964 1245 2045 posse¹
1270 1972 1486 2029 remitti
1517 1988 1619 2044 per

257 2060 437 2116 solam
466 2058 947 2116 condonationem
976 2056 1378 2124 extrinsecam,
1411 2056 1617 2113 etabs—

258 2155 368 2211 que
415 2140 726 2195 intrinseca
775 2137 1095 2193 mutatione
1140 2135 1410 2209 subjecti,
1466 2134 1616 2209 quod

263 2226 480 2299 peccato
500 2217 862 2276 inficiebatur
895 2239 908 2274 ε
939 2217 1264 2290 oppositum
1312 2234 1452 2274 vcro
1498 2217 1614 2272 mi-

260 2300 419 2355 nime
445 2300 797 2373 contingeret
825 2301 887 2355 in
909 2315 1037 2355 casu
1078 2298 1406 2372 argumenti
1432 2321 1446 2365 ;
1474 2314 1611 2354 nam

259 2382 343 2435 ibi
377 2397 489 2436 non
517 2381 729 2436 adesset
754 2384 875 2439 sola
901 2382 1242 2440 condonatio
1267 2382 1609 2448 extrinseca,

260 2459 365 2515 sed
412 2462 646 2532 insuper
682 2464 1033 2518 conferretur
1071 2462 1291 2519 donum
1338 2462 1616 2518 intrinse-

258 2556 409 2603 cum,
435 2547 490 2596 et
530 2557 768 2597 summas
819 2543 1202 2609 excellentiae5
1230 2543 1463 2615 ipsaque
1505 2542 1616 2598 hu-

254 2622 511 2677 manitas
534 2622 702 2676 aliter
728 2640 787 2677 se
830 2623 1061 2680 haberet
1099 2640 1200 2696 per
1229 2623 1505 2680 unionem
1545 2623 1613 2679 ad

249 2700 562 2775 personam
590 2702 872 2768 divinam,
906 2708 967 2758 ut
992 2720 1062 2760 ex
1088 2721 1148 2761 se
1177 2705 1373 2777 liquet.

73 2785 210 2878 {³335
326 2784 495 2840 Unde
543 2786 717 2841 etiam
772 2791 921 2858 patet
960 2785 1029 2842 ad
1080 2786 1611 2854 confirmationem;

73 2884 206 2928 [tisun
245 2867 548 2924 namlicet
588 2866 652 2923 in
695 2867 1055 2924 humanitate
1099 2865 1388 2940 assumpta
1433 2867 1616 2925 adhuc

242 2954 512 3005 maneret
540 2948 793 3005 carentia
818 2949 1017 3021 gratias
1038 2948 1446 3005 sanctificantis
1469 2951 1610 3006 acci-

238 3030 518 3097 dentalis,
552 3029 942 3085 nihilominus
995 3045 1113 3085 non
1159 3029 1393 3085 haberet
1433 3031 1614 3088 ratio—

239 3128 385 3170 nem
416 3114 659 3169 maculas
694 3133 705 3167 :
732 3116 853 3169 tum
875 3114 1012 3186 quia
1034 3127 1151 3169 non
1196 3112 1408 3170 diceret
1444 3129 1613 3170 exer-

230 3195 351 3251 cite
382 3194 653 3249 ordinem
685 3192 754 3248 ad
775 3193 1150 3265 suppositum,
1176 3193 1324 3266 quod
1343 3194 1608 3266 peccavit.

233 3276 395 3330 Tum
418 3274 554 3346 quia
582 3273 912 3329 humanitas
931 3278 1078 3330 esset
1100 3279 1263 3347 grata
1286 3278 1343 3329 et
1355 3272 1612 3329 sanctifi-

230 3359 367 3411 cata
383 3354 586 3410 altiori
609 3352 1010 3423 modo,nempe
1023 3354 1321 3409 sanctitate
1338 3353 1610 3410 increata.

231 3437 398 3490 Tum
428 3435 567 3507 quia
621 3435 753 3491 licet
791 3434 1125 3489 humanitas
1175 3439 1395 3490 careret
1431 3434 1614 3508 gratia

227 3514 613 3582 accidentali,
648 3515 884 3571 haberet
931 3520 1123 3572 tamen
1160 3515 1271 3589 jus,
1304 3520 1360 3571 et
1386 3516 1613 3589 exigen-

225 3597 387 3652 tiam
441 3594 512 3651 ad
540 3610 666 3651 eam
695 3594 1018 3651 habendam
1056 3600 1288 3668 propter
1335 3595 1611 3651 unionem

226 3677 307 3735 ad
340 3692 665 3750 personam
702 3676 967 3733 divinam
987 3700 1002 3744 ;
1032 3693 1164 3733 cum
1190 3678 1454 3751 quojure
1495 3692 1612 3732 non

223 3761 492 3819 cohaeret
511 3764 692 3814 status
722 3762 947 3831 peccati.
980 3760 1251 3816 Rationes
1273 3767 1464 3818 autem
1488 3776 1614 3816 nos-

222 3848 339 3899 trae
370 3838 692 3914 procedunt
712 3840 776 3894 in
797 3840 1190 3913 suppositione
1216 3841 1608 3898 communiter

220 3922 543 4000 proposita
563 3938 596 3977 a
622 3922 935 3996 TheologiS,
986 3922 1131 3993 quod
1160 3921 1427 3978 videlicet
1481 3938 1614 3996 per-

218 4009 471 4063 severet
502 4001 654 4058 idem
676 4002 1052 4075 suppositum,
1074 4002 1223 4075 quod
1246 4002 1526 4074 peccavit;
1550 4003 1613 4058 in

219 4104 346 4163 qua
362 4084 767 4158 suppositione
789 4084 940 4140 haud
956 4085 1191 4142 obscure
1202 4086 1497 4154 evincunt,
1509 4087 1614 4142 im-

218 4167 587 4244 possibilem
604 4181 725 4222 esse
746 4166 1151 4224 remissionem
1170 4168 1379 4240 peccati
1405 4167 1614 4240 absque

218 4251 569 4308 intrinseca
592 4248 899 4319 peccatoris
946 4248 1281 4305 mutatione.
1318 4248 1483 4305 Unde
1523 4249 1615 4305 hic

215 4334 454 4392 tertius
508 4329 867 4386 remissionis
919 4329 1121 4385 modus
1168 4331 1231 4384 in
1277 4337 1614 4404 argumento

217 4412 582 4489 propositus
620 4426 724 4467 nec
763 4411 1069 4483 impugnat
1094 4414 1319 4466 nostras
1344 4413 1614 4471 assertio-

214 4514 353 4563 nes,
393 4510 512 4551 nec
545 4492 794 4549 rationes
816 4507 920 4564 pro
960 4491 1043 4548 eis
1092 4492 1410 4565 propositas
1455 4493 1614 4552 labe-

214 4582 439 4638 factat.

73 4673 196 4717 men-
297 4655 453 4711 252.
502 4649 563 4704 Si
592 4653 781 4705 autem
817 4646 1100 4719 inquiraS,
1133 4665 1208 4705 an
1260 4648 1390 4705 data
1430 4650 1615 4724 hypo-

73 4733 196 4816 'affl'
210 4735 404 4802 thesi,
441 4727 602 4804 quod
625 4745 869 4802 persona
888 4727 1093 4785 divina
1115 4729 1467 4803 relinqueret
1486 4746 1614 4787 eam

74 4821 190 4868 ssuiio.
212 4813 701 4876 humanitatem,
766 4808 980 4866 rediret
1039 4809 1250 4866 iterum
1311 4811 1614 4882 antiquum

210 4901 566 4977 peccatum,
592 4908 704 4964 quo
731 4895 863 4947 ante
890 4891 1341 4963 assumptionem
1363 4897 1486 4947 erat
1520 4892 1616 4948 in-

209 4984 400 5048 fecta,
430 4987 626 5033 necne
640 4975 666 5027 P
688 4970 1102 5046 Respondetur,
1130 4987 1294 5044 posse
1316 4977 1617 5047 utramque

1752 518 1974 584 partem
1998 513 2374 586 probabiliter
2420 519 2716 576 sustineri.
2753 521 2948 579 Prima
2975 527 3111 599 qui-

1751 592 1902 659 dem,
1935 600 1990 652 et
2017 596 2379 664 affirmativa,
2414 607 2645 672 propter
2685 617 2770 667 ea,
2803 620 2927 677 quae
2953 607 3109 665 dixi-

1750 690 1880 729 mus
1899 676 2025 733 dub.
2050 679 2276 752 prmoed,
2307 697 2458 735 num.
2500 683 2619 748 174,
2652 684 2789 754 quia
2837 687 3108 747 videlicet

1748 757 2003 814 carentia
2028 760 2245 832 gratiae,
2277 776 2402 832 quae
2430 766 2615 818 stante
2656 765 2871 823 unione
2893 768 3109 843 hypos-

1750 838 1934 905 tatica,
1992 855 2107 896 non
2159 840 2382 898 dicebat
2431 844 2678 900 exercite
2723 847 2989 905 ordinem
3036 853 3109 908 ad

1748 920 2127 990 suppositum,
2159 920 2307 993 quod
2347 938 2476 977 eam
2530 926 2803 992 causavit,
2855 940 3110 988 cessante

1749 999 1984 1064 unione,
2016 1006 2072 1057 et
2118 1001 2453 1074 reproducto
2505 999 2741 1077 antiquo
2787 1013 3101 1082 supposito,

1749 1078 1961 1136 diceret
1979 1082 2225 1139 exercite
2251 1084 2551 1156 antiquum
2577 1094 2899 1159 respectum
2924 1092 2994 1148 ad
3018 1110 3114 1150 ac-

1750 1165 1872 1214 tum
1889 1163 2346 1232 peccaminosum
2362 1169 2797 1239 praeteritum,et
2814 1188 3110 1246 nunquam

1754 1255 1788 1295 a
1843 1241 1944 1296 tali
1992 1243 2285 1313 supposito
2333 1250 2719 1306 retractatum.
2769 1230 2930 1308 Unde
2981 1271 3110 1312 cum
3155 1312 3156 1317 ,

1749 1323 1977 1378 macula
1998 1322 2310 1380 habitualis
2331 1328 2600 1385 consistat
2622 1330 2683 1385 in
2706 1335 2959 1391 carentia
2985 1353 3113 1410 gra-

1749 1403 1843 1457 tize
1866 1402 2064 1459 relicta
2090 1420 2160 1459 ex
2183 1412 2306 1461 actu
2336 1410 2727 1481 peccaminoso
2755 1429 2870 1470 non
2896 1423 3113 1474 retrac-

1751 1488 1885 1550 tato,
1921 1484 2072 1540 nihil
2101 1484 2341 1544 deficere
2361 1488 2607 1555 videtur,
2641 1497 2704 1547 ut
2733 1496 2998 1566 praedicta
3022 1516 3111 1557 ca-

1751 1565 1940 1620 rentia
1991 1572 2136 1622 esset
2178 1574 2465 1638 peccatum
2518 1569 2826 1631 habituale.
2858 1574 3112 1636 Secunda

1750 1659 1907 1709 ver0,
1932 1648 1989 1700 et
2015 1647 2297 1719 negativa,
2332 1654 2563 1721 propter
2584 1667 2668 1717 ea,
2700 1669 2823 1724 quae
2845 1658 3109 1727 proxime

1750 1723 2101 1794 dicebamuS,
2132 1729 2268 1801 quia
2296 1730 2582 1789 nimirum
2631 1734 2961 1796 humanitas
3005 1743 3109 1800 illa

1751 1822 1868 1863 non
1914 1810 2101 1865 solum
2127 1810 2286 1866 exuit
2334 1820 2622 1884 peccatum
2669 1816 2961 1878 habituale
3008 1842 3108 1898 per

1748 1889 2123 1946 cessationem
2173 1893 2395 1965 proprii
2448 1898 2745 1967 suppositi,
2795 1900 2893 1956 scd
2933 1905 3108 1962 etiam

1750 1967 1897 2023 facta
1935 1974 2018 2025 est
2038 1976 2249 2036 sancta,
2283 1978 2338 2029 et
2366 1974 2479 2029 Deo
2499 1979 2662 2048 grata
2685 1993 2784 2048 per
2835 1986 3112 2042 sanctita-
3178 1984 3183 1989 ’

1750 2053 1867 2103 tem
1926 2049 2139 2107 divinas
2192 2067 2479 2124 personae,·
2518 2071 2643 2128 quae
2696 2063 2853 2117 tanta
2901 2069 3003 2128 est,
3051 2073 3113 2122 ut

1751 2128 1983 2183 nullum
2039 2137 2328 2201 peccatum
2373 2135 2702 2207 relinquat,
2750 2155 2851 2196 nec
2901 2142 2961 2197 in
3007 2144 3111 2200 hu-

1749 2210 2044 2276 manitate,
2080 2228 2182 2269 nec
2210 2214 2272 2270 in
2298 2215 2728 2275 abominatione
2750 2220 2983 2291 divina;
3008 2227 3106 2283 sed

1751 2292 1895 2348 illud
1929 2292 2254 2365 perfectiori
2308 2297 2476 2353 modo
2503 2301 2804 2374 extinguit,
2830 2320 3003 2376 quam
3054 2308 3102 2361 si

1751 2372 2081 2430 humanitas
2117 2376 2363 2450 gratiam
2408 2378 2855 2439 sanctificantem
2888 2388 3107 2459 recipe-

1750 2457 1853 2509 ret.
1889 2454 2053 2511 Unde
2099 2457 2328 2512 nullum
2375 2457 2839 2530 fundamentum,
2874 2468 2963 2522 vel
3002 2467 3107 2523 de-

1748 2535 2081 2591 terminatio
2105 2537 2469 2609 relinquitur,
2505 2545 2565 2595 ut
2595 2543 2929 2614 reproducto
2951 2548 3106 2603 anti-

1747 2631 1859 2688 quo
1898 2616 2206 2688 supposito,
2252 2617 2445 2675 redeat
2469 2625 2629 2676 vetus
2654 2631 2939 2695 peccatum
2968 2652 2980 2694 ;
3007 2629 3106 2685 sed

1749 2698 2066 2770 requiritur
2096 2716 2310 2757 novum
2341 2709 2632 2774 peccatum
2661 2710 2880 2766 actuale
2907 2709 3105 2768 abillo

1746 2782 2036 2853 supposito
2051 2784 2438 2848 commissum.
2458 2792 2517 2842 ut
2534 2788 2863 2847 humanitas
2883 2800 3106 2865 peccato

1747 2860 2031 2919 habituali
2069 2862 2376 2923 inficiatur.
2405 2869 2474 2923 Et
2520 2869 2636 2926 haec
2679 2873 2926 2930 secunda
2974 2893 3106 2948 pars

1746 2949 1832 3000 est
1858 2945 2226 3016 probabilior,
2276 2955 2332 3006 et
2361 2950 2570 3018 verior,
2622 2953 2871 3027 satisque
2924 2955 3100 3011 diluit

1748 3026 1959 3097 prioris
1986 3026 2164 3097 partis
2185 3030 2487 3087 motivum.

1820 3109 1952 3163 253.
2004 3110 2278 3181 Arguitur
2331 3127 2529 3170 nono:
2578 3116 2714 3187 quia
2750 3117 2930 3190 posito
2978 3122 3103 3173 actu
3135 3133 3301 3177 Nonum

1746 3188 2125 3256 contritioniS,
2158 3190 2352 3245 statim
2393 3200 2569 3250 cessat
2618 3203 2904 3268 peccatum
2934 3196 3103 3254 habi-
3119 3191 3299 3277 mss'ffi‘m

1748 3270 1919 3335 tuale,
1948 3261 2383 3342 utsta'tuimus§
2410 3275 2445 3328 2
2471 3298 2485 3340 ;
2517 3278 2671 3349 atqui
2696 3282 2849 3333 actus
2886 3280 3104 3336 contri-
3300 3265 3314 3277 ⁸

1747 3349 1922 3405 tionis
1963 3364 2079 3405 non
2100 3349 2379 3421 dependet
2416 3357 2799 3414 essentialiter
2841 3375 2874 3414 a
2916 3360 3104 3433 gratia

1746 3428 2044 3494 habituali,
2089 3433 2361 3502 tanquam
2411 3450 2443 3490 a
2496 3436 2780 3508 principio
2824 3438 3100 3507 effectiv0,

1744 3508 1843 3588 sed
1867 3514 2044 3582 potest
2070 3508 2349 3567 divinitus
2371 3529 2403 3569 a
2426 3514 2692 3587 praedicta
2719 3519 2908 3590 gratia
2934 3535 3102 3591 sepa—

1749 3593 1909 3649 rari:
1948 3608 2083 3666 ergo
2135 3594 2422 3664 possibilis
2468 3602 2552 3652 est
2593 3600 2857 3656 remissio
2897 3604 3105 3674 peccati

1745 3671 1955 3744 absque
1984 3672 2274 3731 infusione
2299 3675 2500 3749 gratiae
2527 3677 2857 3736 habitualis
2891 3683 3105 3739 Conse-

1744 3752 1979 3825 quentia
2009 3758 2176 3825 patet,
2228 3760 2284 3810 et
2312 3757 2507 3814 minor
2535 3759 2831 3824 suadetur;
2860 3777 2995 3817 nam
3021 3780 3107 3820 ac-

1746 3839 1836 3915 tus
1875 3833 2235 3890 contritionis
2282 3852 2400 3892 non
2448 3839 2700 3909 procedit
2727 3856 2758 3896 a
2803 3841 3100 3908 charitate,

1744 3913 1844 3971 sed
1871 3929 1902 3969 a
1945 3914 2300 3986 poenitentia,
2331 3934 2458 3989 quas
2488 3935 2521 3975 a
2570 3920 2847 3979 charitate
2893 3923 3106 3980 distin-

1743 3996 1957 4070 guitur,
1991 4001 2053 4052 ut
2104 3996 2307 4054 docent
2348 4003 2736 4060 communiter
2789 4005 3104 4063 Themista:

1745 4079 1781 4131 3
1794 4085 1945 4149 part.
1968 4084 2146 4152 quaest.
2172 4081 2245 4133 85
2265 4102 2278 4145 ·,
2303 4081 2456 4138 unde
2486 4099 2602 4140 non
2626 4084 2796 4142 habet
2821 4087 3105 4143 excellen-

1746 4158 1854 4214 tias
1883 4158 2142 4231 proprias
2163 4164 2317 4216 actus
2355 4163 2669 4232 charitatis,
2697 4165 2769 4223 ob
2809 4183 2951 4238 quas
2997 4184 3104 4225 ne—

1745 4240 2008 4313 gavimus
2058 4241 2353 4299 charitatis
2393 4261 2653 4303 amorem
2708 4265 2869 4319 posse
2917 4248 3109 4307 adhuc

1747 4321 2027 4377 divinitus
2048 4322 2178 4378 elici
2195 4323 2647 4398 independenter
2675 4346 2706 4384 a
2727 4329 2916 4403 gratia
2936 4347 3106 4387 sanc—

1747 4401 1999 4459 tificante
2027 4418 2199 4478 :ergo
2240 4407 2508 4463 contritio
2531 4424 2647 4464 non
2694 4408 2973 4481 dependet
3012 4429 3104 4469 es-

1746 4484 2068 4541 sentialiter
2107 4500 2138 4540 a
2184 4487 2369 4559 gratia
2421 4486 2735 4555 habituali,
2770 4495 3042 4563 tanquam
3071 4510 3105 4550 a
3154 4551 3157 4554 ,

1749 4565 2031 4644 principio
2051 4565 2327 4635 effectivo,
2353 4569 2450 4626 sed
2481 4575 2663 4643 potest
2692 4569 2763 4626 ab
2790 4573 2897 4630 illa
2943 4574 3102 4630 divi—

1747 4646 1904 4701 nitus
1930 4647 2206 4718 separari.

1822 4729 1940 4783 Hoc
1959 4733 2363 4801 argumentum
2385 4732 2569 4806 tangit
2586 4749 2831 4807 gravem
2854 4733 3104 4792 difficul-
3116 4749 3308 4796 solutio.

1747 4814 1943 4875 tatem,
1994 4826 2168 4882 quam
2222 4811 2342 4869 loco
2386 4813 2555 4870 citato
2605 4816 3097 4875 examinabimus.

1746 4896 1914 4949 Nunc
1935 4892 2188 4950 breviter
2235 4897 2627 4967 respondetur,
2654 4898 2941 4972 duplicem
2977 4917 3109 4958 con-

1748 4976 2044 5035 tritionem
2093 4976 2561 5055 distinguendam
2581 4998 2703 5042 esse
2730 5003 2744 5040 2
2775 4999 2952 5042 unam
2983 5000 3109 5059 quae
