<?xml version="1.0" encoding="UTF-8"?>
<!DOCTYPE html PUBLIC "-//W3C//DTD XHTML 1.0 Transitional//EN"
    "http://www.w3.org/TR/xhtml1/DTD/xhtml1-transitional.dtd">
<html xmlns="http://www.w3.org/1999/xhtml" xml:lang="en" lang="en">
 <head>
  <title>
</title>
<meta http-equiv="Content-Type" content="text/html;charset=utf-8" />
  <meta name='ocr-system' content='tesseract 3.04.00' />
  <meta name='ocr-capabilities' content='ocr_page ocr_carea ocr_par ocr_line ocrx_word'/>
</head>
<body>
  <div class='ocr_page' id='page_1' title='image "./collegiisalmant00carmgoog_0113.png"; bbox 0 0 3647 5753; ppageno 0'>
   <div class='ocr_carea' id='block_1_1' title="bbox 1380 423 3123 490">
    <p class='ocr_par' dir='ltr' id='par_1_1' title="bbox 1380 423 3123 490">
     <span class='ocr_line' id='line_1_1' title="bbox 1380 423 3123 490; baseline 0.006 -13"><span class='ocrx_word' id='word_1_1' title='bbox 1380 423 1557 479; x_wconf 86' lang='lat' dir='ltr'>DISP.</span> <span class='ocrx_word' id='word_1_2' title='bbox 1602 424 1721 490; x_wconf 85' lang='lat' dir='ltr'>vn,</span> <span class='ocrx_word' id='word_1_3' title='bbox 1766 425 1931 481; x_wconf 89' lang='lat' dir='ltr'><strong>DUB.</strong></span> <span class='ocrx_word' id='word_1_4' title='bbox 1976 426 2066 481; x_wconf 82' lang='lat' dir='ltr'>IV.</span> <span class='ocrx_word' id='word_1_5' title='bbox 3058 434 3123 488; x_wconf 84' lang='lat'>91</span> 
     </span>
    </p>
   </div>
   <div class='ocr_carea' id='block_1_2' title="bbox 54 594 1634 5041">
    <p class='ocr_par' dir='ltr' id='par_1_2' title="bbox 54 594 1634 5041">
     <span class='ocr_line' id='line_1_2' title="bbox 247 594 1634 670; baseline -0.001 -18"><span class='ocrx_word' id='word_1_6' title='bbox 247 595 550 669; x_wconf 88' lang='lat' dir='ltr'>cipiamus</span> <span class='ocrx_word' id='word_1_7' title='bbox 578 595 791 663; x_wconf 75' lang='lat' dir='ltr'>facere,</span> <span class='ocrx_word' id='word_1_8' title='bbox 811 594 861 650; x_wconf 90' lang='lat' dir='ltr'>si</span> <span class='ocrx_word' id='word_1_9' title='bbox 894 595 1011 670; x_wconf 88' lang='lat' dir='ltr'>agit</span> <span class='ocrx_word' id='word_1_10' title='bbox 1052 595 1200 667; x_wconf 90' lang='lat' dir='ltr'>quod</span> <span class='ocrx_word' id='word_1_11' title='bbox 1227 596 1370 661; x_wconf 89' lang='lat' dir='ltr'>vult,</span> <span class='ocrx_word' id='word_1_12' title='bbox 1397 600 1460 651; x_wconf 92' lang='lat' dir='ltr'>ut</span> <span class='ocrx_word' id='word_1_13' title='bbox 1485 594 1634 651; x_wconf 88' lang='lat' dir='ltr'>veli-</span> 
     </span>
     <span class='ocr_line' id='line_1_3' title="bbox 248 674 1634 750; baseline -0.001 -19"><span class='ocrx_word' id='word_1_14' title='bbox 248 692 385 731; x_wconf 88' lang='lat' dir='ltr'>mus</span> <span class='ocrx_word' id='word_1_15' title='bbox 414 692 610 750; x_wconf 86' lang='lat' dir='ltr'>agere,</span> <span class='ocrx_word' id='word_1_16' title='bbox 644 675 894 749; x_wconf 79' lang='lat' dir='ltr'>protecto</span> <span class='ocrx_word' id='word_1_17' title='bbox 909 675 1031 748; x_wconf 88' lang='lat' dir='ltr'>ejus</span> <span class='ocrx_word' id='word_1_18' title='bbox 1060 674 1349 731; x_wconf 84' lang='lat' dir='ltr'>auxilium</span> <span class='ocrx_word' id='word_1_19' title='bbox 1374 690 1492 731; x_wconf 88' lang='lat' dir='ltr'>non</span> <span class='ocrx_word' id='word_1_20' title='bbox 1515 690 1634 730; x_wconf 88' lang='lat' dir='ltr'>ma-</span> 
     </span>
     <span class='ocr_line' id='line_1_4' title="bbox 249 755 1631 829; baseline -0.003 -15"><span class='ocrx_word' id='word_1_21' title='bbox 249 760 351 814; x_wconf 88' lang='lat' dir='ltr'>net</span> <span class='ocrx_word' id='word_1_22' title='bbox 401 771 638 829; x_wconf 88' lang='lat' dir='ltr'>anceps,</span> <span class='ocrx_word' id='word_1_23' title='bbox 671 762 725 813; x_wconf 92' lang='lat' dir='ltr'>et</span> <span class='ocrx_word' id='word_1_24' title='bbox 772 772 805 811; x_wconf 87' lang='lat' dir='ltr'>a</span> <span class='ocrx_word' id='word_1_25' title='bbox 847 760 1046 812; x_wconf 91' lang='lat' dir='ltr'>nostra</span> <span class='ocrx_word' id='word_1_26' title='bbox 1095 756 1491 827; x_wconf 78' lang='lat' dir='ltr'>cooperatione</span> <span class='ocrx_word' id='word_1_27' title='bbox 1540 755 1631 811; x_wconf 83' lang='lat' dir='ltr'>vel</span> 
     </span>
     <span class='ocr_line' id='line_1_5' title="bbox 246 832 1629 907; baseline -0.003 -15"><span class='ocrx_word' id='word_1_28' title='bbox 246 836 545 902; x_wconf 85' lang='lat' dir='ltr'>absolute,</span> <span class='ocrx_word' id='word_1_29' title='bbox 560 836 652 892; x_wconf 83' lang='lat' dir='ltr'>vel</span> <span class='ocrx_word' id='word_1_30' title='bbox 664 835 1050 892; x_wconf 87' lang='lat' dir='ltr'>conditionate</span> <span class='ocrx_word' id='word_1_31' title='bbox 1062 834 1185 890; x_wconf 75' lang='lat' dir='ltr'>futu</span> <span class='ocrx_word' id='word_1_32' title='bbox 1195 832 1629 907; x_wconf 85' lang='lat' dir='ltr'>rasuspensum;</span> 
     </span>
     <span class='ocr_line' id='line_1_6' title="bbox 243 916 1631 990; baseline -0.001 -16"><span class='ocrx_word' id='word_1_33' title='bbox 243 916 348 974; x_wconf 86' lang='lat' dir='ltr'>sed</span> <span class='ocrx_word' id='word_1_34' title='bbox 379 918 579 990; x_wconf 87' lang='lat' dir='ltr'>potius</span> <span class='ocrx_word' id='word_1_35' title='bbox 608 919 773 973; x_wconf 88' lang='lat' dir='ltr'>illam</span> <span class='ocrx_word' id='word_1_36' title='bbox 796 933 866 973; x_wconf 89' lang='lat' dir='ltr'>ex</span> <span class='ocrx_word' id='word_1_37' title='bbox 886 932 946 973; x_wconf 91' lang='lat' dir='ltr'>se</span> <span class='ocrx_word' id='word_1_38' title='bbox 974 916 1141 990; x_wconf 91' lang='lat' dir='ltr'>parit,</span> <span class='ocrx_word' id='word_1_39' title='bbox 1169 916 1424 972; x_wconf 85' lang='lat' dir='ltr'>etinfert</span> <span class='ocrx_word' id='word_1_40' title='bbox 1457 916 1631 972; x_wconf 88' lang='lat' dir='ltr'>:alias</span> 
     </span>
     <span class='ocr_line' id='line_1_7' title="bbox 244 996 1632 1074; baseline -0.001 -20"><span class='ocrx_word' id='word_1_41' title='bbox 244 999 294 1054; x_wconf 90' lang='lat' dir='ltr'>si</span> <span class='ocrx_word' id='word_1_42' title='bbox 318 1000 580 1074; x_wconf 81' lang='lat' dir='ltr'><strong>gratiam</strong></span> <span class='ocrx_word' id='word_1_43' title='bbox 607 999 795 1055; x_wconf 89' lang='lat' dir='ltr'>solum</span> <span class='ocrx_word' id='word_1_44' title='bbox 846 996 1241 1069; x_wconf 83' lang='lat' dir='ltr'>potentialem,</span> <span class='ocrx_word' id='word_1_45' title='bbox 1295 1002 1354 1052; x_wconf 90' lang='lat' dir='ltr'>et</span> <span class='ocrx_word' id='word_1_46' title='bbox 1405 996 1632 1053; x_wconf 80' lang='lat' dir='ltr'>indiffe-</span> 
     </span>
     <span class='ocr_line' id='line_1_8' title="bbox 248 1077 1631 1151; baseline -0.001 -17"><span class='ocrx_word' id='word_1_47' title='bbox 248 1084 484 1135; x_wconf 83' lang='lat' dir='ltr'>rentem</span> <span class='ocrx_word' id='word_1_48' title='bbox 529 1079 934 1142; x_wconf 85' lang='lat' dir='ltr'>communicat,</span> <span class='ocrx_word' id='word_1_49' title='bbox 967 1094 1072 1135; x_wconf 90' lang='lat' dir='ltr'>nos</span> <span class='ocrx_word' id='word_1_50' title='bbox 1119 1078 1363 1151; x_wconf 76' lang='lat' dir='ltr'>agimuS,</span> <span class='ocrx_word' id='word_1_51' title='bbox 1402 1082 1459 1132; x_wconf 90' lang='lat' dir='ltr'>et</span> <span class='ocrx_word' id='word_1_52' title='bbox 1486 1077 1631 1134; x_wconf 82' lang='lat' dir='ltr'>faci-</span> 
     </span>
     <span class='ocr_line' id='line_1_9' title="bbox 246 1160 1310 1235; baseline -0.004 -17"><span class='ocrx_word' id='word_1_53' title='bbox 246 1178 402 1226; x_wconf 89' lang='lat' dir='ltr'>mus,</span> <span class='ocrx_word' id='word_1_54' title='bbox 442 1167 508 1216; x_wconf 87' lang='lat' dir='ltr'>ut</span> <span class='ocrx_word' id='word_1_55' title='bbox 533 1160 632 1217; x_wconf 91' lang='lat' dir='ltr'>Dei</span> <span class='ocrx_word' id='word_1_56' title='bbox 661 1162 847 1235; x_wconf 88' lang='lat' dir='ltr'>gratia</span> <span class='ocrx_word' id='word_1_57' title='bbox 869 1165 1014 1234; x_wconf 88' lang='lat' dir='ltr'>agat,</span> <span class='ocrx_word' id='word_1_58' title='bbox 1040 1165 1096 1217; x_wconf 90' lang='lat' dir='ltr'>et</span> <span class='ocrx_word' id='word_1_59' title='bbox 1117 1161 1310 1216; x_wconf 84' lang='lat' dir='ltr'>faciat.</span> 
     </span>
     <span class='ocr_line' id='line_1_10' title="bbox 333 1244 1630 1301; baseline -0.002 0"><span class='ocrx_word' id='word_1_60' title='bbox 333 1244 523 1301; x_wconf 82' lang='lat' dir='ltr'>Tertio</span> <span class='ocrx_word' id='word_1_61' title='bbox 550 1244 908 1301; x_wconf 86' lang='lat' dir='ltr'>:Concilium</span> <span class='ocrx_word' id='word_1_62' title='bbox 925 1244 1341 1300; x_wconf 82' lang='lat' dir='ltr'>Arausicanum</span> <span class='ocrx_word' id='word_1_63' title='bbox 1365 1245 1411 1298; x_wconf 90' lang='lat'>11</span> <span class='ocrx_word' id='word_1_64' title='bbox 1431 1246 1630 1298; x_wconf 89' lang='lat' dir='ltr'>contra</span> 
     </span>
     <span class='ocr_line' id='line_1_11' title="bbox 54 1316 1630 1408; baseline -0.003 -25"><span class='ocrx_word' id='word_1_65' title='bbox 54 1316 218 1408; x_wconf 47' lang='lat'>{³223}</span> <span class='ocrx_word' id='word_1_66' title='bbox 248 1328 652 1384; x_wconf 81' lang='lat' dir='ltr'>Massilienses</span> <span class='ocrx_word' id='word_1_67' title='bbox 680 1343 783 1398; x_wconf 87' lang='lat' dir='ltr'>pro</span> <span class='ocrx_word' id='word_1_68' title='bbox 808 1326 1008 1399; x_wconf 81' lang='lat' dir='ltr'>gratiae</span> <span class='ocrx_word' id='word_1_69' title='bbox 1029 1324 1362 1382; x_wconf 82' lang='lat' dir='ltr'>defensione</span> <span class='ocrx_word' id='word_1_70' title='bbox 1383 1340 1630 1398; x_wconf 88' lang='lat' dir='ltr'>congre-</span> 
     </span>
     <span class='ocr_line' id='line_1_12' title="bbox 55 1406 1629 1483; baseline -0.003 -18"><span class='ocrx_word' id='word_1_71' title='bbox 55 1426 210 1458; x_wconf 69' lang='lat' dir='ltr'>oenum.</span> <span class='ocrx_word' id='word_1_72' title='bbox 244 1414 449 1483; x_wconf 85' lang='lat' dir='ltr'>gatum</span> <span class='ocrx_word' id='word_1_73' title='bbox 477 1406 696 1463; x_wconf 86' lang='lat' dir='ltr'>diffinit</span> <span class='ocrx_word' id='word_1_74' title='bbox 728 1431 741 1462; x_wconf 89' lang='lat'>:</span> <span class='ocrx_word' id='word_1_75' title='bbox 769 1406 957 1479; x_wconf 85' lang='lat' dir='ltr'>Ipsam</span> <span class='ocrx_word' id='word_1_76' title='bbox 974 1409 1238 1476; x_wconf 72' lang='lat' dir='ltr'>qratiam,</span> <span class='ocrx_word' id='word_1_77' title='bbox 1257 1413 1314 1461; x_wconf 81' lang='lat' dir='ltr'>ut</span> <span class='ocrx_word' id='word_1_78' title='bbox 1344 1407 1629 1460; x_wconf 81' lang='lat' dir='ltr'>invocetur</span> 
     </span>
     <span class='ocr_line' id='line_1_13' title="bbox 244 1487 1629 1566; baseline -0.003 -20"><span class='ocrx_word' id='word_1_79' title='bbox 244 1510 281 1546; x_wconf 88' lang='lat' dir='ltr'>a</span> <span class='ocrx_word' id='word_1_80' title='bbox 308 1491 469 1545; x_wconf 77' lang='lat' dir='ltr'>nobis</span> <span class='ocrx_word' id='word_1_81' title='bbox 498 1507 517 1541; x_wconf 87' lang='lat'><em>:</em></span> <span class='ocrx_word' id='word_1_82' title='bbox 537 1506 765 1566; x_wconf 84' lang='lat' dir='ltr'>eumque</span> <span class='ocrx_word' id='word_1_83' title='bbox 782 1492 1026 1544; x_wconf 86' lang='lat' dir='ltr'>resistere</span> <span class='ocrx_word' id='word_1_84' title='bbox 1047 1487 1293 1562; x_wconf 81' lang='lat' dir='ltr'>Spiritui</span> <span class='ocrx_word' id='word_1_85' title='bbox 1318 1493 1507 1542; x_wconf 82' lang='lat' dir='ltr'>sancto</span> <span class='ocrx_word' id='word_1_86' title='bbox 1531 1505 1629 1559; x_wconf 81' lang='lat' dir='ltr'>per</span> 
     </span>
     <span class='ocr_line' id='line_1_14' title="bbox 244 1570 1625 1643; baseline -0.005 -12"><span class='ocrx_word' id='word_1_87' title='bbox 244 1573 612 1632; x_wconf 79' lang='lat' dir='ltr'>Salomonem</span> <span class='ocrx_word' id='word_1_88' title='bbox 645 1573 848 1625; x_wconf 84' lang='lat' dir='ltr'>dicenti</span> <span class='ocrx_word' id='word_1_89' title='bbox 873 1589 891 1624; x_wconf 92' lang='grc'>.·</span> <span class='ocrx_word' id='word_1_90' title='bbox 930 1571 1285 1643; x_wconf 70' lang='lat' dir='ltr'>Praeparatur</span> <span class='ocrx_word' id='word_1_91' title='bbox 1309 1570 1567 1625; x_wconf 82' lang='lat' dir='ltr'>voluntas</span> <span class='ocrx_word' id='word_1_92' title='bbox 1590 1587 1625 1624; x_wconf 91' lang='lat' dir='ltr'>a</span> 
     </span>
     <span class='ocr_line' id='line_1_15' title="bbox 247 1652 1621 1725; baseline -0.004 -14"><span class='ocrx_word' id='word_1_93' title='bbox 247 1655 594 1720; x_wconf 75' lang='lat' dir='ltr'>Domino‚·et</span> <span class='ocrx_word' id='word_1_94' title='bbox 632 1652 892 1725; x_wconf 83' lang='lat' dir='ltr'>Apostolo</span> <span class='ocrx_word' id='word_1_95' title='bbox 945 1652 1239 1708; x_wconf 80' lang='lat' dir='ltr'>salubriter</span> <span class='ocrx_word' id='word_1_96' title='bbox 1282 1652 1621 1725; x_wconf 67' lang='lat' dir='ltr'>pradicanti,</span> 
     </span>
     <span class='ocr_line' id='line_1_16' title="bbox 248 1734 1627 1811; baseline -0.004 -17"><span class='ocrx_word' id='word_1_97' title='bbox 248 1740 396 1794; x_wconf 83' lang='lat' dir='ltr'>Deus</span> <span class='ocrx_word' id='word_1_98' title='bbox 445 1744 528 1790; x_wconf 79' lang='lat' dir='ltr'>est</span> <span class='ocrx_word' id='word_1_99' title='bbox 569 1737 669 1811; x_wconf 84' lang='lat' dir='ltr'>qui</span> <span class='ocrx_word' id='word_1_100' title='bbox 719 1742 1000 1808; x_wconf 76' lang='lat' dir='ltr'>operatur·</span> <span class='ocrx_word' id='word_1_101' title='bbox 1027 1734 1162 1790; x_wconf 80' lang='lat' dir='ltr'>velle</span> <span class='ocrx_word' id='word_1_102' title='bbox 1174 1752 1194 1801; x_wconf 90' lang='lat'>‚·</span> <span class='ocrx_word' id='word_1_103' title='bbox 1218 1735 1471 1811; x_wconf 81' lang='lat' dir='ltr'>quisquis</span> <span class='ocrx_word' id='word_1_104' title='bbox 1518 1751 1627 1788; x_wconf 87' lang='lat' dir='ltr'>non</span> 
     </span>
     <span class='ocr_line' id='line_1_17' title="bbox 239 1814 1626 1888; baseline -0.005 -13"><span class='ocrx_word' id='word_1_105' title='bbox 239 1819 542 1883; x_wconf 79' lang='lat' dir='ltr'>confitetur</span> <span class='ocrx_word' id='word_1_106' title='bbox 565 1834 666 1888; x_wconf 82' lang='lat' dir='ltr'>per</span> <span class='ocrx_word' id='word_1_107' title='bbox 689 1818 870 1871; x_wconf 81' lang='lat' dir='ltr'>saneti</span> <span class='ocrx_word' id='word_1_108' title='bbox 907 1814 1161 1888; x_wconf 75' lang='lat' dir='ltr'>Spiritus</span> <span class='ocrx_word' id='word_1_109' title='bbox 1195 1816 1546 1887; x_wconf 72' lang='lat' dir='ltr'>infusionem,</span> <span class='ocrx_word' id='word_1_110' title='bbox 1577 1822 1626 1868; x_wconf 83' lang='lat' dir='ltr'>et</span> 
     </span>
     <span class='ocr_line' id='line_1_18' title="bbox 243 1896 1627 1973; baseline -0.003 -19"><span class='ocrx_word' id='word_1_111' title='bbox 243 1899 628 1973; x_wconf 79' lang='lat' dir='ltr'>operationem-</span> <span class='ocrx_word' id='word_1_112' title='bbox 659 1898 714 1950; x_wconf 78' lang='lat' dir='ltr'>in</span> <span class='ocrx_word' id='word_1_113' title='bbox 737 1896 891 1951; x_wconf 84' lang='lat' dir='ltr'>nobis</span> <span class='ocrx_word' id='word_1_114' title='bbox 910 1897 1049 1967; x_wconf 82' lang='lat' dir='ltr'>fieri.</span> <span class='ocrx_word' id='word_1_115' title='bbox 1093 1902 1156 1949; x_wconf 81' lang='lat' dir='ltr'>ut</span> <span class='ocrx_word' id='word_1_116' title='bbox 1177 1896 1414 1968; x_wconf 74' lang='lat' dir='ltr'>puryari</span> <span class='ocrx_word' id='word_1_117' title='bbox 1440 1912 1475 1949; x_wconf 90' lang='lat' dir='ltr'>a</span> <span class='ocrx_word' id='word_1_118' title='bbox 1501 1911 1627 1966; x_wconf 85' lang='lat' dir='ltr'>pec-</span> 
     </span>
     <span class='ocr_line' id='line_1_19' title="bbox 243 1976 1631 2050; baseline -0.005 -13"><span class='ocrx_word' id='word_1_119' title='bbox 243 1990 367 2037; x_wconf 82' lang='lat' dir='ltr'>cato</span> <span class='ocrx_word' id='word_1_120' title='bbox 390 1980 654 2035; x_wconf 82' lang='lat' dir='ltr'>velimus.</span> <span class='ocrx_word' id='word_1_121' title='bbox 689 1978 868 2034; x_wconf 88' lang='lat' dir='ltr'>Plane</span> <span class='ocrx_word' id='word_1_122' title='bbox 907 1978 1111 2050; x_wconf 86' lang='lat' dir='ltr'>gratia,</span> <span class='ocrx_word' id='word_1_123' title='bbox 1142 1992 1266 2049; x_wconf 84' lang='lat' dir='ltr'>quae</span> <span class='ocrx_word' id='word_1_124' title='bbox 1296 1976 1428 2032; x_wconf 84' lang='lat' dir='ltr'>facit</span> <span class='ocrx_word' id='word_1_125' title='bbox 1451 1981 1514 2030; x_wconf 91' lang='lat' dir='ltr'>ut</span> <span class='ocrx_word' id='word_1_126' title='bbox 1542 1976 1631 2030; x_wconf 86' lang='lat' dir='ltr'>in·</span> 
     </span>
     <span class='ocr_line' id='line_1_20' title="bbox 245 2056 1620 2131; baseline -0.006 -14"><span class='ocrx_word' id='word_1_127' title='bbox 245 2067 485 2119; x_wconf 81' lang='lat' dir='ltr'>vocetur</span> <span class='ocrx_word' id='word_1_128' title='bbox 508 2058 743 2123; x_wconf 87' lang='lat' dir='ltr'>anobis,</span> <span class='ocrx_word' id='word_1_129' title='bbox 760 2064 817 2114; x_wconf 93' lang='lat' dir='ltr'>et</span> <span class='ocrx_word' id='word_1_130' title='bbox 847 2073 946 2131; x_wconf 91' lang='lat' dir='ltr'>per</span> <span class='ocrx_word' id='word_1_131' title='bbox 967 2073 1138 2129; x_wconf 89' lang='lat' dir='ltr'>quam</span> <span class='ocrx_word' id='word_1_132' title='bbox 1155 2056 1235 2121; x_wconf 87' lang='lat' dir='ltr'>fit,</span> <span class='ocrx_word' id='word_1_133' title='bbox 1258 2061 1320 2110; x_wconf 87' lang='lat' dir='ltr'>ut</span> <span class='ocrx_word' id='word_1_134' title='bbox 1355 2056 1620 2121; x_wconf 77' lang='lat' dir='ltr'>velimuS,</span> 
     </span>
     <span class='ocr_line' id='line_1_21' title="bbox 245 2134 1624 2210; baseline -0.006 -11"><span class='ocrx_word' id='word_1_135' title='bbox 245 2144 597 2201; x_wconf 78' lang='lat' dir='ltr'>volitionem</span> <span class='ocrx_word' id='word_1_136' title='bbox 612 2145 869 2198; x_wconf 86' lang='lat' dir='ltr'>nostram</span> <span class='ocrx_word' id='word_1_137' title='bbox 883 2135 1173 2210; x_wconf 56' lang='lat' dir='ltr'>praecedit,</span> <span class='ocrx_word' id='word_1_138' title='bbox 1193 2152 1323 2192; x_wconf 89' lang='lat' dir='ltr'>cum</span> <span class='ocrx_word' id='word_1_139' title='bbox 1347 2134 1416 2191; x_wconf 89' lang='lat' dir='ltr'>ad</span> <span class='ocrx_word' id='word_1_140' title='bbox 1439 2136 1624 2207; x_wconf 87' lang='lat' dir='ltr'>ipsam</span> 
     </span>
     <span class='ocr_line' id='line_1_22' title="bbox 243 2214 1627 2295; baseline -0.004 -17"><span class='ocrx_word' id='word_1_141' title='bbox 243 2230 525 2295; x_wconf 88' lang='lat' dir='ltr'>tanquam</span> <span class='ocrx_word' id='word_1_142' title='bbox 557 2223 629 2279; x_wconf 89' lang='lat' dir='ltr'>ad</span> <span class='ocrx_word' id='word_1_143' title='bbox 657 2221 915 2277; x_wconf 76' lang='lat' dir='ltr'>effectum</span> <span class='ocrx_word' id='word_1_144' title='bbox 941 2217 1245 2274; x_wconf 82' lang='lat' dir='ltr'>ordinetur</span> <span class='ocrx_word' id='word_1_145' title='bbox 1279 2238 1292 2272; x_wconf 77' lang='grc' dir='ltr'><strong><em>ε</em></strong></span> <span class='ocrx_word' id='word_1_146' title='bbox 1316 2223 1371 2274; x_wconf 85' lang='lat' dir='ltr'>et</span> <span class='ocrx_word' id='word_1_147' title='bbox 1387 2214 1627 2272; x_wconf 89' lang='lat' dir='ltr'>aliunde</span> 
     </span>
     <span class='ocr_line' id='line_1_23' title="bbox 241 2298 1626 2375; baseline -0.007 -12"><span class='ocrx_word' id='word_1_148' title='bbox 241 2311 326 2363; x_wconf 89' lang='lat' dir='ltr'>est</span> <span class='ocrx_word' id='word_1_149' title='bbox 352 2305 579 2370; x_wconf 81' lang='lat' dir='ltr'>efficax,</span> <span class='ocrx_word' id='word_1_150' title='bbox 606 2300 890 2375; x_wconf 86' lang='lat' dir='ltr'>siquidem</span> <span class='ocrx_word' id='word_1_151' title='bbox 947 2300 1116 2355; x_wconf 89' lang='lat' dir='ltr'>illam</span> <span class='ocrx_word' id='word_1_152' title='bbox 1146 2304 1357 2362; x_wconf 89' lang='lat' dir='ltr'>causat,</span> <span class='ocrx_word' id='word_1_153' title='bbox 1385 2304 1440 2354; x_wconf 89' lang='lat' dir='ltr'>et</span> <span class='ocrx_word' id='word_1_154' title='bbox 1493 2298 1626 2353; x_wconf 82' lang='lat' dir='ltr'>facit</span> 
     </span>
     <span class='ocr_line' id='line_1_24' title="bbox 247 2378 1625 2453; baseline -0.008 -9"><span class='ocrx_word' id='word_1_155' title='bbox 247 2404 350 2444; x_wconf 87' lang='lat' dir='ltr'>nos</span> <span class='ocrx_word' id='word_1_156' title='bbox 371 2384 777 2442; x_wconf 82' lang='lat' dir='ltr'>infallibiliter</span> <span class='ocrx_word' id='word_1_157' title='bbox 806 2396 972 2453; x_wconf 86' lang='lat' dir='ltr'>agere</span> <span class='ocrx_word' id='word_1_158' title='bbox 999 2402 1012 2435; x_wconf 72' lang='grc' dir='ltr'><strong>ε</strong></span> <span class='ocrx_word' id='word_1_159' title='bbox 1044 2396 1168 2451; x_wconf 83' lang='lat' dir='ltr'>quae</span> <span class='ocrx_word' id='word_1_160' title='bbox 1191 2378 1304 2434; x_wconf 91' lang='lat' dir='ltr'>nisi</span> <span class='ocrx_word' id='word_1_161' title='bbox 1326 2378 1527 2451; x_wconf 81' lang='lat' dir='ltr'>gratiae</span> <span class='ocrx_word' id='word_1_162' title='bbox 1554 2394 1625 2434; x_wconf 82' lang='lat' dir='ltr'>ex</span> 
     </span>
     <span class='ocr_line' id='line_1_25' title="bbox 246 2461 1625 2538; baseline -0.005 -14"><span class='ocrx_word' id='word_1_163' title='bbox 246 2486 306 2526; x_wconf 89' lang='lat' dir='ltr'>se</span> <span class='ocrx_word' id='word_1_164' title='bbox 333 2468 551 2525; x_wconf 83' lang='lat' dir='ltr'>efficaci</span> <span class='ocrx_word' id='word_1_165' title='bbox 577 2465 764 2538; x_wconf 88' lang='lat' dir='ltr'>aptari</span> <span class='ocrx_word' id='word_1_166' title='bbox 797 2468 1103 2534; x_wconf 87' lang='lat' dir='ltr'>nequeunt,</span> <span class='ocrx_word' id='word_1_167' title='bbox 1138 2461 1305 2517; x_wconf 87' lang='lat' dir='ltr'>aliter</span> <span class='ocrx_word' id='word_1_168' title='bbox 1333 2461 1492 2516; x_wconf 89' lang='lat' dir='ltr'>enim</span> <span class='ocrx_word' id='word_1_169' title='bbox 1520 2477 1625 2517; x_wconf 87' lang='lat' dir='ltr'>ex-</span> 
     </span>
     <span class='ocr_line' id='line_1_26' title="bbox 252 2542 1623 2625; baseline -0.008 -16"><span class='ocrx_word' id='word_1_170' title='bbox 252 2553 435 2625; x_wconf 84' lang='lat' dir='ltr'>posita</span> <span class='ocrx_word' id='word_1_171' title='bbox 459 2566 581 2606; x_wconf 88' lang='lat' dir='ltr'>non</span> <span class='ocrx_word' id='word_1_172' title='bbox 613 2547 747 2603; x_wconf 82' lang='lat' dir='ltr'>facit</span> <span class='ocrx_word' id='word_1_173' title='bbox 768 2545 830 2600; x_wconf 90' lang='lat' dir='ltr'>in</span> <span class='ocrx_word' id='word_1_174' title='bbox 854 2542 1037 2608; x_wconf 76' lang='lat' dir='ltr'>nobiS,</span> <span class='ocrx_word' id='word_1_175' title='bbox 1087 2548 1147 2598; x_wconf 88' lang='lat' dir='ltr'>ut</span> <span class='ocrx_word' id='word_1_176' title='bbox 1200 2542 1494 2607; x_wconf 75' lang='lat' dir='ltr'>faciamuS,</span> <span class='ocrx_word' id='word_1_177' title='bbox 1525 2543 1623 2599; x_wconf 89' lang='lat' dir='ltr'>sed</span> 
     </span>
     <span class='ocr_line' id='line_1_27' title="bbox 250 2622 1624 2706; baseline -0.005 -19"><span class='ocrx_word' id='word_1_178' title='bbox 250 2632 485 2706; x_wconf 69' lang='lat' dir='ltr'>praecise</span> <span class='ocrx_word' id='word_1_179' title='bbox 509 2630 813 2686; x_wconf 87' lang='lat' dir='ltr'>nobiscum</span> <span class='ocrx_word' id='word_1_180' title='bbox 839 2625 986 2681; x_wconf 84' lang='lat' dir='ltr'>facit.</span> <span class='ocrx_word' id='word_1_181' title='bbox 1021 2622 1178 2687; x_wconf 90' lang='lat' dir='ltr'>Quod</span> <span class='ocrx_word' id='word_1_182' title='bbox 1200 2625 1394 2680; x_wconf 90' lang='lat' dir='ltr'>statim</span> <span class='ocrx_word' id='word_1_183' title='bbox 1441 2625 1624 2698; x_wconf 87' lang='lat' dir='ltr'>rejicit</span> 
     </span>
     <span class='ocr_line' id='line_1_28' title="bbox 248 2705 1624 2778; baseline -0.007 -8"><span class='ocrx_word' id='word_1_184' title='bbox 248 2711 575 2771; x_wconf 86' lang='lat' dir='ltr'>Concilium</span> <span class='ocrx_word' id='word_1_185' title='bbox 601 2710 796 2765; x_wconf 87' lang='lat' dir='ltr'>dicens</span> <span class='ocrx_word' id='word_1_186' title='bbox 825 2729 836 2762; x_wconf 90' lang='lat'>:</span> <span class='ocrx_word' id='word_1_187' title='bbox 871 2706 1027 2778; x_wconf 82' lang='lat' dir='ltr'>Quod</span> <span class='ocrx_word' id='word_1_188' title='bbox 1047 2705 1186 2759; x_wconf 82' lang='lat' dir='ltr'>bona</span> <span class='ocrx_word' id='word_1_189' title='bbox 1213 2707 1450 2774; x_wconf 72' lang='lat' dir='ltr'>aqimus,</span> <span class='ocrx_word' id='word_1_190' title='bbox 1481 2707 1624 2761; x_wconf 83' lang='lat' dir='ltr'>Deus</span> 
     </span>
     <span class='ocr_line' id='line_1_29' title="bbox 249 2784 1625 2867; baseline -0.004 -19"><span class='ocrx_word' id='word_1_191' title='bbox 249 2797 310 2849; x_wconf 82' lang='lat' dir='ltr'>in</span> <span class='ocrx_word' id='word_1_192' title='bbox 335 2794 508 2859; x_wconf 81' lang='lat' dir='ltr'>nobis,</span> <span class='ocrx_word' id='word_1_193' title='bbox 536 2798 703 2867; x_wconf 84' lang='lat' dir='ltr'>atque</span> <span class='ocrx_word' id='word_1_194' title='bbox 741 2787 1017 2842; x_wconf 83' lang='lat' dir='ltr'>nobiscum</span> <span class='ocrx_word' id='word_1_195' title='bbox 1043 2792 1323 2856; x_wconf 71' lang='lat' dir='ltr'>oper-mur.</span> <span class='ocrx_word' id='word_1_196' title='bbox 1359 2784 1465 2840; x_wconf 89' lang='lat' dir='ltr'>Sed</span> <span class='ocrx_word' id='word_1_197' title='bbox 1509 2786 1625 2842; x_wconf 83' lang='lat' dir='ltr'>haec</span> 
     </span>
     <span class='ocr_line' id='line_1_30' title="bbox 249 2864 1622 2937; baseline -0.005 -9"><span class='ocrx_word' id='word_1_198' title='bbox 249 2871 598 2930; x_wconf 82' lang='lat' dir='ltr'>Arausicani</span> <span class='ocrx_word' id='word_1_199' title='bbox 630 2866 961 2927; x_wconf 89' lang='lat' dir='ltr'>testimonia</span> <span class='ocrx_word' id='word_1_200' title='bbox 1010 2864 1306 2937; x_wconf 80' lang='lat' dir='ltr'>operosius</span> <span class='ocrx_word' id='word_1_201' title='bbox 1335 2864 1622 2937; x_wconf 87' lang='lat' dir='ltr'>pondera-</span> 
     </span>
     <span class='ocr_line' id='line_1_31' title="bbox 251 2944 1620 3020; baseline -0.007 -10"><span class='ocrx_word' id='word_1_202' title='bbox 251 2954 441 3010; x_wconf 90' lang='lat' dir='ltr'>bimus</span> <span class='ocrx_word' id='word_1_203' title='bbox 468 2951 763 3020; x_wconf 60' lang='lat' dir='ltr'>infra36.</span> <span class='ocrx_word' id='word_1_204' title='bbox 808 2945 1019 3003; x_wconf 81' lang='lat' dir='ltr'>Eadem</span> <span class='ocrx_word' id='word_1_205' title='bbox 1067 2946 1189 3001; x_wconf 84' lang='lat' dir='ltr'>fere</span> <span class='ocrx_word' id='word_1_206' title='bbox 1231 2944 1516 3002; x_wconf 88' lang='lat' dir='ltr'>habentur</span> <span class='ocrx_word' id='word_1_207' title='bbox 1558 2946 1620 3001; x_wconf 90' lang='lat' dir='ltr'>in</span> 
     </span>
     <span class='ocr_line' id='line_1_32' title="bbox 59 3027 1623 3098; baseline 0.001 -18"><span class='ocrx_word' id='word_1_208' title='bbox 59 3039 217 3084; x_wconf 62' lang='lat' dir='ltr'>nuova.</span> <span class='ocrx_word' id='word_1_209' title='bbox 249 3034 510 3092; x_wconf 88' lang='lat' dir='ltr'>Concilio</span> <span class='ocrx_word' id='word_1_210' title='bbox 551 3030 910 3093; x_wconf 79' lang='lat' dir='ltr'>Milevitano,</span> <span class='ocrx_word' id='word_1_211' title='bbox 959 3045 1081 3082; x_wconf 81' lang='lat' dir='ltr'>can.</span> <span class='ocrx_word' id='word_1_212' title='bbox 1114 3028 1165 3092; x_wconf 86' lang='grc'>4,</span> <span class='ocrx_word' id='word_1_213' title='bbox 1198 3027 1295 3098; x_wconf 93' lang='lat' dir='ltr'>qui</span> <span class='ocrx_word' id='word_1_214' title='bbox 1345 3032 1623 3098; x_wconf 81' lang='lat' dir='ltr'>praesente</span> 
     </span>
     <span class='ocr_line' id='line_1_33' title="bbox 252 3106 1622 3190; baseline -0.007 -19"><span class='ocrx_word' id='word_1_215' title='bbox 252 3115 575 3190; x_wconf 78' lang='lat' dir='ltr'>Augustino</span> <span class='ocrx_word' id='word_1_216' title='bbox 603 3111 790 3169; x_wconf 88' lang='lat' dir='ltr'>editus</span> <span class='ocrx_word' id='word_1_217' title='bbox 805 3114 905 3173; x_wconf 90' lang='lat' dir='ltr'>est,</span> <span class='ocrx_word' id='word_1_218' title='bbox 932 3113 988 3164; x_wconf 94' lang='lat' dir='ltr'>et</span> <span class='ocrx_word' id='word_1_219' title='bbox 1009 3107 1077 3162; x_wconf 89' lang='lat' dir='ltr'>ab</span> <span class='ocrx_word' id='word_1_220' title='bbox 1102 3106 1435 3163; x_wconf 86' lang='lat' dir='ltr'>Innocentio</span> <span class='ocrx_word' id='word_1_221' title='bbox 1464 3110 1484 3161; x_wconf 88' lang='grc' dir='ltr'>Ι</span> <span class='ocrx_word' id='word_1_222' title='bbox 1516 3107 1622 3163; x_wconf 79' lang='lat' dir='ltr'>fuit</span> 
     </span>
     <span class='ocr_line' id='line_1_34' title="bbox 249 3190 1616 3272; baseline -0.008 -15"><span class='ocrx_word' id='word_1_223' title='bbox 249 3198 621 3272; x_wconf 79' lang='lat' dir='ltr'>approbatus,</span> <span class='ocrx_word' id='word_1_224' title='bbox 655 3200 717 3248; x_wconf 94' lang='lat' dir='ltr'>ut</span> <span class='ocrx_word' id='word_1_225' title='bbox 743 3192 999 3248; x_wconf 85' lang='lat' dir='ltr'>diximus</span> <span class='ocrx_word' id='word_1_226' title='bbox 1025 3190 1171 3262; x_wconf 90' lang='lat' dir='ltr'>disp.</span> <span class='ocrx_word' id='word_1_227' title='bbox 1214 3192 1258 3254; x_wconf 90' lang='lat'>1,</span> <span class='ocrx_word' id='word_1_228' title='bbox 1282 3205 1406 3245; x_wconf 89' lang='lat' dir='ltr'>can.</span> <span class='ocrx_word' id='word_1_229' title='bbox 1439 3192 1492 3257; x_wconf 84' lang='lat'>5,</span> <span class='ocrx_word' id='word_1_230' title='bbox 1520 3192 1616 3260; x_wconf 75' lang='lat'>§5.</span> 
     </span>
     <span class='ocr_line' id='line_1_35' title="bbox 323 3270 1622 3354; baseline -0.007 -18"><span class='ocrx_word' id='word_1_231' title='bbox 323 3281 583 3354; x_wconf 80' lang='lat' dir='ltr'>Quarto:</span> <span class='ocrx_word' id='word_1_232' title='bbox 612 3276 810 3333; x_wconf 89' lang='lat' dir='ltr'>omnia</span> <span class='ocrx_word' id='word_1_233' title='bbox 839 3272 1095 3329; x_wconf 89' lang='lat' dir='ltr'>Concilia</span> <span class='ocrx_word' id='word_1_234' title='bbox 1123 3271 1397 3327; x_wconf 80' lang='lat' dir='ltr'>Africana</span> <span class='ocrx_word' id='word_1_235' title='bbox 1422 3270 1622 3328; x_wconf 83' lang='lat' dir='ltr'>adver-</span> 
     </span>
     <span class='ocr_line' id='line_1_36' title="bbox 246 3354 1620 3436; baseline -0.004 -19"><span class='ocrx_word' id='word_1_236' title='bbox 246 3380 342 3419; x_wconf 87' lang='lat' dir='ltr'>sus</span> <span class='ocrx_word' id='word_1_237' title='bbox 364 3362 690 3436; x_wconf 83' lang='lat' dir='ltr'>Pelagium,</span> <span class='ocrx_word' id='word_1_238' title='bbox 724 3364 779 3414; x_wconf 89' lang='lat' dir='ltr'>et</span> <span class='ocrx_word' id='word_1_239' title='bbox 824 3356 948 3428; x_wconf 86' lang='lat' dir='ltr'>ejus</span> <span class='ocrx_word' id='word_1_240' title='bbox 975 3354 1249 3427; x_wconf 86' lang='lat' dir='ltr'>reliquias</span> <span class='ocrx_word' id='word_1_241' title='bbox 1278 3360 1620 3426; x_wconf 87' lang='lat' dir='ltr'>congregata</span> 
     </span>
     <span class='ocr_line' id='line_1_37' title="bbox 250 3438 1617 3516; baseline -0.007 -14"><span class='ocrx_word' id='word_1_242' title='bbox 250 3446 400 3501; x_wconf 87' lang='lat' dir='ltr'>nihil</span> <span class='ocrx_word' id='word_1_243' title='bbox 428 3441 792 3516; x_wconf 80' lang='lat' dir='ltr'>frequentius</span> <span class='ocrx_word' id='word_1_244' title='bbox 812 3438 1224 3501; x_wconf 85' lang='lat' dir='ltr'>determinant,</span> <span class='ocrx_word' id='word_1_245' title='bbox 1245 3452 1418 3507; x_wconf 89' lang='lat' dir='ltr'>quam</span> <span class='ocrx_word' id='word_1_246' title='bbox 1439 3438 1617 3492; x_wconf 89' lang='lat' dir='ltr'>Deum</span> 
     </span>
     <span class='ocr_line' id='line_1_38' title="bbox 253 3522 1620 3600; baseline -0.007 -18"><span class='ocrx_word' id='word_1_247' title='bbox 253 3528 312 3582; x_wconf 89' lang='lat' dir='ltr'>in</span> <span class='ocrx_word' id='word_1_248' title='bbox 340 3525 573 3600; x_wconf 83' lang='lat' dir='ltr'>negotio</span> <span class='ocrx_word' id='word_1_249' title='bbox 595 3522 798 3578; x_wconf 86' lang='lat' dir='ltr'>salutis</span> <span class='ocrx_word' id='word_1_250' title='bbox 823 3537 933 3574; x_wconf 87' lang='lat' dir='ltr'>non</span> <span class='ocrx_word' id='word_1_251' title='bbox 977 3525 1262 3591; x_wconf 66' lang='lat' dir='ltr'>expectare</span> <span class='ocrx_word' id='word_1_252' title='bbox 1285 3524 1502 3573; x_wconf 84' lang='lat' dir='ltr'>nostras</span> <span class='ocrx_word' id='word_1_253' title='bbox 1521 3535 1620 3572; x_wconf 82' lang='lat' dir='ltr'>vo-</span> 
     </span>
     <span class='ocr_line' id='line_1_39' title="bbox 249 3597 1617 3675; baseline -0.006 -13"><span class='ocrx_word' id='word_1_254' title='bbox 249 3608 489 3662; x_wconf 77' lang='lat' dir='ltr'>luntates</span> <span class='ocrx_word' id='word_1_255' title='bbox 517 3600 714 3675; x_wconf 90' lang='lat' dir='ltr'>:quod</span> <span class='ocrx_word' id='word_1_256' title='bbox 761 3601 873 3656; x_wconf 89' lang='lat' dir='ltr'>nisi</span> <span class='ocrx_word' id='word_1_257' title='bbox 918 3598 1290 3655; x_wconf 84' lang='lat' dir='ltr'>admittamus</span> <span class='ocrx_word' id='word_1_258' title='bbox 1332 3597 1617 3654; x_wconf 88' lang='lat' dir='ltr'>auxilium</span> 
     </span>
     <span class='ocr_line' id='line_1_40' title="bbox 250 3678 1616 3751; baseline -0.007 -8"><span class='ocrx_word' id='word_1_259' title='bbox 250 3702 397 3743; x_wconf 86' lang='lat' dir='ltr'>exse</span> <span class='ocrx_word' id='word_1_260' title='bbox 439 3684 659 3751; x_wconf 83' lang='lat' dir='ltr'>efficax,</span> <span class='ocrx_word' id='word_1_261' title='bbox 708 3682 1056 3746; x_wconf 80' lang='lat' dir='ltr'>nullatenus,</span> <span class='ocrx_word' id='word_1_262' title='bbox 1084 3684 1181 3734; x_wconf 88' lang='lat' dir='ltr'>aut</span> <span class='ocrx_word' id='word_1_263' title='bbox 1223 3693 1371 3751; x_wconf 82' lang='lat' dir='ltr'>aegre</span> <span class='ocrx_word' id='word_1_264' title='bbox 1403 3678 1616 3734; x_wconf 89' lang='lat' dir='ltr'>salvari</span> 
     </span>
     <span class='ocr_line' id='line_1_41' title="bbox 254 3757 1618 3839; baseline -0.005 -18"><span class='ocrx_word' id='word_1_265' title='bbox 254 3772 465 3839; x_wconf 86' lang='lat' dir='ltr'>potest:</span> <span class='ocrx_word' id='word_1_266' title='bbox 489 3780 627 3820; x_wconf 90' lang='lat' dir='ltr'>nam</span> <span class='ocrx_word' id='word_1_267' title='bbox 653 3762 886 3824; x_wconf 87' lang='lat' dir='ltr'>auxilia,</span> <span class='ocrx_word' id='word_1_268' title='bbox 903 3765 958 3815; x_wconf 89' lang='lat' dir='ltr'>et</span> <span class='ocrx_word' id='word_1_269' title='bbox 978 3759 1204 3816; x_wconf 85' lang='lat' dir='ltr'>decreta</span> <span class='ocrx_word' id='word_1_270' title='bbox 1229 3757 1618 3815; x_wconf 77' lang='lat' dir='ltr'>indifferentia</span> 
     </span>
     <span class='ocr_line' id='line_1_42' title="bbox 254 3835 1617 3905; baseline -0.007 -2"><span class='ocrx_word' id='word_1_271' title='bbox 254 3862 369 3902; x_wconf 91' lang='lat' dir='ltr'>non</span> <span class='ocrx_word' id='word_1_272' title='bbox 398 3845 658 3901; x_wconf 83' lang='lat' dir='ltr'>influunt</span> <span class='ocrx_word' id='word_1_273' title='bbox 701 3837 972 3905; x_wconf 86' lang='lat' dir='ltr'>absolute,</span> <span class='ocrx_word' id='word_1_274' title='bbox 1004 3841 1102 3894; x_wconf 90' lang='lat' dir='ltr'>sed</span> <span class='ocrx_word' id='word_1_275' title='bbox 1141 3835 1248 3892; x_wconf 90' lang='lat' dir='ltr'>sub</span> <span class='ocrx_word' id='word_1_276' title='bbox 1291 3835 1617 3894; x_wconf 89' lang='lat' dir='ltr'>conditione</span> 
     </span>
     <span class='ocr_line' id='line_1_43' title="bbox 254 3919 1617 3999; baseline -0.005 -18"><span class='ocrx_word' id='word_1_277' title='bbox 254 3925 398 3999; x_wconf 92' lang='lat' dir='ltr'>quod</span> <span class='ocrx_word' id='word_1_278' title='bbox 446 3928 718 3982; x_wconf 77' lang='lat' dir='ltr'>voluntas</span> <span class='ocrx_word' id='word_1_279' title='bbox 757 3929 943 3979; x_wconf 88' lang='lat' dir='ltr'>creata</span> <span class='ocrx_word' id='word_1_280' title='bbox 990 3936 1051 3976; x_wconf 88' lang='lat' dir='ltr'>se</span> <span class='ocrx_word' id='word_1_281' title='bbox 1103 3919 1469 3986; x_wconf 85' lang='lat' dir='ltr'>determinet,</span> <span class='ocrx_word' id='word_1_282' title='bbox 1520 3924 1617 3974; x_wconf 91' lang='lat' dir='ltr'>aut</span> 
     </span>
     <span class='ocr_line' id='line_1_44' title="bbox 255 3994 1617 4079; baseline -0.005 -19"><span class='ocrx_word' id='word_1_283' title='bbox 255 4006 389 4062; x_wconf 78' lang='lat' dir='ltr'>velit</span> <span class='ocrx_word' id='word_1_284' title='bbox 412 4020 616 4079; x_wconf 85' lang='lat' dir='ltr'>agere„</span> <span class='ocrx_word' id='word_1_285' title='bbox 634 4009 692 4058; x_wconf 89' lang='lat' dir='ltr'>ut</span> <span class='ocrx_word' id='word_1_286' title='bbox 738 4000 991 4057; x_wconf 67' lang='lat' dir='ltr'>vidimus</span> <span class='ocrx_word' id='word_1_287' title='bbox 1036 3999 1168 4054; x_wconf 82' lang='lat' dir='ltr'>dub.</span> <span class='ocrx_word' id='word_1_288' title='bbox 1196 3998 1414 4071; x_wconf 61' lang='lat' dir='ltr'>praeced.</span> <span class='ocrx_word' id='word_1_289' title='bbox 1465 3994 1617 4053; x_wconf 88' lang='lat' dir='ltr'>unde</span> 
     </span>
     <span class='ocr_line' id='line_1_45' title="bbox 253 4077 1617 4157; baseline -0.007 -16"><span class='ocrx_word' id='word_1_290' title='bbox 253 4100 391 4157; x_wconf 87' lang='lat' dir='ltr'>opus</span> <span class='ocrx_word' id='word_1_291' title='bbox 412 4090 519 4148; x_wconf 89' lang='lat' dir='ltr'>est,</span> <span class='ocrx_word' id='word_1_292' title='bbox 550 4091 610 4139; x_wconf 91' lang='lat' dir='ltr'>ut</span> <span class='ocrx_word' id='word_1_293' title='bbox 630 4081 943 4136; x_wconf 85' lang='lat' dir='ltr'>subsistant</span> <span class='ocrx_word' id='word_1_294' title='bbox 970 4078 1038 4134; x_wconf 89' lang='lat' dir='ltr'>ad</span> <span class='ocrx_word' id='word_1_295' title='bbox 1062 4079 1273 4135; x_wconf 91' lang='lat' dir='ltr'>ostium</span> <span class='ocrx_word' id='word_1_296' title='bbox 1298 4077 1528 4143; x_wconf 74' lang='lat' dir='ltr'>animm,</span> <span class='ocrx_word' id='word_1_297' title='bbox 1561 4082 1617 4132; x_wconf 94' lang='lat' dir='ltr'>et</span> 
     </span>
     <span class='ocr_line' id='line_1_46' title="bbox 256 4159 1412 4240; baseline -0.006 -18"><span class='ocrx_word' id='word_1_298' title='bbox 256 4171 553 4240; x_wconf 82' lang='lat' dir='ltr'>expectent</span> <span class='ocrx_word' id='word_1_299' title='bbox 582 4162 718 4237; x_wconf 88' lang='lat' dir='ltr'>quid</span> <span class='ocrx_word' id='word_1_300' title='bbox 747 4163 1013 4218; x_wconf 76' lang='lat' dir='ltr'>voluntas</span> <span class='ocrx_word' id='word_1_301' title='bbox 1038 4166 1226 4216; x_wconf 89' lang='lat' dir='ltr'>creata</span> <span class='ocrx_word' id='word_1_302' title='bbox 1252 4159 1412 4215; x_wconf 82' lang='lat' dir='ltr'>velit.</span> 
     </span>
     <span class='ocr_line' id='line_1_47' title="bbox 96 4239 1616 4319; baseline -0.008 -12"><span class='ocrx_word' id='word_1_303' title='bbox 96 4266 227 4314; x_wconf 66' lang='lat' dir='ltr'>rusu-</span> <span class='ocrx_word' id='word_1_304' title='bbox 337 4249 464 4303; x_wconf 76' lang='lat'><strong>136.</strong></span> <span class='ocrx_word' id='word_1_305' title='bbox 510 4247 717 4319; x_wconf 79' lang='lat' dir='ltr'>Quinto</span> <span class='ocrx_word' id='word_1_306' title='bbox 742 4263 757 4294; x_wconf 90' lang='lat'><em>:</em></span> <span class='ocrx_word' id='word_1_307' title='bbox 777 4243 910 4316; x_wconf 89' lang='lat' dir='ltr'>quia</span> <span class='ocrx_word' id='word_1_308' title='bbox 937 4239 1191 4297; x_wconf 89' lang='lat' dir='ltr'>Concilia</span> <span class='ocrx_word' id='word_1_309' title='bbox 1214 4239 1487 4296; x_wconf 79' lang='lat' dir='ltr'>adversus</span> <span class='ocrx_word' id='word_1_310' title='bbox 1514 4241 1616 4295; x_wconf 87' lang='lat' dir='ltr'>Se-</span> 
     </span>
     <span class='ocr_line' id='line_1_48' title="bbox 73 4319 1616 4409; baseline -0.006 -23"><span class='ocrx_word' id='word_1_311' title='bbox 73 4319 237 4409; x_wconf 48' lang='grc' dir='ltr'>’ξξξᾶὲῥῗ</span> <span class='ocrx_word' id='word_1_312' title='bbox 263 4329 678 4403; x_wconf 85' lang='lat' dir='ltr'>mipelagianos</span> <span class='ocrx_word' id='word_1_313' title='bbox 699 4331 1030 4398; x_wconf 84' lang='lat' dir='ltr'>congregata</span> <span class='ocrx_word' id='word_1_314' title='bbox 1059 4324 1225 4379; x_wconf 88' lang='lat' dir='ltr'>illam</span> <span class='ocrx_word' id='word_1_315' title='bbox 1247 4323 1493 4396; x_wconf 79' lang='lat' dir='ltr'>gratiam</span> <span class='ocrx_word' id='word_1_316' title='bbox 1522 4338 1616 4377; x_wconf 87' lang='lat' dir='ltr'>as-</span> 
     </span>
     <span class='ocr_line' id='line_1_49' title="bbox 85 4400 1615 4475; baseline -0.006 -9"><span class='ocrx_word' id='word_1_317' title='bbox 85 4400 231 4460; x_wconf 54' lang='lat' dir='ltr'>etessiu&#39;n</span> <span class='ocrx_word' id='word_1_318' title='bbox 260 4426 445 4465; x_wconf 87' lang='lat' dir='ltr'>serere</span> <span class='ocrx_word' id='word_1_319' title='bbox 467 4406 852 4465; x_wconf 81' lang='lat' dir='ltr'>existimanda</span> <span class='ocrx_word' id='word_1_320' title='bbox 885 4411 1035 4470; x_wconf 85' lang='lat' dir='ltr'>sunt,</span> <span class='ocrx_word' id='word_1_321' title='bbox 1062 4420 1235 4475; x_wconf 88' lang='lat' dir='ltr'>quam</span> <span class='ocrx_word' id='word_1_322' title='bbox 1279 4404 1386 4475; x_wconf 83' lang='lat' dir='ltr'>ipsi</span> <span class='ocrx_word' id='word_1_323' title='bbox 1429 4403 1615 4458; x_wconf 86' lang='lat' dir='ltr'>Semi-</span> 
     </span>
     <span class='ocr_line' id='line_1_50' title="bbox 71 4471 1610 4564; baseline -0.007 -16"><span class='ocrx_word' id='word_1_324' title='bbox 71 4471 156 4554; x_wconf 54' lang='lat' dir='ltr'>iffi}</span> <span class='ocrx_word' id='word_1_325' title='bbox 166 4477 246 4559; x_wconf 53' lang='grc' dir='ltr'>ᾖξ’.</span> <span class='ocrx_word' id='word_1_326' title='bbox 264 4490 548 4564; x_wconf 83' lang='lat' dir='ltr'>pelagiani</span> <span class='ocrx_word' id='word_1_327' title='bbox 565 4488 869 4562; x_wconf 88' lang='lat' dir='ltr'>negabant;</span> <span class='ocrx_word' id='word_1_328' title='bbox 890 4487 1031 4542; x_wconf 89' lang='lat' dir='ltr'>alias</span> <span class='ocrx_word' id='word_1_329' title='bbox 1046 4486 1258 4540; x_wconf 81' lang='lat' dir='ltr'>frustra</span> <span class='ocrx_word' id='word_1_330' title='bbox 1274 4482 1610 4550; x_wconf 86' lang='lat' dir='ltr'>diffinirent,</span> 
     </span>
     <span class='ocr_line' id='line_1_51' title="bbox 74 4565 1616 4658; baseline -0.006 -31"><span class='ocrx_word' id='word_1_331' title='bbox 74 4571 233 4658; x_wconf 41' lang='lat' dir='ltr'>qggtg</span> <span class='ocrx_word' id='word_1_332' title='bbox 260 4575 314 4626; x_wconf 89' lang='lat' dir='ltr'>et</span> <span class='ocrx_word' id='word_1_333' title='bbox 349 4570 749 4625; x_wconf 81' lang='lat' dir='ltr'>haeretieorum</span> <span class='ocrx_word' id='word_1_334' title='bbox 777 4567 979 4640; x_wconf 80' lang='lat' dir='ltr'>dogma</span> <span class='ocrx_word' id='word_1_335' title='bbox 1008 4566 1291 4621; x_wconf 87' lang='lat' dir='ltr'>intactum</span> <span class='ocrx_word' id='word_1_336' title='bbox 1321 4565 1616 4635; x_wconf 89' lang='lat' dir='ltr'>relinque-</span> 
     </span>
     <span class='ocr_line' id='line_1_52' title="bbox 93 4637 1615 4719; baseline -0.005 -12"><span class='ocrx_word' id='word_1_337' title='bbox 93 4637 249 4718; x_wconf 53' lang='lat' dir='ltr'>mitreus</span> <span class='ocrx_word' id='word_1_338' title='bbox 265 4657 406 4708; x_wconf 86' lang='lat' dir='ltr'>rent.</span> <span class='ocrx_word' id='word_1_339' title='bbox 457 4650 620 4714; x_wconf 78' lang='lat' dir='ltr'>Quod</span> <span class='ocrx_word' id='word_1_340' title='bbox 663 4654 849 4704; x_wconf 87' lang='lat' dir='ltr'>autem</span> <span class='ocrx_word' id='word_1_341' title='bbox 901 4645 1345 4719; x_wconf 86' lang='lat' dir='ltr'>Semipelagiani</span> <span class='ocrx_word' id='word_1_342' title='bbox 1387 4660 1615 4701; x_wconf 89' lang='lat' dir='ltr'>conces-</span> 
     </span>
     <span class='ocr_line' id='line_1_53' title="bbox 75 4714 1610 4805; baseline -0.006 -16"><span class='ocrx_word' id='word_1_343' title='bbox 75 4714 233 4804; x_wconf 51' lang='grc' dir='ltr'>ᾞζιξζ</span> <span class='ocrx_word' id='word_1_344' title='bbox 262 4734 439 4789; x_wconf 82' lang='lat' dir='ltr'>serint</span> <span class='ocrx_word' id='word_1_345' title='bbox 466 4732 717 4805; x_wconf 83' lang='lat' dir='ltr'>gratiam</span> <span class='ocrx_word' id='word_1_346' title='bbox 740 4729 1128 4787; x_wconf 85' lang='lat' dir='ltr'>sufficientem.</span> <span class='ocrx_word' id='word_1_347' title='bbox 1162 4734 1217 4783; x_wconf 89' lang='lat' dir='ltr'>et</span> <span class='ocrx_word' id='word_1_348' title='bbox 1243 4726 1610 4791; x_wconf 78' lang='lat' dir='ltr'>excitantem,</span> 
     </span>
     <span class='ocr_line' id='line_1_54' title="bbox 78 4806 1616 4894; baseline -0.005 -25"><span class='ocrx_word' id='word_1_349' title='bbox 78 4815 242 4894; x_wconf 50' lang='grc' dir='ltr'>ξξξῦῑω</span> <span class='ocrx_word' id='word_1_350' title='bbox 263 4819 314 4868; x_wconf 89' lang='lat' dir='ltr'>et</span> <span class='ocrx_word' id='word_1_351' title='bbox 335 4818 562 4868; x_wconf 85' lang='lat' dir='ltr'>tantum</span> <span class='ocrx_word' id='word_1_352' title='bbox 595 4810 927 4883; x_wconf 82' lang='lat' dir='ltr'>negaverint</span> <span class='ocrx_word' id='word_1_353' title='bbox 960 4809 1206 4884; x_wconf 82' lang='lat' dir='ltr'>gratiam</span> <span class='ocrx_word' id='word_1_354' title='bbox 1246 4823 1317 4862; x_wconf 86' lang='lat' dir='ltr'>ex</span> <span class='ocrx_word' id='word_1_355' title='bbox 1344 4823 1403 4862; x_wconf 88' lang='lat' dir='ltr'>se</span> <span class='ocrx_word' id='word_1_356' title='bbox 1428 4806 1616 4862; x_wconf 83' lang='lat' dir='ltr'>effica-</span> 
     </span>
     <span class='ocr_line' id='line_1_55' title="bbox 99 4869 1616 4959; baseline -0.007 -7"><span class='ocrx_word' id='word_1_357' title='bbox 99 4869 244 4952; x_wconf 51' lang='lat' dir='ltr'>iffi?</span> <span class='ocrx_word' id='word_1_358' title='bbox 266 4910 401 4959; x_wconf 88' lang='lat' dir='ltr'>cem,</span> <span class='ocrx_word' id='word_1_359' title='bbox 421 4900 478 4948; x_wconf 89' lang='lat' dir='ltr'>et</span> <span class='ocrx_word' id='word_1_360' title='bbox 504 4891 829 4947; x_wconf 82' lang='lat' dir='ltr'>trahentem</span> <span class='ocrx_word' id='word_1_361' title='bbox 861 4888 1252 4946; x_wconf 81' lang='lat' dir='ltr'>infallibiliter</span> <span class='ocrx_word' id='word_1_362' title='bbox 1280 4885 1350 4943; x_wconf 88' lang='lat' dir='ltr'>ad</span> <span class='ocrx_word' id='word_1_363' title='bbox 1382 4901 1616 4942; x_wconf 88' lang='lat' dir='ltr'>consen·</span> 
     </span>
     <span class='ocr_line' id='line_1_56' title="bbox 265 4967 1610 5041; baseline -0.004 -13"><span class='ocrx_word' id='word_1_364' title='bbox 265 4989 408 5038; x_wconf 85' lang='lat' dir='ltr'>sum,</span> <span class='ocrx_word' id='word_1_365' title='bbox 447 4973 588 5027; x_wconf 87' lang='lat' dir='ltr'>satis</span> <span class='ocrx_word' id='word_1_366' title='bbox 637 4968 852 5041; x_wconf 81' lang='lat' dir='ltr'>liquido</span> <span class='ocrx_word' id='word_1_367' title='bbox 888 4974 1105 5026; x_wconf 87' lang='lat' dir='ltr'>constat</span> <span class='ocrx_word' id='word_1_368' title='bbox 1155 4985 1226 5024; x_wconf 81' lang='lat' dir='ltr'>ex</span> <span class='ocrx_word' id='word_1_369' title='bbox 1260 4967 1500 5040; x_wconf 89' lang='lat' dir='ltr'>epistola</span> <span class='ocrx_word' id='word_1_370' title='bbox 1547 4968 1610 5022; x_wconf 89' lang='lat' dir='ltr'>D.</span> 
     </span>
    </p>
   </div>
   <div class='ocr_carea' id='block_1_3' title="bbox 81 5046 1614 5126">
    <p class='ocr_par' dir='ltr' id='par_1_3' title="bbox 81 5046 1614 5126">
     <span class='ocr_line' id='line_1_57' title="bbox 81 5046 1614 5126; baseline -0.005 -16"><span class='ocrx_word' id='word_1_371' title='bbox 81 5049 529 5126; x_wconf 53' lang='lat' dir='ltr'>”tremetosperi</span> <span class='ocrx_word' id='word_1_372' title='bbox 554 5049 622 5107; x_wconf 81' lang='lat' dir='ltr'>ad</span> <span class='ocrx_word' id='word_1_373' title='bbox 658 5054 884 5122; x_wconf 73' lang='lat' dir='ltr'>August.</span> <span class='ocrx_word' id='word_1_374' title='bbox 912 5048 1007 5106; x_wconf 92' lang='lat' dir='ltr'>ubi</span> <span class='ocrx_word' id='word_1_375' title='bbox 1059 5050 1236 5106; x_wconf 85' lang='lat' dir='ltr'>refert</span> <span class='ocrx_word' id='word_1_376' title='bbox 1261 5047 1486 5105; x_wconf 84' lang='lat' dir='ltr'>easdem</span> <span class='ocrx_word' id='word_1_377' title='bbox 1509 5046 1614 5103; x_wconf 88' lang='lat' dir='ltr'>ob-</span> 
     </span>
    </p>
   </div>
   <div class='ocr_carea' id='block_1_4' title="bbox 54 1267 216 1308">
    <p class='ocr_par' dir='ltr' id='par_1_4' title="bbox 54 1267 216 1308">
     <span class='ocr_line' id='line_1_58' title="bbox 54 1267 216 1308; baseline 0.012 -2"><span class='ocrx_word' id='word_1_378' title='bbox 54 1267 97 1308; x_wconf 71' lang='lat'>31</span> <span class='ocrx_word' id='word_1_379' title='bbox 109 1267 216 1308; x_wconf 79' lang='lat' dir='ltr'>Coa·</span> 
     </span>
    </p>
   </div>
   <div class='ocr_carea' id='block_1_5' title="bbox 1753 595 3195 3100">
    <p class='ocr_par' dir='ltr' id='par_1_5' title="bbox 1753 595 3195 3100">
     <span class='ocr_line' id='line_1_59' title="bbox 1760 595 3123 673; baseline 0.004 -21"><span class='ocrx_word' id='word_1_380' title='bbox 1760 595 2040 669; x_wconf 83' lang='lat' dir='ltr'>jectiones</span> <span class='ocrx_word' id='word_1_381' title='bbox 2065 596 2340 655; x_wconf 76' lang='lat' dir='ltr'>adversus</span> <span class='ocrx_word' id='word_1_382' title='bbox 2365 600 2612 673; x_wconf 84' lang='lat' dir='ltr'>gratiam</span> <span class='ocrx_word' id='word_1_383' title='bbox 2654 617 2724 657; x_wconf 85' lang='lat' dir='ltr'>ex</span> <span class='ocrx_word' id='word_1_384' title='bbox 2751 618 2811 659; x_wconf 89' lang='lat' dir='ltr'>se</span> <span class='ocrx_word' id='word_1_385' title='bbox 2844 601 3123 658; x_wconf 82' lang='lat' dir='ltr'>efficacem</span> 
     </span>
     <span class='ocr_line' id='line_1_60' title="bbox 1766 680 3123 758; baseline 0.003 -23"><span class='ocrx_word' id='word_1_386' title='bbox 1766 680 2095 752; x_wconf 89' lang='lat' dir='ltr'>opposuisse</span> <span class='ocrx_word' id='word_1_387' title='bbox 2114 682 2520 748; x_wconf 87' lang='lat' dir='ltr'>Massilienses,</span> <span class='ocrx_word' id='word_1_388' title='bbox 2564 700 2703 755; x_wconf 90' lang='lat' dir='ltr'>quas</span> <span class='ocrx_word' id='word_1_389' title='bbox 2732 683 2901 740; x_wconf 89' lang='lat' dir='ltr'>modo</span> <span class='ocrx_word' id='word_1_390' title='bbox 2923 685 3123 758; x_wconf 89' lang='lat' dir='ltr'>junio-</span> 
     </span>
     <span class='ocr_line' id='line_1_61' title="bbox 1766 762 3120 837; baseline 0.005 -23"><span class='ocrx_word' id='word_1_391' title='bbox 1766 775 1859 815; x_wconf 87' lang='lat' dir='ltr'>res</span> <span class='ocrx_word' id='word_1_392' title='bbox 1879 767 2077 818; x_wconf 89' lang='lat' dir='ltr'>contra</span> <span class='ocrx_word' id='word_1_393' title='bbox 2113 762 2277 818; x_wconf 87' lang='lat' dir='ltr'>illam</span> <span class='ocrx_word' id='word_1_394' title='bbox 2320 762 2651 835; x_wconf 89' lang='lat' dir='ltr'>intorquent</span> <span class='ocrx_word' id='word_1_395' title='bbox 2679 788 2693 830; x_wconf 90' lang='lat'>;</span> <span class='ocrx_word' id='word_1_396' title='bbox 2717 765 2964 837; x_wconf 88' lang='lat' dir='ltr'>petitque</span> <span class='ocrx_word' id='word_1_397' title='bbox 3006 782 3036 821; x_wconf 90' lang='lat' dir='ltr'>a</span> <span class='ocrx_word' id='word_1_398' title='bbox 3065 767 3120 821; x_wconf 90' lang='lat' dir='ltr'>S.</span> 
     </span>
     <span class='ocr_line' id='line_1_62' title="bbox 1765 841 3124 919; baseline 0.004 -24"><span class='ocrx_word' id='word_1_399' title='bbox 1765 841 2021 906; x_wconf 86' lang='lat' dir='ltr'>Doctore.</span> <span class='ocrx_word' id='word_1_400' title='bbox 2057 848 2117 897; x_wconf 91' lang='lat' dir='ltr'>ut</span> <span class='ocrx_word' id='word_1_401' title='bbox 2144 842 2283 915; x_wconf 89' lang='lat' dir='ltr'>ipsis</span> <span class='ocrx_word' id='word_1_402' title='bbox 2305 842 2534 900; x_wconf 81' lang='lat' dir='ltr'>obviam</span> <span class='ocrx_word' id='word_1_403' title='bbox 2577 850 2854 901; x_wconf 88' lang='lat' dir='ltr'>occurrat.</span> <span class='ocrx_word' id='word_1_404' title='bbox 2899 845 2981 902; x_wconf 82' lang='lat' dir='ltr'>Ac</span> <span class='ocrx_word' id='word_1_405' title='bbox 3001 850 3124 919; x_wconf 85' lang='lat' dir='ltr'>pri-</span> 
     </span>
     <span class='ocr_line' id='line_1_63' title="bbox 1761 922 3120 1001; baseline 0.006 -28"><span class='ocrx_word' id='word_1_406' title='bbox 1761 937 1915 975; x_wconf 83' lang='lat' dir='ltr'>mum</span> <span class='ocrx_word' id='word_1_407' title='bbox 1940 965 1952 986; x_wconf 94' lang='lat'>‚</span> <span class='ocrx_word' id='word_1_408' title='bbox 2013 922 2230 995; x_wconf 86' lang='lat' dir='ltr'>inquit,</span> <span class='ocrx_word' id='word_1_409' title='bbox 2286 925 2419 1000; x_wconf 86' lang='lat' dir='ltr'>quia</span> <span class='ocrx_word' id='word_1_410' title='bbox 2479 926 2726 1001; x_wconf 79' lang='lat' dir='ltr'>plerique</span> <span class='ocrx_word' id='word_1_411' title='bbox 2771 943 2880 980; x_wconf 76' lang='lat' dir='ltr'>non</span> <span class='ocrx_word' id='word_1_412' title='bbox 2919 934 3120 998; x_wconf 82' lang='lat' dir='ltr'>putant</span> 
     </span>
     <span class='ocr_line' id='line_1_64' title="bbox 1764 998 3118 1072; baseline 0.003 -15"><span class='ocrx_word' id='word_1_413' title='bbox 1764 998 2149 1063; x_wconf 72' lang='lat' dir='ltr'>Cltristianam</span> <span class='ocrx_word' id='word_1_414' title='bbox 2198 1002 2387 1063; x_wconf 83' lang='lat' dir='ltr'>Fidem</span> <span class='ocrx_word' id='word_1_415' title='bbox 2412 1004 2517 1059; x_wconf 74' lang='lat' dir='ltr'>hac</span> <span class='ocrx_word' id='word_1_416' title='bbox 2547 1005 2875 1060; x_wconf 78' lang='lat' dir='ltr'>dissensione</span> <span class='ocrx_word' id='word_1_417' title='bbox 2894 1007 3118 1072; x_wconf 82' lang='lat' dir='ltr'>violari,</span> 
     </span>
     <span class='ocr_line' id='line_1_65' title="bbox 1762 1086 3123 1159; baseline 0.005 -23"><span class='ocrx_word' id='word_1_418' title='bbox 1762 1090 2032 1158; x_wconf 86' lang='lat' dir='ltr'>quantum</span> <span class='ocrx_word' id='word_1_419' title='bbox 2071 1086 2303 1156; x_wconf 83' lang='lat' dir='ltr'>periculi</span> <span class='ocrx_word' id='word_1_420' title='bbox 2346 1088 2507 1141; x_wconf 82' lang='lat' dir='ltr'>sitin</span> <span class='ocrx_word' id='word_1_421' title='bbox 2552 1103 2735 1142; x_wconf 86' lang='lat' dir='ltr'>eorum</span> <span class='ocrx_word' id='word_1_422' title='bbox 2772 1092 3123 1159; x_wconf 79' lang='lat' dir='ltr'>persuasione</span> 
     </span>
     <span class='ocr_line' id='line_1_66' title="bbox 1753 1164 3120 1242; baseline 0.006 -24"><span class='ocrx_word' id='word_1_423' title='bbox 1753 1165 2084 1235; x_wconf 78' lang='lat' dir='ltr'>patefacias.</span> <span class='ocrx_word' id='word_1_424' title='bbox 2112 1164 2318 1221; x_wconf 81' lang='lat' dir='ltr'>Deinde</span> <span class='ocrx_word' id='word_1_425' title='bbox 2345 1168 2606 1242; x_wconf 84' lang='lat' dir='ltr'>quomodo</span> <span class='ocrx_word' id='word_1_426' title='bbox 2625 1185 2724 1240; x_wconf 81' lang='lat' dir='ltr'>per</span> <span class='ocrx_word' id='word_1_427' title='bbox 2759 1170 2923 1224; x_wconf 81' lang='lat' dir='ltr'>istam</span> <span class='ocrx_word' id='word_1_428' title='bbox 2940 1188 3120 1241; x_wconf 67' lang='lat' dir='ltr'>praxo-</span> 
     </span>
     <span class='ocr_line' id='line_1_67' title="bbox 1755 1247 3118 1323; baseline 0.006 -23"><span class='ocrx_word' id='word_1_429' title='bbox 1755 1253 2038 1316; x_wconf 84' lang='lat' dir='ltr'>perantem</span> <span class='ocrx_word' id='word_1_430' title='bbox 2088 1247 2294 1319; x_wconf 88' lang='lat' dir='ltr'>(pende</span> <span class='ocrx_word' id='word_1_431' title='bbox 2342 1247 2602 1318; x_wconf 83' lang='lat' dir='ltr'>verbum)</span> <span class='ocrx_word' id='word_1_432' title='bbox 2647 1256 2695 1304; x_wconf 87' lang='lat' dir='ltr'>et</span> <span class='ocrx_word' id='word_1_433' title='bbox 2747 1260 3118 1323; x_wconf 77' lang='lat' dir='ltr'>cooperantem</span> 
     </span>
     <span class='ocr_line' id='line_1_68' title="bbox 1756 1327 3114 1402; baseline 0.005 -22"><span class='ocrx_word' id='word_1_434' title='bbox 1756 1329 2003 1395; x_wconf 69' lang='lat' dir='ltr'>qratiam</span> <span class='ocrx_word' id='word_1_435' title='bbox 2031 1327 2260 1383; x_wconf 80' lang='lat' dir='ltr'>liberum</span> <span class='ocrx_word' id='word_1_436' title='bbox 2280 1347 2387 1383; x_wconf 84' lang='lat' dir='ltr'>non</span> <span class='ocrx_word' id='word_1_437' title='bbox 2416 1330 2752 1402; x_wconf 82' lang='lat' dir='ltr'>impediatur</span> <span class='ocrx_word' id='word_1_438' title='bbox 2796 1331 3114 1388; x_wconf 74' lang='lat' dir='ltr'>arbitrium.</span> 
     </span>
     <span class='ocr_line' id='line_1_69' title="bbox 1763 1405 3121 1485; baseline 0.004 -23"><span class='ocrx_word' id='word_1_439' title='bbox 1763 1405 2039 1463; x_wconf 84' lang='lat' dir='ltr'>Postremo</span> <span class='ocrx_word' id='word_1_440' title='bbox 2067 1410 2520 1485; x_wconf 81' lang='lat' dir='ltr'>quemadmodum</span> <span class='ocrx_word' id='word_1_441' title='bbox 2557 1429 2657 1483; x_wconf 90' lang='lat' dir='ltr'>per</span> <span class='ocrx_word' id='word_1_442' title='bbox 2693 1411 2837 1466; x_wconf 79' lang='lat' dir='ltr'>hanc</span> <span class='ocrx_word' id='word_1_443' title='bbox 2863 1413 3121 1479; x_wconf 64' lang='lat' dir='ltr'>pradica-</span> 
     </span>
     <span class='ocr_line' id='line_1_70' title="bbox 1760 1489 3117 1565; baseline 0.006 -24"><span class='ocrx_word' id='word_1_444' title='bbox 1760 1489 1961 1543; x_wconf 83' lang='lat' dir='ltr'>tionem</span> <span class='ocrx_word' id='word_1_445' title='bbox 1985 1492 2250 1562; x_wconf 80' lang='lat' dir='ltr'>propositi</span> <span class='ocrx_word' id='word_1_446' title='bbox 2281 1491 2380 1546; x_wconf 84' lang='lat' dir='ltr'>Dei</span> <span class='ocrx_word' id='word_1_447' title='bbox 2406 1492 2531 1563; x_wconf 87' lang='lat' dir='ltr'>(hoc</span> <span class='ocrx_word' id='word_1_448' title='bbox 2557 1497 2660 1555; x_wconf 88' lang='lat' dir='ltr'>est,</span> <span class='ocrx_word' id='word_1_449' title='bbox 2706 1490 2913 1547; x_wconf 86' lang='lat' dir='ltr'>decreti</span> <span class='ocrx_word' id='word_1_450' title='bbox 2940 1510 3117 1565; x_wconf 77' lang='lat' dir='ltr'>praes-</span> 
     </span>
     <span class='ocr_line' id='line_1_71' title="bbox 1758 1568 3119 1648; baseline 0.006 -24"><span class='ocrx_word' id='word_1_451' title='bbox 1758 1568 1982 1626; x_wconf 76' lang='lat' dir='ltr'>cientiae</span> <span class='ocrx_word' id='word_1_452' title='bbox 2029 1570 2098 1627; x_wconf 94' lang='lat' dir='ltr'>de</span> <span class='ocrx_word' id='word_1_453' title='bbox 2139 1572 2331 1630; x_wconf 82' lang='lat' dir='ltr'>futuro</span> <span class='ocrx_word' id='word_1_454' title='bbox 2385 1581 2591 1631; x_wconf 88' lang='lat' dir='ltr'>eventu</span> <span class='ocrx_word' id='word_1_455' title='bbox 2636 1589 2752 1630; x_wconf 92' lang='lat' dir='ltr'>non</span> <span class='ocrx_word' id='word_1_456' title='bbox 2794 1574 3119 1648; x_wconf 87' lang='lat' dir='ltr'>innitentis)</span> 
     </span>
     <span class='ocr_line' id='line_1_72' title="bbox 1760 1652 3119 1731; baseline 0.005 -26"><span class='ocrx_word' id='word_1_457' title='bbox 1760 1668 1864 1726; x_wconf 85' lang='lat' dir='ltr'>quo</span> <span class='ocrx_word' id='word_1_458' title='bbox 1912 1652 2117 1708; x_wconf 81' lang='lat' dir='ltr'>Fideles</span> <span class='ocrx_word' id='word_1_459' title='bbox 2154 1656 2293 1724; x_wconf 81' lang='lat' dir='ltr'>fiunt</span> <span class='ocrx_word' id='word_1_460' title='bbox 2347 1657 2442 1731; x_wconf 84' lang='lat' dir='ltr'>qui</span> <span class='ocrx_word' id='word_1_461' title='bbox 2482 1656 2840 1728; x_wconf 62' lang='lat' dir='ltr'>praeordinati</span> <span class='ocrx_word' id='word_1_462' title='bbox 2871 1664 2998 1711; x_wconf 80' lang='lat' dir='ltr'>sunt</span> <span class='ocrx_word' id='word_1_463' title='bbox 3044 1660 3119 1712; x_wconf 81' lang='lat' dir='ltr'>ad</span> 
     </span>
     <span class='ocr_line' id='line_1_73' title="bbox 1759 1732 3195 1812; baseline 0.007 -29"><span class='ocrx_word' id='word_1_464' title='bbox 1759 1732 1933 1787; x_wconf 77' lang='lat' dir='ltr'>vitam</span> <span class='ocrx_word' id='word_1_465' title='bbox 1961 1741 2233 1800; x_wconf 58' lang='lat' dir='ltr'>«eternam,</span> <span class='ocrx_word' id='word_1_466' title='bbox 2273 1751 2425 1789; x_wconf 86' lang='lat' dir='ltr'>nemo</span> <span class='ocrx_word' id='word_1_467' title='bbox 2462 1752 2648 1790; x_wconf 86' lang='lat' dir='ltr'>eorum</span> <span class='ocrx_word' id='word_1_468' title='bbox 2675 1738 2771 1812; x_wconf 80' lang='lat' dir='ltr'>qui</span> <span class='ocrx_word' id='word_1_469' title='bbox 2796 1736 3116 1793; x_wconf 79' lang='lat' dir='ltr'>cohortandi</span> <span class='ocrx_word' id='word_1_470' title='bbox 3192 1736 3195 1740; x_wconf 67' lang='grc'><strong><em>’</em></strong></span> 
     </span>
     <span class='ocr_line' id='line_1_74' title="bbox 1757 1816 3117 1889; baseline 0.006 -21"><span class='ocrx_word' id='word_1_471' title='bbox 1757 1821 1904 1879; x_wconf 83' lang='lat' dir='ltr'>sunt,</span> <span class='ocrx_word' id='word_1_472' title='bbox 1932 1816 2282 1887; x_wconf 81' lang='lat' dir='ltr'>impediatur,</span> <span class='ocrx_word' id='word_1_473' title='bbox 2309 1835 2404 1873; x_wconf 85' lang='lat' dir='ltr'>nec</span> <span class='ocrx_word' id='word_1_474' title='bbox 2427 1819 2760 1873; x_wconf 81' lang='lat' dir='ltr'>occasionem</span> <span class='ocrx_word' id='word_1_475' title='bbox 2787 1821 3117 1889; x_wconf 62' lang='lat' dir='ltr'>neslliyentize</span> 
     </span>
     <span class='ocr_line' id='line_1_75' title="bbox 1757 1896 3108 1973; baseline 0.005 -23"><span class='ocrx_word' id='word_1_476' title='bbox 1757 1896 2011 1961; x_wconf 78' lang='lat' dir='ltr'>habeant,</span> <span class='ocrx_word' id='word_1_477' title='bbox 2044 1899 2094 1952; x_wconf 85' lang='lat' dir='ltr'>si</span> <span class='ocrx_word' id='word_1_478' title='bbox 2118 1916 2173 1953; x_wconf 88' lang='lat' dir='ltr'>se</span> <span class='ocrx_word' id='word_1_479' title='bbox 2213 1900 2621 1971; x_wconf 59' lang='lat' dir='ltr'>predestinatos</span> <span class='ocrx_word' id='word_1_480' title='bbox 2662 1917 2770 1954; x_wconf 87' lang='lat' dir='ltr'>esse</span> <span class='ocrx_word' id='word_1_481' title='bbox 2814 1901 3108 1973; x_wconf 82' lang='lat' dir='ltr'>desperent.</span> 
     </span>
     <span class='ocr_line' id='line_1_76' title="bbox 1759 1976 3114 2044; baseline 0.005 -14"><span class='ocrx_word' id='word_1_482' title='bbox 1759 1977 1893 2039; x_wconf 82' lang='lat' dir='ltr'>Quae</span> <span class='ocrx_word' id='word_1_483' title='bbox 1921 1976 2296 2044; x_wconf 84' lang='lat' dir='ltr'>difficultates,</span> <span class='ocrx_word' id='word_1_484' title='bbox 2328 1984 2390 2033; x_wconf 90' lang='lat' dir='ltr'>ut</span> <span class='ocrx_word' id='word_1_485' title='bbox 2429 1978 2610 2034; x_wconf 90' lang='lat' dir='ltr'>nostri</span> <span class='ocrx_word' id='word_1_486' title='bbox 2634 1977 2963 2036; x_wconf 79' lang='lat' dir='ltr'>Adversarii</span> <span class='ocrx_word' id='word_1_487' title='bbox 3009 1998 3114 2037; x_wconf 88' lang='lat' dir='ltr'>au-</span> 
     </span>
     <span class='ocr_line' id='line_1_77' title="bbox 1759 2059 3119 2135; baseline 0.006 -24"><span class='ocrx_word' id='word_1_488' title='bbox 1759 2062 2002 2121; x_wconf 81' lang='lat' dir='ltr'>tumant.</span> <span class='ocrx_word' id='word_1_489' title='bbox 2028 2060 2212 2116; x_wconf 91' lang='lat' dir='ltr'>locum</span> <span class='ocrx_word' id='word_1_490' title='bbox 2271 2077 2386 2118; x_wconf 89' lang='lat' dir='ltr'>non</span> <span class='ocrx_word' id='word_1_491' title='bbox 2426 2059 2638 2117; x_wconf 86' lang='lat' dir='ltr'>habent</span> <span class='ocrx_word' id='word_1_492' title='bbox 2683 2061 2744 2116; x_wconf 90' lang='lat' dir='ltr'>in</span> <span class='ocrx_word' id='word_1_493' title='bbox 2772 2063 2970 2135; x_wconf 80' lang='lat' dir='ltr'>gratiae</span> <span class='ocrx_word' id='word_1_494' title='bbox 2991 2062 3119 2118; x_wconf 82' lang='lat' dir='ltr'>effi-</span> 
     </span>
     <span class='ocr_line' id='line_1_78' title="bbox 1758 2138 3112 2214; baseline 0.003 -20"><span class='ocrx_word' id='word_1_495' title='bbox 1758 2138 1909 2195; x_wconf 87' lang='lat' dir='ltr'>cacia</span> <span class='ocrx_word' id='word_1_496' title='bbox 1937 2138 2006 2194; x_wconf 90' lang='lat' dir='ltr'>ab</span> <span class='ocrx_word' id='word_1_497' title='bbox 2055 2140 2194 2212; x_wconf 89' lang='lat' dir='ltr'>ipsis</span> <span class='ocrx_word' id='word_1_498' title='bbox 2232 2140 2564 2214; x_wconf 84' lang='lat' dir='ltr'>excogitata,</span> <span class='ocrx_word' id='word_1_499' title='bbox 2597 2142 2688 2197; x_wconf 81' lang='lat' dir='ltr'>vel</span> <span class='ocrx_word' id='word_1_500' title='bbox 2728 2143 3066 2198; x_wconf 78' lang='lat' dir='ltr'>exsuscitata</span> <span class='ocrx_word' id='word_1_501' title='bbox 3097 2166 3112 2209; x_wconf 91' lang='lat'>;</span> 
     </span>
     <span class='ocr_line' id='line_1_79' title="bbox 1757 2217 3118 2280; baseline 0.005 -7"><span class='ocrx_word' id='word_1_502' title='bbox 1757 2217 1856 2273; x_wconf 88' lang='lat' dir='ltr'>sed</span> <span class='ocrx_word' id='word_1_503' title='bbox 1901 2220 2088 2276; x_wconf 91' lang='lat' dir='ltr'>solum</span> <span class='ocrx_word' id='word_1_504' title='bbox 2143 2221 2206 2276; x_wconf 90' lang='lat' dir='ltr'>in</span> <span class='ocrx_word' id='word_1_505' title='bbox 2253 2220 2497 2277; x_wconf 84' lang='lat' dir='ltr'>efficacia</span> <span class='ocrx_word' id='word_1_506' title='bbox 2541 2222 2887 2278; x_wconf 89' lang='lat' dir='ltr'>Thomistica</span> <span class='ocrx_word' id='word_1_507' title='bbox 2923 2243 2934 2276; x_wconf 90' lang='lat'><strong>:</strong></span> <span class='ocrx_word' id='word_1_508' title='bbox 2968 2223 3118 2280; x_wconf 88' lang='lat' dir='ltr'>unde</span> 
     </span>
     <span class='ocr_line' id='line_1_80' title="bbox 1757 2301 3117 2375; baseline 0.001 -19"><span class='ocrx_word' id='word_1_509' title='bbox 1757 2304 1977 2356; x_wconf 86' lang='lat' dir='ltr'>constat</span> <span class='ocrx_word' id='word_1_510' title='bbox 2021 2301 2507 2374; x_wconf 85' lang='lat' dir='ltr'>Semipelagianos</span> <span class='ocrx_word' id='word_1_511' title='bbox 2560 2317 2678 2358; x_wconf 89' lang='lat' dir='ltr'>non</span> <span class='ocrx_word' id='word_1_512' title='bbox 2724 2317 2954 2374; x_wconf 87' lang='lat' dir='ltr'>negasse</span> <span class='ocrx_word' id='word_1_513' title='bbox 2981 2319 3117 2375; x_wconf 88' lang='lat' dir='ltr'>gra-</span> 
     </span>
     <span class='ocr_line' id='line_1_81' title="bbox 1758 2378 3115 2455; baseline 0.003 -22"><span class='ocrx_word' id='word_1_514' title='bbox 1758 2378 1899 2434; x_wconf 90' lang='lat' dir='ltr'>tiam</span> <span class='ocrx_word' id='word_1_515' title='bbox 1929 2378 1998 2434; x_wconf 89' lang='lat' dir='ltr'>ab</span> <span class='ocrx_word' id='word_1_516' title='bbox 2023 2379 2161 2452; x_wconf 90' lang='lat' dir='ltr'>ipsis</span> <span class='ocrx_word' id='word_1_517' title='bbox 2189 2386 2485 2444; x_wconf 87' lang='lat' dir='ltr'>assertam,</span> <span class='ocrx_word' id='word_1_518' title='bbox 2511 2387 2566 2436; x_wconf 89' lang='lat' dir='ltr'>et</span> <span class='ocrx_word' id='word_1_519' title='bbox 2589 2382 2953 2454; x_wconf 81' lang='lat' dir='ltr'>impugnasse</span> <span class='ocrx_word' id='word_1_520' title='bbox 2978 2398 3115 2455; x_wconf 87' lang='lat' dir='ltr'>gra-</span> 
     </span>
     <span class='ocr_line' id='line_1_82' title="bbox 1757 2458 3111 2534; baseline 0.004 -20"><span class='ocrx_word' id='word_1_521' title='bbox 1757 2459 1898 2515; x_wconf 88' lang='lat' dir='ltr'>tiam</span> <span class='ocrx_word' id='word_1_522' title='bbox 1923 2458 1993 2516; x_wconf 87' lang='lat' dir='ltr'>ab</span> <span class='ocrx_word' id='word_1_523' title='bbox 2015 2461 2352 2534; x_wconf 85' lang='lat' dir='ltr'>Augustino,</span> <span class='ocrx_word' id='word_1_524' title='bbox 2383 2465 2437 2516; x_wconf 85' lang='lat' dir='ltr'>et</span> <span class='ocrx_word' id='word_1_525' title='bbox 2460 2461 2771 2517; x_wconf 90' lang='lat' dir='ltr'>Thomistis</span> <span class='ocrx_word' id='word_1_526' title='bbox 2817 2460 3111 2529; x_wconf 83' lang='lat' dir='ltr'>traditam,</span> 
     </span>
     <span class='ocr_line' id='line_1_83' title="bbox 1758 2543 3116 2619; baseline 0.004 -22"><span class='ocrx_word' id='word_1_527' title='bbox 1758 2557 1965 2614; x_wconf 86' lang='lat' dir='ltr'>nempe</span> <span class='ocrx_word' id='word_1_528' title='bbox 1986 2543 2266 2600; x_wconf 81' lang='lat' dir='ltr'>efficacem</span> <span class='ocrx_word' id='word_1_529' title='bbox 2290 2559 2358 2598; x_wconf 89' lang='lat' dir='ltr'>ex</span> <span class='ocrx_word' id='word_1_530' title='bbox 2385 2559 2462 2610; x_wconf 89' lang='lat' dir='ltr'>se,</span> <span class='ocrx_word' id='word_1_531' title='bbox 2489 2549 2546 2600; x_wconf 90' lang='lat' dir='ltr'>et</span> <span class='ocrx_word' id='word_1_532' title='bbox 2575 2560 2693 2601; x_wconf 91' lang='lat' dir='ltr'>non</span> <span class='ocrx_word' id='word_1_533' title='bbox 2719 2561 2789 2600; x_wconf 88' lang='lat' dir='ltr'>ex</span> <span class='ocrx_word' id='word_1_534' title='bbox 2811 2546 2930 2602; x_wconf 89' lang='lat' dir='ltr'>sola</span> <span class='ocrx_word' id='word_1_535' title='bbox 2949 2564 3116 2619; x_wconf 84' lang='lat' dir='ltr'>praes·</span> 
     </span>
     <span class='ocr_line' id='line_1_84' title="bbox 1755 2620 3113 2687; baseline 0.004 -11"><span class='ocrx_word' id='word_1_536' title='bbox 1755 2620 1984 2678; x_wconf 88' lang='lat' dir='ltr'>cientia.</span> <span class='ocrx_word' id='word_1_537' title='bbox 2016 2622 2206 2687; x_wconf 77' lang='lat' dir='ltr'>Seoeto,</span> <span class='ocrx_word' id='word_1_538' title='bbox 2257 2628 2313 2679; x_wconf 94' lang='lat' dir='ltr'>et</span> <span class='ocrx_word' id='word_1_539' title='bbox 2362 2624 2566 2680; x_wconf 86' lang='lat' dir='ltr'>ultimo</span> <span class='ocrx_word' id='word_1_540' title='bbox 2618 2626 2935 2681; x_wconf 91' lang='lat' dir='ltr'>Concilium</span> <span class='ocrx_word' id='word_1_541' title='bbox 2978 2627 3113 2682; x_wconf 87' lang='lat' dir='ltr'>Tri-</span> 
     </span>
     <span class='ocr_line' id='line_1_85' title="bbox 1756 2699 3108 2778; baseline 0.007 -23"><span class='ocrx_word' id='word_1_542' title='bbox 1756 2699 2059 2757; x_wconf 85' lang='lat' dir='ltr'>dentinum</span> <span class='ocrx_word' id='word_1_543' title='bbox 2085 2710 2336 2760; x_wconf 87' lang='lat' dir='ltr'>nostram</span> <span class='ocrx_word' id='word_1_544' title='bbox 2352 2702 2672 2760; x_wconf 87' lang='lat' dir='ltr'>doctrinam</span> <span class='ocrx_word' id='word_1_545' title='bbox 2693 2707 3108 2778; x_wconf 81' lang='lat' dir='ltr'>expressitsess.</span> 
     </span>
     <span class='ocr_line' id='line_1_86' title="bbox 1755 2785 3113 2856; baseline 0.007 -18"><span class='ocrx_word' id='word_1_546' title='bbox 1755 2785 1811 2849; x_wconf 87' lang='lat'>6,</span> <span class='ocrx_word' id='word_1_547' title='bbox 1835 2801 1955 2856; x_wconf 84' lang='lat' dir='ltr'>cap.</span> <span class='ocrx_word' id='word_1_548' title='bbox 1982 2787 2036 2849; x_wconf 86' lang='grc'>4,</span> <span class='ocrx_word' id='word_1_549' title='bbox 2056 2801 2314 2841; x_wconf 89' lang='lat' dir='ltr'>asserens</span> <span class='ocrx_word' id='word_1_550' title='bbox 2342 2785 2588 2843; x_wconf 86' lang='lat' dir='ltr'>liberum</span> <span class='ocrx_word' id='word_1_551' title='bbox 2614 2785 2919 2844; x_wconf 88' lang='lat' dir='ltr'>arbitrium</span> <span class='ocrx_word' id='word_1_552' title='bbox 2946 2807 2977 2844; x_wconf 89' lang='lat' dir='ltr'>a</span> <span class='ocrx_word' id='word_1_553' title='bbox 3000 2793 3113 2848; x_wconf 87' lang='lat' dir='ltr'>Deo</span> 
     </span>
     <span class='ocr_line' id='line_1_87' title="bbox 1755 2865 3115 2939; baseline 0.006 -19"><span class='ocrx_word' id='word_1_554' title='bbox 1755 2870 1996 2928; x_wconf 88' lang='lat' dir='ltr'>motum,</span> <span class='ocrx_word' id='word_1_555' title='bbox 2022 2872 2077 2921; x_wconf 93' lang='lat' dir='ltr'>et</span> <span class='ocrx_word' id='word_1_556' title='bbox 2097 2865 2405 2922; x_wconf 86' lang='lat' dir='ltr'>excitatum</span> <span class='ocrx_word' id='word_1_557' title='bbox 2434 2867 2651 2939; x_wconf 89' lang='lat' dir='ltr'>(utique</span> <span class='ocrx_word' id='word_1_558' title='bbox 2677 2868 2929 2926; x_wconf 88' lang='lat' dir='ltr'>motione</span> <span class='ocrx_word' id='word_1_559' title='bbox 2956 2887 3026 2926; x_wconf 84' lang='lat' dir='ltr'>ex</span> <span class='ocrx_word' id='word_1_560' title='bbox 3053 2888 3115 2928; x_wconf 88' lang='lat' dir='ltr'>se</span> 
     </span>
     <span class='ocr_line' id='line_1_88' title="bbox 1754 2944 3115 3018; baseline 0.005 -18"><span class='ocrx_word' id='word_1_561' title='bbox 1754 2944 1980 3009; x_wconf 84' lang='lat' dir='ltr'>efficaci,</span> <span class='ocrx_word' id='word_1_562' title='bbox 2015 2962 2114 3018; x_wconf 90' lang='lat' dir='ltr'>per</span> <span class='ocrx_word' id='word_1_563' title='bbox 2156 2962 2327 3018; x_wconf 90' lang='lat' dir='ltr'>quam</span> <span class='ocrx_word' id='word_1_564' title='bbox 2369 2946 2589 3003; x_wconf 87' lang='lat' dir='ltr'>dicebat</span> <span class='ocrx_word' id='word_1_565' title='bbox 2616 2948 2889 3004; x_wconf 80' lang='lat' dir='ltr'>Calvinus</span> <span class='ocrx_word' id='word_1_566' title='bbox 2942 2950 3115 3007; x_wconf 87' lang='lat' dir='ltr'>liber-</span> 
     </span>
     <span class='ocr_line' id='line_1_89' title="bbox 1754 3027 3112 3100; baseline 0.006 -20"><span class='ocrx_word' id='word_1_567' title='bbox 1754 3030 1929 3081; x_wconf 86' lang='lat' dir='ltr'>tatem</span> <span class='ocrx_word' id='word_1_568' title='bbox 1949 3027 2152 3098; x_wconf 78' lang='lat' dir='ltr'>everti)</span> <span class='ocrx_word' id='word_1_569' title='bbox 2166 3027 2459 3100; x_wconf 89' lang='lat' dir='ltr'>cooperari</span> <span class='ocrx_word' id='word_1_570' title='bbox 2482 3028 2841 3085; x_wconf 85' lang='lat' dir='ltr'>assentiendo</span> <span class='ocrx_word' id='word_1_571' title='bbox 2854 3032 2967 3086; x_wconf 91' lang='lat' dir='ltr'>Deo</span> <span class='ocrx_word' id='word_1_572' title='bbox 2984 3049 3112 3088; x_wconf 90' lang='lat' dir='ltr'>cum</span> 
     </span>
    </p>
   </div>
   <div class='ocr_carea' id='block_1_6' title="bbox 3126 2665 3325 2709">
    <p class='ocr_par' dir='ltr' id='par_1_6' title="bbox 3126 2665 3325 2709">
     <span class='ocr_line' id='line_1_90' title="bbox 3126 2665 3325 2709; baseline 0.01 -2"><span class='ocrx_word' id='word_1_573' title='bbox 3126 2665 3325 2709; x_wconf 83' lang='lat' dir='ltr'>Tridcut.</span> 
     </span>
    </p>
   </div>
   <div class='ocr_carea' id='block_1_7' title="bbox 1742 3105 3115 3180">
    <p class='ocr_par' dir='ltr' id='par_1_7' title="bbox 1742 3105 3115 3180">
     <span class='ocr_line' id='line_1_91' title="bbox 1742 3105 3115 3180; baseline 0.004 -17"><span class='ocrx_word' id='word_1_574' title='bbox 1742 3110 2026 3177; x_wconf 65' lang='lat' dir='ltr'>vpotestate</span> <span class='ocrx_word' id='word_1_575' title='bbox 2053 3105 2121 3162; x_wconf 89' lang='lat' dir='ltr'>ad</span> <span class='ocrx_word' id='word_1_576' title='bbox 2168 3106 2511 3171; x_wconf 90' lang='lat' dir='ltr'>dissensum,</span> <span class='ocrx_word' id='word_1_577' title='bbox 2549 3114 2715 3180; x_wconf 88' lang='lat' dir='ltr'>atquo</span> <span class='ocrx_word' id='word_1_578' title='bbox 2762 3108 2889 3166; x_wconf 89' lang='lat' dir='ltr'>ideo</span> <span class='ocrx_word' id='word_1_579' title='bbox 2935 3111 3115 3169; x_wconf 87' lang='lat' dir='ltr'>libere</span> 
     </span>
    </p>
   </div>
   <div class='ocr_carea' id='block_1_8' title="bbox 1744 3186 3313 4149">
    <p class='ocr_par' dir='ltr' id='par_1_8' title="bbox 1753 3186 3116 3499">
     <span class='ocr_line' id='line_1_92' title="bbox 1754 3186 3110 3265; baseline 0.005 -23"><span class='ocrx_word' id='word_1_580' title='bbox 1754 3203 1939 3261; x_wconf 89' lang='lat' dir='ltr'>agere.</span> <span class='ocrx_word' id='word_1_581' title='bbox 1966 3186 2076 3243; x_wconf 89' lang='lat' dir='ltr'>Ubi</span> <span class='ocrx_word' id='word_1_582' title='bbox 2104 3204 2173 3244; x_wconf 88' lang='lat' dir='ltr'>ex</span> <span class='ocrx_word' id='word_1_583' title='bbox 2222 3205 2335 3245; x_wconf 90' lang='lat' dir='ltr'>una</span> <span class='ocrx_word' id='word_1_584' title='bbox 2365 3194 2523 3261; x_wconf 90' lang='lat' dir='ltr'>parte</span> <span class='ocrx_word' id='word_1_585' title='bbox 2549 3191 2821 3262; x_wconf 89' lang='lat' dir='ltr'>supponit</span> <span class='ocrx_word' id='word_1_586' title='bbox 2864 3193 3110 3265; x_wconf 81' lang='lat' dir='ltr'>gratiam</span> 
     </span>
     <span class='ocr_line' id='line_1_93' title="bbox 1753 3268 3116 3346; baseline 0.005 -23"><span class='ocrx_word' id='word_1_587' title='bbox 1753 3268 1823 3324; x_wconf 87' lang='lat' dir='ltr'>ab</span> <span class='ocrx_word' id='word_1_588' title='bbox 1853 3268 2167 3326; x_wconf 88' lang='lat' dir='ltr'>intrinseco</span> <span class='ocrx_word' id='word_1_589' title='bbox 2188 3270 2487 3336; x_wconf 85' lang='lat' dir='ltr'>efficacem,</span> <span class='ocrx_word' id='word_1_590' title='bbox 2519 3276 2575 3326; x_wconf 91' lang='lat' dir='ltr'>et</span> <span class='ocrx_word' id='word_1_591' title='bbox 2600 3287 2670 3327; x_wconf 88' lang='lat' dir='ltr'>ex</span> <span class='ocrx_word' id='word_1_592' title='bbox 2699 3273 2812 3328; x_wconf 87' lang='lat' dir='ltr'>alia</span> <span class='ocrx_word' id='word_1_593' title='bbox 2841 3281 3001 3346; x_wconf 88' lang='lat' dir='ltr'>parte</span> <span class='ocrx_word' id='word_1_594' title='bbox 3029 3273 3116 3331; x_wconf 88' lang='lat' dir='ltr'>di·</span> 
     </span>
     <span class='ocr_line' id='line_1_94' title="bbox 1755 3350 3112 3424; baseline 0.007 -21"><span class='ocrx_word' id='word_1_595' title='bbox 1755 3351 1861 3405; x_wconf 92' lang='lat' dir='ltr'>luit</span> <span class='ocrx_word' id='word_1_596' title='bbox 1887 3350 2072 3406; x_wconf 90' lang='lat' dir='ltr'>obiter</span> <span class='ocrx_word' id='word_1_597' title='bbox 2102 3351 2420 3424; x_wconf 90' lang='lat' dir='ltr'>principale</span> <span class='ocrx_word' id='word_1_598' title='bbox 2461 3351 2708 3416; x_wconf 80' lang='lat' dir='ltr'>Calvini,</span> <span class='ocrx_word' id='word_1_599' title='bbox 2739 3360 2795 3409; x_wconf 89' lang='lat' dir='ltr'>et</span> <span class='ocrx_word' id='word_1_600' title='bbox 2824 3353 3112 3413; x_wconf 80' lang='lat' dir='ltr'>Adversa-</span> 
     </span>
     <span class='ocr_line' id='line_1_95' title="bbox 1754 3432 3111 3499; baseline 0.004 -11"><span class='ocrx_word' id='word_1_601' title='bbox 1754 3433 1976 3488; x_wconf 90' lang='lat' dir='ltr'>riorum</span> <span class='ocrx_word' id='word_1_602' title='bbox 2000 3433 2303 3499; x_wconf 85' lang='lat' dir='ltr'>motivum,</span> <span class='ocrx_word' id='word_1_603' title='bbox 2334 3438 2394 3488; x_wconf 84' lang='lat' dir='ltr'>ut</span> <span class='ocrx_word' id='word_1_604' title='bbox 2419 3433 2591 3489; x_wconf 88' lang='lat' dir='ltr'>latius</span> <span class='ocrx_word' id='word_1_605' title='bbox 2607 3432 2932 3491; x_wconf 86' lang='lat' dir='ltr'>videbimus</span> <span class='ocrx_word' id='word_1_606' title='bbox 2955 3438 3111 3494; x_wconf 81' lang='lat' dir='ltr'>infra</span> 
     </span>
    </p>

    <p class='ocr_par' dir='ltr' id='par_1_9' title="bbox 1744 3591 3313 4149">
     <span class='ocr_line' id='line_1_96' title="bbox 1834 3591 3309 3671; baseline 0.003 -22"><span class='ocrx_word' id='word_1_607' title='bbox 1834 3595 1953 3649; x_wconf 85' lang='lat'><strong>137.</strong></span> <span class='ocrx_word' id='word_1_608' title='bbox 1975 3591 2362 3649; x_wconf 83' lang='lat' dir='ltr'>confirmatur</span> <span class='ocrx_word' id='word_1_609' title='bbox 2382 3592 2627 3650; x_wconf 91' lang='lat' dir='ltr'>secundo</span> <span class='ocrx_word' id='word_1_610' title='bbox 2650 3594 2993 3651; x_wconf 88' lang='lat' dir='ltr'>authoritate</span> <span class='ocrx_word' id='word_1_611' title='bbox 3008 3597 3100 3653; x_wconf 89' lang='lat' dir='ltr'>SS.</span> <span class='ocrx_word' id='word_1_612' title='bbox 3120 3625 3309 3671; x_wconf 57' lang='lat' dir='ltr'>pamm,</span> 
     </span>
     <span class='ocr_line' id='line_1_97' title="bbox 1751 3671 3313 3769; baseline 0.004 -43"><span class='ocrx_word' id='word_1_613' title='bbox 1751 3675 2010 3728; x_wconf 87' lang='lat' dir='ltr'>Patrum.</span> <span class='ocrx_word' id='word_1_614' title='bbox 2032 3674 2101 3726; x_wconf 78' lang='lat' dir='ltr'>Et</span> <span class='ocrx_word' id='word_1_615' title='bbox 2116 3673 2177 3727; x_wconf 94' lang='lat' dir='ltr'>in</span> <span class='ocrx_word' id='word_1_616' title='bbox 2196 3672 2401 3745; x_wconf 86' lang='lat' dir='ltr'>primis</span> <span class='ocrx_word' id='word_1_617' title='bbox 2421 3671 2559 3745; x_wconf 89' lang='lat' dir='ltr'>quid</span> <span class='ocrx_word' id='word_1_618' title='bbox 2586 3674 2648 3729; x_wconf 92' lang='lat' dir='ltr'>in</span> <span class='ocrx_word' id='word_1_619' title='bbox 2664 3674 2767 3730; x_wconf 87' lang='lat' dir='ltr'>hac</span> <span class='ocrx_word' id='word_1_620' title='bbox 2790 3680 2948 3747; x_wconf 87' lang='lat' dir='ltr'>parte</span> <span class='ocrx_word' id='word_1_621' title='bbox 2968 3692 3105 3733; x_wconf 86' lang='lat' dir='ltr'>sen-</span> <span class='ocrx_word' id='word_1_622' title='bbox 3126 3677 3313 3769; x_wconf 49' lang='lat' dir='ltr'>affiffisisst</span> 
     </span>
     <span class='ocr_line' id='line_1_98' title="bbox 1750 3751 3303 3827; baseline 0.005 -19"><span class='ocrx_word' id='word_1_623' title='bbox 1750 3751 2231 3825; x_wconf 86' lang='lat' dir='ltr'>tiatAugustinus,</span> <span class='ocrx_word' id='word_1_624' title='bbox 2247 3752 2383 3807; x_wconf 88' lang='lat' dir='ltr'>satis</span> <span class='ocrx_word' id='word_1_625' title='bbox 2398 3757 2700 3809; x_wconf 86' lang='lat' dir='ltr'>constatex</span> <span class='ocrx_word' id='word_1_626' title='bbox 2721 3755 3103 3827; x_wconf 88' lang='lat' dir='ltr'>nuperdictis:</span> <span class='ocrx_word' id='word_1_627' title='bbox 3132 3781 3215 3818; x_wconf 64' lang='grc' dir='ltr'>ωε</span> <span class='ocrx_word' id='word_1_628' title='bbox 3227 3777 3303 3816; x_wconf 78' lang='lat' dir='ltr'>ss,</span> 
     </span>
     <span class='ocr_line' id='line_1_99' title="bbox 1748 3826 3298 3921; baseline 0.004 -33"><span class='ocrx_word' id='word_1_629' title='bbox 1748 3832 1974 3906; x_wconf 88' lang='lat' dir='ltr'>quibus,</span> <span class='ocrx_word' id='word_1_630' title='bbox 2000 3836 2063 3887; x_wconf 92' lang='lat' dir='ltr'>ut</span> <span class='ocrx_word' id='word_1_631' title='bbox 2086 3831 2472 3902; x_wconf 85' lang='lat' dir='ltr'>prolixitatem</span> <span class='ocrx_word' id='word_1_632' title='bbox 2502 3833 2765 3899; x_wconf 85' lang='lat' dir='ltr'>vitemus,</span> <span class='ocrx_word' id='word_1_633' title='bbox 2800 3851 2951 3891; x_wconf 90' lang='lat' dir='ltr'>nunc</span> <span class='ocrx_word' id='word_1_634' title='bbox 2972 3842 3101 3893; x_wconf 92' lang='lat' dir='ltr'>tan-</span> <span class='ocrx_word' id='word_1_635' title='bbox 3114 3826 3298 3921; x_wconf 55' lang='lat' dir='ltr'>rssiffln.</span> 
     </span>
     <span class='ocr_line' id='line_1_100' title="bbox 1748 3911 3263 3985; baseline 0.003 -17"><span class='ocrx_word' id='word_1_636' title='bbox 1748 3919 1871 3968; x_wconf 90' lang='lat' dir='ltr'>tum</span> <span class='ocrx_word' id='word_1_637' title='bbox 1902 3911 2201 3985; x_wconf 85' lang='lat' dir='ltr'>adjicimus</span> <span class='ocrx_word' id='word_1_638' title='bbox 2226 3912 2348 3984; x_wconf 87' lang='lat' dir='ltr'>ejus</span> <span class='ocrx_word' id='word_1_639' title='bbox 2388 3912 2782 3970; x_wconf 89' lang='lat' dir='ltr'>testimonium</span> <span class='ocrx_word' id='word_1_640' title='bbox 2831 3918 2890 3971; x_wconf 81' lang='lat' dir='ltr'>in</span> <span class='ocrx_word' id='word_1_641' title='bbox 2919 3917 3012 3973; x_wconf 85' lang='lat' dir='ltr'>lib.</span> <span class='ocrx_word' id='word_1_642' title='bbox 3042 3921 3106 3973; x_wconf 83' lang='lat' dir='ltr'>de</span> <span class='ocrx_word' id='word_1_643' title='bbox 3258 3914 3263 3924; x_wconf 86' lang='grc'><strong>“</strong></span> 
     </span>
     <span class='ocr_line' id='line_1_101' title="bbox 1744 3988 3108 4069; baseline 0.004 -21"><span class='ocrx_word' id='word_1_644' title='bbox 1744 3995 1907 4064; x_wconf 72' lang='lat' dir='ltr'>qestis</span> <span class='ocrx_word' id='word_1_645' title='bbox 1932 3988 2164 4062; x_wconf 65' lang='lat' dir='ltr'>Pelagii,</span> <span class='ocrx_word' id='word_1_646' title='bbox 2182 4010 2303 4064; x_wconf 87' lang='lat' dir='ltr'>cap.</span> <span class='ocrx_word' id='word_1_647' title='bbox 2319 3993 2371 4057; x_wconf 90' lang='lat'>3,</span> <span class='ocrx_word' id='word_1_648' title='bbox 2400 3992 2495 4048; x_wconf 90' lang='lat' dir='ltr'>ubi</span> <span class='ocrx_word' id='word_1_649' title='bbox 2519 4008 2753 4051; x_wconf 89' lang='lat' dir='ltr'>versans</span> <span class='ocrx_word' id='word_1_650' title='bbox 2777 3996 2919 4051; x_wconf 89' lang='lat' dir='ltr'>illud</span> <span class='ocrx_word' id='word_1_651' title='bbox 2937 4004 3108 4069; x_wconf 65' lang='lat' dir='ltr'>Apos-</span> 
     </span>
     <span class='ocr_line' id='line_1_102' title="bbox 1747 4074 3102 4149; baseline 0.006 -20"><span class='ocrx_word' id='word_1_652' title='bbox 1747 4075 1849 4131; x_wconf 91' lang='lat' dir='ltr'>toli</span> <span class='ocrx_word' id='word_1_653' title='bbox 1879 4074 1949 4130; x_wconf 90' lang='lat' dir='ltr'>ad</span> <span class='ocrx_word' id='word_1_654' title='bbox 1986 4076 2148 4130; x_wconf 79' lang='lat' dir='ltr'>Rom.</span> <span class='ocrx_word' id='word_1_655' title='bbox 2182 4076 2215 4129; x_wconf 93' lang='lat'>8</span> <span class='ocrx_word' id='word_1_656' title='bbox 2244 4095 2256 4129; x_wconf 92' lang='lat'><strong>:</strong></span> <span class='ocrx_word' id='word_1_657' title='bbox 2294 4096 2319 4126; x_wconf 91' lang='lat'>«</span> <span class='ocrx_word' id='word_1_658' title='bbox 2367 4075 2718 4148; x_wconf 87' lang='lat' dir='ltr'>Quicumque</span> <span class='ocrx_word' id='word_1_659' title='bbox 2746 4079 2950 4149; x_wconf 89' lang='lat' dir='ltr'>spiritu</span> <span class='ocrx_word' id='word_1_660' title='bbox 3004 4082 3102 4137; x_wconf 90' lang='lat' dir='ltr'>Dei</span> 
     </span>
    </p>
   </div>
   <div class='ocr_carea' id='block_1_9' title="bbox 1754 4154 3107 4230">
    <p class='ocr_par' dir='ltr' id='par_1_10' title="bbox 1754 4154 3107 4230">
     <span class='ocr_line' id='line_1_103' title="bbox 1754 4154 3107 4230; baseline 0.005 -20"><span class='ocrx_word' id='word_1_661' title='bbox 1754 4177 1779 4208; x_wconf 83' lang='grc' dir='ltr'>α</span> <span class='ocrx_word' id='word_1_662' title='bbox 1804 4161 2069 4230; x_wconf 88' lang='lat' dir='ltr'>aguntur,</span> <span class='ocrx_word' id='word_1_663' title='bbox 2103 4154 2164 4211; x_wconf 88' lang='lat' dir='ltr'>hi</span> <span class='ocrx_word' id='word_1_664' title='bbox 2187 4160 2323 4211; x_wconf 90' lang='lat' dir='ltr'>sunt</span> <span class='ocrx_word' id='word_1_665' title='bbox 2348 4154 2458 4211; x_wconf 85' lang='lat' dir='ltr'>filii</span> <span class='ocrx_word' id='word_1_666' title='bbox 2480 4157 2598 4221; x_wconf 86' lang='lat' dir='ltr'>Dei,</span> <span class='ocrx_word' id='word_1_667' title='bbox 2620 4158 2807 4229; x_wconf 89' lang='lat' dir='ltr'>inquit</span> <span class='ocrx_word' id='word_1_668' title='bbox 2834 4161 3107 4217; x_wconf 79' lang='lat' dir='ltr'>:Procul—</span> 
     </span>
    </p>
   </div>
   <div class='ocr_carea' id='block_1_10' title="bbox 1709 4235 3104 4310">
    <p class='ocr_par' dir='ltr' id='par_1_11' title="bbox 1709 4235 3104 4310">
     <span class='ocr_line' id='line_1_104' title="bbox 1709 4235 3104 4310; baseline 0.005 -20"><span class='ocrx_word' id='word_1_669' title='bbox 1709 4251 1712 4254; x_wconf 66' lang='grc'><strong><em>’</em></strong></span> <span class='ocrx_word' id='word_1_670' title='bbox 1759 4257 1784 4290; x_wconf 80' lang='grc' dir='ltr'>α</span> <span class='ocrx_word' id='word_1_671' title='bbox 1808 4235 1983 4292; x_wconf 91' lang='lat' dir='ltr'>dubio</span> <span class='ocrx_word' id='word_1_672' title='bbox 2006 4237 2133 4308; x_wconf 90' lang='lat' dir='ltr'>plus</span> <span class='ocrx_word' id='word_1_673' title='bbox 2176 4240 2262 4292; x_wconf 89' lang='lat' dir='ltr'>est</span> <span class='ocrx_word' id='word_1_674' title='bbox 2288 4236 2397 4309; x_wconf 89' lang='lat' dir='ltr'>agi,</span> <span class='ocrx_word' id='word_1_675' title='bbox 2428 4252 2602 4309; x_wconf 85' lang='lat' dir='ltr'>quam</span> <span class='ocrx_word' id='word_1_676' title='bbox 2646 4237 2784 4310; x_wconf 81' lang='lat' dir='ltr'>regi.</span> <span class='ocrx_word' id='word_1_677' title='bbox 2812 4238 2917 4302; x_wconf 81' lang='lat' dir='ltr'>Qui</span> <span class='ocrx_word' id='word_1_678' title='bbox 2946 4242 3104 4298; x_wconf 90' lang='lat' dir='ltr'>enim</span> 
     </span>
    </p>
   </div>
   <div class='ocr_carea' id='block_1_11' title="bbox 1746 4314 3313 5128">
    <p class='ocr_par' dir='ltr' id='par_1_12' title="bbox 1746 4314 3313 5128">
     <span class='ocr_line' id='line_1_105' title="bbox 1755 4314 3111 4395; baseline 0.006 -26"><span class='ocrx_word' id='word_1_679' title='bbox 1755 4339 1779 4369; x_wconf 82' lang='grc' dir='ltr'>α</span> <span class='ocrx_word' id='word_1_680' title='bbox 1805 4316 2041 4390; x_wconf 86' lang='lat' dir='ltr'>regitur,</span> <span class='ocrx_word' id='word_1_681' title='bbox 2075 4314 2290 4387; x_wconf 90' lang='lat' dir='ltr'>aliquid</span> <span class='ocrx_word' id='word_1_682' title='bbox 2321 4316 2435 4389; x_wconf 90' lang='lat' dir='ltr'>agit</span> <span class='ocrx_word' id='word_1_683' title='bbox 2463 4317 2745 4389; x_wconf 89' lang='lat' dir='ltr'>:quivero</span> <span class='ocrx_word' id='word_1_684' title='bbox 2773 4318 3111 4395; x_wconf 88' lang='lat' dir='ltr'>agitur‚age-</span> 
     </span>
     <span class='ocr_line' id='line_1_106' title="bbox 1754 4395 3112 4471; baseline 0.007 -22"><span class='ocrx_word' id='word_1_685' title='bbox 1754 4419 1780 4449; x_wconf 76' lang='lat' dir='ltr'>&lt;t</span> <span class='ocrx_word' id='word_1_686' title='bbox 1807 4413 1868 4453; x_wconf 91' lang='lat' dir='ltr'>re</span> <span class='ocrx_word' id='word_1_687' title='bbox 1885 4395 2097 4467; x_wconf 79' lang='lat' dir='ltr'>aliquid</span> <span class='ocrx_word' id='word_1_688' title='bbox 2117 4396 2235 4468; x_wconf 91' lang='lat' dir='ltr'>ipse</span> <span class='ocrx_word' id='word_1_689' title='bbox 2256 4397 2352 4451; x_wconf 88' lang='lat' dir='ltr'>vix</span> <span class='ocrx_word' id='word_1_690' title='bbox 2377 4396 2742 4471; x_wconf 89' lang='lat' dir='ltr'>intelligitur.</span> <span class='ocrx_word' id='word_1_691' title='bbox 2757 4399 2973 4456; x_wconf 88' lang='lat' dir='ltr'>Tamen</span> <span class='ocrx_word' id='word_1_692' title='bbox 2991 4408 3112 4458; x_wconf 89' lang='lat' dir='ltr'>tan-</span> 
     </span>
     <span class='ocr_line' id='line_1_107' title="bbox 1754 4477 3110 4556; baseline 0.008 -25"><span class='ocrx_word' id='word_1_693' title='bbox 1754 4501 1779 4531; x_wconf 87' lang='lat'>«</span> <span class='ocrx_word' id='word_1_694' title='bbox 1803 4484 1925 4533; x_wconf 91' lang='lat' dir='ltr'>tum</span> <span class='ocrx_word' id='word_1_695' title='bbox 1971 4482 2193 4550; x_wconf 80' lang='lat' dir='ltr'>praestat</span> <span class='ocrx_word' id='word_1_696' title='bbox 2232 4477 2619 4534; x_wconf 83' lang='lat' dir='ltr'>voluntatibus</span> <span class='ocrx_word' id='word_1_697' title='bbox 2664 4482 2875 4536; x_wconf 88' lang='lat' dir='ltr'>nostris</span> <span class='ocrx_word' id='word_1_698' title='bbox 2923 4486 3110 4556; x_wconf 87' lang='lat' dir='ltr'>gratia</span> 
     </span>
     <span class='ocr_line' id='line_1_108' title="bbox 1754 4557 3107 4633; baseline 0.007 -22"><span class='ocrx_word' id='word_1_699' title='bbox 1754 4581 1779 4611; x_wconf 75' lang='lat' dir='ltr'>a</span> <span class='ocrx_word' id='word_1_700' title='bbox 1804 4558 2115 4614; x_wconf 84' lang='lat' dir='ltr'>Salvatoris</span> <span class='ocrx_word' id='word_1_701' title='bbox 2142 4601 2154 4623; x_wconf 92' lang='lat'>,</span> <span class='ocrx_word' id='word_1_702' title='bbox 2194 4563 2251 4612; x_wconf 90' lang='lat' dir='ltr'>ut</span> <span class='ocrx_word' id='word_1_703' title='bbox 2294 4573 2411 4613; x_wconf 93' lang='lat' dir='ltr'>non</span> <span class='ocrx_word' id='word_1_704' title='bbox 2452 4557 2670 4615; x_wconf 87' lang='lat' dir='ltr'>dubitet</span> <span class='ocrx_word' id='word_1_705' title='bbox 2693 4563 2986 4633; x_wconf 77' lang='lat' dir='ltr'>Apostolus</span> <span class='ocrx_word' id='word_1_706' title='bbox 3013 4564 3107 4620; x_wconf 91' lang='lat' dir='ltr'>di-</span> 
     </span>
     <span class='ocr_line' id='line_1_109' title="bbox 1754 4640 3100 4716; baseline 0.004 -24"><span class='ocrx_word' id='word_1_707' title='bbox 1754 4662 1778 4692; x_wconf 77' lang='lat'>«</span> <span class='ocrx_word' id='word_1_708' title='bbox 1801 4656 1929 4696; x_wconf 91' lang='lat' dir='ltr'>cere</span> <span class='ocrx_word' id='word_1_709' title='bbox 1955 4664 1966 4692; x_wconf 69' lang='lat' dir='ltr'><strong><em>z</em></strong></span> <span class='ocrx_word' id='word_1_710' title='bbox 1995 4643 2277 4711; x_wconf 83' lang='lat' dir='ltr'>Quotquot</span> <span class='ocrx_word' id='word_1_711' title='bbox 2295 4640 2501 4712; x_wconf 91' lang='lat' dir='ltr'>spiritu</span> <span class='ocrx_word' id='word_1_712' title='bbox 2526 4641 2624 4696; x_wconf 90' lang='lat' dir='ltr'>Dei</span> <span class='ocrx_word' id='word_1_713' title='bbox 2653 4648 2916 4716; x_wconf 87' lang='lat' dir='ltr'>aguntur,</span> <span class='ocrx_word' id='word_1_714' title='bbox 2937 4653 3041 4703; x_wconf 89' lang='lat' dir='ltr'>etc.</span> <span class='ocrx_word' id='word_1_715' title='bbox 3076 4669 3100 4697; x_wconf 87' lang='lat'>»</span> 
     </span>
     <span class='ocr_line' id='line_1_110' title="bbox 1749 4719 3106 4784; baseline 0.007 -11"><span class='ocrx_word' id='word_1_716' title='bbox 1749 4720 2004 4776; x_wconf 88' lang='lat' dir='ltr'>Eandem</span> <span class='ocrx_word' id='word_1_717' title='bbox 2027 4721 2327 4775; x_wconf 78' lang='lat' dir='ltr'>veritatem</span> <span class='ocrx_word' id='word_1_718' title='bbox 2345 4719 2542 4776; x_wconf 84' lang='lat' dir='ltr'>docent</span> <span class='ocrx_word' id='word_1_719' title='bbox 2564 4723 2701 4777; x_wconf 87' lang='lat' dir='ltr'>satis</span> <span class='ocrx_word' id='word_1_720' title='bbox 2722 4727 3106 4784; x_wconf 81' lang='lat' dir='ltr'>communiter</span> 
     </span>
     <span class='ocr_line' id='line_1_111' title="bbox 1748 4801 3313 4881; baseline 0.003 -22"><span class='ocrx_word' id='word_1_721' title='bbox 1748 4803 1851 4859; x_wconf 88' lang='lat' dir='ltr'>alii</span> <span class='ocrx_word' id='word_1_722' title='bbox 1881 4805 2093 4858; x_wconf 75' lang='lat' dir='ltr'>l’atreS.</span> <span class='ocrx_word' id='word_1_723' title='bbox 2129 4801 2476 4856; x_wconf 85' lang='lat' dir='ltr'>Athanasius</span> <span class='ocrx_word' id='word_1_724' title='bbox 2496 4819 2656 4874; x_wconf 79' lang='lat' dir='ltr'>super</span> <span class='ocrx_word' id='word_1_725' title='bbox 2675 4808 2772 4860; x_wconf 78' lang='lat' dir='ltr'>c.2</span> <span class='ocrx_word' id='word_1_726' title='bbox 2799 4808 2874 4862; x_wconf 88' lang='lat' dir='ltr'>ad</span> <span class='ocrx_word' id='word_1_727' title='bbox 2905 4808 2954 4864; x_wconf 83' lang='grc' dir='ltr'><em>Ε</em></span> <span class='ocrx_word' id='word_1_728' title='bbox 2954 4812 3104 4881; x_wconf 57' lang='lat' dir='ltr'>plens.</span> <span class='ocrx_word' id='word_1_729' title='bbox 3123 4842 3173 4881; x_wconf 56' lang='lat' dir='ltr'>D,</span> <span class='ocrx_word' id='word_1_730' title='bbox 3191 4840 3313 4881; x_wconf 50' lang='lat' dir='ltr'>Anu,</span> 
     </span>
     <span class='ocr_line' id='line_1_112' title="bbox 1748 4881 3296 4953; baseline 0.006 -15"><span class='ocrx_word' id='word_1_731' title='bbox 1748 4883 1809 4938; x_wconf 92' lang='lat' dir='ltr'>in</span> <span class='ocrx_word' id='word_1_732' title='bbox 1852 4881 2230 4953; x_wconf 85' lang='lat' dir='ltr'>impressione</span> <span class='ocrx_word' id='word_1_733' title='bbox 2278 4881 2641 4953; x_wconf 83' lang='lat' dir='ltr'>Lugdunensi</span> <span class='ocrx_word' id='word_1_734' title='bbox 2666 4887 2805 4942; x_wconf 88' lang='lat' dir='ltr'>anni</span> <span class='ocrx_word' id='word_1_735' title='bbox 2846 4890 2980 4944; x_wconf 73' lang='lat'>1532</span> <span class='ocrx_word' id='word_1_736' title='bbox 3013 4893 3107 4948; x_wconf 86' lang='lat' dir='ltr'>in·</span> <span class='ocrx_word' id='word_1_737' title='bbox 3141 4890 3296 4932; x_wconf 56' lang='lat' dir='ltr'>uastat.</span> 
     </span>
     <span class='ocr_line' id='line_1_113' title="bbox 1746 4960 3101 5043; baseline 0.007 -25"><span class='ocrx_word' id='word_1_738' title='bbox 1746 4963 1869 5036; x_wconf 91' lang='lat' dir='ltr'>quit</span> <span class='ocrx_word' id='word_1_739' title='bbox 1887 4984 1898 5018; x_wconf 92' lang='lat'><strong>:</strong></span> <span class='ocrx_word' id='word_1_740' title='bbox 1915 4963 2042 5034; x_wconf 75' lang='lat' dir='ltr'>Qute</span> <span class='ocrx_word' id='word_1_741' title='bbox 2059 4960 2205 5017; x_wconf 82' lang='lat' dir='ltr'>Deus</span> <span class='ocrx_word' id='word_1_742' title='bbox 2218 4964 2461 5033; x_wconf 75' lang='lat' dir='ltr'>paravit,</span> <span class='ocrx_word' id='word_1_743' title='bbox 2475 4964 2690 5036; x_wconf 74' lang='lat' dir='ltr'>differri</span> <span class='ocrx_word' id='word_1_744' title='bbox 2709 4986 2815 5024; x_wconf 83' lang='lat' dir='ltr'>non</span> <span class='ocrx_word' id='word_1_745' title='bbox 2828 4978 3101 5043; x_wconf 81' lang='lat' dir='ltr'>poterunt,</span> 
     </span>
     <span class='ocr_line' id='line_1_114' title="bbox 1747 5044 3101 5128; baseline 0.007 -28"><span class='ocrx_word' id='word_1_746' title='bbox 1747 5061 1914 5122; x_wconf 81' lang='lat' dir='ltr'>neque</span> <span class='ocrx_word' id='word_1_747' title='bbox 1927 5044 2290 5116; x_wconf 61' lang='lat' dir='ltr'>praetermitti,</span> <span class='ocrx_word' id='word_1_748' title='bbox 2315 5045 2450 5120; x_wconf 81' lang='lat' dir='ltr'>quin</span> <span class='ocrx_word' id='word_1_749' title='bbox 2459 5056 2815 5119; x_wconf 76' lang='lat' dir='ltr'>perayantur,</span> <span class='ocrx_word' id='word_1_750' title='bbox 2835 5060 3101 5128; x_wconf 81' lang='lat' dir='ltr'>tanquam</span> 
     </span>
    </p>
   </div>
  </div>
 </body>
</html>
