3647 5753
1483 424 1664 482 DISP.
1706 427 1750 493 1,
1794 426 1960 483 DUB.
2005 428 2077 483 V.
2753 457 2763 469 ·
3037 434 3150 489 689

270 597 448 667 paret
467 594 715 668 qualiter
738 610 840 668 per
863 596 1034 653 illum
1061 595 1132 653 ab
1158 602 1306 654 statu
1337 597 1648 664 viatorum,

267 683 332 733 et
384 676 812 751 proficientium
851 680 1254 748 extrahantur,
1289 685 1386 737 aut
1412 697 1525 755 qna
1553 696 1653 737 ra-

269 758 458 828 tione,
510 760 560 815 si
601 766 948 833 permanent
993 761 1057 816 in
1099 761 1429 837 hujusmodi
1475 767 1645 830 statu,

267 841 603 909 translatio,
636 847 690 898 et
725 847 923 914 raptus
949 858 1152 899 eorum
1190 843 1507 916 profectum
1532 844 1651 901 im-

269 919 492 994 pediat,
536 922 629 978 vel
672 920 855 978 obstet
894 921 1126 979 merito.
1177 924 1257 981 Eo
1303 924 1644 996 praesertim,

267 1005 419 1076 qnia
445 1006 529 1075 (ut
556 1020 741 1078 nuper
767 1003 1119 1076 dicebamus)
1157 1006 1504 1063 sanctissimi
1551 1007 1648 1065 isti

268 1090 397 1146 viri
437 1106 510 1147 ex
550 1089 609 1145 vi
639 1095 834 1163 raptus
875 1087 994 1147 non
1028 1090 1457 1147 constituuntur
1482 1094 1649 1148 extra

268 1172 591 1229 Ecclesiam
614 1172 987 1240 militantem,
1016 1190 1120 1231 nec
1144 1173 1417 1230 deserunt
1442 1173 1647 1230 condi-

267 1252 517 1319 tionem,
541 1258 597 1310 et
617 1259 829 1310 statum
859 1255 1151 1322 militum;
1193 1253 1340 1312 sicut
1368 1269 1473 1311 nec
1511 1270 1646 1328 per-

266 1337 510 1412 tingunt
528 1351 599 1393 ex
627 1337 684 1391 vi
708 1336 869 1393 illius
891 1337 962 1395 ad
1002 1336 1414 1403 conditionem,
1444 1341 1502 1394 et
1521 1340 1645 1395 sta-

269 1425 401 1476 tum
431 1419 923 1491 triumphantium
957 1442 970 1476 :
999 1436 1136 1496 ergo
1164 1435 1347 1493 neque
1369 1420 1644 1478 amittunt

267 1506 490 1557 statum
513 1500 640 1565 viae,
667 1504 724 1556 et
763 1501 979 1557 meriti.
1024 1504 1207 1576 Atque
1241 1499 1381 1558 adeo
1402 1502 1547 1559 sicut
1572 1502 1643 1561 de

266 1582 528 1655 quolibet
554 1598 627 1639 ex
661 1581 782 1637 illis
811 1597 927 1639 non
967 1599 1128 1640 secus
1166 1599 1231 1639 ac
1255 1582 1325 1639 de
1353 1584 1485 1640 aliis
1512 1585 1642 1642 via-

265 1661 494 1719 toribus
552 1661 881 1719 verificatur
915 1663 1104 1735 prima
1166 1663 1272 1719 illa
1324 1665 1640 1736 propositio

266 1742 422 1800 beati
445 1742 568 1810 lob,
601 1742 752 1817 quod
779 1743 999 1801 Militia
1032 1752 1108 1799 est
1129 1747 1251 1800 vita
1277 1745 1516 1801 hominis
1541 1762 1641 1801 su-

259 1842 366 1898 per
385 1833 612 1891 terram,
640 1842 757 1883 non
781 1826 1130 1899 triumphus„
1159 1832 1257 1883 aut
1282 1842 1494 1884 corona
1521 1849 1535 1883 ε
1559 1827 1640 1884 ita

266 1906 559 1964 verificari
586 1905 753 1963 debet
778 1906 1045 1985 secunda.
1075 1922 1200 1981 quae
1224 1923 1296 1964 ex
1338 1922 1404 1964 ea
1449 1907 1638 1964 infer-

264 1992 361 2043 tur
389 2008 401 2043 :
430 1986 510 2044 Et
534 1989 676 2042 sicut
700 1987 816 2041 dies
837 1990 1179 2052 mercenarii,
1207 2004 1306 2044 seu
1331 1988 1631 2056 merentis,

262 2067 668 2141 tendentisque
690 2066 760 2122 ad
788 2067 1134 2134 mercedem,
1164 2069 1282 2124 dies
1307 2071 1444 2139 ejus.

338 2151 454 2206 Nec
502 2154 653 2206 recte
679 2147 910 2214 dicitur,
943 2148 1091 2221 quod
1137 2149 1488 2206 sanctissimi
1531 2166 1635 2223 pa-

265 2237 455 2288 rentes
477 2231 654 2295 Elias,
684 2235 739 2287 et
761 2231 955 2288 Enoch
979 2237 1104 2305 post
1127 2239 1353 2305 raptum
1385 2233 1636 2290 habeant

263 2313 429 2384 quasi
455 2318 669 2369 statum
693 2316 1075 2380 mortuorum,
1105 2318 1166 2369 ut
1187 2314 1452 2388 aitGreg.
1482 2316 1635 2370 Mar-

267 2396 454 2461 tinez;
485 2394 581 2451 sed
606 2394 817 2452 habent
838 2397 1000 2468 quasi
1025 2401 1239 2453 statum
1258 2396 1497 2470 justitiae
1519 2396 1628 2453 ori·

265 2475 498 2550 ginalis,
529 2491 699 2547 quem
743 2475 942 2533 habuit
980 2476 1255 2544 Adamas„
1288 2485 1346 2533 ut
1375 2478 1528 2535 locus
1569 2477 1632 2532 in

266 2572 378 2628 quo
399 2562 533 2611 sunt
558 2558 674 2629 (qui
705 2556 1061 2631 probabilius
1087 2558 1341 2615 creditur
1369 2574 1490 2615 esse
1528 2574 1633 2631 pa·-

269 2640 515 2711 radisus)
541 2645 597 2696 et
644 2634 967 2716 privilegia,
999 2658 1063 2698 ac
1096 2640 1270 2708 dotes„
1302 2642 1509 2716 quibus
1532 2642 1632 2698 in-

266 2722 618 2796 signiuntur,
650 2723 788 2778 satis
810 2721 1135 2779 ostendunt.
1170 2722 1334 2780 Unde
1361 2721 1631 2797 quemad-

267 2802 502 2861 modum
546 2807 725 2860 status
755 2804 855 2861 ille
900 2803 1136 2879 justitiae
1162 2803 1466 2879 originalis
1495 2820 1629 2862 vere

268 2883 375 2941 fuit
401 2890 581 2941 status
607 2885 737 2952 viae,
769 2891 824 2941 et
870 2886 1085 2952 meriti,
1139 2900 1383 2958 vereque
1411 2886 1474 2943 in
1524 2887 1628 2945 illo

268 2965 439 3038 primi
473 2970 735 3038 parentes
776 2969 1135 3032 meruerunt,
1179 2970 1236 3022 et
1261 2970 1629 3023 mererentur

268 3050 494 3120 posteri,
528 3047 577 3102 si
605 3047 736 3103 talis
773 3052 953 3104 status
981 3047 1413 3119 permansisset,
1460 3052 1523 3103 ut
1542 3052 1627 3104 est

32 3148 88 3189 o,
111 3144 232 3189 Tho.
265 3145 364 3202 per
389 3145 449 3187 se
475 3135 694 3192 notum,
728 3128 997 3202 docetque
1026 3130 1088 3186 D.
1137 3129 1346 3185 Thom.
1397 3131 1416 3184 l
1469 3137 1623 3202 part.

263 3219 440 3286 quaest.
474 3214 567 3280 95,
597 3219 705 3268 art.
749 3213 805 3279 4,
830 3213 911 3267 sic
949 3216 1130 3267 status
1157 3210 1315 3278 Eliae,
1348 3217 1405 3268 et
1432 3212 1625 3269 Enoch

261 3292 560 3350 verissime
608 3298 694 3349 est
735 3298 917 3348 status
955 3292 1087 3358 vias,
1132 3298 1189 3350 et
1239 3291 1456 3358 meriti,
1522 3309 1626 3350 nec

263 3374 468 3444 poterit
494 3373 778 3430 sufficiens
801 3372 1084 3447 assignari
1126 3371 1441 3430 discrimen
1469 3373 1626 3431 inter

265 3460 568 3528 utrumque
588 3460 815 3520 statum,
850 3461 909 3511 ut
929 3456 976 3510 si
1002 3470 1151 3511 unus
1178 3455 1286 3511 fuit
1307 3471 1484 3529 capax
1507 3472 1625 3514 me-

265 3536 382 3602 riti,
416 3537 566 3591 alius
594 3552 628 3591 a
655 3536 865 3592 merito
891 3535 1245 3593 excludatur.

32 3632 254 3687 instaura·
334 3617 425 3672 4⁶2.
460 3619 544 3671 Ex
589 3632 699 3688 quo
728 3630 845 3672 non
871 3616 1059 3672 solum
1101 3615 1369 3689 praedicta
1407 3616 1621 3675 solutio

33 3684 109 3724 ¹⁰¹⁵
123 3683 597 3771 '²¹¹⁰·impugnata
620 3701 835 3761 manet,
866 3696 965 3754 sed
985 3697 1160 3753 etiam
1191 3698 1356 3766 ratio,
1387 3703 1443 3755 et
1482 3715 1621 3756 con-

261 3781 438 3837 clusio
467 3784 661 3836 nostra
687 3778 1044 3847 confirmata,
1076 3783 1131 3835 et
1155 3779 1455 3847 roborata;
1482 3796 1619 3838 nam

260 3860 307 3915 si
353 3861 618 3918 homines
657 3860 903 3917 durante
937 3860 1161 3933 justitia
1201 3861 1496 3937 originali,
1556 3862 1620 3918 in

261 3945 403 3996 statu
428 3940 546 4007 illo,
581 3941 642 3996 in
664 3956 774 4013 quo
802 3939 1016 3997 delitiis
1043 3939 1423 4009 abundarent,
1460 3956 1613 4013 pace,

259 4028 311 4078 et
355 4021 776 4093 tranquillitate
816 4021 1169 4088 fruerentur,
1198 4022 1490 4095 vitamque
1515 4021 1618 4080 de-

257 4108 454 4176 gerent
468 4102 586 4158 sere
605 4102 995 4160 immortalem
1011 4101 1417 4175 (perdurarent
1431 4103 1611 4170 enim,

259 4191 316 4239 ut
342 4184 512 4241 multi
554 4183 932 4257 probabiliter
973 4186 1196 4249 volunt,
1229 4183 1300 4240 ad
1328 4189 1450 4241 octo
1494 4185 1617 4240 sal-

256 4271 388 4332 tem,
421 4266 512 4321 vel
559 4264 754 4322 decem
791 4280 1080 4321 annorum
1128 4265 1341 4335 millia)
1384 4279 1614 4338 semper

258 4351 651 4413 mererentur;
692 4361 956 4419 quasnam
1003 4346 1151 4404 ratio
1192 4345 1474 4420 assignari
1509 4361 1615 4418 po-

255 4432 375 4495 test,
402 4433 463 4484 ut
492 4428 650 4495 Eliae,
669 4431 726 4483 et
748 4427 959 4492 Enoch,
986 4427 1083 4499 qui
1105 4426 1304 4484 eodem
1322 4426 1441 4484 fere
1462 4430 1612 4482 statu

255 4505 358 4575 his,
386 4512 480 4564 aut
511 4512 596 4564 ter
623 4506 788 4562 mille
815 4506 986 4562 annis
1012 4506 1306 4573 fruuntur,
1333 4505 1611 4563 meritum

253 4587 602 4663 denegetur?
641 4589 755 4642 Nec
804 4585 979 4642 refert
1017 4602 1113 4643 eos
1157 4602 1280 4643 esse
1326 4586 1390 4642 in
1426 4587 1613 4660 gratia

252 4669 636 4736 confirmatos,
687 4668 838 4742 quod
883 4684 1001 4726 non
1043 4668 1322 4726 haberent
1346 4668 1610 4727 homines

252 4751 310 4808 in
336 4756 484 4807 statu
501 4749 738 4824 justitiae
758 4749 1084 4823 originalis.
1121 4751 1268 4805 Nam
1295 4747 1611 4806 confirma-

252 4833 327 4890 tio
347 4832 465 4888 haec
485 4830 817 4887 nullatenus
837 4829 1019 4886 obstat
1040 4829 1269 4894 merito,
1290 4834 1352 4883 ut
1374 4834 1525 4902 patet
1546 4830 1610 4887 in

251 4911 584 4970 Beatissima
624 4908 888 4985 Virgine,
924 4914 980 4967 et
1007 4909 1071 4965 in
1099 4908 1232 4965 aliis
1250 4907 1609 4966 confirmatis

251 4994 309 5051 in
333 4992 533 5069 gratia,
565 4993 623 5047 et
666 4994 886 5048 constat
929 5006 1001 5049 ex
1036 4990 1159 5046 illis
1197 5004 1323 5064 quae
1349 4988 1607 5048 diximus

248 5078 371 5135 dub.
398 5079 455 5145 2,
487 5093 523 5132 α
550 5092 705 5132 num.
747 5076 831 5131 17.

2397 605 2429 672 g
2470 604 2537 659 ιι.

1785 745 1987 820 Opinio
2024 766 2247 821 negans,
2279 752 2506 806 unicum
2548 769 2647 824 pro
2691 768 2757 807 ea
2801 732 3140 823 fundamen-

2172 838 2308 898 tum,
2339 834 2525 904 atejus
2550 834 2767 889 solutio.

1855 991 1949 1048 43.
1995 993 2324 1066 oppositam
2345 993 2692 1053 sententiam
2716 998 2869 1051 tenet
2890 996 3143 1068 Vasquez
3180 996 3331 1049 opinio

1775 1069 1846 1128 in
1875 1075 2160 1143 praesenti,
2190 1076 2334 1148 disp.
2384 1077 2517 1142 216,
2547 1093 2671 1147 cap.
2699 1077 2754 1142 4,
2805 1077 3015 1132 suarez
3044 1076 3136 1132 lib.
3171 1052 3333 1139 “lli“

1789 1153 1873 1218 12,
1904 1154 2191 1225 demntia,
2217 1174 2338 1229 cap.
2391 1158 2473 1221 15,
2503 1162 2559 1212 et
2585 1163 2713 1213 tom.
2738 1160 2793 1221 2,
2819 1159 2881 1211 in
2909 1159 2944 1212 3
2984 1165 3135 1229 part.
3175 1147 3301 1238 {3⁴¹3-

1776 1233 1920 1308 disp.
1935 1236 2026 1302 55,
2044 1242 2169 1292 sect.
2205 1238 2529 1302 l,Pereirus
2549 1239 2714 1292 tom.l
2736 1239 2797 1292 in
2813 1235 2947 1294 Gen.
2966 1238 3058 1294 lib.
3079 1240 3133 1304 6,
3164 1227 3325 1288 Perei'r-

1776 1324 1958 1395 quast.
2002 1319 2057 1384 5,
2089 1335 2261 1391 quam
2289 1320 2465 1376 etiam
2494 1324 2685 1376 tuetur
2711 1321 2946 1393 Gregor.
2978 1294 3338 1387 Mar-Gffifik,

1776 1396 2015 1454 tinezin
2038 1400 2323 1471 praesenti,
2347 1400 2475 1456 dub.
2499 1402 2558 1455 4.
2590 1399 2838 1455 Unicum
2873 1399 3139 1456 omnium
3178 1393 3301 1485 {fffij

1775 1481 2018 1538 illorum
2076 1480 2521 1540 fundamentum
2567 1488 2651 1539 est
2702 1483 3135 1551 inconveniens,

1773 1563 1924 1637 quod
1939 1581 2009 1622 ex
2026 1569 2219 1621 nostra
2238 1565 2522 1621 sententia
2539 1567 2695 1639 sequi
2714 1565 2971 1635 videtur;
2999 1581 3137 1622 nam

1772 1645 1823 1700 si
1850 1644 1963 1705 duo
2008 1646 2097 1703 illi
2143 1647 2494 1703 sanctissimi
2540 1648 2656 1704 viri
2704 1653 2837 1703 sunt
2882 1650 2945 1702 in
2988 1651 3138 1704 statu

1772 1727 2056 1795 merendi,
2084 1732 2140 1784 et
2159 1729 2434 1785 continuo
2466 1744 2643 1800 nsque
2671 1727 2739 1784 ad
2762 1727 2916 1784 diem
2933 1727 3135 1802 judicii

1771 1813 2094 1875 merentur,
2124 1809 2383 1880 sequitur
2412 1810 2545 1866 illos
2565 1814 2702 1865 tunc
2720 1825 3014 1883 superare,
3042 1816 3139 1868 aut

1770 1889 1975 1945 saltem
2003 1887 2301 1962 adaequare
2342 1888 2407 1945 in
2447 1891 2691 1957 meritis,
2719 1895 2887 1963 atque
2908 1889 3048 1948 adeo
3070 1891 3135 1946 in

1768 1969 1957 2044 gloria
2016 1971 2307 2027 essentiali
2360 1973 2642 2028 Joannem
2701 1972 3036 2044 Baptistam,
3080 1977 3137 2029 et

1768 2052 2069 2124 Apostolos
2101 2073 2113 2107 :
2148 2073 2174 2105 α
2207 2050 2366 2115 Quod
2394 2054 2621 2109 tametsi
2647 2053 2825 2125 aliqui
2852 2054 3135 2112 recentio-

1776 2153 1802 2185 α
1833 2148 1923 2189 res
1946 2148 2062 2190 non
2091 2139 2358 2206 putarent
2400 2135 2735 2200 absurdum,
2776 2135 2926 2191 mihi
2956 2155 2979 2186 n
3013 2135 3134 2205 (ait

1768 2215 2063 2287 vasquez)
2100 2236 2126 2268 α
2157 2232 2384 2289 semper
2422 2232 2787 2289 summopere
2816 2216 3128 2289 displicuit.

1772 2314 1798 2346 α
1832 2295 2107 2359 Quinimo
2154 2317 2179 2347 n
2233 2298 2676 2371 (prosequitur)
2722 2319 2748 2350 α
2797 2303 3131 2370 sequeretur

1773 2397 1799 2430 α
1830 2377 1971 2445 fore,
2000 2383 2061 2433 ut
2085 2396 2259 2452 supra
2286 2382 2518 2437 Beatam
2540 2379 2843 2453 Virginem
2886 2379 3133 2437 bearen-

1771 2480 1796 2511 α
1829 2465 1956 2526 tnr;
1983 2460 2340 2533 impossibile
2356 2478 2604 2537 namque
2618 2462 2866 2529 videtur,
2894 2464 3127 2517 Beatam

1771 2562 1798 2595 α
1828 2541 2132 2617 Virginem
2159 2543 2224 2599 in
2270 2548 2387 2601 toto
2425 2545 2606 2601 aetatis
2651 2561 2767 2601 suae
2817 2544 3002 2616 spatio
3050 2548 3129 2599 tot

1770 2644 1795 2675 α
1827 2622 1978 2680 bona
2006 2640 2179 2697 opera
2216 2625 2426 2683 habere
2455 2627 2718 2700 potuisse.
2746 2630 2883 2699 quot
2925 2625 3036 2698 ipsi
3064 2626 3128 2683 in

1769 2726 1795 2757 α
1826 2708 1945 2760 tam
1991 2707 2161 2782 longo
2189 2712 2446 2781 tempore
2483 2707 2808 2775 habebunt;
2859 2711 2955 2763 aut
2980 2707 3129 2762 Bea-

1769 2808 1796 2839 α
1826 2791 1942 2842 tam
1961 2788 2263 2863 Virginem
2284 2789 2611 2846 intensione
2626 2798 2863 2847 suorum
2885 2803 3126 2862 operum

1768 2889 1794 2920 α
1825 2884 1969 2941 pene
1995 2870 2367 2929 innumeram
2397 2870 2833 2928 multitudinem
2881 2886 3123 2943 operum

1766 2968 1791 2999 ι
1822 2963 2026 3007 eorum
2089 2967 2364 3026 superare
2418 2952 2685 3023 potuisse,
2745 2958 2847 3008 etc.
2906 2972 2931 3001 »
2996 2952 3124 3006 Haec

1761 3030 2031 3103 vasquez.

1835 3112 2232 3185 Respondetur
2279 3113 2477 3186 negari
2526 3129 2646 3170 non
2693 3128 2872 3185 posse,
2914 3113 3327 3184 meritaneqpon-

1759 3192 1997 3250 illorum
2038 3200 2367 3251 sanctorum
2408 3193 2604 3251 futura
2643 3211 2960 3267 essequam
2997 3211 3141 3252 ma-
3188 3185 3269 3219 ⁸¹⁰·

1756 3273 1946 3337 xima;
1989 3291 2108 3332 non
2134 3281 2328 3333 tamen
2372 3291 2626 3348 unquam
2655 3276 2734 3331 ita
2762 3281 3030 3342 crescent,
3064 3282 3126 3331 ut

1756 3370 1829 3411 ex
1851 3354 1955 3412 hoc
1975 3356 2205 3430 aliquod
2227 3356 2563 3423 absurdum,
2589 3357 2680 3412 vel
2708 3357 3124 3414 inconveniens

1755 3443 2046 3508 sequatur.
2099 3440 2168 3493 Et
2220 3438 2283 3494 in
2332 3437 2557 3510 primiS,
2607 3437 2754 3510 quod
2804 3438 3006 3494 attinet
3052 3439 3121 3495 ad

1756 3519 2157 3576 Beatissimam
2204 3520 2526 3594 Virginem,
2561 3520 2773 3575 frustra
2817 3519 3119 3576 adducitur

1755 3599 1827 3655 ad
1868 3600 2191 3668 intentum;
2233 3617 2362 3657 cum
2405 3601 2587 3674 ipsius
2612 3601 2842 3666 merita,
2881 3600 3026 3656 sicut
3064 3606 3120 3656 et

1753 3681 1960 3755 gratia,
2000 3681 2168 3755 longe
2206 3685 2476 3754 superent
2514 3681 2781 3754 gratiam,
2812 3686 2868 3737 et
2908 3681 3120 3738 merita

1754 3763 2020 3820 omnium
2041 3763 2218 3818 simul
2251 3768 2634 3837 sumptorum,
2666 3763 2763 3835 qui
2790 3762 3027 3820 fuerunt
3047 3764 3118 3821 ab

1753 3843 1924 3902 initio
1946 3844 2172 3910 mundi,
2198 3848 2253 3900 et
2273 3843 2453 3900 futuri
2470 3849 2604 3900 sunt
2624 3858 2800 3915 usque
2821 3842 2891 3899 ad
2915 3842 3111 3903 finem.

1753 3928 1877 3984 Imo
1922 3931 1979 3984 et
2017 3928 2227 3984 merita
2267 3928 2532 3984 omnium
2581 3925 3115 4000 praedestinatorum

1752 4011 2080 4078 hominum,
2120 4010 2297 4067 simul
2359 4015 2414 4067 et
2462 4011 2819 4084 angelorum,
2869 4010 3117 4067 collectis

1751 4092 1815 4149 in
1843 4108 2025 4148 unum
2077 4107 2283 4150 novem
2313 4090 2635 4159 ordinibuS,
2687 4091 2895 4148 merita
2941 4091 3117 4148 unius

1749 4176 1937 4233 Beatae
1963 4174 2222 4250 Virginis
2269 4174 2395 4232 sine
2422 4175 2849 4248 comparatione
2873 4190 3115 4248 supera·

1748 4256 1914 4314 bunt.
1943 4261 2193 4315 Tantum
2216 4258 2392 4326 abest,
2416 4256 2564 4331 quod
2589 4273 2689 4330 per
2711 4257 2985 4314 meritum
3010 4259 3116 4316 ali-

1747 4340 1909 4414 cujus
1933 4339 2136 4406 sancti,
2169 4339 2397 4396 etiamsi
2420 4340 2522 4395 ille
2544 4355 2576 4395 a
2600 4340 2885 4413 principio
2908 4340 3113 4397 mundi

1747 4436 1925 4496 usque
1972 4420 2047 4477 ad
2068 4419 2244 4477 finem
2274 4425 2583 4487 mereatur,
2618 4421 2827 4478 merita
2868 4419 2985 4478 haec
3011 4438 3114 4480 su-

1745 4503 1940 4576 perari
1965 4502 2200 4574 possint,
2225 4503 2315 4559 vel
2344 4501 2651 4574 adaequari.

1817 4584 1912 4640 44.
1934 4586 2013 4640 Ne
2028 4599 2163 4641 vero
2184 4584 2277 4639 hic
2297 4582 2585 4656 loquendi,
2609 4587 2665 4639 et
2679 4583 2965 4641 sentiendi
2990 4601 3110 4643 mo·
3122 4581 3316 4679 ¹533&

1743 4663 1852 4720 dus
1897 4665 1967 4722 de
1991 4666 2197 4739 gratia,
2228 4671 2284 4722 et
2312 4664 2537 4722 meritis
2582 4666 2843 4739 Virginis
2884 4668 3308 4736 Remis-affini.

1742 4747 1923 4816 simae,
1955 4747 2288 4822 singulariS,
2333 4754 2432 4806 aut
2458 4748 2863 4824 hyperbolicas
2904 4750 3107 4808 videa-

1742 4832 1858 4895 tur,
1915 4828 2129 4901 placuit
2175 4829 2237 4885 in
2276 4830 2524 4904 gratiam
2565 4831 2746 4904 ipsius
2790 4847 2861 4889 ex
2905 4833 3109 4889 multis

1739 4916 2070 4968 sanctorum
2111 4913 2369 4983 Patrum,
2402 4917 2459 4970 et
2494 4913 2914 4990 Theologorum
2943 4915 3108 4972 testi-

1738 4991 1974 5058 moniis»,
2006 4991 2215 5066 quibus
2260 4994 2452 5068 ipsum
2500 4994 2873 5069 comp‘robare
2910 5011 3106 5070 posse-

1738 5088 1888 5140 mus,
1915 5089 2117 5142 nnum,
2149 5076 2242 5132 vel
2283 5077 2532 5134 alterum
2569 5078 2807 5147 referre,
2838 5078 3019 5136 simul
3044 5082 3106 5135 ut
