3647 5753
528 436 631 491 192
1548 441 1641 495 DE
1680 440 1950 497 GRATiA
1986 443 2332 500 EFFICACI.

519 625 544 665 (ι
589 606 843 677 potentia
868 612 953 664 est
991 608 1202 683 ligata;
1248 626 1366 668 non
1408 617 1598 668 autem
1627 611 1874 678 homini,

519 704 544 735 «
586 700 758 756 quem
781 684 1014 745 decebat
1040 689 1268 765 longior
1308 691 1404 747 via
1431 698 1662 765 propter
1689 693 1879 767 majo-

519 784 545 815 «
589 777 714 820 rem
730 764 1065 825 distantiam
1090 784 1122 825 a
1140 772 1252 828 Deo
1267 770 1583 828 secundum
1605 771 1875 830 ordinem

518 865 545 897 «
588 851 954 906 naturarum.
996 852 1213 908 Peccati
1242 857 1433 910 autem
1485 859 1674 911 actum
1726 858 1877 912 Deus

518 947 544 978 «
585 926 872 1000 impedire
890 930 1082 996 ‚noluit
1109 937 1342 1005 propter
1383 932 1550 1003 bona,
1576 951 1701 1008 quae
1728 950 1877 1009 prae-

517 1026 542 1059 «
585 1006 814 1065 videbat
833 1025 905 1066 ex
921 1016 1140 1083 peccato
1163 1013 1266 1070 illo
1286 1015 1716 1075 occasionaliter
1737 1031 1874 1089 pro·

517 1107 542 1138 «
584 1093 847 1146 ventura.
879 1110 904 1140 »

1079 1259 1111 1325 ς
1151 1257 1298 1312 xtv.

508 1412 900 1472 Dissolvimtur
940 1424 1211 1485 octavum,
1242 1426 1291 1474 et
1334 1438 1540 1478 nonum
1569 1421 1872 1480 ,laniorum

1045 1503 1331 1559 motivum.

290 1658 491 1702 octavum
581 1645 710 1701 271.
755 1647 1034 1720 Arguitur
1073 1654 1314 1709 octavo:
1361 1653 1636 1724 quoniam
1679 1655 1869 1730 gratia

294 1717 489 1802 mssffim.
505 1740 577 1785 ex
620 1742 681 1783 se
706 1731 790 1784 est
830 1727 969 1786 adeo
1013 1730 1227 1800 efficax,
1255 1738 1315 1788 ut
1359 1748 1425 1790 ea
1477 1736 1677 1807 posita,
1730 1738 1868 1793 nul-

509 1808 624 1863 lam
671 1807 983 1866 habeamus
1016 1811 1413 1870 'difficultatem
1461 1814 1525 1871 in
1584 1817 1868 1875 vincendo

504 1905 708 1965 graves
737 1894 1079 1951 tentationes
1107 1916 1119 1950 :
1150 1911 1287 1971 ergo
1308 1894 1606 1964 diminuit,
1634 1900 1726 1955 vel
1753 1900 1869 1957 tol-

508 1972 578 2027 lit
636 1975 935 2041 meritum,
992 1976 1142 2049 quod
1189 1994 1391 2036 omnes
1442 1979 1868 2038 rationabiliter

499 2051 757 2126 judicant
773 2056 1024 2129 positum
1040 2058 1365 2130 specialiter
1380 2075 1502 2116 esse
1518 2059 1579 2116 in
1594 2061 1865 2135 gravium

505 2135 890 2193 tentationum
941 2137 1231 2195 victoria:
1277 2155 1413 2215 ergo
1456 2142 1645 2215 gratia
1688 2157 1760 2199 ex
1804 2159 1865 2200 se

503 2215 697 2273 efficax
727 2233 841 2274 non
887 2222 969 2275 est
1010 2217 1387 2277 admittenda.
1440 2222 1569 2278 Haec
1617 2222 1865 2280 secunda

502 2299 905 2370 consequentia
941 2304 1091 2357 recte
1108 2299 1356 2357 infertur
1383 2316 1453 2357 ex
1475 2301 1700 2374 prima;
1726 2319 1862 2377 nam

501 2393 632 2436 cum
658 2379 953 2438 efficacitas
996 2397 1068 2438 ex
1115 2397 1195 2448 se,
1227 2387 1283 2438 et
1333 2382 1404 2440 ab
1451 2384 1764 2442 intrinseco
1788 2386 1863 2441 sit

500 2460 810 2535 excogitata
831 2461 901 2518 ad
922 2462 1478 2521 commendationem
1501 2464 1716 2523 divium
1735 2483 1863 2541 gra-

502 2542 614 2607 tiae,
662 2543 906 2600 minime
933 2544 1289 2601 admittenda
1334 2551 1437 2614 est,
1475 2547 1525 2602 si
1555 2548 1739 2614 tollat,
1766 2550 1858 2606 vel

499 2622 789 2680 diminuat
814 2627 1090 2683 meritum
1120 2625 1402 2683 bonorum
1443 2643 1703 2701 operum,
1735 2647 1862 2703 quae

497 2710 633 2762 sunt
688 2706 925 2776 fructuS‚
971 2715 1028 2766 et
1065 2709 1294 2766 effectus
1327 2709 1582 2783 ejusdem
1632 2714 1855 2786 gratiae.

499 2787 697 2843 Prima
724 2804 861 2847 vero
905 2791 1310 2863 consequentia
1354 2796 1572 2847 constat
1593 2807 1665 2849 ex
1691 2799 1859 2851 ante-

497 2866 720 2925 cedenti
753 2893 767 2937 ;
799 2885 936 2926 nam
958 2871 1233 2928 meritum
1259 2887 1327 2929 eo
1354 2872 1605 2944 amplius
1631 2875 1851 2943 crescit,

498 2965 608 3022 quo
629 2950 813 3024 major
832 2950 1132 3009 difficultas
1154 2959 1458 3026 superatur
1486 2974 1500 3010 ε
1522 2971 1659 3030 ergo
1679 2956 1727 3011 si
1752 2972 1856 3029 po-

496 3030 607 3087 sita
630 3032 815 3105 gratia
853 3049 923 3090 ex
967 3050 1028 3092 se
1053 3034 1261 3092 efficaci
1310 3036 1534 3093 nullam
1577 3037 1857 3096 habemus

497 3109 886 3169 difficultatem
923 3114 985 3170 in
1026 3113 1310 3173 vincendo
1348 3132 1554 3190 graves
1581 3120 1847 3177 tentatio-

497 3207 619 3260 neS,
649 3194 907 3267 sequitur
922 3196 1071 3269 quod
1080 3197 1266 3271 gratia
1286 3214 1356 3256 ex
1376 3213 1437 3257 se
1456 3199 1651 3258 efficax
1668 3201 1849 3267 tollat,

498 3274 588 3329 vel
632 3273 944 3332 imminuat
976 3278 1271 3344 meritum,
1322 3278 1470 3351 quod
1500 3286 1682 3353 posset
1710 3282 1854 3339 alias

495 3353 560 3408 in
588 3354 688 3410 tali
720 3354 958 3413 victoria
982 3358 1248 3431 reperiri.
1280 3358 1633 3417 Antecedens
1661 3368 1852 3420 autem
1880 3416 1886 3421 .

495 3432 790 3506 probatur,
832 3437 966 3507 quia
994 3438 1281 3494 auxilium
1308 3445 1380 3497 ex
1418 3456 1479 3497 se
1498 3440 1693 3497 efficax
1715 3443 1854 3499 vin-

491 3514 569 3571 cit
612 3531 813 3573 omnes
869 3517 1273 3589 difficultates;
1330 3522 1480 3578 nihil
1542 3525 1703 3581 enim
1743 3531 1849 3595 est,

491 3597 640 3670 quod
682 3600 902 3658 auxilio
927 3617 1000 3658 ex
1030 3618 1092 3659 se
1118 3602 1325 3661 efficaci
1357 3605 1597 3674 resistat,
1626 3613 1687 3665 ut
1716 3624 1852 3666 nos-

492 3684 611 3735 met
632 3679 929 3738 docuimus
949 3699 1125 3756 supra
1163 3687 1194 3754 §
1220 3686 1276 3754 4,
1302 3691 1359 3742 et
1381 3684 1476 3742 ubi
1501 3703 1619 3745 non
1645 3694 1731 3746 est
1756 3706 1851 3747 re-

490 3758 751 3818 sistentia
799 3761 1100 3820 difficultas
1130 3762 1324 3822 adesse
1352 3767 1564 3840 nequit.

278 3873 462 3924 Respon-
565 3841 960 3914 Respondetur
989 3846 1092 3902 hoc
1138 3854 1544 3920 argumentum
1575 3866 1693 3907 non
1718 3867 1850 3908 ma-

328 3921 407 3965 sio.
489 3919 575 3994 gis
622 3937 827 3997 urgere
880 3925 942 3980 in
994 3926 1238 3983 victoria
1275 3928 1542 4002 gravium
1572 3931 1849 3989 tentatio-

489 4017 652 4068 num,
685 4020 856 4076 quam
885 4005 948 4062 in
976 4007 1266 4065 elicientia
1303 4009 1604 4083 cujuslibet
1641 4029 1848 4086 opera—

489 4082 662 4140 tionis
677 4086 1007 4143 excellentis
1015 4104 1174 4152 ;nam
1193 4090 1431 4146 victoria
1445 4091 1845 4163 praedictarum

484 4166 870 4222 tentationum
912 4167 1153 4225 habetur
1206 4186 1308 4241 per
1358 4186 1532 4244 opera
1569 4172 1740 4241 bona,
1790 4180 1847 4233 et

483 4248 829 4305 excellenter
857 4251 1174 4308 meritoria.
1201 4253 1382 4311 Porro
1421 4252 1718 4313 difficultas
1744 4275 1847 4315 cu—

479 4327 672 4407 jusvis
703 4330 893 4402 operis
937 4333 1270 4389 excellentis
1297 4333 1360 4389 in
1403 4335 1525 4407 ejus
1557 4336 1846 4396 elicient-ia

483 4410 744 4467 consistit
775 4433 788 4467 z
814 4411 966 4470 unde
990 4414 1134 4470 sicut
1161 4415 1444 4472 auxilium
1466 4432 1537 4474 ex
1570 4433 1630 4475 se
1648 4418 1847 4477 efficax

485 4505 603 4547 non
626 4492 795 4559 tollit,
822 4495 966 4566 quin
995 4511 1099 4552 nos
1127 4494 1308 4555 libere
1328 4496 1471 4554 illud
1488 4515 1629 4572 opus
1642 4499 1843 4557 elicia-

483 4589 631 4640 mus,
650 4578 709 4629 ut
730 4580 948 4633 constat
968 4592 1039 4635 ex
1054 4578 1324 4637 hactenus
1338 4580 1529 4637 dictis:
1553 4582 1632 4639 ita
1663 4598 1845 4657 neque

481 4655 686 4721 aufert,
724 4657 864 4728 quin
892 4660 1012 4733 ejus
1058 4657 1447 4718 difficultatem
1477 4679 1838 4736 superemus,

481 4740 537 4791 et
556 4737 707 4809 quod
746 4754 874 4796 eam
917 4740 1222 4807 vincendo,
1269 4743 1572 4814 praemium
1616 4761 1845 4804 merea-

483 4832 637 4874 mur.
713 4819 878 4877 Unde
943 4822 1272 4896 negandum
1323 4829 1408 4881 est
1452 4826 1840 4884 antecedens:

477 4899 752 4970 quoniam
800 4901 946 4958 sicut
987 4904 1167 4975 posito
1194 4905 1412 4962 auxilio
1456 4906 1684 4968 efficaci.
1739 4913 1842 4975 su-

478 4985 665 5051 perest
704 4981 889 5039 adhuc
914 4999 1054 5058 opus
1095 5002 1127 5042 a
1156 4985 1321 5044 nobis
1357 4987 1727 5055 eliciendum,
1759 4991 1841 5048 ita

474 5072 733 5137 superest
776 5066 1076 5126 difficultas
1129 5071 1450 5139 vincenda3
1505 5078 1671 5146 atque
1714 5073 1840 5132 ideo

1982 579 2157 671 ¹sicut
2194 615 2298 672 illo
2325 614 2543 673 auxilio
2579 615 2778 688 posito,
2811 614 3088 672 habemus
3115 630 3256 687 opus
3286 614 3375 670 fa-

2008 695 2296 764 ciendum,
2328 697 2408 753 ita
2459 696 2738 754 habemus
2781 696 3172 754 difficultatem
3203 713 3374 771 supe-

2009 775 2271 834 randam.
2294 777 2378 833 Ad
2393 776 2791 851 probationem
2813 783 3006 836 autem
3036 777 3372 836 anteceden-

2007 861 2081 917 tis
2133 859 2439 918 dicendum
2484 867 2589 928 est,
2635 860 2922 918 auxilium
2968 875 3042 917 ex
3078 875 3140 917 se
3182 858 3375 917 efficax

2005 942 2240 1000 vincere
2266 958 2468 1000 omnes
2510 941 2872 1000 difficultates
2910 942 3227 1007 causaliter,
3255 957 3372 999 non

2005 1039 2144 1081 vero
2169 1023 2480 1096 formaliter
2497 1042 2518 1091 ,·
2537 1023 2672 1097 quia
2692 1022 2934 1080 victoria
2957 1021 3221 1080 formalis
3247 1037 3375 1079 con-

1898 1160 1903 1165 .
2003 1106 2156 1163 sistit
2180 1106 2244 1162 in
2268 1105 2460 1179 aliquo
2498 1105 2773 1163 exercitio
2797 1122 2830 1162 a
2863 1104 3029 1162 nobis
3053 1103 3237 1162 libere
3261 1104 3373 1163 eli-

2003 1186 2206 1245 ciendo
2226 1193 2313 1244 :et
2327 1187 2612 1244 auxilium
2635 1202 2752 1244 non
2773 1192 2857 1243 est
2880 1186 3207 1244 formaliter
3224 1185 3373 1242 illud

2002 1267 2366 1335 exercitium,
2421 1266 2789 1341 sedapplicat
2816 1283 2921 1325 nos
2959 1267 3257 1325 efficaciter
3304 1266 3375 1324 ad

2003 1347 2149 1405 illud
2165 1348 2533 1406 eliciendum.
2543 1348 2706 1407 Unde
2720 1350 2866 1408 sicut
2878 1351 3166 1408 auxilium
3182 1349 3375 1408 efficax

2002 1444 2107 1487 nos
2128 1428 2490 1497 determinat,
2516 1436 2571 1487 et
2592 1435 2930 1489 tamennon
2954 1430 3373 1504 impedit,quod

2001 1526 2105 1568 nos
2133 1510 2586 1569 determinemus
2617 1536 2631 1580 ;
2675 1514 2810 1586 quia
2839 1529 2956 1571 non
2981 1517 3069 1572 est
3091 1512 3373 1570 determi-

2001 1594 2160 1650 natio
2214 1592 2495 1661 formalis,
2547 1609 2609 1649 ac
2635 1593 2865 1661 vitalis;
2895 1594 2993 1651 sed
3018 1592 3285 1659 causalis,
3312 1597 3369 1651 et

2000 1673 2343 1746 applicativa
2375 1695 2389 1729 z
2413 1672 2493 1730 ita
2514 1673 2788 1732 idemmet
2810 1674 3097 1731 auxilium
3127 1689 3247 1730 non
3267 1690 3369 1730 su-

2001 1757 2160 1826 perat
2203 1752 2595 1811 difficultatem
2645 1755 2841 1830 gravis
2868 1754 3205 1812 tentationis
3246 1753 3366 1811 for-

1997 1835 2249 1901 maliter,
2274 1834 2374 1893 sed
2399 1837 2707 1894 causaliter
2732 1860 2745 1904 ;
2787 1837 2923 1910 quia
2952 1853 3068 1895 non
3095 1843 3181 1894 est
3208 1842 3362 1893 actus

1997 1916 2342 1985 formaliter,
2386 1924 2443 1976 et
2469 1919 2733 1977 ultimate
2759 1919 3014 1985 vincenS,
3047 1918 3146 1977 sed
3176 1919 3366 1993 appli-

1995 2000 2141 2057 catio
2190 1999 2387 2058 efficax
2436 2000 2507 2058 ad
2557 2001 2941 2059 exercendum
2990 2007 3179 2058 actum
3206 2046 3241 2077 ,μ
3264 2017 3366 2076 per

1994 2098 2165 2155 quem
2206 2083 2531 2140 vincamus.
2586 2085 2657 2138 Et
2681 2089 3092 2157 consequenter
3117 2100 3187 2140 ex
3210 2085 3365 2157 posi-

1995 2165 2152 2223 tione
2172 2167 2377 2222 auxilii
2389 2165 2627 2222 efficacis
2644 2181 2762 2223 non
2780 2166 3059 2240 sequitur,
3077 2166 3228 2240 quod
3245 2183 3361 2225 non

1995 2248 2308 2309 habeamus
2372 2247 2762 2305 difficultatem
2816 2248 3162 2306 vincendam
3190 2292 3204 2316 ,
3261 2250 3360 2307 sed

1992 2330 2181 2388 solum
2208 2331 2476 2393 infertur,
2506 2327 2656 2402 quod
2693 2328 3085 2386 infallibiliter
3113 2329 3361 2387 difficul-

1994 2416 2187 2481 tatem,
2237 2429 2361 2487 quae
2398 2427 2459 2469 se
2505 2410 2691 2476 offert,
2742 2411 3062 2479 vincamuS,
3112 2418 3169 2470 et
3209 2415 3358 2486 quod

1992 2492 2159 2552 illam
2206 2500 2548 2570 prostratam
2591 2493 3008 2566 relinquamuS,
3039 2501 3096 2553 et
3139 2495 3211 2553 ab
3237 2498 3359 2572 ejus

1991 2573 2326 2650 ingruentia
2371 2591 2489 2632 non
2520 2590 2875 2648 superemus.
2927 2575 3087 2641 Quod
3129 2593 3246 2635 non
3278 2578 3359 2636 sic

1990 2658 2363 2730 contingeret,
2414 2655 2462 2710 si
2494 2653 2829 2726 praedictum
2876 2655 3163 2711 auxilium
3192 2655 3358 2715 abes-

1988 2740 2074 2792 set
2115 2758 2129 2803 ;
2158 2777 2161 2778 ⁷
2198 2740 2334 2793 tunc
2384 2734 2543 2792 enim
2594 2751 2628 2791 a
2687 2734 3004 2792 tentatione
3065 2752 3357 2808 possemus

1989 2813 2166 2883 vinci,
2185 2820 2240 2873 et
2262 2815 2662 2872 vinceremur:
2693 2829 2761 2871 eo
2788 2820 2981 2872 autem
3011 2816 3211 2889 posito,
3234 2834 3358 2891 pos-

1987 2912 2188 2951 sumus
2238 2896 2472 2970 quidem
2524 2895 2701 2961 vinci,
2740 2894 2837 2951 sed
2868 2913 2985 2954 non
3012 2897 3306 2955 vincimur
3334 2924 3351 2967 ;

1987 2975 2122 3048 quia
2162 2975 2241 3032 ita
2269 2979 2599 3048 perseverat
2651 2974 2967 3033 allicientia
2989 2975 3194 3050 objecti
3222 2994 3357 3051 pec-

1985 3057 2284 3125 caminosi,
2332 3062 2388 3115 et
2426 3055 2829 3114 defectibilitas
2869 3058 3049 3114 nostri
3097 3058 3349 3127 arbitrii,

1986 3137 2050 3194 in
2072 3138 2281 3210 quibus
2311 3139 2566 3214 gravitas
2606 3137 2938 3195 tentationis
2966 3139 3260 3209 fundatur,
3294 3146 3355 3199 ut

1985 3216 2188 3275 divino
2214 3219 2434 3276 auxilio
2454 3218 2753 3275 efficaciter
2774 3218 3107 3288 fulciamur,
3133 3226 3189 3278 et
3217 3237 3355 3294 pro-

1985 3314 2327 3356 moveamur
2386 3298 2457 3355 ad
2496 3297 2844 3356 eliciendum
2904 3304 3091 3356 actum
3130 3307 3357 3361 contra-

1986 3378 2170 3446 rium,
2226 3396 2340 3454 quo
2385 3380 2713 3438 formaliter
2767 3378 3101 3437 resistamus
3119 3421 3133 3439 .
3186 3382 3353 3441 Unde

1985 3460 2133 3518 ratio
2154 3459 2424 3518 vincendi
2444 3459 2824 3518 tentationem
2850 3465 2935 3517 est
2960 3461 3193 3534 quidem
3214 3479 3352 3538 gra-

1984 3538 2063 3595 tia
2091 3561 2103 3595 ε
2125 3539 2225 3598 sed
2266 3556 2369 3597 nos
2397 3538 2574 3619 adjuti
2601 3540 2790 3613 gratia
2811 3540 3122 3610 vincimus,
3144 3548 3202 3599 et
3222 3559 3351 3600 me-

1983 3635 2201 3677 remur.
2253 3623 2436 3685 Quam
2464 3620 2864 3677 excellentiam
2893 3623 3256 3680 commendat
3283 3624 3346 3681 in

1980 3702 2170 3777 gratia
2202 3701 2412 3760 efficaci
2435 3705 2498 3758 D.
2531 3705 2768 3776 August.
2799 3703 2891 3760 lib.
2922 3705 2986 3759 de
3005 3704 3140 3761 bono
3162 3723 3349 3779 perse-
3379 3712 3537 3761 naus·

1979 3786 2256 3849 veranlioe,
2280 3800 2405 3856 cap.
2452 3785 2507 3851 6,
2553 3782 2649 3839 ubi
2677 3789 2930 3841 tractans
2971 3784 3119 3841 illud
3139 3788 3346 3845 Matth.

1979 3865 2015 3920 6
2041 3885 2055 3919 ε
2085 3862 2156 3921 Et
2182 3881 2248 3919 ne
2267 3881 2365 3919 nos
2384 3865 2595 3937 inseras
2625 3866 2684 3919 in
2705 3867 3076 3932 tentationem,
3112 3871 3170 3924 et
3192 3868 3346 3925 refe-

1925 3947 1937 3959 ·
1981 3957 2115 4000 rens
2166 3943 2584 4016 expositionem
2638 3947 2703 4000 D.
2754 3944 3051 4019 Cypriani,
3111 3946 3348 4019 inquit:

1985 4043 2012 4076 α
2053 4023 2317 4080 Tutior-es
2364 4023 2543 4098 igitur
2582 4022 2859 4091 vivimuS,
2912 4025 2961 4080 si
3007 4030 3190 4083 totum
3237 4030 3350 4085 Deo

1985 4123 2011 4155 α
2051 4102 2275 4159 damus.
2321 4106 2451 4160 Non
2494 4107 2685 4159 autem
2727 4118 2832 4162 nos
2878 4104 2966 4161 illi
2990 4122 3061 4162 ex
3086 4112 3263 4179 parte,
3288 4113 3348 4165 et

1984 4205 2011 4238 α
2052 4183 2219 4241 nobis
2245 4200 2316 4242 ex
2342 4178 2510 4259 'parte
2536 4185 2953 4243 committimus
2977 4211 2991 4254 ς
3020 4187 3169 4261 quod
3201 4189 3345 4246 vidit

1983 4287 2010 4320 α
2051 4266 2158 4323 iste
2184 4265 2535 4324 venerabilis
2581 4272 2826 4342 martyr.
2854 4271 3000 4325 Nam
3036 4285 3168 4326 cum
3193 4285 3347 4329 eun—

1983 4369 2010 4402 «
2051 4347 2183 4405 dem
2213 4349 2400 4406 locum
2441 4349 2722 4407 orationis
2763 4355 3092 4422 exponeret,
3119 4351 3200 4409 ait
3222 4358 3348 4426 post

1982 4452 2009 4484 α
2050 4436 2295 4488 caetera:
2348 4431 2588 4497 Quando
2623 4438 2815 4490 autem
2864 4449 3152 4508 rogamus,
3185 4451 3259 4492 ne
3280 4436 3344 4493 in

1983 4530 2008 4564 α
2049 4513 2428 4570 tentationem
2481 4513 2802 4581 veniamus,
2835 4515 3222 4573 admonemur
3245 4517 3346 4573 in-

1982 4614 2008 4647 «
2049 4591 2361 4669 firmitatis,
2392 4601 2447 4654 et
2468 4594 2880 4655 imbecillitatis
2910 4603 3158 4656 nostrae:
3201 4597 3342 4656 dum

1981 4695 2008 4728 α
2047 4675 2130 4732 sic
2150 4692 2432 4751 rogamus,
2461 4694 2534 4736 ne
2558 4680 2687 4753 quis
2712 4696 2774 4737 se
2807 4681 3124 4738 insolenter
3150 4682 3342 4739 extol-

1981 4775 2007 4807 «
2049 4755 2147 4820 lat,
2180 4771 2254 4813 ne
2278 4758 2407 4830 quis
2450 4758 2709 4832 superbe,
2741 4759 2852 4817 sibi
2895 4767 3344 4835 arroganterque

1980 4856 2007 4889 α
2049 4836 2267 4909 aliquid
2291 4844 2645 4907 assumat,ne
2668 4840 2797 4913 quis
2817 4840 3211 4911 confessionis,
3240 4847 3340 4900 aut

1979 4939 2006 4972 α
2048 4916 2331 4991 passionis
2369 4920 2617 4995 gloriam
2644 4938 2809 4981 suam
2853 4922 3041 4992 dicat;
3073 4941 3203 4982 cum
3225 4927 3340 4983 Do-

1978 5018 2004 5051 «
2046 4997 2243 5054 minus
2266 4998 2385 5071 ipse
2412 5001 2802 5060 humilitatem
2846 5003 3051 5062 docens
3077 5005 3287 5063 dixerit
3320 5026 3335 5063 ε

1978 5099 2003 5131 «
2047 5080 2313 5155 Vigilate,
2337 5088 2393 5140 et
2434 5091 2611 5153 orate,
2645 5101 2716 5142 ne
2758 5087 3002 5144 veniatis
3038 5090 3102 5145 in
3148 5092 3338 5146 tenta-

3072 5169 3287 5228 tionem
3321 5214 3334 5238 ‚
