3647 5753
0 7 353 285 s

438 425 559 515 708
1376 431 1469 485 DE
1509 432 1994 491 NECESSITATE
2033 437 2353 496 GRATIAE.

432 595 676 667 aqualis
723 597 941 654 valoris
979 612 1110 654 cum
1158 598 1382 658 visione
1421 599 1698 668 beatifica,
1747 603 1810 662 in

432 693 554 750 ·qua
593 680 850 736 consistit
895 682 1015 738 vita
1041 686 1300 739 aeterna:
1342 701 1476 758 ergo
1508 686 1705 743 solus
1691 702 1811 759 ipse

446 761 626 830 potest
664 775 785 817 esse
831 762 1169 820 meritorius
1206 764 1368 821 illius
1394 766 1463 822 de
1502 767 1804 858 condigne,

446 843 613 911 atque
641 839 779 898 adeo
804 842 932 899 sine
969 843 1154 917 gratia
1184 845 1527 920 repugnabit
1567 847 1813 905 omnino

446 918 777 991 hujusmodi
805 923 1098 980 meritum.
1129 926 1314 1000 Major
1332 931 1551 984 constat
1571 943 1643 984 ex
1665 926 1807 993 illis,

434 1015 574 1072 qnae
594 1017 658 1057 m
677 1001 1058 1075 descriptione
1097 1005 1264 1080 huJus
1292 1007 1647 1082 meritidisp.
1668 1026 1814 1081 pras-

444 1084 556 1139 ced.
606 1102 756 1142 num.
814 1088 853 1153 1,
885 1086 1158 1154 diximus,
1203 1092 1259 1145 et
1295 1106 1365 1147 ex
1392 1093 1455 1147 D.
1502 1091 1707 1148 Thom.
1754 1092 1814 1145 in

432 1167 710 1237 prasenti,
742 1174 851 1221 art.
887 1169 941 1235 3,
974 1170 1034 1223 in
1059 1168 1327 1226 solutione
1352 1172 1426 1227 ad
1446 1172 1499 1237 3,
1532 1171 1579 1227 si
1606 1170 1814 1230 solutio

445 1244 550 1301 illa
593 1262 722 1302 cum
751 1264 854 1305 suo
881 1256 1220 1322 argumento
1245 1252 1596 1309 conferatur.
1620 1252 1815 1309 Minor

444 1342 586 1385 vero
623 1330 1017 1402 (supponendo
1055 1331 1114 1388 id
1159 1333 1309 1406 quod
1347 1339 1434 1391 est
1478 1350 1579 1406 per
1616 1351 1677 1391 se
1704 1349 1814 1390 no-

448 1414 592 1476 tum,
640 1416 695 1468 et
716 1414 781 1469 D.
806 1414 1009 1472 Thom.
1046 1417 1108 1472 in
1132 1417 1399 1490 praesenti
1427 1416 1605 1484 docet,
1637 1422 1692 1476 et
1713 1432 1815 1473 su-

452 1513 556 1571 pra
594 1508 775 1577 quaest.
817 1502 936 1567 109,
980 1511 1092 1559 art.
1134 1506 1189 1571 5,
1220 1505 1368 1578 quod
1416 1506 1631 1562 scilicet
1658 1509 1816 1562 actus

452 1579 784 1638 meritorius
814 1598 929 1639 non
953 1588 1133 1656 potest
1155 1601 1277 1642 esse
1304 1584 1541 1659 maJ‘oris
1561 1584 1817 1660 dignita-

444 1660 543 1726 tis,
587 1665 642 1717 et
691 1663 924 1726 valoris,
968 1678 1140 1735 quam
1185 1665 1261 1721 sit
1308 1665 1516 1731 forma,
1561 1681 1685 1739 quae
1731 1669 1816 1721 est

446 1744 802 1817 principium
831 1746 963 1801 talis
991 1752 1112 1801 actu
1125 1764 1171 1813 S,
1203 1764 1330 1804 cum
1359 1753 1539 1805 totum
1563 1747 1640 1813 id,
1666 1745 1816 1819 quod

450 1832 606 1897 actus
646 1826 832 1890 habet,
867 1827 1069 1885 habeat
1097 1828 1166 1886 ab
1196 1830 1299 1886 illa
1338 1830 1546 1900 forma)
1573 1830 1654 1886 sic
1678 1845 1815 1885 sua-

448 1908 616 1966 detur
660 1930 674 1965 :
715 1911 850 1983 quia
897 1912 1061 1969 nulla
1107 1911 1295 1970 forma
1336 1918 1542 1986 praeter
1566 1913 1813 1986 gratiam

449 1992 702 2063 (excepta
747 1992 1097 2067 hypostatica
1144 1996 1379 2066 unione)
1411 1999 1599 2068 potest
1639 2011 1671 2051 a
1700 1997 1814 2052 Deo

446 2070 704 2144 produci,
731 2089 856 2145 quae
884 2075 960 2130 sit
986 2077 1220 2147 aequalis
1246 2074 1562 2149 dignitatis,
1593 2080 1650 2132 et
1677 2090 1815 2149 per-

453 2153 715 2211 fectionis
737 2171 865 2210 cum
898 2156 1117 2215 visione
1140 2157 1394 2216 beatifica
1424 2178 1437 2212 ε
1460 2172 1594 2231 ergo
1617 2158 1815 2213 nullus

452 2235 600 2291 alius
640 2240 812 2303 actuS,
846 2254 878 2293 a
916 2255 1271 2312 quacumque
1311 2240 1500 2296 forma
1526 2236 1808 2311 procedat,

451 2322 631 2389 potest
674 2333 797 2375 esse
840 2322 1074 2391 aequalis
1128 2321 1361 2390 valoriS,
1413 2325 1470 2377 et
1515 2319 1814 2395 dignitatis

450 2414 578 2454 cum
608 2399 710 2455 hac
733 2401 972 2467 visione,
1001 2403 1115 2459 nisi
1141 2405 1296 2460 solus
1337 2405 1457 2466 ille,
1491 2404 1588 2475 qui
1612 2418 1814 2476 proce-

450 2478 534 2533 dit
562 2494 594 2534 a
613 2481 814 2552 gratia.
850 2481 1134 2539 Probatur
1161 2484 1357 2541 minor
1385 2482 1553 2556 hujus
1578 2482 1814 2540 secundi

448 2560 786 2634 syllogismi.
821 2562 881 2618 in
910 2579 1021 2635 qua
1059 2565 1183 2621 sola
1210 2569 1396 2637 posset
1421 2580 1541 2620 esse
1568 2564 1815 2621 difficul-

449 2645 535 2696 tas
567 2661 579 2695 :
607 2642 879 2712 quoniam
908 2643 1056 2701 visio
1083 2644 1186 2701 illa
1224 2650 1312 2701 est
1340 2643 1602 2702 formalis
1630 2645 1812 2717 parti-

446 2721 654 2794 cipatio
667 2722 1089 2793 perfectissimae
1106 2725 1414 2781 rationisin
1429 2726 1541 2782 Deo
1558 2730 1809 2799 repertae,

448 2805 669 2856 naturae
695 2801 998 2868 nimirum,
1028 2807 1084 2858 et
1104 2804 1364 2860 essentiae
1403 2804 1618 2861 divinae
1642 2821 1813 2880 :ergo

448 2884 614 2940 asola
641 2883 743 2940 illa
766 2884 951 2941 forma
975 2890 1151 2957 potest
1173 2886 1234 2942 in
1260 2887 1625 2960 perfectione,
1646 2893 1702 2945 et
1720 2888 1813 2945 di-

447 2965 666 3040 gnitate
710 2965 1017 3038 adaequari,
1050 2983 1175 3040 quae
1213 2973 1299 3023 est
1325 2967 1588 3026 formalis
1628 2971 1813 3043 parti-

447 3047 659 3119 cipatio
707 3046 959 3122 ejusdem
1002 3054 1268 3105 naturae:
1303 3066 1446 3122 quae,
1480 3054 1542 3106 ut
1569 3055 1807 3118 constat,

390 3168 400 3178 .
449 3142 569 3184 non
596 3132 775 3199 potest
797 3144 919 3185 esse
947 3129 1082 3195 alia,
1108 3146 1280 3202 quam
1307 3131 1513 3205 gratia.
1756 3183 1759 3184 a

224 3198 435 3245 ‘mam‘-
524 3211 962 3269 confirmatur·
996 3230 1128 3270 nam
1158 3214 1428 3286 quaelibet
1465 3216 1579 3272 alia
1602 3216 1808 3287 forma,

447 3306 572 3365 quae
593 3309 625 3348 a
647 3295 760 3348 Deo
782 3298 959 3364 potest
983 3293 1234 3366 produci,
1262 3296 1449 3352 solum
1489 3296 1601 3352 erit
1630 3298 1814 3370 parti-

447 3374 654 3446 cipatio
683 3374 924 3449 alicujus
962 3390 1033 3432 ex
1072 3376 1290 3434 divinis
1316 3377 1625 3443 attributis,
1658 3384 1721 3435 ut
1741 3397 1813 3438 ex

444 3471 505 3513 se
532 3461 617 3513 est
654 3457 1024 3514 manifestum
1055 3480 1068 3513 :
1098 3465 1316 3516 constat
1342 3467 1552 3529 autem,
1580 3463 1809 3519 nullam

446 3538 707 3595 attributi
758 3540 1256 3614 participationem
1301 3541 1596 3615 adaequare
1625 3559 1807 3616 posse,

443 3637 547 3678 nec
568 3620 913 3687 formaliter,
941 3638 1045 3680 nec
1064 3624 1393 3680 virtualiter
1421 3626 1814 3697 participatio-

441 3718 577 3759 nem
620 3702 798 3775 ipsius
838 3702 1053 3759 divinae
1081 3711 1336 3773 naturae;
1367 3706 1503 3778 quia
1529 3707 1677 3765 sicut
1705 3725 1806 3766 na-

441 3790 572 3840 tura
587 3783 789 3840 divina
809 3784 1030 3841 excedit
1045 3786 1378 3844 virtualiter
1395 3803 1498 3843 sua
1515 3788 1806 3852 attributa,

440 3866 521 3922 ita
550 3863 757 3929 forma,
791 3880 916 3936 quae
942 3870 1026 3920 est
1053 3866 1417 3940 participatio
1446 3873 1681 3935 naturae,
1707 3885 1813 3926 ex-

440 3943 590 4001 cedit
635 3960 1037 4016 quamcunque
1080 3947 1277 4014 aliam,
1329 3963 1454 4020 quae
1499 3950 1685 4005 solum
1738 3948 1816 4004 sit

445 4025 806 4099 participatio
829 4025 1109 4082 attributi.
1141 4029 1282 4083 Cum
1305 4043 1439 4102 ergo
1460 4029 1606 4086 visio
1630 4028 1813 4085 beati-

443 4106 550 4164 fica
586 4107 663 4163 sit
698 4107 1063 4180 participatio
1107 4109 1285 4181 ipsius
1312 4107 1525 4168 divinae
1566 4116 1807 4178 naturae,

445 4191 615 4263 plane
642 4189 898 4262 sequitur
937 4204 970 4243 a
1012 4191 1174 4247 nulla
1202 4191 1317 4247 alia
1339 4190 1541 4256 forma,
1575 4198 1813 4265 praeter-

440 4286 614 4344 quam
639 4271 887 4345 agratia,
914 4286 1039 4344 quae
1054 4277 1135 4328 est
1156 4272 1411 4347 ejusdem
1437 4279 1655 4332 naturae
1677 4291 1814 4348 par-

441 4351 713 4423 ticipatio,
764 4366 924 4423 posse
961 4350 1024 4405 in
1073 4352 1417 4423 perfectione
1464 4352 1807 4421 formaliter,

440 4434 532 4489 vel
563 4432 893 4489 virtualiter
933 4432 1254 4506 adaequari;
1287 4440 1453 4507 atque
1470 4435 1610 4493 adeo
1633 4453 1666 4493 a
1691 4439 1814 4494 sola

441 4512 627 4588 gratia
654 4512 799 4571 oriri
831 4529 992 4586 posse
1032 4520 1241 4581 actum,
1267 4514 1365 4587 qui
1391 4517 1466 4573 sit
1506 4515 1575 4573 de
1611 4518 1814 4575 condi-

442 4611 556 4670 gno
592 4595 928 4651 meritorius
960 4595 1237 4668 praedictae
1265 4597 1524 4655 visionis.
1552 4601 1687 4663 Quae
1716 4617 1814 4657 ra-

445 4676 525 4733 tio
550 4691 680 4732 cum
725 4676 989 4748 procedat
1027 4694 1099 4734 ex
1141 4678 1489 4746 intrinsecis,
1520 4685 1575 4736 et
1615 4696 1815 4737 essen-

442 4758 677 4815 tialibus
705 4758 884 4831 ipsius
911 4760 1106 4816 meriti
1124 4775 1302 4833 ,aeque
1323 4760 1551 4834 probat,
1570 4761 1634 4817 in
1652 4764 1814 4821 nullo

440 4857 613 4899 sensu
652 4855 811 4913 posse
846 4857 1055 4912 purum
1108 4842 1427 4910 hominem,
1473 4843 1596 4900 sive
1634 4843 1709 4900 sit
1749 4844 1814 4901 in

457 4923 696 4995 peccato,
716 4919 839 4975 sive
868 4919 1078 4993 absque
1103 4922 1224 4986 illo,
1249 4923 1377 4980 sine
1394 4923 1590 4980 habitu
1611 4925 1813 4998 gratias

443 5002 658 5061 mereri
681 5002 856 5058 vitam
884 5008 1158 5059 aeternam
1181 5003 1250 5060 de
1301 5005 1603 5080 condigno,
1635 5005 1811 5062 etiam

446 5100 548 5156 per
575 5083 840 5141 ordinem
870 5082 940 5139 ad
968 5085 1283 5155 potentiam
1336 5087 1435 5144 Dei
1463 5084 1808 5144 absolutam.

3641 364 3646 415 fl
3615 7 3647 335 -ῌιΟ--ῇ

2548 618 2581 685 ξ
2621 616 2716 672 111.

2033 767 2298 843 Opposita
2322 774 2508 846 opinio
2533 792 2657 830 cum
2682 776 2801 830 suis
2838 777 3217 844 aryumentiS.

2022 932 2079 988 5.
2102 933 2377 998 Quamvis
2389 934 2459 992 de
2475 936 2596 1011 lege
2615 936 2916 994 ordinaria
2931 938 3130 993 nullus
3143 937 3221 994 sit
3246 953 3323 994 ex
3348 937 3506 980 senmu-

1948 1014 2254 1072 Catholicis
2283 1018 2632 1083 Doctoribus,
2677 1018 2774 1091 qui
2812 1025 2977 1094 neget
3005 1020 3321 1077 necessita-
3350 990 3505 1081 ²}ae

1949 1098 2063 1150 tem
2090 1096 2289 1171 gratiae
2308 1097 2717 1171 justificantis
2702 1115 2766 1155 in
2786 1099 2992 1157 ordine
3032 1099 3103 1155 ad
3131 1100 3322 1157 meri-

1949 1177 2071 1232 tum
2100 1174 2169 1233 de
2189 1177 2472 1252 condigno
2493 1179 2625 1237 vitae
2659 1185 2909 1245 aeternae,
2947 1179 3093 1237 utin
3124 1180 3327 1252 prima

1950 1258 2263 1315 assertione
2289 1257 2542 1315 diximus
2576 1281 2589 1316 :
2618 1265 2676 1317 at
2694 1259 2765 1316 de
2794 1260 3048 1334 potentia
3073 1261 3175 1318 Dei
3204 1261 3318 1318 ab·

1947 1341 2133 1397 soluta
2175 1355 2305 1397 eam
2351 1357 2468 1397 non
2513 1356 2635 1397 esse
2681 1343 3083 1407 necessariam,
3115 1340 3319 1399 docuit

1948 1420 2142 1477 Scotus
2159 1422 2285 1487 inl,
2304 1422 2433 1478 dist.
2461 1424 2541 1487 17,
2561 1429 2743 1498 quast.
2759 1424 2810 1489 2,
2829 1421 3061 1479 Gabriel
3084 1422 3311 1485 tbtdem
3350 1428 3496 1470 80⁰1ss

1948 1503 2273 1579 Gregorius,
2303 1507 2359 1560 et
2385 1501 2585 1572 Okam,
2630 1504 2924 1560 Max-silius
2951 1506 3011 1559 in
3055 1505 3104 1572 1,
3130 1510 3314 1598 quast.
3333 1476 3504 1579 (ἷῖὲᾶὶὲ

1947 1588 2040 1653 20,
2083 1583 2316 1642 Medina
2343 1586 2402 1639 in
2425 1587 2692 1657 prasenti,
2726 1586 2824 1642 ubi
2853 1586 3028 1643 etiarn
3057 1585 3116 1641 id
3160 1585 3321 1642 insi-
3358 1576 3504 1668 (ἐξ,

1948 1682 2132 1725 nuare
2156 1664 2385 1723 videtur
2426 1664 2744 1739 cajetanus,
2776 1666 2970 1723 dicens
2996 1670 3060 1723 D.
3104 1666 3316 1723 Thom.
3335 1674 3500 1718 medina.

1950 1751 2173 1804 tantum
2203 1747 2356 1818 loqui
2387 1745 2455 1803 de
2484 1749 2604 1820 lege
2631 1746 2949 1813 ordinaria,
2976 1752 3032 1803 et
3061 1746 3207 1804 forte
3247 1746 3321 1803 de

1950 1828 2203 1901 potentia
2243 1826 2500 1883 absoluta
2548 1842 2664 1883 non
2713 1842 3037 1901 repugnare
3081 1826 3322 1899 opposi-

1949 1914 2090 1964 tum.
2141 1910 2349 1964 Suarez
2391 1908 2485 1963 lib.
2543 1908 2607 1962 12
2651 1909 2745 1962 cit.
2793 1925 2913 1979 cap.
2975 1908 3058 1971 14,
3110 1907 3321 1963 saltem

1947 1988 2132 2062 quoad
2174 1988 2470 2045 hominem
2517 1987 2859 2044 existentem
2901 1987 2964 2043 in
2993 1987 3174 2060 puris,
3224 1991 3327 2044 aut

1946 2071 2075 2127 sine
2121 2075 2358 2142 peccat0,
2393 2074 2448 2126 et
2487 2068 2670 2142 quoad
2718 2068 2966 2125 eundem
3003 2069 3318 2126 Montesin.
3340 2083 3498 2125 nonies

1946 2152 2087 2225 disp.
2119 2152 2211 2216 35,
2252 2158 2430 2223 quast.
2462 2153 2516 2215 5,
2554 2155 2610 2206 et
2643 2150 2746 2206 alii
2772 2167 2843 2207 ex
2879 2149 3319 2207 recentioribus,

1950 2235 2047 2290 Est
2073 2239 2268 2290 tamen
2291 2234 2443 2288 inter
2474 2231 2777 2305 praedictos
2804 2233 3086 2289 Authores
3108 2232 3327 2288 discri-

1948 2330 2123 2380 men;
2167 2330 2303 2370 nam
2355 2316 2568 2377 Scotus,
2600 2314 2959 2377 Nominales,
3007 2319 3062 2370 et
3087 2311 3328 2368 Medina

1948 2398 2261 2468 loquuntur
2288 2395 2463 2450 etiam
2485 2393 2553 2451 de
2587 2393 2853 2467 operibus
2881 2392 3066 2450 solum
3095 2391 3330 2449 viribus

1949 2482 2172 2534 naturas
2199 2475 2377 2543 factiS,
2410 2482 2467 2533 et
2493 2476 2581 2532 his
2608 2475 2805 2532 dicunt
2852 2491 2969 2532 non
2999 2490 3329 2548 repugnare

1947 2559 2017 2615 de
2044 2558 2296 2631 potentia
2335 2558 2593 2615 absoluta
2621 2556 2951 2631 p‘raedictam
2995 2557 3191 2613 meriti
3224 2572 3327 2612 ra—

1947 2641 2187 2699 tionem.
2216 2641 2425 2696 Suarez
2451 2654 2608 2705 ver0,
2639 2644 2694 2695 et
2722 2638 3064 2695 recentiores
3091 2640 3323 2693 tantum
3617 2590 3632 2739 j

1947 2723 2262 2795 loquuntur
2288 2719 2356 2777 de
2380 2719 2666 2792 operibus,
2683 2735 2807 2792 quae
2828 2717 2953 2776 fieri
2979 2721 3213 2791 possunt
3241 2733 3318 2774 ex
3609 2752 3619 2783 ⁴.

1948 2805 2165 2861 auxilio
2210 2803 2636 2878 supernaturali
2678 2819 2712 2858 a
2751 2818 2866 2859 non
2907 2800 3151 2857 habente
3177 2815 3321 2874 gra-

1949 2889 2089 2945 tiam
2121 2888 2497 2946 habitualem.

2022 2970 2302 3029 Probatur
2321 2970 2510 3044 primo
2532 2970 2647 3025 haec
2666 2967 2970 3032 sententia,
2986 2964 3120 3037 quia
3141 2981 3320 3038 opera
3336 2958 3511 3061 Ρᾞῗζῃ

1948 3059 2140 3110 nostra
2170 3069 2286 3111 non
2315 3053 2526 3110 habent
2553 3052 2836 3108 rationem
2864 3049 3058 3105 meriti
3086 3047 3157 3104 de
3184 3064 3317 3104 con·
3336 3063 3524 3101 mentun.
3631 3031 3642 3144 ι

1947 3134 2139 3227 digno,
2174 3135 2286 3191 nisi
2314 3151 2386 3191 ex
2430 3134 2631 3189 divina
2678 3130 3073 3203 acceptatione
3101 3133 3158 3184 et
3188 3144 3317 3200 pro-

1947 3216 2224 3275 missione
2281 3220 2337 3272 et
2377 3215 2455 3271 ita
2485 3215 2643 3271 illius
2672 3218 2896 3269 tantum
2927 3209 3156 3284 praemii
3179 3215 3317 3265 sunt

1946 3296 2266 3360 meritoria,
2300 3294 2448 3369 quod
2501 3298 2645 3351 Deus
2686 3293 2807 3349 iilis
2850 3290 3134 3364 promisit,
3167 3289 3316 3345 etin
3623 3157 3642 3410 Ι

1945 3378 2152 3437 ordine
2186 3377 2254 3434 ad
2280 3374 2428 3451 quod
2461 3377 2562 3432 illa
2594 3379 2878 3448 acceptat·
2906 3371 3005 3429 sed
3028 3376 3209 3444 potest
3229 3386 3319 3427 ac·
3623 3419 3636 3448 Ι

1945 3467 2171 3534 ceptare
2218 3475 2391 3531 opera
2436 3462 2597 3515 extra
2636 3455 2887 3530 gratiam
2917 3454 3081 3518 ffficta
3116 3458 3177 3507 ut
3220 3450 3317 3508 det

1947 3563 2051 3620 pro
2097 3544 2216 3601 illis
2254 3543 2516 3616 operanti
2564 3544 2743 3599 vitam
2791 3547 3067 3598 aeternam
3115 3560 3128 3596 ε
3178 3549 3319 3612 ergo

1947 3627 2214 3700 praedicta
2235 3640 2408 3698 opera
2431 3629 2665 3699 possunt
2689 3625 2846 3680 i11ius
2872 3637 2993 3678 esse
3015 3621 3319 3684 meritoria

1946 3708 2016 3766 de
2042 3706 2343 3782 condigno.

2019 3787 2407 3846 confirmatur
2433 3802 2502 3842 ex
2524 3784 2632 3850 his,
2672 3785 2871 3858 quasin
2895 3783 3168 3840 humanis
3187 3799 3318 3841 con·
3349 3796 3504 3840 court

1946 3872 2194 3945 tingunt,
2228 3869 2328 3926 ubi
2377 3868 2642 3941 princeps
2670 3881 2771 3938 per
2809 3867 2993 3922 solam
3034 3866 3317 3924 extrinse-
3360 3851 3498 3889 “³²⁸⁰

1945 3967 2070 4008 cam
2097 3950 2546 4024 designationem
2580 3963 2701 4003 rem
2726 3947 2890 4019 parvi
2915 3948 3130 4004 valoris
3154 3963 3318 4004 cons·

1946 4032 2103 4090 tituit
2148 4031 2397 4103 pretium
2440 4027 2680 4102 dignum
2730 4027 2969 4084 alterius
3018 4029 3101 4086 rei
3147 4030 3316 4103 longe

1947 4112 2183 4186 maJ'oris
2209 4111 2626 4172 aestimatiouis,
2651 4115 2706 4165 et
2730 4110 2961 4175 valoris,
2989 4116 3048 4166 ut
3071 4115 3223 4182 patet
3250 4112 3314 4168 in

1946 4198 2195 4252 moneta.
2227 4191 2366 4248 dum
2392 4190 2624 4247 cuditur
2675 4190 2737 4246 in
2764 4191 3010 4247 materia
3035 4190 3188 4256 aeris,
3221 4192 3316 4249 vel

1946 4274 2106 4338 ferri,
2132 4288 2259 4345 quae
2299 4288 2369 4328 ex
2397 4271 2918 4342 solaimpressione
2945 4272 3125 4345 sigilli
3158 4275 3310 4346 regis

1946 4356 2148 4427 accipit
2192 4353 2373 4410 multo
2401 4353 2528 4426 plus
2554 4351 2860 4409 extrinseci
2885 4353 3116 4416 valoriS,
3143 4369 3320 4425 quam
3627 4373 3636 4458 ι

1947 4434 2190 4494 habebat
2212 4433 2509 4492 intrinseci
2531 4449 2695 4507 :ergo
2719 4433 2926 4488 melius
2951 4433 3159 4506 poterit
3176 4437 3323 4491 Deus
3629 4469 3637 4558 ἱ

1948 4535 2050 4592 per
2067 4517 2451 4576 extrinsecam
2488 4531 2654 4571 suam
2677 4513 3125 4580 ordinationem,
3152 4521 3209 4572 et
3235 4532 3326 4573 ac·

1946 4598 2327 4672 captationem
2352 4602 2539 4652 actum
2565 4609 2679 4650 non
2710 4593 3109 4666 procedentem
3139 4610 3172 4650 a
3192 4611 3324 4668 gra-

1948 4681 2047 4746 tia,
2079 4685 2244 4753 atque
2267 4677 2406 4734 adeo
2435 4693 2552 4734 non
2580 4675 2884 4733 habentem
2921 4675 3236 4732 secundum
3260 4694 3322 4734 se

1946 4761 2224 4835 aequalem
2262 4759 2520 4815 valorem
2563 4772 2694 4812 cum
2739 4755 3110 4824 beatitudine,
3160 4773 3324 4815 cons-

1947 4843 2155 4900 tituere
2184 4840 2431 4913 pretium
2458 4837 2807 4910 condignum
2851 4843 3104 4910 respectu
3133 4838 3318 4906 iuius,

1946 4920 2295 4980 conferendo
2323 4921 2416 4976 illi
2454 4918 2523 4975 de
2551 4920 2748 4975 valore
2773 4919 3095 4976 extrinseco
3134 4924 3323 4976 totum

1947 5004 2096 5078 quod
2120 5002 2352 5060 haberet
2374 5001 2443 5059 de
2466 5001 2798 5066 intrinseco,
2827 5001 2875 5056 si
2901 5017 2934 5057 a
2952 5001 3142 5075 gratia
3184 5018 3326 5075 pro·
3629 4837 3642 5176 Ι

1950 5084 2192 5143 cederet.

2922 5157 3328 5231 Respondetur
