3647 5753
412 403 524 461 656
1122 399 1215 453 DE
1253 398 1695 464 QUIDDITATE
1733 398 2335 455 JUSTIFICATIONIS
2375 398 2579 455 IMPII.

412 570 548 625 tarii
595 569 736 626 satis
774 587 846 628 ex
889 586 950 627 se
997 569 1195 641 liquet.
1238 569 1528 626 Posterior
1576 573 1769 626 autem

409 649 576 706 facile
596 649 934 716 ostenditur,
954 651 1228 723 quoniam
1246 648 1576 724 justificatio
1601 650 1772 722 impii

411 733 954 805 supra'infusionem
968 732 1168 807 gratiae
1191 732 1348 789 addit
1371 732 1772 791 remissionem

410 819 787 885 peccatorum,
808 830 932 885 quae
951 818 1036 870 est
1057 814 1379 870 maximum
1402 813 1767 882 beneficium,

409 899 466 950 et
484 893 548 949 in
567 909 678 965 quo
702 893 1077 968 singulariter
1096 894 1358 967 splendet
1378 894 1582 952 divina
1604 894 1773 951 mise·

411 975 658 1033 ricordia
674 997 687 1032 ε
705 993 840 1052 ergo
860 993 930 1034 ex
952 979 1056 1044 hac
1078 983 1239 1049 parte
1257 978 1774 1051 praeeminetjusti-

409 1056 662 1115 ficationi
714 1058 1055 1116 innocentis.
1126 1062 1261 1124 Quae
1331 1065 1418 1117 est
1490 1061 1775 1118 sententia

198 1131 379 1184 EM&-
411 1141 473 1197 D.
512 1145 746 1214 August.
798 1142 919 1199 loco
960 1142 1225 1215 proxime
1265 1142 1454 1210 citato,
1507 1142 1605 1200 ubi
1657 1143 1770 1200 ait:

415 1244 442 1275 α
471 1220 578 1277 Sed
609 1221 674 1278 in
694 1223 853 1279 coelis
878 1222 1056 1292 sedes,
1089 1223 1545 1292 Dominationes,
1573 1227 1773 1282 Potes-

414 1323 440 1356 «
471 1309 635 1368 tates,
698 1305 1069 1380 Archangeli,
1139 1308 1345 1381 Angeli
1399 1324 1573 1381 opera
1638 1311 1774 1364 sunt

414 1406 440 1438 α
473 1385 709 1441 Christi.
736 1386 1009 1458 Nunquid
1034 1386 1212 1443 etiam
1241 1387 1331 1443 his
1352 1388 1623 1461 operibus
1644 1404 1774 1444 ma-

414 1487 440 1520 α.
464 1465 594 1539 Jora
614 1464 767 1532 facit,
798 1467 898 1539 qui
926 1473 1199 1542 operante
1220 1468 1284 1525 in
1311 1485 1372 1527 se
1396 1470 1621 1527 Christo
1648 1485 1771 1527 coo-

411 1567 437 1599 «
472 1551 708 1618 peratur
729 1548 975 1605 salutem
1004 1554 1301 1615 aeternam,
1330 1566 1392 1607 ac
1408 1549 1772 1625 justificatio-

412 1649 438 1682 «
471 1642 605 1683 nem
652 1633 865 1686 suam?
904 1634 1032 1688 Non
1072 1632 1164 1688 hic
1210 1631 1390 1690 audeo
1415 1634 1773 1707 praecipitare

413 1732 441 1764 α
467 1713 853 1771 sententiam:
892 1714 1178 1789 intelligat
1215 1716 1316 1786 qui
1339 1722 1537 1788 potest,
1558 1715 1775 1791 J'udicet

414 1812 440 1845 α
469 1792 566 1864 qui
596 1797 799 1864 potest,
829 1799 1024 1850 utrum
1047 1796 1233 1871 majus
1254 1797 1328 1853 sit
1352 1798 1534 1872 justos
1554 1813 1767 1866 creare,

413 1895 440 1928 α
469 1889 641 1945 quam
684 1876 895 1949 impios
940 1876 1298 1951 justificare?
1324 1901 1349 1931 ι)
1376 1879 1580 1936 Statim
1634 1896 1772 1937 vero

406 1956 777 2029 quaestionem
806 1958 1232 2033 elegantissime
1252 1962 1425 2019 solvit
1441 1963 1532 2018 his
1555 1963 1767 2021 verbis:

410 2036 565 2096 Certe
600 2039 649 2093 si
675 2041 903 2117 aequalis
938 2049 1017 2096 est
1050 2048 1341 2121 utrumque
1387 2047 1649 2117 potentiss,
1675 2046 1772 2101 hoc

406 2124 640 2194 majoris
676 2129 752 2177 est
790 2126 1194 2192 misericordi&
1239 2127 1337 2181 hoc
1366 2136 1443 2182 est
1469 2131 1614 2185 enim
1642 2146 1769 2184 ma·

404 2219 573 2272 ynum
610 2206 836 2276 pietatis
874 2213 1301 2274 sacramentum,
1330 2214 1428 2264 etc.
1458 2210 1524 2264 Et
1544 2208 1769 2265 similia

193 2287 374 2382 gssiffl‘
406 2283 609 2341 docent
631 2289 693 2342 D.
717 2288 1059 2344 Laurentius
1085 2290 1115 2341 J
1122 2289 1397 2346 ustinian
1431 2293 1491 2346 in
1510 2292 1764 2365 fascicul.

405 2384 580 2424 amor.
614 2373 669 2424 et
697 2370 760 2423 D.
789 2368 992 2424 Thom.
1017 2370 1093 2425 ad
1120 2371 1297 2427 locum
1319 2374 1412 2429 cit.
1444 2371 1611 2429 Joan.
1646 2373 1764 2429 lect.

405 2449 459 2505 3.
486 2451 671 2506 Immo
699 2448 814 2505 dix
802 2465 898 2506 ina
919 2452 1093 2508 etiam
1121 2455 1371 2525 potentia
1394 2455 1771 2530 singulariter

403 2529 693 2603 splendet
681 2547 740 2587 in
764 2531 930 2602 impii
943 2532 1347 2605 justificatione
1363 2534 1433 2592 ob
1460 2536 1763 2605 rationem,

190 2613 369 2660 D·'1'h0-
405 2627 576 2684 quam
623 2608 796 2667 tradit
834 2614 897 2668 D.
925 2614 1129 2672 Thom.
1165 2617 1182 2669 l
1240 2622 1388 2688 part.
1436 2624 1619 2691 quaest.
1666 2619 1758 2683 25,

405 2699 518 2748 art.
562 2695 596 2747 3
641 2694 716 2748 ad
760 2696 812 2760 3,
861 2693 957 2750 ubi
993 2695 1108 2750 ait:
1166 2717 1193 2748 α
1229 2696 1561 2764 Dicendum,
1618 2697 1768 2771 quod

409 2795 435 2825 α
467 2772 667 2830 divina
721 2775 971 2845 potentia
1016 2776 1340 2833 ostenditur
1395 2778 1652 2835 maxime
1706 2781 1769 2835 in

412 2874 438 2907 α
470 2852 772 2926 parcendO,
818 2860 872 2912 et
919 2854 1285 2925 miserando;
1333 2857 1469 2931 quia
1516 2874 1616 2933 per
1666 2858 1770 2918 hoc

408 2954 432 2985 α
467 2933 807 2999 ostenditur,
839 2936 1016 2991 Deum
1046 2935 1255 2993 babere
1275 2954 1566 2995 summam
1590 2944 1769 3012 potes-

408 3036 434 3066 «
466 3021 662 3082 tatem,
694 3015 844 3088 quod
881 3016 1063 3075 libere
1091 3024 1311 3092 peccata
1337 3019 1599 3078 dimittit.
1634 3023 1769 3096 EJ‘us

407 3116 432 3148 α
466 3097 647 3162 enim,
671 3097 769 3169 qui
790 3098 1107 3170 superioris
1131 3100 1251 3173 lege
1272 3099 1629 3175 astringitur,
1651 3119 1767 3161 non

407 3198 432 3230 (ι
464 3185 548 3235 est
569 3177 820 3235 liberum
847 3187 1069 3252 peccata
1097 3180 1517 3238 condonare.»

187 3270 386 3323 Dispelu·
476 3259 568 3314 50.
601 3261 714 3316 Nec
742 3259 936 3326 refert,
967 3261 1016 3317 si
1038 3259 1290 3334 objicias,
1299 3263 1486 3337 majus
1514 3264 1768 3321 absolute

183 3324 375 3427 {ffiss'obs
404 3356 524 3397 esse
546 3339 761 3398 donum
787 3343 1149 3408 innocentiae,
1194 3360 1367 3416 quam
1395 3345 1615 3403 donum
1645 3364 1768 3421 poe-

211 3418 281 3471 ie¹⁸
266 3419 356 3465 ῑίο·
404 3423 680 3488 nitentiae,
691 3430 751 3478 ut
774 3423 1010 3482 docetD.
1043 3427 1248 3482 rhom.
1275 3428 1329 3492 2,
1354 3430 1389 3482 2
1398 3437 1605 3520 ,quaese
1642 3431 1761 3496 106,

401 3512 511 3559 art.
544 3506 619 3559 2·
606 3520 787 3578 ,ergo
809 3504 1139 3580 justificatio
1162 3521 1279 3561 non
1309 3507 1496 3580 impii,
1529 3510 1768 3566 sivein-

402 3586 685 3652 nocentia,
711 3591 793 3642 est
832 3586 1090 3645 absolute
1118 3588 1304 3679 majus
1331 3589 1567 3658 bonum,
1592 3608 1764 3664 quam

402 3665 568 3739 impii
587 3665 936 3740 justificatio,
972 3669 1104 3733 Hoc,
1131 3669 1391 3741 inquam,
1422 3687 1539 3728 non
1568 3672 1760 3739 refert,

397 3746 495 3804 sed
517 3762 587 3804 ex
609 3749 1057 3821 aequivocatione
1078 3750 1350 3821 procedit.
1384 3753 1566 3815 Quam
1596 3758 1655 3809 ut
1684 3753 1766 3809 vi-

399 3833 603 3897 temus,
633 3831 1101 3904 praemittendum
1129 3839 1233 3900 est,
1260 3833 1409 3906 quod
1434 3835 1767 3893 innocentia

401 3914 583 3982 potest
610 3911 1012 3983 multipliciter
1041 3911 1239 3985 accipi.
1286 3915 1487 3972 Primo
1515 3931 1618 3988 pro
1645 3918 1766 3973 sola

397 3992 656 4048 carentia
681 3993 916 4065 peccati,
957 3999 1017 4048 ut
1051 3994 1101 4049 si
1130 3994 1303 4051 homo
1329 3995 1674 4054 conderetur
1701 3999 1763 4054 in

399 4074 575 4147 puris.
604 4074 860 4131 Secundo
889 4093 992 4149 pro
1013 4076 1405 4145 immunitate,
1436 4082 1493 4134 et
1522 4095 1765 4151 praeser-

398 4154 627 4212 vatione
666 4171 699 4211 a
731 4156 964 4227 'peccato
1008 4157 1297 4232 originali,
1341 4174 1513 4231 quam
1556 4160 1765 4233 aliquis

396 4250 467 4291 ex
495 4235 554 4291 vi
593 4233 748 4292 modi
790 4251 908 4292 suae
951 4238 1342 4311 conceptionis
1368 4244 1765 4297 contracturus

397 4314 614 4371 fuisset.
649 4315 845 4372 Tertio
890 4333 994 4390 pro
1028 4317 1251 4391 justitia
1291 4319 1564 4377 continua
1592 4322 1765 4378 totius

397 4397 529 4453 vitae
554 4396 684 4453 sine
710 4397 1137 4471 interruptione
1165 4416 1266 4473 per
1295 4406 1514 4473 peccata
1541 4408 1763 4461 morta-

394 4479 493 4535 lia.
528 4481 744 4543 Quarto
783 4480 1030 4555 denique
1060 4498 1163 4555 pro
1183 4482 1591 4556 justificatione
1617 4486 1757 4560 ejus,

394 4559 492 4633 qui
524 4574 625 4615 nec
653 4560 715 4616 in
746 4577 826 4630 re,
861 4577 963 4618 nec
992 4562 1054 4617 in
1081 4560 1274 4621 debito
1300 4565 1644 4638 supponitur
1666 4567 1763 4623 ha·

396 4639 587 4697 buisse
615 4647 925 4725 peccatum.

470 4718 535 4771 In
565 4714 753 4788 prima
779 4731 915 4791 ergo
943 4718 1266 4791 acceptione
1293 4719 1624 4777 innocentia
1642 4737 1760 4779 non

392 4793 585 4852 differt
610 4794 814 4853 adono
854 4798 1163 4855 creationis
1210 4800 1484 4868 hominis,
1516 4801 1605 4857 vel
1632 4805 1758 4858 An-

390 4876 545 4950 geli,
576 4879 632 4932 et
654 4875 734 4932 ita
767 4881 851 4933 est
872 4878 1069 4935 minus
1110 4878 1347 4947 bonum,
1381 4897 1552 4954 quam
1583 4881 1755 4955 impii

381 4954 734 5028 justificatio,
761 4958 852 5014 vel
877 4958 1233 5032 poenitentia.
1261 4964 1326 5018 In
1346 4960 1594 5019 secunda
1616 4977 1755 5019 vero

385 5036 841 5097 consideratione
856 5044 1035 5113 potest
1052 5042 1383 5101 innocentia
1397 5059 1518 5101 esse
1534 5045 1753 5118 aequale

1902 569 2121 627 bonum
2148 585 2219 627 ex
2242 574 2403 644 parte
2430 569 2514 626 rei
2557 569 2736 634 factae,
2761 583 2860 626 seu
2889 567 3090 642 gratiae
3110 581 3272 624 com-

1905 653 2227 719 municatae,
2247 669 2417 726 quam
2429 650 2760 727 justificatio
2778 651 2960 725 impii;
2982 648 3270 723 siquidem

1905 732 2207 806 utrobique
2263 733 2724 790 communicatur
2772 732 2961 806 gratia
3010 727 3270 787 sanctifi-

1904 832 2060 875 cans.
2108 816 2360 873 Aliunde
2402 817 2578 873 etiam
2628 816 2894 889 praedicta
2940 812 3270 871 innocentia

1903 904 1987 956 est
2028 900 2212 974 majus
2255 915 2398 974 opus
2443 898 2505 954 in
2549 899 2772 956 ratione
2817 895 3102 962 beneficii,
3131 895 3272 969 quia

1903 981 2193 1054 supposito
2211 980 2410 1038 eodem
2434 981 2686 1044 termino
2705 998 2742 1035 a
2764 997 2886 1058 quo,
2906 992 3116 1051 nempe
3139 991 3263 1050 pec-

1904 1069 2028 1119 cato
2061 1063 2333 1137 originali
2378 1061 2548 1135 (quod
2577 1065 2641 1118 in
2663 1058 3074 1135 justificatione
3106 1074 3269 1116 com-

1904 1145 2072 1202 muni
2101 1145 2414 1219 impiorum
2450 1144 2757 1212 concurrit,
2788 1148 2846 1201 et
2872 1143 2935 1199 in
2962 1141 3272 1200 collatione

1907 1228 2190 1301 praedictae
2211 1229 2555 1286 innocentiae
2576 1243 2693 1285 non
2716 1226 2920 1294 adfuit,
2945 1224 3045 1283 sed
3066 1223 3276 1281 infuis-

1904 1315 2009 1384 set)
2059 1311 2244 1385 major
2286 1311 2563 1384 quaedam,
2612 1317 2670 1368 et
2712 1310 2896 1385 magis
2962 1307 3275 1381 anticipata

1906 1393 2227 1451 liberalitas
2246 1391 2505 1466 splendet
2533 1392 2595 1448 in
2620 1390 2900 1465 praedictae
2921 1388 3270 1447 innocentiae

1905 1476 2211 1534 collatione
2226 1498 2240 1541 ;
2262 1478 2478 1547 quanto
2506 1473 2638 1547 plus
2659 1480 2745 1530 est
2770 1471 3056 1546 impedire
3082 1487 3273 1528 macu-

1905 1558 2024 1614 lam
2048 1557 2275 1631 peccati,
2304 1572 2377 1613 ne
2403 1555 2564 1621 insit,
2588 1570 2762 1627 quam
2793 1554 2959 1611 illam
2982 1554 3106 1627 jam
3131 1568 3275 1610 con-

1905 1643 2145 1695 tractam
2166 1642 2484 1712 extergere.
2509 1640 2574 1693 In
2596 1635 2767 1692 tertia
2794 1640 2986 1691 autem
3008 1632 3274 1691 conside-

1907 1719 2130 1775 ratione
2192 1723 2372 1792 potest
2435 1717 2564 1774 dari
2627 1716 2926 1789 aequalitas
2982 1730 3054 1771 ex
3114 1718 3274 1788 parte

1906 1799 2122 1863 formae,
2148 1799 2268 1856 sive
2297 1799 2380 1856 rei
2404 1799 2582 1864 factae,
2609 1797 2764 1854 inter
2799 1794 3272 1870 justificationem

1904 1880 2093 1953 impii,
2121 1885 2177 1937 et
2211 1880 2605 1937 innocentiam
2634 1900 2648 1935 ε
2677 1878 2776 1937 sed
2816 1883 3013 1934 tamen
3041 1876 3147 1932 illa
3174 1875 3273 1932 in-

1904 1963 2168 2020 nocentia
2212 1967 2298 2019 est
2345 1962 2603 2019 absolute
2643 1961 2829 2035 majus
2866 1959 3101 2024 bonum,
3132 1957 3272 2031 quia

1903 2060 2078 2117 supra
2099 2043 2315 2101 donum
2338 2045 2538 2118 gratiae
2559 2041 2946 2116 justificantis,
2973 2045 3028 2096 et
3057 2040 3267 2096 remis-

1902 2124 2127 2183 sionem
2150 2126 2358 2199 peccati
2382 2125 2687 2200 originalis
2715 2121 2873 2180 addit
2902 2122 3132 2195 insigne
3157 2119 3266 2177 do-

1904 2221 2046 2261 num
2069 2205 2529 2279 perseverantiae.
2559 2205 2628 2259 Et
2654 2203 2718 2259 in
2757 2202 2862 2258 hoc
2900 2216 3072 2257 sensu
3106 2199 3268 2256 docet

1905 2289 1968 2345 D.
2003 2288 2206 2344 Thom.
2234 2288 2344 2344 loco
2365 2289 2459 2343 cit.
2509 2284 2658 2358 quod
2680 2282 2897 2341 donum
2922 2280 3340 2338 innoeentiaev
3360 2282 3468 2326 Tho-

1902 2366 2372 2441 estabsolutemaj
2383 2385 2444 2423 us
2460 2381 2634 2440 quam
2647 2365 2866 2421 donum
2881 2361 3260 2436 poenitentiae.

1903 2449 2159 2541 Denique
2180 2450 2244 2505 in
2266 2453 2487 2522 quarta,
2508 2453 2562 2504 et
2582 2446 2788 2501 ultima
2807 2441 3267 2501 consideratione

1902 2528 2071 2601 impii
2112 2529 2442 2604 justificatio
2477 2534 2562 2586 est
2588 2528 2803 2585 bonum
2844 2525 3061 2598 aequale
3100 2524 3266 2581 inno·

1901 2610 2120 2676 centiae,
2171 2610 2295 2667 sive
2333 2608 2729 2685 justificationi
2779 2622 2896 2663 non
2950 2604 3153 2678 impii;
3207 2609 3266 2661 et

1904 2690 2138 2748 aliunde
2185 2691 2458 2763 importat
2504 2688 2845 2748 beneficium
2898 2684 3266 2743 remissionis

1901 2771 2100 2843 culpae,
2125 2775 2181 2829 et
2209 2772 2392 2846 magis
2434 2772 2681 2844 explicat
2719 2767 2983 2824 divinam
3024 2764 3264 2822 miseri-

1902 2851 2176 2918 cordiam,
2209 2857 2268 2909 ut
2291 2870 2440 2909 num.
2455 2852 2675 2925 praeced.
2703 2847 3081 2906 asseruimus.
3108 2843 3263 2902 unde

1903 2932 2158 2991 absolute
2185 2934 2336 2990 valet
2360 2933 2474 2990 dici
2506 2933 2692 3007 majus
2712 2947 2872 3004 opus.

1975 3016 2067 3072 51.
2125 3016 2209 3070 Ex
2261 3013 2470 3088 quibus
2502 3014 2641 3070 satis
2666 3012 2851 3069 elucet
2886 3007 3176 3083 perfectio,
3207 3012 3489 3129 etqmu..

1904 3094 2239 3169 magnitudo
2257 3095 2450 3168 operis
2464 3090 2927 3167 justificationis
2912 3089 3080 3163 impii
3102 3104 3357 3169 com-Dm

1903 3181 2114 3249 paratae
2148 3193 2278 3232 cum
2307 3177 2440 3233 aliis
2481 3175 2579 3232 Dei
2621 3171 2909 3247 operibus.
2940 3168 3102 3234 Quod
3130 3126 3486 3268 antesitnssff

1901 3259 2092 3316 oculos
2131 3257 2243 3324 die,
2295 3262 2574 3331 noctuque
2621 3261 2817 3313 tenere
2862 3252 3156 3321 debemus,
3202 3256 3265 3307 ut
3303 3223 3445 3328 ῗξὲξῦ

1900 3345 2180 3412 quantum
2229 3357 2331 3413 par
2375 3345 2477 3406 est,
2522 3338 2800 3395 faciamus
2838 3332 3265 3410 justificationis

1901 3421 2217 3494 negotium,
2236 3425 2292 3477 et
2314 3419 2683 3477 advertamus
2703 3416 2914 3490 (inquit
2960 3415 3138 3490 Cajet.
3162 3413 3262 3469 Ιιοο
3300 3397 3435 3452 0⁸3⁶-

1899 3509 2010 3559 art.
2035 3503 2091 3573 9)
2111 3501 2543 3558 damnationem
2585 3499 2898 3556 imminere
2920 3513 3038 3555 non
3059 3494 3259 3554 existi-

1899 3584 2083 3638 manti
2113 3587 2334 3638 tantum
2365 3581 2582 3638 bonum
2609 3578 2888 3644 oblatum,
2919 3576 3072 3672 quod
3096 3590 3257 3633 exce·

1898 3665 1982 3722 dit
2010 3663 2225 3721 bonum
2249 3668 2469 3720 naturae
2496 3663 2669 3720 totius
2691 3662 2971 3720 universi.
3016 3661 3256 3734 Legatur

1898 3745 2204 3820 Angelicus
2245 3746 2446 3800 Doctor
2473 3743 2591 3800 lect.
2622 3744 2680 3811 3,
2709 3745 2801 3799 cit.
2830 3742 2928 3798 ubi
2959 3742 3112 3798 inter
3138 3740 3326 3796 alian.
3347 3748 3463 3795 Tho.

1898 3824 2100 3884 habet:
2137 3848 2163 3878 α
2196 3823 2507 3881 Dicendum
2547 3829 2650 3893 est,
2695 3822 2847 3915 quod
2876 3823 3136 3878 Christus
3159 3818 3258 3876 du-

1902 3928 1928 3959 «
1961 3907 2090 3980 plex
2120 3923 2261 3978 opus
2290 3904 2463 3961 facit:
2497 3921 2678 3961 unum
2706 3906 2834 3961 sine
2877 3903 3064 3971 nobis,
3095 3901 3260 3959 vide·-

1901 4011 1928 4042 α
1960 3991 2091 4046 licet
2110 4005 2305 4047 creare
2331 3990 2555 4054 coelum,
2574 3992 2631 4044 et
2658 3993 2894 4053 terram,
2910 3993 2968 4044 et
2985 3986 3261 4043 suscitare

1901 4093 1927 4123 α
1961 4076 2235 4135 mortuos,
2262 4075 2317 4126 et
2337 4068 2686 4143 hujusmodi.
2711 4067 2885 4124 Aliud
2908 4073 3177 4141 operatur
3198 4067 3260 4123 in

1902 4174 1927 4207 α
1958 4153 2144 4220 nobis,
2170 4152 2268 4211 sed
2297 4168 2414 4210 non
2441 4152 2569 4208 sine
2593 4149 2792 4219 nobis;
2828 4150 2980 4224 quod
3008 4156 3093 4208 est
3120 4167 3265 4225 opus

1902 4256 1928 4288 α
1959 4234 2139 4300 Fidei,
2187 4250 2288 4307 per
2328 4233 2477 4306 quod
2525 4232 2852 4290 vivificatur
2899 4230 3135 4305 impius.
3186 4234 3265 4290 De

1903 4340 1930 4373 α
1961 4318 2086 4374 istis
2111 4332 2247 4392 ergo
2270 4317 2525 4389 loquitur
2548 4317 2641 4374 hic
2658 4315 2955 4382 Dominus,
2983 4330 3110 4389 quae
3128 4321 3266 4371 sunt

1902 4421 1928 4453 α
1957 4398 2291 4457 communia
2339 4397 2615 4455 credenti.
2667 4399 2737 4452 Et
2773 4400 2858 4452 est
2902 4411 3063 4469 opus,
3115 4393 3264 4469 quod

1903 4502 1929 4535 α
1960 4480 2094 4537 facit
2124 4478 2386 4536 Christus
2416 4480 2479 4536 in
2510 4479 2697 4545 nobis,
2726 4475 2826 4534 sed
2853 4492 2971 4534 non
2996 4478 3126 4535 sine
3152 4493 3264 4536 no-

1902 4583 1929 4614 «
1960 4561 2074 4619 bis:
2115 4560 2250 4632 quia
2294 4557 2495 4616 eadem
2529 4559 2664 4616 facit
2689 4557 3032 4631 quicumque
3058 4556 3256 4616 credit.

1901 4663 1926 4695 t(
1959 4642 2105 4706 Quia
2130 4639 2280 4715 quod
2304 4638 2368 4696 fit
2390 4639 2453 4696 in
2484 4656 2578 4697 me
2605 4656 2706 4714 per
2748 4640 2948 4704 Deum,
2974 4637 3039 4694 fit
3065 4639 3130 4696 in
3168 4652 3264 4697 me

1902 4745 1928 4777 α
1951 4722 2129 4780 etiam
2158 4737 2259 4795 per
2288 4738 2380 4779 me
2403 4720 2615 4795 ipsum,
2640 4719 2856 4778 scilicet
2882 4736 2985 4793 per
3006 4720 3263 4778 liberum

1900 4824 1925 4856 α
1959 4802 2293 4859 arbitrium.
2345 4800 2511 4858 Unde
2557 4800 2695 4857 dicit
2746 4803 3082 4875 Apostolus:
3133 4802 3263 4857 Non

1899 4905 1926 4937 «
1958 4889 2150 4941 autem
2176 4899 2279 4959 ego
2319 4885 2559 4956 (supple,
2593 4883 2768 4955 solus)
2805 4881 2906 4940 sed
2929 4883 3119 4957 gratia
3158 4881 3263 4939 Dei

1898 4986 1926 5020 α
1956 4981 2203 5023 mecum.
2232 4966 2299 5022 Et
2325 4963 2396 5021 de
2426 4964 2550 5021 istis
2570 4963 2749 5021 dicit:
2793 4966 2981 5038 Opera
3006 4981 3132 5040 quae
3155 4979 3262 5040 ego

1901 5068 1927 5101 α
1957 5046 2122 5114 facio,
2171 5050 2228 5103 et
2267 5045 2389 5120 ipse
2433 5045 2621 5113 faciet,
2663 5051 2720 5103 et
2765 5046 2987 5121 majora
3047 5046 3257 5176 {orum

3086 5135 3206 5177 acie
