3647 5753
427 463 434 470 ,
524 413 623 466 154
836 415 840 420 ’
1539 395 1631 450 DE
1671 391 1944 448 GRATIA
1983 388 2324 445 EFFICACI.

516 586 824 636 constanter
843 590 1105 638 assevero,
1133 589 1199 626 ac
1220 587 1323 642 pro
1341 568 1584 623 liaeretico
1609 564 1794 624 liabeo,
1825 564 1873 618 si

517 662 640 737 quis
658 673 807 713 secas
829 656 1026 710 sentiat
1052 654 1133 707 :si
1173 652 1289 715 hoc,
1322 650 1571 723 inquam,
1602 660 1762 700 sensu
1800 642 1876 697 li-

516 743 699 796 beram
721 744 954 801 vocetur,
974 734 1116 812 quod
1142 749 1250 787 non
1272 736 1513 801 coyatur,
1544 734 1645 783 aut
1666 726 1877 781 violen-

517 831 596 876 ter
623 820 898 882 trahatur,
931 816 1020 871 sed
1062 819 1245 887 sponte
1286 810 1546 866 trahatur
1591 824 1714 871 sua,
1732 804 1880 860 nihil

517 920 714 958 moror.
750 903 817 954 Et
846 896 967 955 loco
992 896 1161 953 citato
1188 910 1258 950 ex
1288 891 1440 948 libro
1463 888 1705 947 21nstit.
1736 902 1879 944 con-

518 986 798 1058 queritur,
825 979 972 1054 quod
999 977 1109 1034 sibi
1138 974 1461 1048 oppositum
1489 969 1878 1028 attribuatur:

519 1066 830 1130 Eoetranca,
882 1062 1086 1134 inquit,
1141 1067 1219 1114 est
1265 1058 1367 1113 itta
1407 1053 1734 1117 similitude,
1768 1067 1882 1128 quat

522 1166 617 1203 nos
642 1145 908 1201 invidiose
924 1148 1147 1213 yravat.
1173 1138 1310 1212 Quis
1340 1139 1486 1193 enim
1533 1137 1613 1190 ita
1642 1132 1877 1209 „desipia

525 1237 582 1282 ut
607 1227 844 1282 hominis
867 1224 1155 1278 motionem
1194 1237 1230 1273 a
1277 1219 1438 1289 jactu
1478 1213 1684 1288 lapidis
1736 1210 1883 1266 nihil

522 1309 738 1381 differre
763 1304 1059 1360 autumet?
1080 1301 1266 1377 Neque
1310 1315 1436 1353 vero
1471 1298 1765 1374 quicquam
1799 1293 1884 1347 si·-

522 1389 648 1443 mile
686 1386 1031 1462 consequitur
1068 1398 1138 1436 ea>
1166 1386 1354 1435 nostra
1399 1377 1669 1432 doctrina.
1702 1375 1883 1437 Quem

523 1469 785 1524 imitatur
807 1468 946 1521 Beza
974 1463 1094 1536 ejus
1120 1458 1452 1532 discipulus,
1498 1461 1555 1512 et
1581 1455 1645 1511 in
1690 1452 1886 1511 cathe-

522 1548 627 1604 dra
655 1545 991 1620 pestilentiae
1042 1556 1360 1598 successor:
1389 1553 1526 1594 nam
1573 1537 1636 1591 in
1690 1531 1886 1589 libello

523 1636 720 1706 quaest.
752 1627 1060 1683 Christian.
1088 1622 1357 1681 editionis
1380 1620 1562 1678 tertiae
1582 1620 1888 1674 Geneven-

524 1715 621 1777 εἰς,
651 1728 775 1784 pay.
809 1709 932 1765 600,
970 1704 1248 1779 quaerenti
1283 1701 1692 1759 catechumeno
1725 1717 1738 1752 t
1794 1694 1890 1753 Vis

528 1796 697 1862 initur
749 1807 855 1844 non
894 1802 1195 1860 repugnare
1242 1775 1483 1838 libertati
1521 1781 1889 1835 necessitatem

525 1872 721 1945 ayendi
742 1871 771 1924 ἴ)
799 1865 1118 1940 Respondet
1152 1887 1163 1921 ε
1190 1864 1453 1937 Apertius
1487 1862 1626 1925 dica,
1653 1875 1762 1913 non
1790 1874 1888 1912 ne-

525 1955 786 2010 cessitate,
814 1950 904 2004 sed
925 1949 1195 2002 coactione
1229 1945 1446 1999 demum
1487 1942 1611 1997 tolli
1663 1939 1890 1995 liberta-

527 2042 648 2098 tem,
680 2029 1197 2098 etc-ontinyentiam.
1222 2022 1381 2088 Quod
1423 2023 1486 2078 in
1532 2036 1763 2077 summa
1807 2020 1893 2075 est

526 2110 879 2170 confundere
901 2108 1148 2165 liberum
1171 2121 1301 2162 cum
1338 2100 1685 2167 voluntario,
1713 2103 1774 2155 ut
1814 2097 1893 2154 il-

527 2193 623 2250 lud
648 2191 897 2249 liberum
920 2178 1159 2250 dicatur,
1186 2181 1334 2257 quod
1359 2187 1444 2238 est
1479 2180 1549 2238 ab
1577 2179 1894 2236 intrinseco

526 2291 654 2332 cum
684 2270 1026 2347 cognitione,
1053 2264 1318 2338 quamvis
1341 2278 1459 2319 non
1487 2260 1636 2317 adsit
1657 2259 1894 2316 facultas

530 2358 598 2413 ad
626 2354 970 2426 oppositum.
1003 2347 1174 2420 quue
1219 2343 1432 2401 directe
1477 2342 1715 2398 damnat
1765 2338 1893 2394 Tri·

320 2437 834 2501 ¹1·s·2‹iem‚dentiuum
861 2444 1078 2487 canone
1126 2425 1332 2497 saepius
1368 2423 1560 2488 citato,
1591 2421 1712 2476 illis
1758 2433 1894 2476 ver·

534 2517 618 2571 bis
656 2536 668 2569 ε
697 2514 885 2589 Neque
910 2525 1059 2582 posse
1085 2506 1388 2571 dissentire,
1418 2504 1470 2557 si
1495 2501 1645 2562 velit.
1677 2495 1775 2555 etc.

358 2604 475 2660 Nulli
606 2595 738 2649 225.
758 2594 838 2646 Ex
858 2589 927 2644 iis
939 2586 1233 2643 evidenter
1254 2585 1473 2639 constat
1487 2579 1712 2636 falsitas
1735 2578 1897 2634 illius

346 2665 491 2754 ''iffi-,¹33
535 2673 799 2738 minoris,
832 2686 1004 2744 quam
1034 2682 1280 2741 arguens
1321 2661 1644 2734 assumpsit,
1690 2676 1900 2734 nempe

321 2753 512 2847 ’ξιξῡῧξῗ-
538 2756 688 2813 nihil
711 2756 773 2809 in
802 2754 905 2808 hac
918 2756 1073 2823 parte
1094 2744 1349 2804 docuisse
1381 2744 1706 2809 Calvinum,
1749 2742 1899 2815 quod

322 2837 420 2896 viiio
434 2861 495 2895 re·
539 2835 848 2895 Thomistae
865 2848 981 2889 non
997 2830 1254 2887 doceant:
1274 2842 1410 2884 nam
1428 2825 1530 2881 ille
1549 2839 1679 2881 cum
1695 2839 1901 2897 sequa-

327 2907 696 2976 “Umfficihus
723 2914 941 2977 asserit,
969 2910 1218 2985 gratiam
1246 2907 1527 2964 efficacem
1553 2905 1772 2962 inferre
1795 2922 1902 2962 ne-

539 3001 855 3058 cessitatem
885 2994 1219 3058 absolutam,
1253 2990 1452 3046 tollere
1480 2990 1808 3061 potestatem
1833 2985 1901 3042 ad

541 3080 883 3155 oppositum,
915 3081 968 3132 et
995 3075 1180 3130 solum
1205 3069 1545 3143 'permittere
1571 3067 1904 3125 libertatem

543 3180 572 3218 a
597 3158 888 3221 violentia,
923 3160 973 3212 ct
997 3152 1302 3216 coactione,
1337 3154 1397 3206 ut
1424 3149 1603 3221 liquet
1635 3164 1706 3205 ex
1744 3149 1906 3205 testi-

544 3240 757 3298 moniis
781 3252 963 3309 nuper
995 3232 1191 3290 relatis
1226 3252 1238 3287 :
1268 3230 1363 3285 isti
1408 3244 1547 3286 vero
1574 3234 1905 3285 constanter

543 3321 851 3384 affirmant,
884 3315 1130 3390 gratiam
1153 3328 1223 3369 ex
1244 3325 1303 3365 se
1325 3307 1606 3366 efficacem
1627 3324 1819 3365 secum
1844 3308 1907 3364 in

543 3402 838 3459 voluntate
868 3395 1200 3470 permittere
1223 3393 1556 3465 potestatem
1588 3388 1907 3446 absolutam

546 3483 616 3540 ad
674 3481 1015 3555 oppositum,
1067 3471 1613 3543 conversionemque
1665 3470 1909 3544 proinde

540 3579 666 3620 *csse
690 3560 934 3618 liberam
964 3572 1080 3613 non
1127 3554 1316 3610 solum
1344 3550 1610 3608 libertate
1654 3551 1910 3624 opposita

548 3643 856 3704 violentius,
883 3638 980 3696 sed
1001 3637 1177 3695 etiam
1202 3631 1904 3700 libertateindifl‘erentiae,

549 3733 604 3782 et
631 3722 898 3785 dominii,
944 3725 1003 3774 ut
1049 3732 1250 3774 eorum
1297 3714 1507 3788 scripta
1552 3711 1912 3785 apertissime

552 3806 946 3864 manifestant.
972 3798 1132 3866 Quod
1147 3804 1230 3856 est
1254 3796 1392 3853 adeo
1432 3796 1817 3869 perspicuum,
1852 3799 1915 3850 ut

337 3890 884 3954 .²22=11‚223.I⁴'raneiscus
915 3886 1174 3937 Annatus
1202 3878 1496 3934 Molinista
1523 3876 1616 3932 lib.
1646 3876 1710 3931 de
1749 3875 1913 3931 libere

545 3963 663 4026 'tate
685 3969 939 4024 inchoata
969 3981 1088 4036 cap.
1121 3963 1174 4025 5,
1202 3964 1232 4029 ς
1268 3961 1314 4021 l,
1334 3957 1545 4013 dixerit
1579 3978 1592 4013 :
1623 3957 1795 4029 Quem
1819 3959 1914 4012 in-

557 4054 766 4107 venient
788 4044 1119 4102 Janseniani
1150 4044 1292 4095 inter
1319 4038 1367 4095 T
1363 4039 1646 4103 homistas,
1672 4040 1769 4115 qui
1782 4054 1914 4093 con-

555 4133 706 4186 vectat
735 4131 812 4183 ita
844 4123 1205 4181 necessariam
1232 4134 1341 4174 esse
1367 4117 1548 4195 quoad
1589 4118 1915 4173 exercitium

555 4224 889 4269 (eonsensum,
940 4219 1095 4281 quem
1147 4198 1405 4253 voluntas
1441 4196 1635 4270 prabet
1686 4197 1916 4251 motioni

552 4294 760 4359 slratioe,
805 4283 1070 4364 quamdiu
1101 4280 1198 4334 illa
1241 4278 1479 4342 inhiaret,
1533 4275 1795 4353 quomodo
1839 4282 1915 4331 232

557 4390 711 4427 amor
738 4370 1016 4440 beatificus
1041 4362 1258 4432 (utique
1275 4358 1658 4422 voluntariae,
1689 4361 1747 4414 et
1798 4372 1916 4414 non

556 4450 866 4517 violentus)
887 4442 1151 4523 quamdiu
1179 4440 1344 4494 durat
1370 4438 1551 4493 visio?
1573 4437 1743 4509 Quem
1769 4439 1919 4492 inve·

560 4537 726 4599 nient,
754 4530 849 4607 qui
888 4524 1116 4588 dixerit,
1141 4521 1478 4576 voluntatem
1516 4517 1710 4572 divina
1727 4520 1917 4588 ‚qratia

551 4611 1083 4687 praedeterminatam
1104 4619 1286 4658 carere
1306 4602 1571 4674 proxima
1610 4600 1685 4654 ad
1703 4600 1917 4655 dissen-

563 4715 677 4751 sum
695 4693 937 4768 potentia
960 4690 986 4744 P
1013 4690 1082 4742 Et
1109 4687 1224 4742 haec
1250 4683 1386 4739 satis
1412 4686 1596 4749 erant,
1630 4686 1692 4737 ut
1716 4698 1918 4741 omnes

558 4778 719 4833 illius
742 4770 986 4830 minoris
1009 4765 1385 4842 probationeS,
1401 4769 1456 4820 et
1472 4763 1919 4836 parallelaecom-

557 4857 886 4929 parationes
910 4868 941 4907 a
962 4845 1190 4904 Bastida
1219 4843 1463 4900 inductae
1489 4842 1617 4899 sine
1633 4858 1781 4900 nova
1804 4859 1920 4901 res-

556 4937 831 5011 ponsione
852 4931 1258 4990 evanescerent
1291 4924 1476 4998 :quod
1504 4928 1639 4982 tunc
1666 4925 1754 4981 illi
1792 4940 1919 4982 res-

555 5030 798 5091 ponsum
820 5017 924 5070 cst.
938 5008 1044 5066 Sed
1067 5023 1139 5064 ne
1155 5006 1210 5064 id
1229 5006 1570 5079 praeteriisse
1588 5004 1911 5073 videamur,

334 1481 464 1523 ἕκητι.

2009 559 2256 633 pulsanti
2278 557 2647 632 singillatim,
2685 570 2748 611 ac
2770 552 3023 610 breviter
3069 545 3370 621 responde-

2007 660 2157 699 mua.

2081 723 2211 779 226.
2256 720 2423 777 Prius
2459 723 2650 776 autem
2679 717 2942 775 observet
2965 711 3217 787 prudens
3239 710 3370 765 Lec·
3383 717 3550 760 nereu-

2009 811 2120 871 tor,
2142 800 2291 875 quod
2308 806 2368 856 ut
2389 806 2586 857 monet
2605 800 2660 855 S.
2684 799 3023 870 Hieronym.
3045 795 3104 849 in
3124 793 3281 864 epist.
3297 789 3372 844 ad
3407 774 3539 872 Ἢ

2014 883 2432 942 Pammachiam
2443 889 2490 936 et
2510 880 2833 944 occeanum,
2864 878 2929 932 de
2947 872 3223 930 erroribus
3239 869 3372 927 Ori·
3411 875 3530 908 nmm-

2007 983 2128 1036 qen.
2159 970 2286 1019 tom.
2312 965 2368 1029 2,
2398 960 2744 1018 haereticisic
2767 958 2931 1014 verba
2953 958 3273 1028 temperant,
3295 951 3375 1005 sic

2012 1045 2256 1101 ordinem
2276 1049 2512 1107 vertunt,
2545 1048 2592 1096 et
2613 1039 2871 1108 ambiana
2911 1051 3125 1115 quasque
3150 1032 3375 1089 concin-

2013 1134 2170 1191 nant,
2197 1131 2255 1180 at
2273 1131 2323 1178 et
2345 1130 2611 1186 nostram,
2641 1128 2689 1175 ct
2735 1118 3188 1175 adversariorum
3238 1128 3371 1167 con-

2013 1207 2298 1279 fessionem
2326 1208 2559 1269 teneant,
2606 1208 2667 1256 ut
2693 1199 2856 1255 aliter
2882 1198 3179 1261 hareticus,
3209 1193 3373 1248 aliter

2017 1286 2336 1345 Catholicus
2344 1284 2558 1340 audiat.
2571 1284 2849 1338 Errorum
2861 1278 2959 1351 qui
2968 1293 3072 1350 ppe
3087 1287 3379 1332 venenum

2016 1367 2437 1423 catholicorum
2464 1362 2785 1429 sententiis,
2833 1376 2895 1416 ac
2936 1356 3130 1415 verbis
3176 1353 3381 1413 obvol-

1972 1503 1981 1513 ‚
2017 1463 2153 1505 vere
2172 1448 2375 1512 solent,
2409 1450 2467 1500 ut
2497 1444 2568 1501 ab
2609 1442 2853 1501 incautis
2900 1439 3115 1496 minori
3140 1437 3384 1494 horrore

2017 1527 2299 1594 ebibatur,
2325 1532 2382 1583 et
2405 1526 2510 1582 sub
2534 1523 2762 1598 pietatis
2790 1524 2954 1579 larva
2980 1520 3225 1577 exitium
3276 1530 3383 1589 per

2018 1607 2259 1665 insidias
2280 1608 2639 1672 moliuntur;
2668 1602 2818 1677 quod
2842 1601 3103 1666 minime,
3125 1599 3174 1654 si
3204 1612 3384 1670 appa-

2021 1694 2234 1753 rerent,
2289 1687 2631 1743 inducerent
2683 1705 2695 1739 :
2732 1681 2884 1740 unde
2923 1695 3125 1738 eorum
3171 1678 3387 1750 scripta

2024 1766 2384 1841 vario'leprae
2408 1769 2596 1825 colore
2610 1779 2869 1838 respersa
2885 1762 3169 1838 judicium
3192 1761 3387 1817 Sacer·

2020 1852 2168 1909 dotis
2193 1854 2521 1923 exposcunt,
2547 1849 2647 1921 qui
2677 1848 2889 1903 falsum
2919 1862 2953 1902 a
2979 1860 3116 1901 vero
3161 1842 3385 1898 discer-

2022 1939 2139 1990 nat.
2172 1931 2354 1990 Nullae
2370 1935 2537 1999 enim,
2583 1930 2772 2003 inquit
2820 1931 2882 1984 It.
2931 1930 3171 2001 August.
3192 1922 3295 1980 lib.
3323 1924 3380 1989 2,
3426 1934 3556 1990 υμ-

2020 2018 2218 2087 quaest.
2251 2013 2523 2086 Evangel.
2579 2026 2698 2084 cap.
2744 2011 2799 2075 4,
2825 2009 2972 2079 falsa
3012 2007 3264 2062 doctrina
3283 1988 3589 2068 est‚⁸¹¹³²¹¹²¹¹³·

2024 2113 2137 2171 qaae
2162 2112 2270 2149 non
2296 2094 2490 2171 aliqua
2516 2110 2648 2148 vera
2669 2091 3060 2146 intermisceat.
3105 2088 3241 2141 Vera
3262 2100 3389 2155 erqo

2024 2176 2187 2248 falsis
2228 2174 2542 2230 inordinate
2567 2172 2851 2244 permiaeta
2883 2170 2944 2225 in
2973 2186 3087 2224 una
3132 2167 3392 2239 disputa-

2025 2258 2191 2320 tione,
2239 2255 2323 2309 vet
2360 2255 2683 2309 narratione
2727 2251 2966 2305 hominis
3009 2256 3290 2320 tamquam
3330 2247 3395 2299 in

2025 2338 2193 2392 anius
2231 2337 2474 2408 corporis
2499 2335 2674 2390 colore
2718 2332 3046 2404 apparentia
3074 2328 3392 2398 siqnificant

2028 2418 2249 2489 lepram,
2294 2424 2557 2489 tanquam
2608 2415 2753 2468 veris
2774 2455 2787 2477 ,
2842 2412 3105 2484 falsisque
3149 2408 3395 2464 colorum

2029 2500 2173 2564 fucis
2196 2499 2442 2552 hutnana.
2470 2513 2698 2568 corpora
2718 2496 3048 2556 variantem,
3080 2498 3239 2563 atque
3263 2506 3397 2543 ma-

2029 2581 2323 2637 culantem.
2356 2580 2423 2633 Et
2445 2577 2581 2634 hinc
2601 2576 2684 2643 fit,
2710 2576 2856 2650 quod
2898 2590 3015 2631 nou
3044 2572 3242 2630 omnia
3268 2584 3398 2643 qum

2033 2662 2095 2718 in
2123 2661 2517 2717 haereticorum
2548 2658 2714 2714 libris
2744 2659 3029 2731 leguntur,
3056 2653 3303 2710 debeant
3328 2667 3398 2708 eo

2031 2742 2155 2814 ipso
2181 2741 2396 2797 erroris
2422 2738 2708 2806 damnari,
2735 2736 2832 2795 sed
2852 2736 3051 2793 sedula
3075 2732 3400 2790 attentione

2032 2822 2300 2888 discerni,
2333 2825 2395 2878 ut
2419 2836 2485 2878 ea
2506 2819 2774 2876 haeretica
2816 2817 3237 2892 intelligantur,
3270 2828 3401 2887 quae

2033 2903 2355 2975 Scripturae.
2383 2902 2788 2965 conciliorum,
2813 2906 2869 2957 et
2884 2901 3120 2955 Patrum
3148 2895 3398 2953 decretis

2036 2988 2354 3057 repugnant
2373 3006 2386 3049 ;
2407 2983 2510 3039 illa
2523 2997 2667 3049 ,vero
2685 2979 2977 3053 reprobari
2994 2994 3110 3035 non
3125 2975 3395 3042 debeant,

2034 3082 2158 3140 quae
2185 3065 2321 3137 ipsis
2340 3068 2672 3129 consonant,
2704 3069 2759 3120 et
2780 3079 2812 3119 a
2833 3060 3135 3118 Catholicis
3156 3058 3402 3115 Theolo-

2035 3147 2121 3220 gis
2149 3161 2266 3202 non
2288 3144 2645 3218 rejiciuntur,
2667 3148 2729 3199 ut
2750 3142 2940 3201 docuit
2960 3139 3217 3197 Gelasius
3240 3139 3404 3210 Papa
3416 3141 3595 3187 Gelasius

2037 3230 2099 3284 in
2126 3227 2217 3284 lib.
2249 3227 2312 3282 de
2332 3227 2552 3282 vincalo
2590 3226 2979 3288 anathematis,
3007 3223 3097 3278 his
3149 3218 3345 3278 verbis
3384 3239 3400 3274 ι
3442 3195 3561 3246 ΡΨ·

2040 3308 2193 3366 Num
2214 3308 2481 3383 quidnam
2502 3309 2562 3361 in
2582 3309 2826 3379 ipsorum
2845 3306 3214 3360 hareticorum
3239 3299 3408 3355 libris

2038 3407 2148 3445 non
2172 3388 2366 3454 malta,
2399 3405 2511 3461 quat
2535 3388 2609 3442 ad
2648 3389 2933 3442 veritatem
2946 3386 3276 3459 pertineant,
3320 3380 3408 3435 le-

2036 3469 2286 3543 yuntur?
2311 3468 2583 3541 Nunquid
2593 3469 2712 3539 jam
2735 3469 2941 3523 veritas
2966 3463 3262 3537 refutanda
3289 3466 3393 3525 est,

2039 3555 2171 3627 qaia
2191 3552 2413 3607 illarum
2435 3550 2580 3617 libri,
2614 3550 2708 3605 ubi
2726 3551 2981 3622 pravitas
3005 3555 3103 3610 est,
3134 3546 3405 3618 refutan-

2041 3641 2134 3690 tur
2148 3635 2178 3689 Ρ
2196 3633 2313 3690 Aut
2332 3632 2450 3687 ideo
2464 3633 2634 3704 pravi
2661 3631 2791 3687 libri
2809 3630 3142 3704 suscipiendi
3168 3634 3409 3683 suntea-

2041 3736 2186 3787 rum,
2230 3719 2361 3789 quia
2413 3718 2637 3780 veritas,
2669 3733 2781 3788 qua·
2818 3715 2878 3769 in
2900 3714 3018 3770 illis
3057 3717 3262 3769 inserta
3296 3722 3403 3781 est,

2042 3815 2152 3854 non
2171 3799 2430 3867 rwyatur?
2445 3796 2491 3852 A
2504 3798 2545 3850 it
2567 3794 2893 3867 Apostolus:
2916 3795 3118 3851 Omnia
3152 3794 3403 3866 probate,

2043 3878 2183 3951 quod
2202 3878 2398 3933 bomem
2420 3883 2515 3940 est,
2543 3884 2726 3932 tenete.
2754 3878 2870 3933 Hoc
2897 3874 3209 3947 supposito.

2116 3959 2246 4013 227.
2293 3954 2377 4010 Ad
2398 3955 2646 4011 minoris
2677 3955 3072 4028 probationem
3123 3953 3407 4021 dicemuS,
3455 3981 3590 4032 Em..

2046 4037 2208 4092 illam
2249 4035 2500 4108 primam
2555 4035 3004 4107 propositionem
3035 4056 3048 4090 :
3101 4034 3414 4091 Auxilium
3458 4036 3595 4084 camur

2038 4119 2416 4192 pravenientis
2427 4120 2619 4188 yratioe
2643 4124 2718 4172 est
2745 4120 2807 4173 de
2827 4136 2880 4174 se
2901 4118 3011 4173 solo
3030 4118 3231 4190 efficax
3257 4116 3413 4171 inde·
3428 4089 3605 4173 &mii

2040 4200 2330 4273 pendenter
2358 4198 2426 4253 ab
2445 4199 2693 4254 humana
2721 4200 2982 4262 libertate,
3028 4203 3129 4255 etc.
3155 4198 3203 4252 si
3226 4197 3413 4271 signi·
3465 4189 3583 4232 ⁸¹5⁰·

3451 4234 3584 4272 memo

2047 4279 2174 4337 ficet
2198 4280 2511 4336 humanam
2541 4273 2863 4337 libertatem
2893 4295 3009 4336 non
3035 4294 3156 4335 esse
3175 4293 3412 4334 causam
3427 4287 3595 4327 assump-

2046 4362 2302 4419 efficaciae
2326 4361 2542 4434 gratias,
2581 4361 2702 4417 sive
2754 4361 2974 4418 auxilio
3013 4357 3413 4416 efficacitatem
3428 4330 3599 4432 qiss'ds‘in

2049 4457 2164 4498 non
2210 4440 2484 4506 tribuere,
2512 4442 3012 4515 Augustinianam‚
3045 4444 3102 4495 et
3147 4438 3416 4495 Catholi-
3451 4427 3593 4519 ffiffigssj

2048 4540 2171 4580 cam
2198 4536 2339 4585 esse,
2372 4528 2434 4579 ut
2452 4529 2670 4579 constat
2696 4540 2769 4580 ex
2794 4538 2969 4597 supra
2995 4522 3159 4578 dictis
3186 4520 3314 4577 dab.
3361 4524 3415 4579 l.
3450 4530 3493 4582 e!
3515 4524 3600 4574 resi·

2048 4604 2105 4659 Si
2134 4619 2271 4660 vero
2298 4602 2578 4677 sIgnificet
2604 4619 2726 4661 esse
2754 4604 2832 4660 ita
2861 4604 3160 4666 efficacem,
3199 4605 3260 4656 ut
3308 4616 3419 4658 ar-
3452 4581 3599 4667 ⁰2¹1?ssss

2050 4683 2209 4740 bitrii
2239 4683 2561 4739 libertatem
2593 4685 2879 4757 impediat,
2913 4691 2969 4742 et
2991 4689 3178 4741 actum
3209 4697 3420 4739 neces-

2048 4763 2267 4819 sarium
2292 4762 2540 4829 inducat,
2567 4764 2908 4821 calviniana
2928 4770 3033 4830 est,
3058 4769 3118 4818 ut
3142 4762 3321 4834 liquet
3339 4777 3419 4819 ex
3462 4771 3587 4823 ana

2048 4842 2213 4900 dictis
2240 4860 2391 4898 num.
2416 4844 2545 4900 222.
2576 4847 2640 4900 In
2663 4845 2852 4917 primo
2897 4861 3067 4901 sensu
3097 4842 3351 4901 traditur
3384 4829 3602 4914 apmssgf*
3628 4850 3629 4859 ¹

2049 4925 2380 4991 ThomistiS,
2406 4930 2461 4983 et
2489 4926 2549 4982 in
2573 4927 2819 4983 secundo
2844 4933 3102 5002 negatur.

2070 5014 2077 5015 ’
2123 5008 2375 5066 sectanda
2399 5008 2726 5081 propositiO,
2754 5024 2963 5082 nempe
2984 5008 3197 5066 :Posita
3215 5009 3417 5078 qratia
3432 5014 3609 5066 Secunda

3171 5084 3408 5156 efficaci,
