3647 5753
516 356 521 367 ’
591 369 705 426 730

415 4531 513 4577 Alia

371 4591 564 4678 nr‘iffiio.
587 4591 695 4646 huc
716 4610 730 4645 ε
754 4604 890 4645 nam
918 4603 1047 4644 cum
1070 4586 1183 4643 duo
1199 4587 1428 4645 effectus
1454 4588 1526 4646 ab
1553 4591 1753 4648 eadem
1780 4609 1953 4651 causa
2037 4601 2050 4608 ’

595 529 746 603 quod
787 531 1087 589 humilitas
1114 530 1471 588 considerata
1499 531 1730 605 praecise
1749 526 1957 588 securi-

595 613 736 667 dum
764 627 842 678 se,
887 618 942 668 et
969 629 1071 684 per
1110 612 1346 668 modum
1388 627 1568 668 causas
1595 611 1952 683 principalis,

598 691 831 765 attingit
859 698 1045 749 actum
1087 693 1257 748 illum
1309 692 1733 750 consideratum
1779 692 1957 748 etiam

596 772 912 829 secundum
966 788 1046 837 se,
1094 789 1194 829 seu
1240 772 1553 829 secundnm
1594 772 1652 828 id
1704 774 1951 845 praecise,

596 854 746 928 quod
777 855 980 911 habeat
1009 856 1167 911 intra
1195 855 1411 912 lineam
1449 855 1836 922 humilitatis3
1865 871 1958 911 se-

596 937 850 994 cundum
897 936 957 993 id
998 953 1154 1002 vero,
1185 937 1335 1009 quod
1362 936 1664 993 humilitas
1697 938 1899 1009 accipit
1926 954 1959 994 a

595 1018 895 1083 charitate,
928 1022 1094 1089 atque
1123 1018 1262 1074 adeo
1291 1034 1391 1090 per
1437 1018 1672 1076 modum
1725 1018 1959 1075 virtutis

598 1097 1093 1154 instrumentariae
1140 1099 1319 1164 illius,
1367 1099 1597 1171 attingit
1624 1099 1956 1171 praedictum

597 1188 784 1237 actum
818 1186 874 1236 ut
904 1181 1150 1236 relatum
1197 1187 1253 1236 et
1289 1182 1620 1238 ordinatum
1673 1182 1738 1237 in
1780 1179 1957 1237 finem

595 1260 913 1325 charitatis,
951 1259 1230 1330 efficitque
1278 1260 1619 1316 relationem
1667 1261 1853 1325 illam,
1902 1263 1957 1315 et

598 1341 1023 1400 ordinationem
1052 1357 1122 1398 ex
1149 1341 1413 1413 imperi0,
1445 1346 1502 1397 et
1530 1342 1592 1397 in
1621 1341 1838 1398 virtute
1865 1340 1958 1412 ip-

596 1423 718 1479 sius
736 1422 1050 1479 charitatis.
1392 1476 1397 1481 .

672 1506 756 1559 Ex
777 1520 888 1576 quo
908 1503 989 1559 sic
1005 1501 1383 1559 confirmatur
1413 1510 1611 1561 nostra
1628 1503 1776 1560 ratio
1790 1526 1804 1569 ;
1818 1517 1956 1559 nam

596 1585 819 1649 relatio,
851 1600 978 1655 quae
1018 1584 1287 1649 elicitive,
1341 1589 1396 1641 et
1437 1584 1770 1642 immediate
1813 1582 1879 1638 fit
1925 1598 1958 1638 a

592 1667 716 1723 sola
756 1666 1055 1729 charitate,
1089 1666 1411 1722 necessario
1462 1671 1546 1721 est
1591 1665 1859 1721 distincta
1885 1661 1956 1719 ab

593 1761 678 1812 ea,
709 1760 833 1816 quae
853 1745 1122 1809 elicitive,
1147 1750 1204 1801 et
1230 1743 1566 1802 immediate
1590 1744 1655 1801 fit
1675 1745 1863 1801 solum
1887 1742 1956 1799 ab

595 1829 943 1894 humilitate,
978 1834 1039 1883 ut
1065 1844 1134 1885 ex
1164 1828 1304 1901 ipsis
1332 1828 1601 1884 terminis
1624 1832 1825 1884 notum
1841 1831 1954 1883 est:

593 1908 690 1965 sed
721 1909 923 1967 relatio
949 1924 1061 1982 qua
1088 1915 1242 1964 actus
1282 1909 1580 1965 charitatis
1602 1907 1671 1964 ad
1691 1924 1863 1964 suum
1885 1907 1954 1964 fi·

596 2005 729 2048 nem
759 1992 1028 2056 refertur,
1072 1989 1140 2046 fit
1178 1991 1445 2057 elicitive,
1476 1995 1532 2047 et
1559 1990 1898 2047 immediate
1924 2007 1958 2048 a

591 2073 715 2130 sola
740 2075 1045 2140 charitate;
1079 2075 1181 2130 illa
1204 2089 1342 2130 vero
1362 2090 1476 2145 qua
1504 2080 1658 2130 actus
1687 2091 1744 2131 v.
1773 2089 1828 2148 g.
1856 2073 1958 2128 hu-

591 2154 858 2211 militatis
887 2155 1136 2211 refertur
1157 2154 1228 2210 ad
1249 2153 1496 2211 cundem
1522 2152 1717 2221 finem,
1753 2156 1958 2211 imme-

589 2234 767 2302 diate,
788 2242 845 2292 et
870 2236 1131 2316 elicitivq
1150 2237 1339 2292 solum
1385 2232 1450 2289 fit
1488 2234 1558 2291 ab
1588 2236 1951 2292 humilitate:

588 2330 724 2389 ergo
776 2314 1103 2388 hujusmodi
1148 2316 1456 2373 relationes
1494 2315 1951 2390 distinguuntur.

587 2398 791 2470 Major,
808 2403 864 2452 et
880 2397 1285 2469 consequentia
1297 2402 1574 2454 constant.
1602 2397 1797 2453 Minor
1818 2412 1956 2453 vero

587 2477 771 2551 quoad
802 2478 1057 2548 priorem
1107 2484 1329 2550 partem
1379 2477 1447 2534 de
1496 2480 1774 2537 relatione
1801 2483 1955 2536 actus

588 2558 885 2615 charitatis
914 2557 1081 2613 facile
1107 2558 1377 2614 suadetur
1402 2575 1414 2610 ε
1446 2559 1720 2630 quoniam
1751 2560 1955 2631 hujus-

588 2636 746 2696 modi
794 2638 997 2694 relatio
1045 2653 1163 2693 non
1214 2637 1592 2713 distinguitur
1632 2639 1702 2695 ab
1753 2640 1955 2699 eodem

588 2726 713 2779 actu
735 2719 1051 2786 charitatiS,
1078 2718 1174 2774 sed
1197 2724 1282 2776 est
1302 2724 1386 2790 (ut
1402 2736 1586 2793 nuper
1605 2722 1955 2794 dicebamus)

588 2804 712 2876 ipsa
739 2802 861 2875 ejus
886 2801 1151 2865 essentia,
1205 2818 1330 2874 quae
1376 2803 1440 2859 in
1482 2802 1706 2869 ordine,
1737 2812 1793 2861 et
1833 2820 1956 2860 res-

590 2889 750 2958 pectu
789 2881 1275 2938 transcendentali
1329 2883 1398 2938 ad
1449 2902 1619 2941 suum
1673 2885 1849 2945 finem
1901 2890 1958 2943 et

586 2963 869 3038 objectum
893 2961 1003 3017 sita
1024 2966 1142 3018 est:
1172 2968 1392 3018 certum
1417 2969 1608 3022 autern
1637 2973 1739 3033 est,
1771 2966 1957 3023 chari-

586 3047 720 3102 tatis
748 3048 935 3100 actum
965 3042 1321 3111 immediate,
1353 3051 1409 3102 et
1453 3047 1708 3106 elicitive
1755 3065 1789 3105 a
1834 3049 1958 3105 sola

585 3124 865 3182 charitate
888 3125 1215 3196 procedere.
1242 3127 1435 3191 Quoad
1458 3129 1831 3202 posteriorem
1856 3143 1958 3184 ve·-

590 3222 656 3263 ro
682 3205 752 3262 de
781 3206 1062 3262 relatione
1105 3211 1261 3263 actus
1300 3207 1651 3265 humilitatis
1696 3212 1958 3281 (praeter-

586 3303 759 3360 quam
818 3285 968 3360 quod
1028 3286 1272 3345 habetur
1324 3302 1396 3345 ex
1451 3289 1958 3347 animadversione

590 3368 756 3438 facta)
786 3367 1078 3440 probatur,
1124 3369 1263 3442 quia
1307 3373 1461 3425 actus
1502 3369 1851 3426 humilitatis
1895 3374 1957 3426 ut

595 3451 809 3507 relatus
856 3450 1180 3506 formaliter
1224 3450 1287 3505 in
1315 3448 1495 3506 finem
1524 3450 1841 3518 charitatis,
1868 3459 1957 3509 at-

590 3546 701 3602 que
722 3529 860 3587 adeo
886 3535 943 3587 et
969 3530 1093 3602 ipsa
1117 3531 1340 3598 relatio,
1372 3536 1602 3588 tantum
1645 3536 1730 3588 est
1757 3548 1790 3589 a
1817 3533 1957 3589 cha-

596 3611 763 3668 ritate
790 3610 1162 3683 imperative3
1195 3616 1279 3667 est
1320 3612 1479 3668 enim
1534 3609 1605 3667 ab
1649 3626 1717 3668 ea
1765 3611 1957 3670 media

596 3694 699 3750 illa
750 3694 1023 3759 motione,
1073 3698 1129 3751 et
1176 3693 1423 3760 influxu,
1454 3711 1625 3767 quem
1667 3695 1958 3768 imprimit

594 3776 954 3832 humilitati:
1016 3792 1151 3850 ergo
1198 3777 1469 3844 elicitive,
1520 3783 1577 3834 et
1620 3777 1956 3836 immediate

594 3857 862 3930 praedicta
904 3856 1108 3913 relatio
1145 3858 1333 3913 solum
1381 3857 1446 3914 fit
1492 3857 1562 3915 ab
1601 3858 1951 3919 humilitate.

596 3942 878 3996 Praeterea
906 3937 1205 3994 humilitas
1228 3954 1401 4012 agens
1429 3940 1491 3994 in
1518 3939 1734 3996 virtute
1759 3940 1955 3998 chari·

593 4021 745 4087 tatis,
773 4025 826 4075 et
866 4034 937 4074 ex
976 4016 1232 4074 motione
1253 4019 1453 4091 ipsius,
1484 4017 1703 4091 aliquid
1726 4022 1954 4095 attingit

592 4105 657 4161 in
689 4099 921 4175 proprio
944 4104 1089 4166 actu,
1119 4100 1270 4172 quod
1292 4115 1464 4174 agens
1492 4102 1556 4158 in
1582 4102 1799 4160 virtute
1827 4122 1955 4177 pro·

593 4185 721 4257 pria
749 4195 868 4238 non
896 4186 1081 4251 posset
1103 4181 1383 4254 attingere
1410 4179 1544 4237 :sed
1571 4182 1675 4239 hoc
1703 4199 1820 4240 non
1849 4201 1954 4258 po-

590 4268 699 4321 test
725 4276 845 4319 esse
886 4259 1065 4326 aliud,
1110 4276 1283 4332 quam
1325 4261 1636 4329 ordinati0,
1666 4270 1723 4320 et
1750 4266 1954 4325 relatio

592 4347 654 4402 in
677 4345 853 4402 finem
875 4342 1203 4398 charitatis:
1235 4359 1370 4417 ergo
1392 4344 1718 4418 hujusmodi
1750 4348 1953 4407 relatio

592 4427 655 4484 fit
680 4425 930 4486 elicitive
959 4422 1029 4496 ab
1058 4424 1410 4481 humilitate.

663 4505 1053 4565 confirmatur
1102 4504 1369 4573 secundo,
1399 4510 1457 4564 et
1501 4507 1818 4580 explicatur
1846 4510 1952 4567 ad-

581 4670 829 4729 secunda
870 4666 1202 4742 procedunt,
1235 4670 1381 4726 alter
1409 4670 1765 4741 immediate,
1800 4675 1951 4733 alter

582 4770 721 4812 vero
759 4767 875 4810 non
919 4751 1033 4807 nisi
1076 4749 1266 4808 medio
1314 4752 1508 4825 aliquo
1536 4751 1943 4825 instrumento,

579 4838 704 4894 sive
727 4835 940 4893 virtute
966 4834 1423 4903 instrumentali,
1456 4832 1571 4893 duo
1592 4836 1687 4892 isti
1716 4837 1949 4897 effectus

581 4914 899 4976 necessario
917 4913 1127 4972 debent
1146 4912 1425 4990 distingui
1447 4930 1616 4990 :ergo
1635 4932 1767 4974 cum
1791 4924 1948 4977 actus

575 4996 892 5061 charitatis,
924 5003 982 5054 et
1000 4996 1122 5071 ejus
1150 4996 1354 5054 relatio
1381 4996 1719 5074 immediate
1741 5017 1945 5073 proce-

1542 366 1633 419 DE
1673 365 1996 421 INFLUXU
2037 363 2491 420 CHARITATIS.

2087 529 2186 587 dat
2213 548 2243 588 a
2270 531 2577 598 charitate;
2610 534 2764 587 actus
2791 543 2930 587 vero
2957 524 3316 585 humilitatis
3339 541 3441 582 nna

2087 628 2218 668 cum
2242 630 2345 669 sua
2376 614 2655 669 relatione
2682 610 2948 685 procedat
2986 609 3059 667 ab
3084 608 3292 667 eadem
3319 609 3444 666 cha-

2089 696 2261 753 ritate
2301 696 2592 752 mediante
2620 694 2969 759 humilitate,
3002 696 3283 764 tanquam
3330 692 3446 748 vir-

2089 780 2209 831 tute
2236 774 2719 832 instrumentaria
2763 774 2961 847 ipsius,
3015 788 3132 829 non
3186 776 3445 845 poterunt

2089 871 2209 912 non
2236 855 2564 931 huJ‘usmodi
2593 854 2903 912 relationes
2922 853 3227 926 distingui.

2162 941 2250 995 24.
2277 941 2454 1007 Dices,
2505 939 2652 997 forte
2689 938 3010 996 doctrinam
3050 938 3200 996 hanc
3241 933 3441 992 habere
3486 939 3562 997 Β

2090 1019 2278 1075 locum
2306 1022 2369 1077 in
2399 1020 2614 1078 actibus
2639 1020 2924 1075 virtutum
2947 1017 3301 1081 infusarum,
3333 1031 3442 1074 non

2089 1102 2285 1157 tamen
2316 1118 2476 1175 posse
2501 1100 2778 1174 applicari
2809 1100 2897 1155 his
2917 1099 3014 1172 qui
3037 1097 3186 1155 fiunt
3207 1115 3244 1156 a
3265 1101 3446 1157 virtu-

2091 1180 2242 1236 tibus
2270 1183 2560 1254 acquisitis
2586 1202 2600 1237 ε
2647 1185 2702 1237 et
2749 1181 2896 1237 ratio
2921 1186 3024 1243 est,
3056 1180 3339 1252 quoniam
3363 1180 3447 1236 ini

2091 1261 2330 1334 prioreS,
2377 1268 2569 1335 utpote
2592 1260 3081 1333 supernaturales,
3133 1268 3273 1317 sunt
3317 1261 3449 1317 satis

2090 1343 2509 1414 proportionati
2561 1342 2636 1399 ad
2679 1341 2856 1399 finem
2906 1340 3228 1406 charitatis,
3274 1346 3333 1398 et
3376 1341 3451 1397 ita

2089 1431 2323 1497 possunt
2350 1441 2382 1481 a
2408 1425 2685 1482 charitate
2730 1422 3040 1480 intrinsece
3085 1422 3360 1488 formari,
3389 1428 3443 1480 et

2088 1504 2159 1560 ad
2184 1505 2306 1577 eJ'us
2356 1505 2536 1563 finem
2564 1521 2664 1577 per
2715 1503 3055 1561 relationem
3104 1503 3170 1559 in
3224 1502 3442 1561 eisdem

2088 1587 2426 1643 existentem
2467 1587 2692 1651 referri,
2725 1591 2892 1657 atque
2931 1584 3012 1640 ita
3050 1585 3328 1641 constitui
3358 1586 3452 1642 in-

2088 1670 2332 1727 trinsece
2354 1668 2659 1726 meritorii.
2686 1671 2964 1724 Caeterum
2989 1672 3144 1723 actus
3166 1668 3450 1723 virtutum

2089 1753 2515 1824 acquisitarum,
2566 1758 2624 1809 et
2660 1766 2859 1831 eorum
2909 1749 3139 1806 bonitas
3182 1750 3448 1815 moralis,

2087 1850 2217 1891 cum
2256 1835 2643 1904 sintomnino
2674 1831 2985 1896 naturales,
3014 1847 3135 1888 non
3174 1830 3452 1888 videntur

2089 1933 2191 1991 per
2211 1919 2426 1989 seipsos
2453 1917 2665 1974 habere
2686 1916 3116 1989 proportionem
3160 1915 3234 1969 ad
3275 1913 3452 1971 finem

2087 1999 2399 2068 charitatis,
2432 2006 2492 2055 ut
2507 1998 2568 2054 in
2589 1997 2793 2069 seipsis
2813 1996 3146 2053 immediate
3169 1996 3456 2068 recipiunt

2087 2082 2359 2146 formam,
2404 2096 2530 2154 quae
2571 2083 2656 2137 est
2696 2078 2917 2143 relatio,
2964 2084 3021 2135 et
3044 2077 3345 2135 ordinatio
3384 2077 3456 2133 ad

2086 2163 2334 2220 eundem
2360 2162 2536 2219 finem
2563 2186 2577 2230 ;
2600 2160 2699 2218 sed
2720 2160 2984 2216 dicentur
3013 2161 3180 2217 relati
3225 2164 3456 2215 tantum

2086 2245 2404 2302 extrinsece
2431 2259 2464 2300 a
2504 2241 2785 2298 relatione
2830 2246 2985 2296 actus
3028 2240 3353 2305 charitatis,
3385 2254 3458 2296 ex

2085 2342 2198 2399 quo
2226 2326 2610 2397 imperantur3
2642 2328 2808 2394 atque
2831 2320 2973 2378 adeo
2988 2322 3315 2378 extrinsece
3335 2336 3457 2378 me·

2089 2405 2279 2462 ritorii
2311 2404 2518 2462 merito
2544 2402 2800 2477 ejusdem
2827 2408 3001 2459 actus.

2161 2487 2269 2545 Sed
2310 2492 2509 2544 contra
2547 2492 2651 2552 est,
2677 2485 2812 2558 quia
2838 2485 3087 2541 charitas
3114 2499 3235 2541 non
3258 2484 3455 2541 sotum
3489 2489 3600 2555 115,-

2087 2576 2281 2626 movet
2330 2568 2639 2624 intrinsece
2682 2565 2749 2622 ad
2805 2565 3163 2640 operandum
3216 2571 3458 2639 propter
3482 2547 3604 2599 ‘³⁸¹⁵

2086 2664 2257 2705 suum
2279 2646 2454 2705 finem
2477 2648 2721 2704 virtutes
2742 2646 2982 2712 infusas,
2998 2645 3097 2702 sed
3118 2646 3300 2701 etiam
3321 2645 3451 2701 vir-
3591 2652 3600 2673 ¹

2087 2736 2234 2789 tutes
2262 2730 2601 2803 acquisitas;
2646 2736 2886 2801 utraque
2928 2728 3090 2785 enim
3131 2727 3452 2784 intrinsece

2088 2812 2384 2875 informat,
2434 2815 2492 2867 et
2543 2807 2814 2867 omnibus
2866 2808 3158 2882 imprimit
3209 2807 3449 2865 modum

2087 2896 2279 2960 illum,
2329 2908 2498 2967 quem
2546 2911 2697 2948 num.
2742 2891 2966 2965 praised.
3031 2890 3349 2965 tetigimus,
3398 2894 3454 2948 et

2088 2976 2247 3033 infra
2283 2975 2413 3030 dub.
2451 2975 2504 3038 5,
2537 2974 2720 3047 magis
2758 2970 3197 3044 explicabimus,
3231 2973 3456 3029 ratione

2088 3056 2248 3130 cujus
2278 3060 2455 3130 agunt
2475 3055 2539 3110 in
2561 3055 2795 3122 virtute,
2821 3057 2878 3109 et
2897 3068 2968 3109 ex
2990 3053 3252 3110 motione
3276 3053 3454 3126 ipsius

2087 3139 2402 3203 charitatis,
2434 3142 2496 3192 ut
2523 3139 2584 3191 in
2606 3143 2769 3193 tract.
2796 3135 2861 3190 de
2878 3137 3170 3201 charitate,
3199 3135 3454 3208 proban·

2088 3219 2226 3276 dum
2248 3223 2333 3276 est
2358 3240 2370 3275 ε
2394 3232 2530 3291 ergo
2549 3216 2688 3272 dum
2713 3233 2745 3274 a
2766 3216 3044 3273 charitate
3063 3217 3453 3288 imperantur,

2087 3316 2289 3359 omnes
2337 3299 2577 3356 eliciunt
2618 3303 2774 3353 actus
2813 3297 3129 3353 intrinsece
3180 3295 3460 3353 formatos

2086 3398 2219 3439 cum
2249 3380 2551 3447 relatione,
2581 3384 2635 3436 et
2660 3378 2867 3437 ordine
2889 3378 3210 3436 intrinseco
3227 3378 3312 3437 ad
3336 3379 3462 3453 ejus

2089 3463 2393 3594 flnxffhaec
2426 3533 2715 3591 :secunda
2755 3533 2857 3590 illa
2897 3533 3161 3607 probatio
3205 3535 3465 3626 minoris

2088 3619 2152 3676 in
2182 3617 2362 3692 priori
2389 3613 2826 3673 confirmatione
2852 3614 3094 3672 adducta
3112 3630 3276 3688 aeque
3302 3616 3464 3672 mih·

2087 3704 2169 3755 tat
2219 3700 2284 3755 in
2328 3694 2645 3754 virtutibus
2695 3695 3019 3768 acquisitis:
3086 3711 3225 3752 nam
3278 3697 3463 3754 etiam

2089 3778 2418 3852 hujusmodi
2441 3777 2682 3834 virtutes
2718 3777 2938 3849 quoties
2985 3776 3382 3848 imperantur,
3407 3784 3470 3836 et

2087 3867 2264 3937 agunt
2316 3862 2381 3917 in
2420 3860 2637 3916 virtute
2676 3859 2992 3924 charitatis,
3021 3859 3320 3934 attingunt
3342 3861 3473 3918 eli·

2085 3944 2257 4001 citive
2277 3939 2497 4015 aliquid
2525 3939 2588 3995 in
2617 3941 2869 4013 propriis
2916 3939 3153 4006 actibus,
3184 3939 3338 4014 quod
3367 3957 3476 4000 se·

2085 4023 2339 4082 cundum
2364 4038 2559 4089 se,seu
2582 4022 2799 4079 virtute
2825 4022 3062 4095 propria
3083 4037 3204 4078 non
3224 4029 3478 4094 possent

2087 4106 2367 4180 attingere
2396 4126 2411 4171 ς
2441 4103 2547 4159 hoc
2569 4111 2759 4159 autem
2790 4117 2909 4159 non
2940 4106 3122 4174 potest
3146 4117 3275 4158 esse
3299 4103 3480 4160 aliud

2085 4202 2257 4261 quam
2287 4184 2510 4248 relatio,
2539 4188 2597 4240 et
2623 4181 2913 4240 ordinatio
2940 4181 3262 4239 eorundem
3285 4184 3363 4239 ad
3397 4184 3482 4241 fl·-

2085 4283 2221 4326 nem
2241 4263 2539 4324 charitatis
2571 4285 2584 4319 :
2613 4279 2752 4338 ergo
2792 4261 3120 4335 hujusmodi
3171 4263 3390 4321 relatio
3417 4271 3483 4323 et

2085 4349 2373 4408 ordinatio
2401 4347 2464 4404 fit
2509 4346 2765 4404 elicitive
2804 4360 2837 4402 a
2885 4343 3174 4417 praedictis
3217 4347 3484 4405 virtuti·

2082 4430 2190 4487 hus
2220 4451 2235 4487 ε
2262 4428 2640 4502 distinguitur
2665 4442 2803 4500 ergo
2836 4440 2871 4481 a
2909 4425 3145 4498 propria
3175 4427 3485 4487 relatione

2083 4514 2239 4569 actus
2258 4509 2573 4568 charitatis.

2155 4592 2247 4648 25.
2293 4593 2484 4660 Neque
2547 4586 2725 4652 obest,
2772 4583 2929 4658 quod
2965 4589 3124 4643 actus
3167 4585 3484 4647 virtutum

2081 4673 2512 4746 acquisitarum,
2562 4676 2618 4728 et
2667 4684 2873 4727 eorum
2926 4668 3166 4741 propria
3224 4668 3485 4731 bonitas

2080 4757 2198 4812 sint
2224 4770 2384 4812 mere
2410 4754 2702 4812 naturales
2727 4775 2741 4819 ς
2774 4767 2913 4809 nam
2940 4752 3119 4809 etiam
3161 4758 3325 4811 actus
3351 4771 3488 4815 nn—

2081 4839 2314 4904 turales,
2368 4834 2681 4894 dummodo
2725 4834 2847 4890 sint
2890 4833 3050 4902 boni,
3100 4840 3159 4892 et
3203 4836 3483 4909 honesti,

2079 4926 2333 4997 possunt,
2363 4925 2420 4977 et
2469 4932 2616 4991 saepe
2659 4915 2868 4974 debent
2912 4917 3174 4975 exerceri
3222 4926 3494 4997 propter

2079 5007 2259 5062 Deum
2297 5000 2477 5059 finem
2524 4998 3030 5072 supernaturalem
3060 5021 3076 5067 ς
3107 5014 3299 5075 neque
3344 5006 3490 5089 ajin

3267 5093 3492 5154 major

3471 998 3560 1042 gn
