3647 5753
250 4065 429 4110 Retent-

256 4116 451 4175 tur-‚ulte-

299 4175 403 4209 r¹m0

437 396 547 463 486

440 565 783 638 requiritur,
816 565 965 637 quod
1013 565 1187 621 homo
1234 569 1420 636 peccet
1457 580 1527 621 ex
1579 563 1799 620 motivo

439 645 764 703 offendendi
796 648 1006 712 Deum,
1051 645 1143 701 vel
1185 645 1528 711 naturalem,
1562 645 1655 701 vel
1698 660 1800 700 su-

440 727 868 798 pernaturalem
893 725 1194 782 authorem
1221 731 1278 782 et
1292 724 1488 781 finem.
1508 724 1568 780 Id
1589 724 1801 797 quippe

441 806 491 862 si
519 805 959 873 desideraretur,
988 822 1090 863 nec
1128 806 1301 864 homo
1344 822 1578 879 peccans
1616 805 1800 862 offen-

441 888 603 946 deret
638 892 839 957 Deum,
893 896 951 945 ut
1007 890 1333 945 naturalem
1376 888 1695 953 authorem,
1746 891 1803 944 et

440 968 616 1027 finem
627 996 640 1036 ;
665 986 800 1026 nam
830 986 961 1026 raro
987 970 1288 1044 contingit,
1321 967 1471 1041 quod
1512 968 1642 1041 quis
1671 983 1802 1041 pec-

440 1055 526 1107 cet
540 1065 608 1106 ex
625 1049 754 1107 odio
771 1051 862 1106 vel
883 1055 1208 1123 contemptu
1231 1064 1497 1122 expresso
1520 1047 1804 1121 praedictae

443 1131 713 1197 rationis;
762 1131 944 1187 immo
971 1131 1262 1188 multoties
1287 1132 1444 1198 vult,
1475 1131 1679 1185 saltem
1707 1128 1804 1184 in-

442 1212 757 1276 efficaciter,
784 1210 1055 1268 delectari
1085 1213 1148 1267 in
1176 1210 1391 1284 objecto
1414 1209 1724 1284 prohibito,
1748 1215 1807 1266 et

447 1308 564 1349 non
614 1291 903 1348 offendere
954 1295 1154 1347 Deum.
1212 1290 1318 1347 Sed
1357 1291 1593 1358 sufficit,
1655 1288 1804 1363 quod

445 1374 618 1430 homo
635 1372 913 1443 peccando
935 1389 994 1429 se
1022 1377 1318 1429 convertat
1340 1371 1410 1427 ad
1433 1371 1649 1428 bonum
1679 1386 1807 1443 pro-

448 1453 659 1526 prium,
692 1458 963 1525 tanquam
992 1451 1060 1509 ad
1110 1452 1382 1507 ultimum
1428 1450 1603 1508 finem
1629 1474 1644 1517 ;
1669 1465 1805 1506 nam

449 1535 649 1605 eoipso
662 1534 918 1590 recedita
937 1537 1051 1590 Deo
1063 1532 1267 1589 ultimo
1292 1531 1551 1599 fine,tam
1577 1537 1808 1589 natura-

449 1616 511 1680 li,
543 1631 713 1687 quam
742 1612 1169 1686 supernaturali
1191 1637 1206 1680 3
1235 1629 1364 1669 cum
1406 1613 1708 1670 conversio
1735 1612 1807 1668 ad

449 1700 664 1750 bonum
686 1692 1093 1750 commutabile
1114 1693 1302 1749 trahat
1315 1709 1505 1749 secum
1519 1693 1810 1765 indispen-

447 1775 708 1832 sabiliter
736 1775 1094 1831 aversionem
1123 1789 1157 1829 a
1184 1773 1334 1830 bono
1382 1774 1644 1842 rationis,
1675 1777 1808 1828 tan-

448 1870 622 1928 quam
669 1853 741 1910 ab
773 1854 975 1910 ultimo
1002 1851 1135 1908 fine.
1171 1854 1298 1909 Haec
1346 1859 1537 1910 autem
1585 1850 1809 1908 aversio

450 1935 735 2007 (quamvis
765 1949 880 1989 non
909 1933 982 1991 sit
1010 1948 1112 2004 per
1146 1949 1206 1989 se
1249 1932 1516 2004 explicite
1544 1932 1804 2002 intenta),

449 2020 536 2072 est
586 2015 1039 2087 interpretativa,
1093 2011 1370 2078 affective,
1420 2018 1477 2069 et
1508 2012 1811 2069 moraliter

447 2097 644 2173 gravis
665 2096 879 2153 offensa
903 2095 1189 2161 Dei;cum
1230 2095 1394 2151 tollat
1435 2094 1506 2150 ab
1551 2094 1674 2166 ipso
1714 2110 1812 2150 ra-

452 2180 668 2235 tionem
698 2178 891 2233 ultimi
913 2177 1062 2245 finis,
1079 2176 1227 2249 quod
1254 2181 1338 2232 est
1360 2176 1518 2233 velut
1533 2176 1812 2233 intentata

449 2258 714 2333 quaedam
745 2259 1000 2315 affective
1043 2259 1350 2316 destructio
1380 2257 1499 2325 Dei,
1531 2262 1587 2313 et
1612 2271 1813 2313 conse-

448 2345 693 2412 quenter
740 2339 894 2395 laedit
945 2341 1246 2396 moraliter
1290 2344 1477 2397 totum
1525 2339 1706 2393 Deum
1754 2341 1815 2392 ut

453 2423 771 2486 authorem,
803 2426 859 2476 et
878 2419 1073 2486 finem,
1102 2426 1220 2477 tam
1265 2420 1612 2486 naturalem,
1640 2434 1814 2491 quam

451 2503 971 2576 supernaturalem.
1016 2504 1163 2576 Ergo
1217 2502 1388 2559 homo
1440 2500 1702 2557 conditus
1752 2500 1815 2555 in

454 2582 631 2654 puris,
656 2587 712 2637 et
732 2582 987 2656 graviter
1010 2598 1264 2653 peccans,
1292 2579 1608 2638 offenderet
1632 2582 1812 2634 Deum

456 2661 775 2727 authorem,
819 2666 875 2716 et
902 2660 1077 2716 finem
1116 2661 1639 2733 supernaturalem,
1696 2675 1815 2715 non

451 2743 641 2799 solum
694 2742 1074 2798 materialiter
1106 2785 1119 2808 ,
1168 2747 1223 2798 et
1276 2741 1811 2805 fundamentaliter,

452 2829 734 2898 quatenus
774 2823 844 2881 ab
880 2824 1003 2896 ipso
1049 2823 1302 2881 auferret
1348 2823 1634 2881 rationem
1681 2820 1817 2878 finis

455 2904 756 2970 naturalis,
788 2905 914 2961 sine
934 2921 1045 2978 qua
1073 2905 1273 2977 nequit
1297 2905 1445 2961 ratio
1469 2908 1818 2977 supernatu-

458 2984 597 3041 ralis
619 2983 753 3040 finis
773 2985 1019 3053 salvari;
1047 2984 1146 3042 sed
1174 2986 1310 3057 quia
1339 2985 1464 3057 ipsa
1491 2984 1639 3041 ratio
1679 2982 1816 3040 finis

453 3065 914 3137 supernaturalis
964 3072 1109 3123 esset
1158 3066 1305 3122 ratio
1350 3083 1463 3142 quae
1500 3081 1601 3138 per
1639 3080 1719 3130 se,
1763 3069 1820 3120 et

454 3145 785 3202 formaliter
829 3144 1045 3202 offensa
1078 3161 1472 3218 :quamquam
1520 3142 1817 3201 offendens

456 3228 636 3303 priuS,
662 3233 717 3284 et
738 3226 1129 3292 immediatius
1176 3231 1536 3284 averteretur
1558 3243 1590 3285 a
1619 3230 1731 3284 Deo
1758 3228 1819 3281 ut

455 3308 573 3365 fine
601 3309 874 3375 naturali,
894 3323 1073 3380 quam
1101 3323 1134 3362 a
1162 3308 1276 3364 Deo
1297 3313 1358 3363 ut
1402 3306 1519 3364 fine
1538 3321 1820 3380 superna-

458 3389 634 3445 turali
663 3409 675 3443 :
705 3395 759 3445 et
806 3403 1154 3461 quamquam
1184 3388 1357 3445 homo
1403 3404 1522 3444 non
1567 3391 1821 3460 peccaret

460 3488 532 3527 ex
546 3470 765 3528 motivo
786 3468 1111 3526 offendendi
1124 3472 1304 3526 Deum
1319 3471 1820 3542 supernaturalem

467 3552 788 3616 authorem,
820 3556 877 3606 et
897 3549 1094 3607 finem.
1128 3550 1293 3608 Unde
1315 3549 1386 3607 ad
1430 3551 1822 3624 expiationem

463 3633 719 3706 praedicti
748 3631 959 3705 peccati
1002 3648 1119 3688 non
1146 3633 1426 3690 sufficeret
1451 3632 1743 3707 subjectio,
1768 3637 1825 3690 et

462 3715 763 3772 conversio
811 3715 1096 3770 naturalis
1147 3713 1217 3770 ad
1257 3717 1439 3772 Deum
1494 3714 1822 3771 naturalem

463 3794 669 3855 finem;
689 3794 787 3850 sed
815 3794 1089 3868 subJ‘ectio
1114 3799 1172 3849 et
1197 3795 1496 3851 conversio
1538 3810 1825 3866 superna·

466 3877 671 3932 turalis
699 3874 770 3931 ad
801 3877 981 3932 Deum
1029 3880 1092 3930 ut
1120 3875 1621 3946 supernaturalem
1648 3872 1825 3930 finem

468 3957 801 4029 requiritur.

540 4035 766 4094 Ad‘haec
793 4060 806 4094 ε
838 4036 1062 4093 aversio
1086 4037 1348 4094 formalis
1378 4054 1411 4094 a
1436 4040 1549 4094 Deo
1570 4037 1635 4093 in
1663 4041 1827 4092 utro-

466 4136 574 4194 que
601 4118 823 4184 ordine,
866 4133 1073 4189 nempe
1100 4117 1373 4184 naturali,
1399 4122 1455 4174 et
1478 4122 1854 4190 supernatu-.

469 4201 599 4269 rali,
655 4197 851 4271 nequit
904 4197 1119 4254 auferri
1166 4198 1294 4254 sine
1338 4197 1711 4254 conversione
1756 4196 1830 4254 ad

467 4286 649 4339 Deum
674 4281 737 4337 in
767 4285 1005 4352 utroque
1032 4279 1255 4347 ordine,
1287 4279 1540 4336 naturali
1561 4284 1617 4336 et
1635 4294 1831 4352 super-

472 4361 725 4419 naturali
756 4359 894 4416 :sed
923 4359 1095 4416 homo
1141 4357 1404 4415 conditus
1450 4359 1515 4414 in
1561 4357 1743 4431 puris,
1774 4362 1831 4415 et

470 4443 727 4518 graviter
774 4457 1026 4513 peccanS,
1060 4444 1417 4496 averteretur
1448 4439 1771 4496 formaliter
1797 4454 1832 4495 a

471 4525 587 4579 Deo
622 4522 686 4576 in
729 4527 968 4594 utroque
1010 4520 1258 4577 ordine:
1301 4535 1435 4594 ergo
1481 4535 1600 4576 non
1648 4522 1835 4593 posset

470 4601 836 4663 aversionem
867 4619 897 4658 a
927 4604 1039 4658 Deo
1085 4600 1371 4674 deponere
1416 4599 1544 4656 sine
1588 4616 1833 4657 conver-

470 4687 633 4744 sione
662 4683 943 4756 adipsum
974 4683 1036 4738 in
1073 4681 1278 4740 ordine
1326 4681 1600 4749 naturali,
1643 4687 1701 4739 et
1743 4699 1836 4738 su-

473 4765 834 4842 pernaturali
862 4770 950 4832 ;et
970 4770 1380 4836 consequenter
1404 4763 1704 4820 conversio
1732 4780 1834 4836 per

476 4852 665 4906 solum
694 4862 951 4904 amorem
1007 4847 1331 4903 naturalem
1387 4862 1503 4902 non
1556 4844 1837 4902 sufficeret

481 4928 551 4986 ad
578 4928 1021 4985 destructionem
1047 4927 1298 4999 praedicti
1326 4927 1556 5002 peccati.
1582 4928 1836 5000 Utraque

482 5007 887 5080 consequentia
915 5010 1152 5075 constat,
1185 5013 1241 5064 et
1261 5007 1448 5081 major
1470 5007 1667 5080 liquet,
1694 5023 1836 5085 sup-

1381 396 1475 449 DE'
1511 393 2093 449 JUSTIFICATIONE
2134 396 2335 450 IMPII.

1932 564 2115 638 posita
2159 564 2419 622 doctrina
2446 607 2459 629 ,
2509 580 2682 637 quam
2728 562 3032 627 statuimus
3071 557 3199 613 dub.
3231 557 3289 622 5,

1930 647 2066 720 quia
2091 646 2235 703 sicut
2257 647 2482 705 aversio
2508 646 2572 702 in
2611 661 2821 720 genere
2855 643 3052 717 nequit
3073 639 3294 698 auferri

1931 727 2060 784 sine
2084 727 2480 794 conversione,
2513 733 2569 785 et
2590 725 2814 783 aversio
2838 741 2871 782 a
2897 723 3014 780 fine
3035 719 3295 778 naturali

1932 808 2059 865 sine
2083 807 2455 866 conversione
2475 807 2819 875 formaliter,
2852 810 2948 862 aut
2966 802 3295 861 eminenter

1935 888 2038 945 tali
2060 887 2130 944 ad
2158 887 2336 944 finem
2380 888 2705 945 naturalem
2740 908 2754 943 :
2785 887 2864 942 ita
2910 883 3134 942 aversio
3173 882 3296 940 for-

1935 970 2106 1028 malis
2135 987 2167 1027 a
2189 968 2305 1027 fine
2331 968 2764 1043 supernaturali
2807 967 3028 1024 auferri
3055 981 3173 1022 non
3200 980 3297 1020 va·

1937 1053 2015 1109 let
2034 1049 2242 1125 absque
2256 1051 2628 1108 conversione
2651 1050 2720 1107 ad
2745 1050 3079 1123 praedictum
3095 1045 3293 1102 finem.

1936 1132 2130 1188 Minor
2182 1137 2373 1187 autem
2427 1131 2564 1187 satis
2636 1135 2855 1187 constat
2903 1144 2975 1186 ex
3028 1128 3299 1184 hactenus

1937 1210 2101 1267 dictis
2134 1231 2146 1265 ε
2174 1217 2294 1266 tum
2334 1210 2470 1284 quia
2499 1211 2619 1276 ille,
2651 1211 2749 1284 qui
2776 1208 3019 1266 destruit
3046 1207 3295 1279 aliquem

1938 1291 2276 1356 terminum,
2307 1289 2549 1346 destruit
2569 1306 2801 1347 omnem
2825 1293 3068 1354 motum,
3087 1292 3144 1343 et
3169 1302 3297 1343 mo-

1940 1376 2063 1428 tum
2111 1369 2383 1427 tendendi
2436 1369 2506 1426 ad
2550 1371 2722 1426 illum
2770 1369 3087 1426 terminum
3140 1387 3153 1422 ε
3199 1366 3296 1424 sed

1939 1452 2132 1509 omnis
2171 1451 2342 1508 homo
2373 1450 2626 1525 graviter
2657 1466 2890 1523 peccans
2915 1447 3159 1505 destruit
3180 1463 3298 1504 mo·

1943 1533 2145 1589 raliter
2197 1531 2632 1603 interpretative
2671 1537 2854 1588 totum
2882 1516 3081 1593 Deum,
3135 1532 3299 1600 prout

1941 1613 2107 1668 estin
2127 1612 2346 1683 seipso;
2370 1610 2654 1683 siquidem
2680 1612 2741 1666 in
2764 1610 2963 1667 affectu
3013 1609 3199 1665 aufert
3227 1607 3296 1665 ab

1942 1694 2047 1751 illo
2069 1694 2476 1766 perfectionem
2501 1693 2693 1749 ultimi
2717 1692 2870 1759 finis,
2896 1692 3024 1749 sine
3043 1707 3154 1764 qua
3182 1705 3298 1746 non

1943 1778 2128 1847 posset
2154 1773 2217 1828 in
2247 1789 2309 1829 re
2334 1772 2643 1831 subsistere
2676 1794 2688 1830 ε
2717 1788 2853 1847 ergo
2899 1771 3142 1828 destruit
3169 1785 3264 1826 om

1943 1870 2078 1912 nem
2101 1859 2340 1920 motum,
2367 1861 2423 1911 et
2448 1855 2685 1913 modum
2708 1854 2978 1913 tendendi
3000 1854 3063 1910 in
3084 1856 3263 1909 Deum
3286 1874 3300 1908 ε

1945 1940 2110 2008 atque
2130 1935 2256 1991 ideo
2283 1936 2568 1993 contrahit
2596 1937 2917 1994 formaliter
2939 1935 3300 2001 aversionem

1945 2016 2016 2072 ab
2045 2017 2146 2073 illo
2168 2016 2230 2072 in
2251 2018 2413 2073 omni
2440 2017 2663 2086 ordine,
2690 2023 2808 2074 tam
2831 2016 3102 2080 naturali,
3129 2030 3304 2086 quam

1945 2097 2395 2169 supernaturali.
2424 2099 2572 2153 Tum
2607 2097 2805 2162 etiam,
2848 2111 2982 2151 nam
3035 2095 3135 2168 qui
3183 2110 3303 2151 non

1947 2176 2071 2233 vult
2086 2179 2199 2233 Deo
2224 2175 2425 2251 subjici
2448 2177 2665 2234 minori
2689 2175 3050 2251 subJ'ectione,
3075 2189 3142 2231 eo
3178 2173 3306 2246 ipso

1946 2250 2309 2315 convinditur
2375 2259 2530 2315 nolle
2600 2256 3035 2331 interpretative
3097 2253 3303 2327 subjici

1947 2340 2155 2414 maiori
2178 2341 2524 2415 subJ‘ectione
2545 2362 2557 2397 ε
2581 2340 2680 2398 sed
2708 2342 3002 2416 majorest
3031 2336 3310 2411 subjectio

1947 2422 2407 2494 supernaturalis
2447 2421 2517 2478 ad
2566 2425 2746 2479 Deum
2791 2417 3306 2492 ,supernaturalem

1949 2500 2146 2567 finem,
2175 2518 2348 2574 quam
2373 2504 2656 2558 naturalis
2699 2500 2974 2573 subjemio
3003 2497 3070 2555 ad
3124 2500 3307 2552 Deum

1950 2580 2127 2639 finem
2157 2583 2514 2649 naturalem;
2544 2591 2599 2639 et
2634 2583 2806 2639 homo
2828 2583 2890 2636 in
2920 2579 3080 2652 puris
3105 2575 3312 2635 condi-

1951 2669 2040 2721 tus
2065 2667 2316 2740 graviter
2337 2681 2570 2738 peccans
2599 2666 2777 2721 nollet
2816 2661 3019 2735 subjici
3048 2665 3162 2720 Deo
3202 2676 3311 2717 na-

1950 2747 2124 2803 turali
2151 2746 2255 2803 fini
2282 2762 2382 2818 per
2400 2746 2815 2819 subjectionem
2847 2745 3174 2801 naturalem
3196 2744 3310 2816 ipsi

1951 2832 2086 2885 tunc
2105 2827 2355 2886 debitam
2391 2849 2404 2885 ε
2431 2844 2566 2904 ergo
2586 2844 2654 2886 eo
2676 2828 2800 2901 ipso
2830 2829 3011 2886 nollet
3035 2827 3318 2899 interpre-

1952 2910 2126 2967 tative
2147 2911 2256 2983 ipsi
2288 2916 2347 2966 ut
2367 2910 2794 2983 supernaturali
2825 2909 2929 2967 fini
2977 2908 3183 2985 subjici
3212 2925 3314 2982 per

1950 2992 2449 3063 supernaturalem
2490 2990 2899 3065 subJectionem
2933 3011 2947 3045 ε
2978 2990 3096 3047 haec
3122 2995 3313 3046 autem

1951 3072 2202 3130 exclusio
2221 3072 2592 3147 subjectionis
2619 3072 2821 3129 sufficit
2857 3071 2927 3128 ad
2950 3072 3313 3129 aversionem

1955 3154 2262 3210 formalem
2292 3173 2304 3210 :
2334 3169 2469 3227 ergo
2494 3153 2794 3226 praedictus
2833 3152 3007 3209 homo
3053 3158 3320 3210 maneret

1954 3234 2282 3292 formaliter
2310 3251 2546 3292 aversus
2601 3252 2634 3291 a
2662 3237 2793 3301 Deo,
2853 3249 2968 3290 non
3019 3235 3208 3291 solum
3257 3234 3319 3291 in

1955 3315 2160 3373 ordine
2187 3318 2460 3384 naturali,
2486 3316 2583 3374 sed
2611 3317 2785 3373 etiam
2810 3315 2873 3372 in
2892 3314 3099 3373 ordine
3123 3331 3324 3389 super-

1955 3398 2231 3454 naturali.
2258 3400 2442 3463 Quam
2466 3396 2707 3472 proinde
2721 3396 3081 3454 aversionem
3107 3395 3322 3454 abster-

1954 3494 2109 3553 gere,
2134 3483 2193 3535 et
2210 3480 2497 3552 expellere
2525 3494 2642 3535 non
2667 3482 2851 3551 posset
2869 3479 2991 3534 sola
3019 3477 3321 3535 conversio

1957 3575 2059 3632 per
2085 3574 2344 3616 amorem
2387 3559 2733 3624 naturalem,
2789 3574 2919 3614 cum
2961 3559 3078 3614 haec
3127 3559 3318 3615 solum

1957 3639 2235 3705 restricte,
2260 3646 2316 3697 et
2333 3640 2511 3709 {intra
2536 3639 2802 3696 ordinem
2833 3640 3156 3696 naturalem
3178 3653 3320 3697 con-

1957 3725 2178 3787 vertat3
2204 3727 2260 3777 et
2287 3721 2368 3777 sic
2417 3736 2625 3777 sanare
2672 3726 2913 3792 nequeat
2956 3720 3316 3777 aversionem

1956 3799 2022 3855 in
2043 3804 2284 3873 utroque
2313 3799 2516 3857 ordine
2545 3815 2644 3873 per
2672 3806 2857 3856 actum
2882 3799 3085 3874 peccati
3109 3797 3318 3854 induc-

1959 3885 2107 3947 tam,
2152 3883 2315 3955 juxta
2362 3880 2510 3937 illud
2553 3896 2859 3938 commune
2900 3880 3262 3955 proloquium
3310 3903 3322 3936 :

1957 3960 2179 4018 Bonum
2204 3980 2275 4018 ea>
2317 3964 2527 4032 inteyra
2572 3980 2759 4031 causa,
2817 3964 3028 4019 malum
3077 3979 3149 4018 ex
3192 3979 3325 4040 quo·

1959 4059 2185 4120 cumque
2210 4043 2441 4115 delectu.

2560 4212 2593 4279 g
2634 4211 2727 4266 IV.

2038 4364 2345 4425 Roboratur
2369 4364 2609 4437 amplius
2630 4368 2833 4422 veritas
2854 4374 3046 4422 nostres
3071 4382 3254 4421 asser-

2553 4447 2737 4504 τίοηίε.

2037 4601 2168 4657 264.
2213 4599 2470 4659 Secundo
2501 4600 2776 4674 probatur
2805 4608 3002 4660 nostra
3037 4598 3326 4659 conclusio
3339 4627 3436 4672 Atta
3450 4635 3511 4670 η.

1965 4680 2388 4741 manifestando
2435 4681 2923 4750 inconvenientia,
2949 4699 3074 4755 quae
3098 4699 3170 4740 ex
3189 4681 3327 4738 doc·
3391 4675 3469 4720 ⁸¹0-

1967 4762 2121 4819 trina
2148 4763 2404 4835 opposita
2429 4768 2871 4836 consequuntur.
2914 4766 3061 4820 Nam
3087 4779 3158 4820 ex
3204 4763 3329 4838 ejus

1967 4843 2288 4918 principiiS,
2319 4844 2368 4900 si
2401 4860 2540 4902 vera
2564 4851 2717 4913 sunt,
2757 4846 3010 4903 infertur
3037 4846 3231 4918 plures
3255 4846 3327 4903 de

1967 4924 2113 4981 facto
2138 4925 2393 4998 graviter
2439 4931 2728 4998 peccantes
2755 4942 2874 4983 non
2925 4925 3218 4986 offendere
3258 4925 3331 4982 de

1967 5005 2130 5074 facto,
2175 5013 2231 5063 et
2256 5007 2570 5066 secundum
2615 5013 2962 5082 praesentem
3010 5009 3328 5084 providen-

3195 5091 3331 5149 tiam
