3647 5753
278 2161 429 2208 tundo.

464 442 580 500 670
622 502 631 509 ,

477 621 778 694 recipiunt,
809 622 890 679 sic
916 621 1291 680 confirmatur
1313 621 1458 679 ratio
1488 622 1631 678 facta
1651 645 1664 688 ;
1688 636 1826 677 nam

474 706 712 762 omissio
740 711 893 762 actus
921 707 1061 762 mali
1090 711 1316 778 sumpta
1346 705 1576 777 praecise
1620 720 1826 761 secun-

468 785 610 842 dum
637 802 716 849 se,
751 804 867 845 non
897 788 1169 860 importat
1196 786 1427 860 aliquod
1453 786 1669 843 bonum
1698 801 1829 842 mo-

472 866 684 932 tivum,
718 884 821 925 nec
844 869 1071 941 respicit
1098 870 1400 925 honestum
1444 867 1620 924 finem
1654 881 1829 940 :ergo

472 947 787 1005 secundum
808 965 868 1006 se
891 950 1113 1024 nullam
1135 948 1271 1004 dicit
1292 947 1605 1006 bonitatem
1630 962 1828 1004 mora-

470 1030 606 1086 lem.
636 1031 1049 1103 Consequentia
1072 1035 1221 1103 patet
1253 1046 1323 1087 ex
1364 1029 1547 1097 dictis,
1579 1035 1636 1087 et
1661 1033 1828 1085 ante-

468 1108 674 1166 cedens
703 1110 975 1182 probatur
1010 1132 1022 1166 :
1046 1117 1170 1167 tum
1190 1113 1324 1184 quia
1366 1110 1601 1168 omissio
1619 1124 1828 1165 secun-

470 1188 611 1246 dum
638 1207 699 1247 se
724 1197 810 1248 est
834 1209 975 1264 pura
1001 1195 1255 1250 carentia
1284 1199 1457 1258 actus,
1482 1198 1538 1248 et
1557 1192 1679 1247 sola
1720 1205 1828 1246 ne-

464 1272 620 1344 gatio
653 1273 949 1329 :carentia
986 1281 1198 1339 autem,
1247 1280 1304 1331 et
1348 1272 1576 1347 negatio
1628 1271 1827 1343 nequit

467 1352 715 1411 fundare
765 1355 1029 1412 ordinem
1078 1357 1149 1415 ad
1197 1358 1446 1430 aliquem
1501 1354 1697 1418 finem,
1732 1354 1827 1409 vel

468 1437 939 1504 motivumpcum
969 1440 1060 1496 hic
1089 1440 1229 1498 ordo
1274 1441 1350 1495 sit
1377 1437 1594 1512 aliquid
1623 1436 1826 1510 positi-

465 1533 627 1584 vum,
677 1518 828 1591 quod
869 1520 932 1575 in
985 1520 1142 1578 nuda
1182 1523 1437 1578 carentia
1480 1537 1597 1578 non
1644 1521 1827 1591 potest

467 1598 726 1657 fundari.
758 1603 904 1657 Tum
934 1604 1131 1667 etiam,
1156 1605 1290 1676 quia
1311 1603 1546 1659 omissio
1568 1619 1623 1658 v.
1655 1618 1707 1675 g.
1742 1601 1827 1656 fu-

465 1680 654 1747 randi,
681 1689 909 1755 sumpta
935 1684 1248 1741 secundum
1271 1700 1349 1750 se,
1368 1683 1437 1740 ad
1462 1684 1685 1740 nullam
1710 1681 1828 1738 vir·

463 1765 646 1817 tutem
678 1765 924 1834 pertinet
950 1785 962 1819 :
992 1779 1128 1838 ergo
1151 1780 1268 1821 non
1291 1765 1565 1837 importat
1593 1761 1825 1835 aliquod

463 1843 769 1902 honestum
784 1847 1085 1913 motivum,
1104 1844 1399 1919 quodlibet
1425 1847 1583 1904 enim
1613 1846 1826 1903 hones-

463 1930 590 1982 tum
619 1929 901 1985 motivum
949 1921 1161 2002 spec't'at
1202 1946 1304 2003 per
1354 1946 1416 1987 se
1459 1928 1530 1986 ad
1570 1928 1823 2001 aliquam

464 2008 762 2069 virtutem.

543 2102 929 2161 confirmatur
977 2110 1250 2178 praeterea
1283 2124 1296 2160 :
1327 2118 1463 2160 nam
1510 2103 1559 2159 si
1588 2101 1826 2160 omissio

467 2184 707 2243 furandi
759 2203 817 2242 v.
847 2203 900 2261 g.
944 2186 1257 2244 secundum
1298 2202 1358 2243 se
1395 2190 1623 2258 sumpta
1679 2190 1826 2241 esset

466 2265 619 2325 bona
641 2271 963 2338 moraliter;
990 2271 1246 2327 maxime
1264 2270 1399 2343 quia
1416 2285 1515 2343 per
1544 2269 1707 2324 illam
1729 2266 1826 2324 ad-

463 2349 817 2425 impletquis
865 2358 1208 2425 praeceptum
1238 2368 1355 2408 non
1407 2351 1680 2408 furandi:
1724 2349 1826 2408 sed

460 2447 533 2489 ex
557 2434 659 2489 hac
684 2435 905 2491 ratione
933 2449 1050 2490 non
1077 2432 1336 2499 habetur,
1369 2432 1518 2507 quod
1539 2433 1613 2489 sit
1641 2432 1789 2489 bona
1801 2432 1819 2487 ':

434 2511 435 2514 ’
463 2529 600 2590 ergo
621 2532 690 2572 ex
716 2518 899 2572 nulla.
917 2517 1099 2590 Major
1119 2534 1190 2574 ex
1211 2534 1269 2575 se
1291 2523 1549 2574 constare
1571 2515 1819 2583 videtur,

464 2599 599 2672 quia
622 2615 692 2655 ex
738 2601 899 2657 nullo
927 2601 1042 2656 alio
1081 2601 1263 2674 capite
1290 2604 1507 2672 poterat
1552 2600 1822 2672 praedicta

472 2679 711 2736 omissio
754 2696 876 2737 esse
916 2681 1227 2738 conformis
1276 2687 1439 2738 rectae
1474 2681 1723 2746 rationi,
1759 2680 1821 2736 in

476 2776 589 2834 quo
619 2759 840 2817 bonitas
862 2764 1100 2820 moralis
1121 2763 1394 2829 consistit,
1422 2764 1535 2819 nisi
1557 2763 1690 2836 quia
1718 2762 1823 2821 ad-

462 2844 667 2916 implet
715 2842 1045 2916 praedictum
1094 2850 1459 2919 praeceptum,
1496 2850 1554 2903 et
1597 2861 1725 2902 cum
1753 2860 1822 2902 eo

467 2926 880 2983 conformatur.
931 2928 1126 2984 Minor
1166 2944 1301 2985 vero
1341 2927 1611 2985 suadetur
1653 2949 1666 2984 ε
1698 2932 1820 2983 tum

464 3009 602 3081 quia
625 3014 964 3081 praeceptum
994 3010 1326 3083 negativum
1343 3026 1458 3067 non
1480 3008 1694 3084 obligat
1722 3001 1822 3083 per

468 3107 530 3148 se
558 3090 627 3149 ad
663 3091 881 3163 aliquid
924 3091 1157 3161 bonum,
1200 3091 1297 3150 sed
1334 3093 1564 3166 praecise
1598 3091 1668 3148 ad
1704 3108 1821 3150 non

465 3172 790 3229 faciendum
815 3176 1034 3231 malum
1069 3196 1082 3231 ε
1112 3191 1247 3250 ergo
1270 3181 1330 3232 ut
1350 3174 1585 3232 omissio
1631 3174 1821 3231 adim-

467 3256 619 3329 pleat
643 3256 968 3330 hujusmodi
1024 3264 1388 3331 praeceptum,
1420 3273 1540 3315 non
1592 3263 1678 3316 est
1716 3273 1822 3315 ne-

462 3352 635 3415 cesse,
661 3338 809 3410 quod
836 3338 910 3394 sit
954 3339 1123 3407 bona,
1162 3340 1261 3396 sed
1302 3340 1440 3396 satis
1484 3340 1616 3405 erit,
1672 3339 1821 3412 quod

464 3419 782 3477 secundum
827 3438 887 3478 se
936 3422 1012 3478 sit
1053 3438 1169 3480 non
1222 3426 1414 3489 mala,
1447 3428 1502 3480 et
1551 3424 1702 3496 quod
1747 3424 1823 3479 sit

460 3502 716 3569 omissi0,
734 3505 1057 3562 etcarentia
1085 3511 1238 3562 actus
1264 3506 1423 3562 mali.
1445 3508 1592 3562 Tum
1619 3508 1814 3573 etiam,

459 3585 600 3659 quia
633 3585 704 3640 ad
756 3584 1227 3658 adimpletionem
1275 3588 1518 3662 alicujus
1558 3590 1819 3663 praecepti

457 3669 596 3726 satis
622 3673 707 3725 est
731 3669 898 3739 (utin
939 3670 1281 3741 plurimum)
1297 3671 1670 3727 conformitas
1692 3687 1821 3728 ma-

457 3748 680 3806 terialis
719 3765 848 3805 cum
878 3750 979 3805 tali
1028 3757 1324 3823 praecepto,
1356 3756 1418 3805 ut
1456 3751 1721 3810 ‚cernitur
1755 3750 1819 3808 in

462 3833 756 3906 praeceptis
797 3832 1176 3897 affirmativiS,
1211 3832 1280 3889 ad
1331 3849 1575 3905 quorum
1629 3833 1815 3890 adim-

462 3915 777 3988 pletionem
800 3914 1022 3981 sufficit,
1043 3916 1089 3970 si
1114 3914 1213 3971 fiat
1233 3915 1414 3987 quoad
1436 3915 1817 3973 substantiam

461 4001 637 4061 actuS,
669 4002 725 4053 et
753 4012 842 4052 res
873 4003 1163 4069 praecepta,
1190 3996 1455 4068 quamvis
1477 4013 1595 4054 non
1624 3996 1722 4054 fiat
1747 4014 1820 4055 ex

462 4076 598 4145 fine,
650 4083 708 4135 et
751 4079 968 4136 motivo
1017 4078 1196 4151 ipsius
1237 4078 1518 4151 praecepti‚
1550 4094 1618 4136 eo
1668 4079 1817 4153 quod

462 4159 616 4227 finis,
644 4167 699 4217 et
721 4160 1011 4216 intentum
1039 4159 1420 4232 praecipientis
1441 4162 1524 4230 (ut
1551 4161 1615 4215 in
1638 4162 1818 4233 pluri-

459 4249 663 4316 mum),
692 4260 807 4301 non
836 4243 985 4300 cadit
1033 4241 1138 4298 sub
1193 4248 1469 4316 praecepto
1496 4242 1599 4300 :ad
1645 4242 1817 4301 boni-

457 4333 634 4387 tatem
663 4344 801 4385 vero
830 4327 1109 4383 moralem
1154 4342 1270 4383 non
1308 4331 1393 4383 est
1419 4326 1557 4384 satis
1584 4328 1816 4386 confor-

454 4412 629 4469 mitas
650 4410 965 4467 materialis
992 4426 1120 4466 cum
1138 4415 1431 4482 praecepto,
1446 4410 1542 4467 sed
1564 4411 1816 4486 exigitur

454 4495 829 4554 conformitas
859 4492 1138 4558 formam,
1157 4508 1365 4565 nempe
1385 4493 1533 4566 quod
1554 4493 1809 4553 omissio.

455 4579 549 4636 vel
590 4585 763 4643 actus,
826 4593 924 4649 per
974 4591 1145 4649 quem
1187 4574 1553 4648 adimpletur,
1600 4575 1698 4634 fiat
1741 4592 1815 4636 ex

453 4661 651 4736 aliquo
687 4661 923 4718 honesto
950 4658 1185 4724 motivo,
1212 4664 1267 4714 et
1291 4658 1352 4715 in
1398 4658 1601 4716 ordine
1641 4659 1711 4717 ad
1739 4659 1814 4715 fi-

454 4758 589 4801 nem
614 4742 794 4815 ipsius
818 4741 1101 4815 praecepti,
1134 4745 1195 4795 ut
1220 4745 1438 4797 constat
1461 4756 1533 4797 ex
1572 4741 1662 4797 his
1688 4758 1813 4814 quae

449 4824 516 4883 in
545 4825 735 4898 prima
762 4822 1201 4880 confirmatione
1221 4820 1532 4895 tetigimus,
1563 4828 1619 4878 et
1641 4824 1813 4879 latius

451 4907 837 4981 explicuimus
866 4908 924 4961 in
969 4913 1130 4961 tract.
1161 4904 1226 4960 de
1269 4904 1435 4960 bonit.
1488 4912 1537 4959 et
1565 4907 1804 4973 malitia,

454 4993 583 5047 dist.
617 4992 652 5047 3
673 4992 747 5046 ad
772 4997 880 5046 are.
906 4991 961 5056 4,
994 5008 1146 5046 num.
1188 4990 1250 5045 15
1271 4997 1321 5044 et
1345 4991 1409 5045 16
1430 5014 1444 5058 ;
1465 5005 1600 5064 ergo
1620 5003 1691 5046 ex
1716 5006 1803 5055 e0‚

440 5070 598 5144 quod
627 5070 880 5135 omissio,
906 5070 976 5128 de
1002 5087 1112 5145 qua
1135 5070 1448 5142 loquimur,
1472 5069 1710 5127 sufficiat
1737 5069 1808 5127 ad

1508 444 1600 499 DE
1641 443 1946 499 NATURA
1983 443 2261 503 MERITI.
2352 529 2360 534 ·

1960 614 2398 690 adimplendum
2448 625 2828 692 praeceptum,
2887 635 3006 677 non
3055 616 3329 688 habetur,

1956 697 2106 771 quod
2136 699 2212 755 sit
2237 698 2389 755 bona
2412 702 2735 759 moraliter.

2028 782 2082 838 3.
2130 783 2332 839 Dices:
2377 783 2579 841 volitio
2616 801 2735 841 uon
2783 783 3019 841 furandi
3058 790 3145 840 est
3172 785 3332 843 bona

1958 864 2259 919 moraliter
2292 879 2469 938 :ergo
2495 866 2670 923 etiam
2713 867 2904 939 ipsum
2952 881 3069 923 non
3107 865 3327 924 furari.
3381 817 3541 915 Ψ

1960 944 2117 1000 Patet
2142 946 2561 1017 consequentia,
2587 948 2864 1020 quoniam
2907 948 3040 1003 talis
3066 952 3150 1004 est
3172 953 3334 1005 actus

1957 1025 2271 1081 voluntatis
2311 1025 2374 1084 in
2414 1026 2686 1093 bonitate.
2733 1031 2826 1085 vel
2869 1029 3114 1094 malitia,
3158 1030 3335 1101 quale
3363 1067 3378 1078 -

1956 1111 2040 1161 est
2060 1103 2360 1179 objectum,
2392 1113 2449 1163 et
2477 1123 2567 1165 res
2592 1110 2770 1167 volita
2799 1126 2899 1181 per
2928 1110 3121 1165 illum.

2032 1186 2429 1259 Respondetur
2473 1189 2882 1264 distinguendo
2934 1190 3277 1248 antecedens
3309 1210 3547 1260 :nu-im,

1970 1267 2167 1325 Felicio
2211 1286 2321 1323 non
2359 1270 2593 1340 furandi
2616 1279 2693 1326 est
2719 1271 2878 1338 bona,
2915 1288 3015 1343 per
3056 1272 3332 1331 ordinem

1957 1349 2028 1405 ad
2079 1349 2268 1421 ipsum
2314 1368 2424 1405 non
2467 1353 2658 1424 furari
2711 1353 2960 1425 praecise,
2995 1353 3330 1427 negandum

1955 1437 2072 1498 est;
2116 1448 2217 1504 per
2268 1431 2533 1489 ordinem
2582 1435 2651 1491 ad
2706 1435 2958 1507 aliquem
3011 1436 3322 1493 honestum

1956 1511 2133 1569 finem
2188 1513 2517 1586 positivum,
2567 1515 2658 1570 cui
2710 1518 3022 1589 opponitur
3078 1517 3328 1583 furtum,

1956 1599 2212 1650 transeat
2255 1593 2631 1652 antecedens:
2662 1602 2716 1655 et
2745 1613 3023 1672 negamus
3069 1597 3334 1657 absolute

1955 1676 2439 1748 consequentiam.
2498 1676 2729 1733 Etenim
2771 1680 2909 1751 quia
2954 1679 3160 1736 volitio
3209 1695 3331 1737 non

1958 1755 2189 1812 furandi
2209 1761 2295 1812 est
2321 1761 2477 1813 actus
2504 1755 2665 1831 sugae,
2697 1774 2817 1814 non
2845 1764 3025 1832 potest
3052 1757 3179 1816 fieri
3212 1760 3332 1816 nisi

1957 1838 2020 1894 in
2073 1839 2289 1896 virtute
2335 1839 2575 1914 alicujus
2629 1842 3113 1914 prosequutionis,
3159 1848 3334 1915 atque

1956 1919 2096 1977 adeo
2117 1920 2180 1975 in
2201 1919 2406 1977 ordine
2421 1920 2493 1976 ad
2514 1915 2766 1992 aliquem
2784 1919 2962 1977 finem
2987 1922 3330 1994 positivum3

1865 2039 1874 2046 -
1957 2003 2153 2083 nullus
2210 2002 2371 2059 enim
2401 2004 2619 2076 respuit
2688 2006 2944 2070 malum,
3009 2004 3123 2060 nisi
3189 2005 3331 2078 quia

1957 2090 2111 2140 amat
2160 2086 2485 2159 oppositum
2536 2085 2772 2153 bonum,
2806 2092 2867 2141 ut
2912 2089 2972 2141 in
3019 2093 3179 2143 tract.
3238 2089 3326 2154 10,

1954 2168 2096 2239 disp.
2151 2168 2207 2232 4,
2266 2167 2673 2240 explicuimus.
2727 2167 2786 2223 Si
2825 2183 2963 2243 ergo
3013 2168 3147 2225 finis
3202 2170 3327 2230 ille.

1958 2253 2189 2321 propter
2247 2264 2417 2320 quem
2487 2249 2777 2321 respuitur
2836 2249 3090 2317 furtum,
3149 2250 3333 2307 fuerit

1954 2345 2091 2386 vere
2130 2328 2331 2394 bonus
2375 2336 2431 2385 et
2458 2330 2748 2397 honestus,
2790 2338 2848 2387 ut
2874 2338 2959 2387 est
2988 2330 3337 2405 adimpletio

1956 2409 2142 2466 divini
2187 2411 2473 2484 praecepti,
2520 2414 2877 2470 conservatio
2910 2413 3147 2486 justitiae
3188 2429 3332 2486 pro-

1953 2492 2119 2556 ximi,
2145 2500 2249 2550 etc.
2280 2509 2352 2550 ex
2381 2495 2504 2567 ipso
2526 2494 2762 2567 accipiet
2783 2495 3098 2552 bonitatem
3119 2495 3334 2554 volitio

1956 2589 2073 2630 non
2101 2573 2334 2630 furandi
2362 2595 2375 2630 ε
2406 2576 2455 2630 si
2484 2581 2674 2633 autem
2717 2576 3017 2649 praedictus
3045 2575 3178 2633 finis
3218 2593 3332 2649 ap-

1955 2661 2221 2727 parenter
2248 2660 2475 2712 tantum
2504 2657 2577 2712 sit
2618 2656 2820 2723 bonus,
2854 2664 2913 2714 ut
2940 2662 3086 2714 esset
3127 2657 3335 2714 inanis

1952 2737 2158 2811 gloria,
2191 2737 2421 2796 habebit
2451 2755 2551 2812 per
2579 2739 2848 2798 ordinem
2878 2741 2947 2797 ad
2978 2742 3145 2797 illum
3178 2756 3334 2813 praa-

1954 2817 2101 2875 dicta
2141 2821 2344 2879 volitio
2387 2822 2575 2876 solum
2624 2822 2933 2888 malitiam,
2967 2822 3191 2896 eritque
3219 2821 3330 2880 ob·

1946 2901 2159 2975 jectum
2216 2901 2338 2976 ejus
2389 2902 2747 2976 adaequatum
2812 2920 2928 2960 non
2974 2905 3163 2960 solum
3211 2922 3329 2960 non

1952 2986 2160 3056 furat-⁸⁸,
2218 2991 2512 3058 sumptum
2581 2988 2816 3059 praecise
2864 2985 3178 3044 secundum
3233 3002 3318 3053 se,

1952 3065 2049 3122 sed
2077 3082 2194 3123 non
2233 3065 2417 3123 furari
2457 3066 2531 3125 ob
2573 3069 2766 3136 talem,
2799 3070 2891 3126 vel
2937 3068 3112 3123 talem
3141 3066 3327 3125 finem

1955 3153 2288 3227 positivum.

2563 3320 2595 3387 5
2637 3320 2704 3374 11.

1955 3462 2216 3537 Opposita
2249 3466 2518 3520 sententia
2554 3483 2677 3522 cum
2699 3466 2817 3520 suis
2842 3465 3242 3537 fundamenti-3,
3272 3472 3326 3520 et

2353 3540 2579 3596 illorum
2612 3538 2924 3596 solutiones.

2025 3689 2083 3743 4.
2126 3689 2240 3743 Pro
2265 3686 2524 3760 opposita
2568 3689 2853 3746 sententia
2902 3688 3150 3745 refertur
3178 3688 3324 3746 Hol—
3361 3704 3528 3802 Q

1951 3848 2013 3903 in
2031 3848 2350 3914 moralibus,
2375 3866 2495 3922 cap.
2531 3851 2613 3915 10,
2640 3853 2672 3919 ἕ
2693 3851 2941 3906 anteden.
2969 3853 3142 3907 Favet
3163 3803 3526 3925 Vegaflglhefiot

1951 3947 2132 4003 opusc.
2182 3930 2245 3985 de
2272 3933 2565 4003 justificat.
2611 3940 2797 4008 quoest.
2847 3936 2900 4001 4,
2946 3938 2999 3989 et
3042 3933 3209 3989 illam
3237 3906 3516 4007 se-*ffaef‘

1950 4018 2206 4084 quuntur
2243 4012 2511 4069 -luniores
2556 4013 2791 4085 quidam
2838 4020 3003 4070 extra
3049 4002 3541 4106 Scholamffi

1952 3767 2080 3824 chot
2107 3769 2168 3823 in
2187 3770 2242 3833 2,
2274 3776 2459 3846 qtcaest.
2498 3771 2544 3835 1,
2570 3777 2684 3826 art.
2705 3773 2761 3836 4,
2792 3771 2919 3825 dub.
2963 3773 3009 3837 l,
3039 3774 3324 3843 Angestus

1950 4096 2014 4150 D.
2071 4094 2323 4151 Thomae.
2371 4094 2652 4151 Probatur
2694 4116 2707 4150 ε
2757 4095 3034 4167 quoniam
3081 4096 3323 4153 omissio

1950 4179 2104 4231 actus
2154 4175 2294 4231 mali
2354 4174 2526 4231 habet
2579 4191 2679 4247 per
2729 4176 2980 4247 seipsam
3029 4176 3322 4233 rationem

1950 4253 2086 4311 boni
2117 4271 2295 4329 :ergo
2341 4262 2518 4327 potest
2562 4271 2686 4312 esse
2730 4257 3052 4312 meritoria.
3104 4258 3323 4314 Conse-

1948 4334 2180 4406 quentia
2209 4340 2361 4407 patet
2398 4352 2468 4393 ex
2496 4335 2691 4403 dictis;
2735 4352 2870 4392 nam
2904 4338 3049 4393 ratio
3091 4335 3316 4403 meriti,

1949 4421 2010 4471 ut
2029 4415 2244 4472 dictum
2271 4422 2374 4483 est,
2400 4418 2766 4489 consequitur
2791 4416 3103 4474 bonitatem
3131 4434 3325 4475 mora-

1948 4498 2061 4554 lem
2096 4502 2192 4553 :et
2235 4498 2504 4569 quamvis
2550 4497 2621 4554 ad
2668 4498 2946 4554 meritum
2976 4498 3089 4554 alia
3122 4499 3324 4573 requi-

1948 4585 2169 4641 rantur.
2201 4596 2319 4638 non
2347 4585 2431 4637 est
2468 4586 2661 4637 tamen
2699 4595 2801 4635 cur
2842 4596 2961 4637 non
3005 4581 3226 4654 possint
3252 4598 3323 4639 ea

1944 4661 2242 4718 omissioni
2270 4666 2610 4734 competere,
2642 4662 2692 4717 si
2722 4663 2902 4719 semel
2930 4662 3107 4717 suerit
3128 4679 3323 4721 mora-

1945 4741 2079 4798 liter
2105 4741 2277 4800 bona.
2306 4741 2660 4800 Antecedens
2680 4759 2821 4800 vero
2844 4742 3119 4815 probatur
3145 4764 3159 4798 ι
3187 4749 3318 4801 tum

1941 4825 2076 4896 quia
2102 4842 2173 4883 ex
2198 4824 2463 4882 doctrina
2503 4826 2566 4880 D.
2599 4825 2804 4882 Thom.
2836 4828 2890 4891 2,
2917 4829 2971 4893 2,
3004 4833 3184 4899 quast.
3215 4827 3315 4894 79.
3353 4841 3412 4885 n.
3434 4843 3536 4888 m

1941 4914 2050 4963 art.
2086 4908 2130 4975 1,
2162 4906 2288 4965 duae
2315 4913 2450 4964 sunt
2477 4912 2666 4980 partes
2700 4906 2957 4981 justitiae,
2990 4914 3046 4964 et
3075 4914 3323 4981 utraque

1941 4989 2113 5047 habet
2154 4991 2440 5047 rationem
2488 4989 2647 5057 boni,
2698 4990 2914 5047 scilicet
2958 4990 3252 5047 declinare
3281 5007 3318 5049 a

1939 5073 2177 5138 malo,et
2193 5072 2378 5130 facere
2395 5071 2631 5139 bonum,
2649 5074 2812 5147 juxta
2828 5072 2974 5128 illud
2995 5073 3317 5213 Ρετὲῗέὶῗὲἑ
