<?xml version="1.0" encoding="UTF-8"?>
<!DOCTYPE html PUBLIC "-//W3C//DTD XHTML 1.0 Transitional//EN"
    "http://www.w3.org/TR/xhtml1/DTD/xhtml1-transitional.dtd">
<html xmlns="http://www.w3.org/1999/xhtml" xml:lang="en" lang="en">
 <head>
  <title>
</title>
<meta http-equiv="Content-Type" content="text/html;charset=utf-8" />
  <meta name='ocr-system' content='tesseract 3.04.00' />
  <meta name='ocr-capabilities' content='ocr_page ocr_carea ocr_par ocr_line ocrx_word'/>
</head>
<body>
  <div class='ocr_page' id='page_1' title='image "./collegiisalmant00carmgoog_0544.png"; bbox 0 0 3647 5753; ppageno 0'>
   <div class='ocr_carea' id='block_1_1' title="bbox 324 1556 474 1602">
    <p class='ocr_par' dir='ltr' id='par_1_1' title="bbox 324 1556 474 1602">
     <span class='ocr_line' id='line_1_1' title="bbox 324 1556 474 1602; baseline -0.013 0"><span class='ocrx_word' id='word_1_1' title='bbox 324 1556 474 1602; x_wconf 79' lang='lat' dir='ltr'><strong>Kellis.</strong></span> 
     </span>
    </p>
   </div>
   <div class='ocr_carea' id='block_1_2' title="bbox 300 3895 488 4046">
    <p class='ocr_par' dir='ltr' id='par_1_2' title="bbox 300 3895 488 4046">
     <span class='ocr_line' id='line_1_2' title="bbox 300 3895 488 3987; baseline -0.011 0"><span class='ocrx_word' id='word_1_2' title='bbox 300 3895 488 3987; x_wconf 54' lang='lat' dir='ltr'><strong>osffiffl‘.</strong></span> 
     </span>
     <span class='ocr_line' id='line_1_3' title="bbox 321 3992 472 4046; baseline -0.013 -10"><span class='ocrx_word' id='word_1_3' title='bbox 321 3992 472 4046; x_wconf 65' lang='lat' dir='ltr'><strong>major.</strong></span> 
     </span>
    </p>
   </div>
   <div class='ocr_carea' id='block_1_3' title="bbox 515 389 2438 451">
    <p class='ocr_par' dir='ltr' id='par_1_3' title="bbox 515 389 2438 451">
     <span class='ocr_line' id='line_1_4' title="bbox 515 389 2438 451; baseline -0.004 0"><span class='ocrx_word' id='word_1_4' title='bbox 515 396 626 451; x_wconf 79' lang='lat'><strong>522</strong></span> <span class='ocrx_word' id='word_1_5' title='bbox 916 393 933 406; x_wconf 77' lang='lat'><strong><em>&#39;</em></strong></span> <span class='ocrx_word' id='word_1_6' title='bbox 1479 389 1571 444; x_wconf 87' lang='lat' dir='ltr'><strong>DE</strong></span> <span class='ocrx_word' id='word_1_7' title='bbox 1610 389 1637 442; x_wconf 87' lang='lat' dir='ltr'>J</span> <span class='ocrx_word' id='word_1_8' title='bbox 1644 389 2141 445; x_wconf 71' lang='lat' dir='ltr'><strong>L&#39;STIF&#39;ICATION</strong></span> <span class='ocrx_word' id='word_1_9' title='bbox 2148 390 2192 443; x_wconf 87' lang='lat' dir='ltr'>E</span> <span class='ocrx_word' id='word_1_10' title='bbox 2233 390 2438 444; x_wconf 85' lang='lat' dir='ltr'><strong>IMPII.</strong></span> 
     </span>
    </p>
   </div>
   <div class='ocr_carea' id='block_1_4' title="bbox 510 560 1872 950">
    <p class='ocr_par' dir='ltr' id='par_1_4' title="bbox 510 560 1872 950">
     <span class='ocr_line' id='line_1_5' title="bbox 513 560 1872 639; baseline -0.007 -15"><span class='ocrx_word' id='word_1_11' title='bbox 513 567 585 624; x_wconf 89' lang='lat' dir='ltr'><strong>ad</strong></span> <span class='ocrx_word' id='word_1_12' title='bbox 610 564 1015 639; x_wconf 87' lang='lat' dir='ltr'><strong>expellendum</strong></span> <span class='ocrx_word' id='word_1_13' title='bbox 1060 562 1378 620; x_wconf 72' lang='lat' dir='ltr'>formaliter</span> <span class='ocrx_word' id='word_1_14' title='bbox 1420 566 1638 634; x_wconf 88' lang='lat' dir='ltr'><strong>peccata</strong></span> <span class='ocrx_word' id='word_1_15' title='bbox 1667 560 1872 616; x_wconf 90' lang='lat' dir='ltr'><strong>venia-</strong></span> 
     </span>
     <span class='ocr_line' id='line_1_6' title="bbox 514 641 1872 719; baseline -0.004 -15"><span class='ocrx_word' id='word_1_16' title='bbox 514 649 615 704; x_wconf 85' lang='lat' dir='ltr'><strong>lia.</strong></span> <span class='ocrx_word' id='word_1_17' title='bbox 646 651 772 705; x_wconf 86' lang='lat' dir='ltr'><strong>Non</strong></span> <span class='ocrx_word' id='word_1_18' title='bbox 794 645 1024 719; x_wconf 91' lang='lat' dir='ltr'><strong>quidem</strong></span> <span class='ocrx_word' id='word_1_19' title='bbox 1052 649 1441 718; x_wconf 80' lang='lat' dir='ltr'><strong>augmentum,</strong></span> <span class='ocrx_word' id='word_1_20' title='bbox 1473 643 1596 697; x_wconf 90' lang='lat' dir='ltr'><strong>sive</strong></span> <span class='ocrx_word' id='word_1_21' title='bbox 1623 641 1872 698; x_wconf 90' lang='lat' dir='ltr'><strong>intensio</strong></span> 
     </span>
     <span class='ocr_line' id='line_1_7' title="bbox 510 723 1871 803; baseline -0.004 -19"><span class='ocrx_word' id='word_1_22' title='bbox 510 730 743 803; x_wconf 81' lang='lat' dir='ltr'><strong>gratiae3</strong></span> <span class='ocrx_word' id='word_1_23' title='bbox 773 729 908 802; x_wconf 90' lang='lat' dir='ltr'><strong>quia</strong></span> <span class='ocrx_word' id='word_1_24' title='bbox 947 727 1091 781; x_wconf 90' lang='lat' dir='ltr'><strong>sicut</strong></span> <span class='ocrx_word' id='word_1_25' title='bbox 1116 727 1301 800; x_wconf 90' lang='lat' dir='ltr'><strong>gratia</strong></span> <span class='ocrx_word' id='word_1_26' title='bbox 1339 723 1703 797; x_wconf 82' lang='lat' dir='ltr'>componitur</span> <span class='ocrx_word' id='word_1_27' title='bbox 1740 738 1871 778; x_wconf 90' lang='lat' dir='ltr'><strong>cum</strong></span> 
     </span>
     <span class='ocr_line' id='line_1_8' title="bbox 512 807 1866 882; baseline -0.006 -16"><span class='ocrx_word' id='word_1_28' title='bbox 512 811 751 882; x_wconf 87' lang='lat' dir='ltr'><strong>peccatis</strong></span> <span class='ocrx_word' id='word_1_29' title='bbox 774 807 1118 873; x_wconf 88' lang='lat' dir='ltr'><strong>venialibus,</strong></span> <span class='ocrx_word' id='word_1_30' title='bbox 1151 807 1231 862; x_wconf 89' lang='lat' dir='ltr'><strong>ita</strong></span> <span class='ocrx_word' id='word_1_31' title='bbox 1252 811 1307 862; x_wconf 93' lang='lat' dir='ltr'><strong>et</strong></span> <span class='ocrx_word' id='word_1_32' title='bbox 1327 807 1447 879; x_wconf 90' lang='lat' dir='ltr'><strong>ejus</strong></span> <span class='ocrx_word' id='word_1_33' title='bbox 1474 809 1866 878; x_wconf 80' lang='lat' dir='ltr'><strong>augmentum,</strong></span> 
     </span>
     <span class='ocr_line' id='line_1_9' title="bbox 513 884 1872 950; baseline -0.004 -4"><span class='ocrx_word' id='word_1_34' title='bbox 513 896 575 947; x_wconf 91' lang='lat' dir='ltr'><strong>ut</strong></span> <span class='ocrx_word' id='word_1_35' title='bbox 600 895 816 950; x_wconf 89' lang='lat' dir='ltr'><strong>constat</strong></span> <span class='ocrx_word' id='word_1_36' title='bbox 850 892 910 946; x_wconf 91' lang='lat' dir='ltr'><strong>in</strong></span> <span class='ocrx_word' id='word_1_37' title='bbox 938 893 964 943; x_wconf 84' lang='lat' dir='ltr'>J</span> <span class='ocrx_word' id='word_1_38' title='bbox 975 892 1132 945; x_wconf 80' lang='lat' dir='ltr'><strong>ustis,</strong></span> <span class='ocrx_word' id='word_1_39' title='bbox 1164 884 1276 943; x_wconf 85' lang='lat' dir='ltr'><strong>Nec</strong></span> <span class='ocrx_word' id='word_1_40' title='bbox 1302 887 1505 944; x_wconf 91' lang='lat' dir='ltr'><strong>modus</strong></span> <span class='ocrx_word' id='word_1_41' title='bbox 1542 901 1872 942; x_wconf 88' lang='lat' dir='ltr'><strong>sacramen-</strong></span> 
     </span>
    </p>
   </div>
   <div class='ocr_carea' id='block_1_5' title="bbox 427 965 1872 1044">
    <p class='ocr_par' dir='ltr' id='par_1_5' title="bbox 427 965 1872 1044">
     <span class='ocr_line' id='line_1_10' title="bbox 427 965 1872 1044; baseline -0.006 -16"><span class='ocrx_word' id='word_1_42' title='bbox 427 976 443 989; x_wconf 79' lang='lat'><strong>·</strong></span> <span class='ocrx_word' id='word_1_43' title='bbox 512 973 664 1039; x_wconf 85' lang='lat' dir='ltr'><strong>talis,</strong></span> <span class='ocrx_word' id='word_1_44' title='bbox 712 971 968 1044; x_wconf 90' lang='lat' dir='ltr'><strong>alioquin</strong></span> <span class='ocrx_word' id='word_1_45' title='bbox 1029 985 1131 1025; x_wconf 90' lang='lat' dir='ltr'><strong>nos</strong></span> <span class='ocrx_word' id='word_1_46' title='bbox 1174 967 1433 1025; x_wconf 90' lang='lat' dir='ltr'><strong>redderet</strong></span> <span class='ocrx_word' id='word_1_47' title='bbox 1478 965 1872 1038; x_wconf 83' lang='lat' dir='ltr'><strong>impeccabiles</strong></span> 
     </span>
    </p>
   </div>
   <div class='ocr_carea' id='block_1_6' title="bbox 509 1046 1877 3041">
    <p class='ocr_par' dir='ltr' id='par_1_6' title="bbox 511 1046 1874 2492">
     <span class='ocr_line' id='line_1_11' title="bbox 514 1046 1872 1122; baseline -0.005 -14"><span class='ocrx_word' id='word_1_48' title='bbox 514 1053 839 1119; x_wconf 82' lang='lat' dir='ltr'><strong>venialiter,</strong></span> <span class='ocrx_word' id='word_1_49' title='bbox 888 1056 948 1107; x_wconf 89' lang='lat' dir='ltr'><strong>ut</strong></span> <span class='ocrx_word' id='word_1_50' title='bbox 982 1066 1155 1122; x_wconf 85' lang='lat' dir='ltr'><strong>supra</strong></span> <span class='ocrx_word' id='word_1_51' title='bbox 1182 1050 1454 1105; x_wconf 90' lang='lat' dir='ltr'><strong>vidimus.</strong></span> <span class='ocrx_word' id='word_1_52' title='bbox 1487 1051 1600 1104; x_wconf 88' lang='lat' dir='ltr'><strong>Nec</strong></span> <span class='ocrx_word' id='word_1_53' title='bbox 1626 1046 1872 1118; x_wconf 91' lang='lat' dir='ltr'><strong>denique</strong></span> 
     </span>
     <span class='ocr_line' id='line_1_12' title="bbox 511 1128 1873 1201; baseline -0.007 -10"><span class='ocrx_word' id='word_1_54' title='bbox 511 1135 833 1191; x_wconf 86' lang='lat' dir='ltr'><strong>extrinseca</strong></span> <span class='ocrx_word' id='word_1_55' title='bbox 863 1133 960 1188; x_wconf 89' lang='lat' dir='ltr'><strong>Dei</strong></span> <span class='ocrx_word' id='word_1_56' title='bbox 1009 1130 1424 1194; x_wconf 77' lang='lat' dir='ltr'><strong>benevolentia,</strong></span> <span class='ocrx_word' id='word_1_57' title='bbox 1457 1129 1591 1201; x_wconf 91' lang='lat' dir='ltr'><strong>quia</strong></span> <span class='ocrx_word' id='word_1_58' title='bbox 1630 1128 1720 1183; x_wconf 92' lang='lat' dir='ltr'><strong>hic</strong></span> <span class='ocrx_word' id='word_1_59' title='bbox 1748 1128 1873 1201; x_wconf 90' lang='lat' dir='ltr'><strong>agi-</strong></span> 
     </span>
     <span class='ocr_line' id='line_1_13' title="bbox 514 1206 1870 1280; baseline -0.007 -10"><span class='ocrx_word' id='word_1_60' title='bbox 514 1231 643 1270; x_wconf 85' lang='lat' dir='ltr'><strong>mus</strong></span> <span class='ocrx_word' id='word_1_61' title='bbox 689 1213 758 1269; x_wconf 90' lang='lat' dir='ltr'><strong>de</strong></span> <span class='ocrx_word' id='word_1_62' title='bbox 814 1214 1001 1269; x_wconf 82' lang='lat' dir='ltr'><strong>forma</strong></span> <span class='ocrx_word' id='word_1_63' title='bbox 1048 1210 1361 1266; x_wconf 84' lang='lat' dir='ltr'><strong>intrinseca</strong></span> <span class='ocrx_word' id='word_1_64' title='bbox 1419 1206 1870 1280; x_wconf 90' lang='lat' dir='ltr'><strong>incompossibili</strong></span> 
     </span>
     <span class='ocr_line' id='line_1_14' title="bbox 511 1288 1872 1359; baseline -0.007 -8"><span class='ocrx_word' id='word_1_65' title='bbox 511 1311 642 1350; x_wconf 85' lang='lat' dir='ltr'><strong>curn</strong></span> <span class='ocrx_word' id='word_1_66' title='bbox 665 1291 1022 1359; x_wconf 88' lang='lat' dir='ltr'><strong>venialibus;</strong></span> <span class='ocrx_word' id='word_1_67' title='bbox 1054 1298 1108 1348; x_wconf 92' lang='lat' dir='ltr'><strong>et</strong></span> <span class='ocrx_word' id='word_1_68' title='bbox 1130 1293 1276 1347; x_wconf 90' lang='lat' dir='ltr'><strong>Deus</strong></span> <span class='ocrx_word' id='word_1_69' title='bbox 1299 1291 1429 1347; x_wconf 86' lang='lat' dir='ltr'><strong>licet.</strong></span> <span class='ocrx_word' id='word_1_70' title='bbox 1456 1288 1526 1345; x_wconf 91' lang='lat' dir='ltr'><strong>ab</strong></span> <span class='ocrx_word' id='word_1_71' title='bbox 1553 1289 1872 1345; x_wconf 88' lang='lat' dir='ltr'><strong>extrinseco</strong></span> 
     </span>
     <span class='ocr_line' id='line_1_15' title="bbox 513 1367 1874 1443; baseline -0.007 -13"><span class='ocrx_word' id='word_1_72' title='bbox 513 1375 701 1430; x_wconf 89' lang='lat' dir='ltr'><strong>valeat</strong></span> <span class='ocrx_word' id='word_1_73' title='bbox 727 1372 1050 1430; x_wconf 90' lang='lat' dir='ltr'><strong>condonare</strong></span> <span class='ocrx_word' id='word_1_74' title='bbox 1092 1386 1340 1443; x_wconf 86' lang='lat' dir='ltr'><strong>poenam,</strong></span> <span class='ocrx_word' id='word_1_75' title='bbox 1374 1387 1491 1427; x_wconf 90' lang='lat' dir='ltr'><strong>non</strong></span> <span class='ocrx_word' id='word_1_76' title='bbox 1521 1376 1711 1425; x_wconf 90' lang='lat' dir='ltr'><strong>tamen</strong></span> <span class='ocrx_word' id='word_1_77' title='bbox 1740 1367 1874 1422; x_wconf 91' lang='lat' dir='ltr'><strong>des-</strong></span> 
     </span>
     <span class='ocr_line' id='line_1_16' title="bbox 511 1448 1872 1526; baseline -0.006 -15"><span class='ocrx_word' id='word_1_78' title='bbox 511 1461 705 1511; x_wconf 86' lang='lat' dir='ltr'><strong>truere</strong></span> <span class='ocrx_word' id='word_1_79' title='bbox 733 1454 978 1526; x_wconf 87' lang='lat' dir='ltr'><strong>culpam,</strong></span> <span class='ocrx_word' id='word_1_80' title='bbox 1025 1458 1085 1508; x_wconf 88' lang='lat' dir='ltr'><strong>ut</strong></span> <span class='ocrx_word' id='word_1_81' title='bbox 1122 1453 1331 1524; x_wconf 77' lang='lat' dir='ltr'><strong>saepius</strong></span> <span class='ocrx_word' id='word_1_82' title='bbox 1371 1451 1432 1505; x_wconf 91' lang='lat' dir='ltr'><strong>in</strong></span> <span class='ocrx_word' id='word_1_83' title='bbox 1475 1450 1576 1505; x_wconf 88' lang='lat' dir='ltr'><strong>hac</strong></span> <span class='ocrx_word' id='word_1_84' title='bbox 1613 1448 1872 1521; x_wconf 90' lang='lat' dir='ltr'><strong>disputa—</strong></span> 
     </span>
     <span class='ocr_line' id='line_1_17' title="bbox 513 1525 1870 1592; baseline -0.006 -3"><span class='ocrx_word' id='word_1_85' title='bbox 513 1535 669 1592; x_wconf 89' lang='lat' dir='ltr'><strong>tione</strong></span> <span class='ocrx_word' id='word_1_86' title='bbox 727 1532 993 1589; x_wconf 80' lang='lat' dir='ltr'><strong>diximus.</strong></span> <span class='ocrx_word' id='word_1_87' title='bbox 1058 1531 1333 1587; x_wconf 85' lang='lat' dir='ltr'><strong>Videatur</strong></span> <span class='ocrx_word' id='word_1_88' title='bbox 1384 1530 1712 1585; x_wconf 85' lang='lat' dir='ltr'><strong>Kellisonus</strong></span> <span class='ocrx_word' id='word_1_89' title='bbox 1773 1525 1870 1582; x_wconf 89' lang='lat' dir='ltr'><strong>ubi</strong></span> 
     </span>
     <span class='ocr_line' id='line_1_18' title="bbox 513 1611 1872 1689; baseline -0.006 -17"><span class='ocrx_word' id='word_1_90' title='bbox 513 1633 705 1689; x_wconf 86' lang='lat' dir='ltr'><strong>supra,</strong></span> <span class='ocrx_word' id='word_1_91' title='bbox 755 1614 884 1670; x_wconf 78' lang='lat' dir='ltr'><strong>dub.</strong></span> <span class='ocrx_word' id='word_1_92' title='bbox 913 1616 966 1682; x_wconf 78' lang='lat'><strong>2,</strong></span> <span class='ocrx_word' id='word_1_93' title='bbox 998 1613 1094 1686; x_wconf 90' lang='lat' dir='ltr'><strong>qui</strong></span> <span class='ocrx_word' id='word_1_94' title='bbox 1123 1613 1254 1668; x_wconf 80' lang='lat' dir='ltr'><strong>licet</strong></span> <span class='ocrx_word' id='word_1_95' title='bbox 1292 1611 1633 1674; x_wconf 85' lang='lat' dir='ltr'><strong>doctrinam,</strong></span> <span class='ocrx_word' id='word_1_96' title='bbox 1666 1615 1720 1666; x_wconf 90' lang='lat' dir='ltr'><strong>et</strong></span> <span class='ocrx_word' id='word_1_97' title='bbox 1749 1624 1872 1665; x_wconf 91' lang='lat' dir='ltr'><strong>res-</strong></span> 
     </span>
     <span class='ocr_line' id='line_1_19' title="bbox 515 1693 1872 1769; baseline -0.007 -15"><span class='ocrx_word' id='word_1_98' title='bbox 515 1697 851 1769; x_wconf 91' lang='lat' dir='ltr'><strong>ponsionem</strong></span> <span class='ocrx_word' id='word_1_99' title='bbox 874 1694 1106 1766; x_wconf 91' lang='lat' dir='ltr'><strong>Vasquii</strong></span> <span class='ocrx_word' id='word_1_100' title='bbox 1132 1700 1522 1765; x_wconf 84' lang='lat' dir='ltr'><strong>prosequatur,</strong></span> <span class='ocrx_word' id='word_1_101' title='bbox 1540 1693 1663 1766; x_wconf 90' lang='lat' dir='ltr'><strong>ejus</strong></span> <span class='ocrx_word' id='word_1_102' title='bbox 1680 1697 1872 1746; x_wconf 91' lang='lat' dir='ltr'><strong>tamen</strong></span> 
     </span>
     <span class='ocr_line' id='line_1_20' title="bbox 516 1771 1874 1841; baseline -0.006 -8"><span class='ocrx_word' id='word_1_103' title='bbox 516 1775 997 1841; x_wconf 87' lang='lat' dir='ltr'><strong>insufficientiam,</strong></span> <span class='ocrx_word' id='word_1_104' title='bbox 1030 1780 1086 1831; x_wconf 89' lang='lat' dir='ltr'><strong>et</strong></span> <span class='ocrx_word' id='word_1_105' title='bbox 1125 1774 1207 1829; x_wconf 87' lang='lat' dir='ltr'><strong>rei</strong></span> <span class='ocrx_word' id='word_1_106' title='bbox 1247 1772 1633 1829; x_wconf 86' lang='lat' dir='ltr'><strong>difficultatem</strong></span> <span class='ocrx_word' id='word_1_107' title='bbox 1662 1771 1874 1826; x_wconf 79' lang='lat' dir='ltr'><strong>fatetur</strong></span> 
     </span>
     <span class='ocr_line' id='line_1_21' title="bbox 514 1850 1873 1913; baseline -0.006 0"><span class='ocrx_word' id='word_1_108' title='bbox 514 1858 605 1913; x_wconf 92' lang='lat' dir='ltr'><strong>his</strong></span> <span class='ocrx_word' id='word_1_109' title='bbox 634 1855 824 1913; x_wconf 87' lang='lat' dir='ltr'><strong>verbis</strong></span> <span class='ocrx_word' id='word_1_110' title='bbox 858 1876 869 1911; x_wconf 90' lang='lat'><strong>:</strong></span> <span class='ocrx_word' id='word_1_111' title='bbox 905 1875 928 1906; x_wconf 78' lang='grc' dir='ltr'><strong>(ι</strong></span> <span class='ocrx_word' id='word_1_112' title='bbox 963 1856 1089 1910; x_wconf 84' lang='lat' dir='ltr'><strong>Haec</strong></span> <span class='ocrx_word' id='word_1_113' title='bbox 1115 1854 1324 1910; x_wconf 91' lang='lat' dir='ltr'><strong>solutio</strong></span> <span class='ocrx_word' id='word_1_114' title='bbox 1347 1869 1461 1909; x_wconf 91' lang='lat' dir='ltr'><strong>non</strong></span> <span class='ocrx_word' id='word_1_115' title='bbox 1484 1855 1569 1910; x_wconf 72' lang='lat' dir='ltr'><strong>est</strong></span> <span class='ocrx_word' id='word_1_116' title='bbox 1590 1851 1729 1908; x_wconf 90' lang='lat' dir='ltr'><strong>adeo</strong></span> <span class='ocrx_word' id='word_1_117' title='bbox 1754 1850 1873 1906; x_wconf 91' lang='lat' dir='ltr'><strong>evi·</strong></span> 
     </span>
     <span class='ocr_line' id='line_1_22' title="bbox 519 1932 1871 2004; baseline -0.003 -13"><span class='ocrx_word' id='word_1_118' title='bbox 519 1960 544 1991; x_wconf 90' lang='lat'>«</span> <span class='ocrx_word' id='word_1_119' title='bbox 587 1938 755 2004; x_wconf 91' lang='lat' dir='ltr'><strong>dens;</strong></span> <span class='ocrx_word' id='word_1_120' title='bbox 805 1936 875 1993; x_wconf 90' lang='lat' dir='ltr'><strong>ad</strong></span> <span class='ocrx_word' id='word_1_121' title='bbox 921 1936 1026 1992; x_wconf 88' lang='lat' dir='ltr'><strong>hoc</strong></span> <span class='ocrx_word' id='word_1_122' title='bbox 1052 1941 1246 1991; x_wconf 88' lang='lat' dir='ltr'><strong>tamen</strong></span> <span class='ocrx_word' id='word_1_123' title='bbox 1273 1932 1578 1990; x_wconf 88' lang='lat' dir='ltr'><strong>dicendum</strong></span> <span class='ocrx_word' id='word_1_124' title='bbox 1605 1939 1709 1998; x_wconf 89' lang='lat' dir='ltr'><strong>est,</strong></span> <span class='ocrx_word' id='word_1_125' title='bbox 1740 1947 1871 1988; x_wconf 92' lang='lat' dir='ltr'><strong>cum</strong></span> 
     </span>
     <span class='ocr_line' id='line_1_23' title="bbox 520 2013 1871 2090; baseline -0.005 -16"><span class='ocrx_word' id='word_1_126' title='bbox 520 2041 545 2074; x_wconf 77' lang='grc' dir='ltr'>α</span> <span class='ocrx_word' id='word_1_127' title='bbox 588 2017 745 2075; x_wconf 92' lang='lat' dir='ltr'><strong>aliud</strong></span> <span class='ocrx_word' id='word_1_128' title='bbox 770 2016 1102 2090; x_wconf 91' lang='lat' dir='ltr'><strong>responderi</strong></span> <span class='ocrx_word' id='word_1_129' title='bbox 1126 2032 1243 2073; x_wconf 90' lang='lat' dir='ltr'><strong>non</strong></span> <span class='ocrx_word' id='word_1_130' title='bbox 1267 2015 1462 2088; x_wconf 84' lang='lat' dir='ltr'><strong>possit,</strong></span> <span class='ocrx_word' id='word_1_131' title='bbox 1488 2013 1602 2069; x_wconf 91' lang='lat' dir='ltr'><strong>nisi</strong></span> <span class='ocrx_word' id='word_1_132' title='bbox 1624 2013 1871 2088; x_wconf 81' lang='lat' dir='ltr'><strong>velimus</strong></span> 
     </span>
     <span class='ocr_line' id='line_1_24' title="bbox 519 2094 1872 2156; baseline -0.003 -3"><span class='ocrx_word' id='word_1_133' title='bbox 519 2122 545 2153; x_wconf 76' lang='grc' dir='ltr'>α</span> <span class='ocrx_word' id='word_1_134' title='bbox 590 2113 884 2156; x_wconf 90' lang='lat' dir='ltr'><strong>recurrere</strong></span> <span class='ocrx_word' id='word_1_135' title='bbox 921 2097 990 2153; x_wconf 90' lang='lat' dir='ltr'><strong>ad</strong></span> <span class='ocrx_word' id='word_1_136' title='bbox 1031 2097 1411 2154; x_wconf 84' lang='lat' dir='ltr'><strong>extrinsecam</strong></span> <span class='ocrx_word' id='word_1_137' title='bbox 1455 2096 1552 2151; x_wconf 91' lang='lat' dir='ltr'><strong>Dei</strong></span> <span class='ocrx_word' id='word_1_138' title='bbox 1581 2094 1872 2152; x_wconf 89' lang='lat' dir='ltr'><strong>condona-</strong></span> 
     </span>
     <span class='ocr_line' id='line_1_25' title="bbox 520 2174 1869 2251; baseline -0.004 -17"><span class='ocrx_word' id='word_1_139' title='bbox 520 2202 545 2234; x_wconf 84' lang='grc' dir='ltr'>α</span> <span class='ocrx_word' id='word_1_140' title='bbox 588 2180 825 2247; x_wconf 90' lang='lat' dir='ltr'><strong>tionem,</strong></span> <span class='ocrx_word' id='word_1_141' title='bbox 854 2195 976 2251; x_wconf 83' lang='lat' dir='ltr'><strong>quae</strong></span> <span class='ocrx_word' id='word_1_142' title='bbox 1011 2183 1207 2234; x_wconf 91' lang='lat' dir='ltr'><strong>tamen</strong></span> <span class='ocrx_word' id='word_1_143' title='bbox 1248 2178 1401 2233; x_wconf 85' lang='lat' dir='ltr'><strong>favet</strong></span> <span class='ocrx_word' id='word_1_144' title='bbox 1441 2176 1739 2241; x_wconf 76' lang='lat' dir='ltr'><strong>haereticiS,</strong></span> <span class='ocrx_word' id='word_1_145' title='bbox 1770 2174 1869 2246; x_wconf 92' lang='lat' dir='ltr'><strong>qui</strong></span> 
     </span>
     <span class='ocr_line' id='line_1_26' title="bbox 519 2255 1873 2332; baseline -0.003 -18"><span class='ocrx_word' id='word_1_146' title='bbox 519 2283 545 2314; x_wconf 73' lang='grc' dir='ltr'><strong><em>κ</em></strong></span> <span class='ocrx_word' id='word_1_147' title='bbox 587 2260 785 2317; x_wconf 90' lang='lat' dir='ltr'><strong>dicunt</strong></span> <span class='ocrx_word' id='word_1_148' title='bbox 826 2264 1047 2332; x_wconf 89' lang='lat' dir='ltr'><strong>peccata</strong></span> <span class='ocrx_word' id='word_1_149' title='bbox 1093 2265 1287 2315; x_wconf 90' lang='lat' dir='ltr'><strong>nostra</strong></span> <span class='ocrx_word' id='word_1_150' title='bbox 1328 2255 1544 2315; x_wconf 88' lang='lat' dir='ltr'><strong>remitti</strong></span> <span class='ocrx_word' id='word_1_151' title='bbox 1594 2270 1711 2312; x_wconf 88' lang='lat' dir='ltr'><strong>non</strong></span> <span class='ocrx_word' id='word_1_152' title='bbox 1770 2271 1873 2328; x_wconf 91' lang='lat' dir='ltr'><strong>per</strong></span> 
     </span>
     <span class='ocr_line' id='line_1_27' title="bbox 518 2337 1872 2409; baseline -0.001 -15"><span class='ocrx_word' id='word_1_153' title='bbox 518 2363 543 2394; x_wconf 76' lang='grc' dir='ltr'>α</span> <span class='ocrx_word' id='word_1_154' title='bbox 589 2342 973 2398; x_wconf 60' lang='lat' dir='ltr'><strong>inhaerentem</strong></span> <span class='ocrx_word' id='word_1_155' title='bbox 1004 2338 1487 2405; x_wconf 88' lang='lat' dir='ltr'><strong>emendationem,</strong></span> <span class='ocrx_word' id='word_1_156' title='bbox 1512 2337 1610 2394; x_wconf 91' lang='lat' dir='ltr'><strong>sed</strong></span> <span class='ocrx_word' id='word_1_157' title='bbox 1630 2345 1740 2409; x_wconf 82' lang='lat' dir='ltr'><strong>&#39;per</strong></span> <span class='ocrx_word' id='word_1_158' title='bbox 1766 2351 1872 2393; x_wconf 94' lang='lat' dir='ltr'><strong>ex-</strong></span> 
     </span>
     <span class='ocr_line' id='line_1_28' title="bbox 519 2419 1604 2492; baseline -0.003 -19"><span class='ocrx_word' id='word_1_159' title='bbox 519 2443 544 2473; x_wconf 78' lang='lat'>«</span> <span class='ocrx_word' id='word_1_160' title='bbox 590 2423 898 2478; x_wconf 91' lang='lat' dir='ltr'><strong>trinsecam</strong></span> <span class='ocrx_word' id='word_1_161' title='bbox 926 2435 1042 2476; x_wconf 92' lang='lat' dir='ltr'><strong>non</strong></span> <span class='ocrx_word' id='word_1_162' title='bbox 1073 2419 1531 2492; x_wconf 88' lang='lat' dir='ltr'><strong>imputationem.</strong></span> <span class='ocrx_word' id='word_1_163' title='bbox 1579 2438 1604 2470; x_wconf 83' lang='grc'>»</span> 
     </span>
    </p>

    <p class='ocr_par' dir='ltr' id='par_1_7' title="bbox 509 2498 1877 3041">
     <span class='ocr_line' id='line_1_29' title="bbox 588 2498 1871 2573; baseline -0.002 -18"><span class='ocrx_word' id='word_1_164' title='bbox 588 2503 715 2557; x_wconf 82' lang='lat' dir='ltr'><strong>Haec</strong></span> <span class='ocrx_word' id='word_1_165' title='bbox 752 2505 906 2567; x_wconf 90' lang='lat' dir='ltr'><strong>sunt,</strong></span> <span class='ocrx_word' id='word_1_166' title='bbox 952 2499 1157 2573; x_wconf 90' lang='lat' dir='ltr'><strong>quibus</strong></span> <span class='ocrx_word' id='word_1_167' title='bbox 1203 2500 1304 2555; x_wconf 93' lang='lat' dir='ltr'><strong>ille</strong></span> <span class='ocrx_word' id='word_1_168' title='bbox 1360 2498 1656 2554; x_wconf 89' lang='lat' dir='ltr'><strong>Thomista</strong></span> <span class='ocrx_word' id='word_1_169' title='bbox 1701 2513 1871 2553; x_wconf 91' lang='lat' dir='ltr'><strong>suum</strong></span> 
     </span>
     <span class='ocr_line' id='line_1_30' title="bbox 509 2577 1877 2648; baseline -0.001 -13"><span class='ocrx_word' id='word_1_170' title='bbox 509 2578 736 2636; x_wconf 91' lang='lat' dir='ltr'><strong>dicendi</strong></span> <span class='ocrx_word' id='word_1_171' title='bbox 752 2580 988 2637; x_wconf 90' lang='lat' dir='ltr'><strong>modum</strong></span> <span class='ocrx_word' id='word_1_172' title='bbox 1011 2579 1216 2636; x_wconf 85' lang='lat' dir='ltr'><strong>fulcire</strong></span> <span class='ocrx_word' id='word_1_173' title='bbox 1235 2577 1544 2635; x_wconf 89' lang='lat' dir='ltr'><strong>contendit.</strong></span> <span class='ocrx_word' id='word_1_174' title='bbox 1565 2579 1662 2632; x_wconf 92' lang='lat' dir='ltr'><strong>Eis</strong></span> <span class='ocrx_word' id='word_1_175' title='bbox 1678 2581 1877 2648; x_wconf 77' lang='lat' dir='ltr'><strong>tamen</strong></span> 
     </span>
     <span class='ocr_line' id='line_1_31' title="bbox 513 2657 1873 2732; baseline -0.001 -16"><span class='ocrx_word' id='word_1_176' title='bbox 513 2676 631 2717; x_wconf 89' lang='lat' dir='ltr'><strong>non</strong></span> <span class='ocrx_word' id='word_1_177' title='bbox 658 2660 1089 2726; x_wconf 80' lang='lat' dir='ltr'><strong>subscribimuS,</strong></span> <span class='ocrx_word' id='word_1_178' title='bbox 1131 2660 1429 2732; x_wconf 90' lang='lat' dir='ltr'><strong>proprium</strong></span> <span class='ocrx_word' id='word_1_179' title='bbox 1466 2657 1749 2732; x_wconf 88' lang='lat' dir='ltr'><strong>judicium</strong></span> <span class='ocrx_word' id='word_1_180' title='bbox 1778 2673 1873 2714; x_wconf 89' lang='lat' dir='ltr'><strong>re-</strong></span> 
     </span>
     <span class='ocr_line' id='line_1_32' title="bbox 511 2737 1870 2811; baseline -0.002 -15"><span class='ocrx_word' id='word_1_181' title='bbox 511 2747 806 2798; x_wconf 82' lang='lat' dir='ltr'><strong>servantes</strong></span> <span class='ocrx_word' id='word_1_182' title='bbox 833 2741 902 2797; x_wconf 89' lang='lat' dir='ltr'><strong>ad</strong></span> <span class='ocrx_word' id='word_1_183' title='bbox 952 2741 1138 2797; x_wconf 89' lang='lat' dir='ltr'><strong>locum</strong></span> <span class='ocrx_word' id='word_1_184' title='bbox 1179 2740 1413 2795; x_wconf 87' lang='lat' dir='ltr'><strong>citatum</strong></span> <span class='ocrx_word' id='word_1_185' title='bbox 1441 2757 1512 2794; x_wconf 72' lang='lat' dir='ltr'><strong>ex</strong></span> <span class='ocrx_word' id='word_1_186' title='bbox 1539 2740 1574 2794; x_wconf 90' lang='lat'><strong>3</strong></span> <span class='ocrx_word' id='word_1_187' title='bbox 1598 2746 1747 2811; x_wconf 84' lang='lat' dir='ltr'><strong>part.</strong></span> <span class='ocrx_word' id='word_1_188' title='bbox 1773 2737 1870 2793; x_wconf 89' lang='lat' dir='ltr'><strong>ubi</strong></span> 
     </span>
     <span class='ocr_line' id='line_1_33' title="bbox 514 2817 1874 2894; baseline -0.001 -19"><span class='ocrx_word' id='word_1_189' title='bbox 514 2835 637 2876; x_wconf 89' lang='lat' dir='ltr'><strong>rem</strong></span> <span class='ocrx_word' id='word_1_190' title='bbox 674 2834 746 2876; x_wconf 90' lang='lat' dir='ltr'><strong>ex</strong></span> <span class='ocrx_word' id='word_1_191' title='bbox 784 2819 1035 2894; x_wconf 75' lang='lat' dir='ltr'><strong>professo</strong></span> <span class='ocrx_word' id='word_1_192' title='bbox 1080 2817 1471 2874; x_wconf 90' lang='lat' dir='ltr'><strong>discutiemus.</strong></span> <span class='ocrx_word' id='word_1_193' title='bbox 1517 2817 1624 2874; x_wconf 87' lang='lat' dir='ltr'><strong>Sed</strong></span> <span class='ocrx_word' id='word_1_194' title='bbox 1668 2834 1740 2875; x_wconf 90' lang='lat' dir='ltr'><strong>ne</strong></span> <span class='ocrx_word' id='word_1_195' title='bbox 1780 2817 1874 2874; x_wconf 89' lang='lat' dir='ltr'><strong>hic</strong></span> 
     </span>
     <span class='ocr_line' id='line_1_34' title="bbox 514 2897 1873 2974; baseline -0.001 -18"><span class='ocrx_word' id='word_1_196' title='bbox 514 2901 737 2973; x_wconf 88' lang='lat' dir='ltr'><strong>penitus</strong></span> <span class='ocrx_word' id='word_1_197' title='bbox 805 2915 1079 2974; x_wconf 90' lang='lat' dir='ltr'><strong>suspensa</strong></span> <span class='ocrx_word' id='word_1_198' title='bbox 1126 2897 1407 2968; x_wconf 87' lang='lat' dir='ltr'><strong>videatur,</strong></span> <span class='ocrx_word' id='word_1_199' title='bbox 1455 2898 1675 2972; x_wconf 90' lang='lat' dir='ltr'><strong>aliquid</strong></span> <span class='ocrx_word' id='word_1_200' title='bbox 1721 2898 1873 2973; x_wconf 86' lang='lat' dir='ltr'><strong>adji-</strong></span> 
     </span>
     <span class='ocr_line' id='line_1_35' title="bbox 510 2983 1237 3041; baseline -0.006 0"><span class='ocrx_word' id='word_1_201' title='bbox 510 2984 728 3041; x_wconf 90' lang='lat' dir='ltr'><strong>ciemus</strong></span> <span class='ocrx_word' id='word_1_202' title='bbox 749 2983 903 3041; x_wconf 82' lang='lat' dir='ltr'><strong>infra</strong></span> <span class='ocrx_word' id='word_1_203' title='bbox 930 3000 1083 3039; x_wconf 81' lang='lat' dir='ltr'><strong>num.</strong></span> <span class='ocrx_word' id='word_1_204' title='bbox 1108 2983 1237 3038; x_wconf 80' lang='lat'><strong>332.</strong></span> 
     </span>
    </p>
   </div>
   <div class='ocr_carea' id='block_1_7' title="bbox 1054 3169 1286 3251">
    <p class='ocr_par' dir='ltr' id='par_1_8' title="bbox 1054 3169 1286 3251">
     <span class='ocr_line' id='line_1_36' title="bbox 1054 3169 1286 3251; baseline -0.004 -25"><span class='ocrx_word' id='word_1_205' title='bbox 1054 3172 1141 3251; x_wconf 45' lang='grc' dir='ltr'><strong>ἢς.</strong></span> <span class='ocrx_word' id='word_1_206' title='bbox 1193 3169 1286 3225; x_wconf 86' lang='lat' dir='ltr'><strong>1v.</strong></span> 
     </span>
    </p>
   </div>
   <div class='ocr_carea' id='block_1_8' title="bbox 512 3315 1875 3465">
    <p class='ocr_par' dir='ltr' id='par_1_9' title="bbox 512 3315 1875 3465">
     <span class='ocr_line' id='line_1_37' title="bbox 512 3315 1875 3393; baseline -0.005 -16"><span class='ocrx_word' id='word_1_207' title='bbox 512 3319 843 3393; x_wconf 71' lang='lat' dir='ltr'><strong>Refer-untur</strong></span> <span class='ocrx_word' id='word_1_208' title='bbox 867 3318 1146 3392; x_wconf 80' lang='lat' dir='ltr'><strong>opiniones</strong></span> <span class='ocrx_word' id='word_1_209' title='bbox 1165 3315 1446 3391; x_wconf 79' lang='lat' dir='ltr'><strong>prioribus</strong></span> <span class='ocrx_word' id='word_1_210' title='bbox 1484 3315 1875 3371; x_wconf 76' lang='lat' dir='ltr'><strong>assertionibus</strong></span> 
     </span>
     <span class='ocr_line' id='line_1_38' title="bbox 587 3398 1794 3465; baseline -0.002 -10"><span class='ocrx_word' id='word_1_211' title='bbox 587 3400 890 3465; x_wconf 75' lang='lat' dir='ltr'><strong>contrariae,</strong></span> <span class='ocrx_word' id='word_1_212' title='bbox 919 3406 968 3454; x_wconf 83' lang='lat' dir='ltr'><strong>ct</strong></span> <span class='ocrx_word' id='word_1_213' title='bbox 996 3416 1187 3455; x_wconf 81' lang='lat' dir='ltr'><strong>carum</strong></span> <span class='ocrx_word' id='word_1_214' title='bbox 1212 3399 1433 3454; x_wconf 81' lang='lat' dir='ltr'><strong>motivis</strong></span> <span class='ocrx_word' id='word_1_215' title='bbox 1466 3398 1794 3461; x_wconf 76' lang='lat' dir='ltr'><strong>occurritur.</strong></span> 
     </span>
    </p>
   </div>
   <div class='ocr_carea' id='block_1_9' title="bbox 515 3546 1880 5077">
    <p class='ocr_par' dir='ltr' id='par_1_10' title="bbox 515 3546 1880 5077">
     <span class='ocr_line' id='line_1_39' title="bbox 588 3546 1876 3605; baseline -0.002 -1"><span class='ocrx_word' id='word_1_216' title='bbox 588 3549 718 3604; x_wconf 88' lang='lat'><strong>317.</strong></span> <span class='ocrx_word' id='word_1_217' title='bbox 762 3547 1049 3605; x_wconf 86' lang='lat' dir='ltr'><strong>Adversus</strong></span> <span class='ocrx_word' id='word_1_218' title='bbox 1076 3546 1399 3604; x_wconf 85' lang='lat' dir='ltr'><strong>doctrinam</strong></span> <span class='ocrx_word' id='word_1_219' title='bbox 1439 3546 1711 3603; x_wconf 89' lang='lat' dir='ltr'><strong>hactenus</strong></span> <span class='ocrx_word' id='word_1_220' title='bbox 1748 3550 1876 3601; x_wconf 87' lang='lat' dir='ltr'><strong>tra-</strong></span> 
     </span>
     <span class='ocr_line' id='line_1_40' title="bbox 515 3626 1869 3700; baseline -0.003 -16"><span class='ocrx_word' id='word_1_221' title='bbox 515 3628 694 3684; x_wconf 88' lang='lat' dir='ltr'><strong>ditam</strong></span> <span class='ocrx_word' id='word_1_222' title='bbox 719 3628 910 3700; x_wconf 92' lang='lat' dir='ltr'><strong>plures</strong></span> <span class='ocrx_word' id='word_1_223' title='bbox 930 3634 1065 3684; x_wconf 89' lang='lat' dir='ltr'><strong>sunt</strong></span> <span class='ocrx_word' id='word_1_224' title='bbox 1084 3628 1398 3684; x_wconf 62' lang='lat' dir='ltr'><strong>sententias.</strong></span> <span class='ocrx_word' id='word_1_225' title='bbox 1426 3628 1627 3683; x_wconf 90' lang='lat' dir='ltr'><strong>Prima</strong></span> <span class='ocrx_word' id='word_1_226' title='bbox 1647 3626 1869 3692; x_wconf 88' lang='lat' dir='ltr'><strong>asserit,</strong></span> 
     </span>
     <span class='ocr_line' id='line_1_41' title="bbox 518 3706 1876 3783; baseline -0.002 -17"><span class='ocrx_word' id='word_1_227' title='bbox 518 3716 806 3782; x_wconf 89' lang='lat' dir='ltr'><strong>peccatum</strong></span> <span class='ocrx_word' id='word_1_228' title='bbox 834 3709 1062 3766; x_wconf 90' lang='lat' dir='ltr'><strong>veniale</strong></span> <span class='ocrx_word' id='word_1_229' title='bbox 1096 3725 1257 3783; x_wconf 90' lang='lat' dir='ltr'><strong>posse</strong></span> <span class='ocrx_word' id='word_1_230' title='bbox 1298 3709 1515 3765; x_wconf 87' lang='lat' dir='ltr'><strong>remitti</strong></span> <span class='ocrx_word' id='word_1_231' title='bbox 1541 3709 1635 3765; x_wconf 87' lang='lat' dir='ltr'><strong>vel</strong></span> <span class='ocrx_word' id='word_1_232' title='bbox 1673 3706 1744 3764; x_wconf 90' lang='lat' dir='ltr'><strong>ab</strong></span> <span class='ocrx_word' id='word_1_233' title='bbox 1770 3724 1876 3765; x_wconf 86' lang='lat' dir='ltr'><strong>ex-</strong></span> 
     </span>
     <span class='ocr_line' id='line_1_42' title="bbox 517 3789 1871 3865; baseline 0 -19"><span class='ocrx_word' id='word_1_234' title='bbox 517 3791 783 3856; x_wconf 81' lang='lat' dir='ltr'><strong>trinsecO,</strong></span> <span class='ocrx_word' id='word_1_235' title='bbox 807 3792 897 3848; x_wconf 92' lang='lat' dir='ltr'><strong>vel</strong></span> <span class='ocrx_word' id='word_1_236' title='bbox 926 3808 1027 3865; x_wconf 91' lang='lat' dir='ltr'><strong>per</strong></span> <span class='ocrx_word' id='word_1_237' title='bbox 1053 3792 1234 3848; x_wconf 90' lang='lat' dir='ltr'><strong>solam</strong></span> <span class='ocrx_word' id='word_1_238' title='bbox 1264 3789 1640 3847; x_wconf 87' lang='lat' dir='ltr'><strong>inflictionem</strong></span> <span class='ocrx_word' id='word_1_239' title='bbox 1671 3806 1871 3862; x_wconf 78' lang='lat' dir='ltr'><strong>poenae.</strong></span> 
     </span>
     <span class='ocr_line' id='line_1_43' title="bbox 518 3870 1875 3950; baseline 0.001 -23"><span class='ocrx_word' id='word_1_240' title='bbox 518 3874 600 3929; x_wconf 89' lang='lat' dir='ltr'><strong>lta</strong></span> <span class='ocrx_word' id='word_1_241' title='bbox 626 3875 819 3931; x_wconf 90' lang='lat' dir='ltr'><strong>Scotus</strong></span> <span class='ocrx_word' id='word_1_242' title='bbox 858 3875 935 3929; x_wconf 83' lang='lat' dir='ltr'><strong>in.</strong></span> <span class='ocrx_word' id='word_1_243' title='bbox 973 3874 1029 3940; x_wconf 83' lang='lat'><strong>4,</strong></span> <span class='ocrx_word' id='word_1_244' title='bbox 1060 3874 1188 3929; x_wconf 85' lang='lat' dir='ltr'><strong>dist.</strong></span> <span class='ocrx_word' id='word_1_245' title='bbox 1230 3874 1312 3940; x_wconf 86' lang='lat'><strong>15,</strong></span> <span class='ocrx_word' id='word_1_246' title='bbox 1339 3880 1520 3950; x_wconf 73' lang='lat' dir='ltr'><strong>quaest.</strong></span> <span class='ocrx_word' id='word_1_247' title='bbox 1564 3875 1609 3939; x_wconf 92' lang='lat'><strong>1,</strong></span> <span class='ocrx_word' id='word_1_248' title='bbox 1643 3870 1875 3929; x_wconf 90' lang='lat' dir='ltr'><strong>Gabriel</strong></span> 
     </span>
     <span class='ocr_line' id='line_1_44' title="bbox 516 3953 1870 4031; baseline 0.001 -23"><span class='ocrx_word' id='word_1_249' title='bbox 516 3953 645 4010; x_wconf 77' lang='lat' dir='ltr'><strong>dist.</strong></span> <span class='ocrx_word' id='word_1_250' title='bbox 686 3956 769 4019; x_wconf 86' lang='lat'><strong>16,</strong></span> <span class='ocrx_word' id='word_1_251' title='bbox 814 3960 995 4031; x_wconf 69' lang='lat' dir='ltr'><strong>quaest.</strong></span> <span class='ocrx_word' id='word_1_252' title='bbox 1040 3954 1095 4020; x_wconf 89' lang='lat'><strong>5,</strong></span> <span class='ocrx_word' id='word_1_253' title='bbox 1139 3959 1248 4009; x_wconf 83' lang='lat' dir='ltr'><strong>art.</strong></span> <span class='ocrx_word' id='word_1_254' title='bbox 1294 3953 1349 4009; x_wconf 88' lang='lat'><strong>3.</strong></span> <span class='ocrx_word' id='word_1_255' title='bbox 1393 3954 1578 4027; x_wconf 89' lang='lat' dir='ltr'><strong>Major</strong></span> <span class='ocrx_word' id='word_1_256' title='bbox 1603 3953 1731 4009; x_wconf 76' lang='lat' dir='ltr'><strong>dist.</strong></span> <span class='ocrx_word' id='word_1_257' title='bbox 1776 3955 1870 4018; x_wconf 80' lang='lat'><strong>21,</strong></span> 
     </span>
     <span class='ocr_line' id='line_1_45' title="bbox 516 4034 1876 4114; baseline -0.002 -22"><span class='ocrx_word' id='word_1_258' title='bbox 516 4044 697 4114; x_wconf 76' lang='lat' dir='ltr'><strong>quaest.</strong></span> <span class='ocrx_word' id='word_1_259' title='bbox 737 4037 782 4102; x_wconf 91' lang='lat'><strong>1,</strong></span> <span class='ocrx_word' id='word_1_260' title='bbox 827 4040 882 4091; x_wconf 91' lang='lat' dir='ltr'><strong>et</strong></span> <span class='ocrx_word' id='word_1_261' title='bbox 926 4034 1047 4090; x_wconf 88' lang='lat' dir='ltr'><strong>alii.</strong></span> <span class='ocrx_word' id='word_1_262' title='bbox 1094 4034 1380 4100; x_wconf 90' lang='lat' dir='ltr'><strong>Primum,</strong></span> <span class='ocrx_word' id='word_1_263' title='bbox 1424 4039 1480 4090; x_wconf 93' lang='lat' dir='ltr'><strong>et</strong></span> <span class='ocrx_word' id='word_1_264' title='bbox 1525 4034 1876 4107; x_wconf 60' lang='lat' dir='ltr'><strong>praecipuum</strong></span> 
     </span>
     <span class='ocr_line' id='line_1_46' title="bbox 515 4113 1870 4188; baseline -0.004 -13"><span class='ocrx_word' id='word_1_265' title='bbox 515 4133 716 4175; x_wconf 88' lang='lat' dir='ltr'><strong>eorum</strong></span> <span class='ocrx_word' id='word_1_266' title='bbox 744 4113 1186 4171; x_wconf 87' lang='lat' dir='ltr'><strong>fundamentum</strong></span> <span class='ocrx_word' id='word_1_267' title='bbox 1220 4119 1320 4179; x_wconf 85' lang='lat' dir='ltr'><strong>est,</strong></span> <span class='ocrx_word' id='word_1_268' title='bbox 1344 4114 1478 4188; x_wconf 86' lang='lat' dir='ltr'><strong>quia</strong></span> <span class='ocrx_word' id='word_1_269' title='bbox 1515 4115 1870 4182; x_wconf 89' lang='lat' dir='ltr'><strong>existimant,</strong></span> 
     </span>
     <span class='ocr_line' id='line_1_47' title="bbox 516 4195 1876 4272; baseline -0.002 -18"><span class='ocrx_word' id='word_1_270' title='bbox 516 4197 665 4272; x_wconf 92' lang='lat' dir='ltr'><strong>quod</strong></span> <span class='ocrx_word' id='word_1_271' title='bbox 694 4199 978 4253; x_wconf 89' lang='lat' dir='ltr'><strong>transacto</strong></span> <span class='ocrx_word' id='word_1_272' title='bbox 1005 4200 1131 4252; x_wconf 90' lang='lat' dir='ltr'><strong>actu</strong></span> <span class='ocrx_word' id='word_1_273' title='bbox 1173 4196 1378 4268; x_wconf 90' lang='lat' dir='ltr'><strong>peccati</strong></span> <span class='ocrx_word' id='word_1_274' title='bbox 1427 4195 1693 4262; x_wconf 89' lang='lat' dir='ltr'><strong>venialis,</strong></span> <span class='ocrx_word' id='word_1_275' title='bbox 1758 4210 1876 4251; x_wconf 91' lang='lat' dir='ltr'><strong>non</strong></span> 
     </span>
     <span class='ocr_line' id='line_1_48' title="bbox 519 4274 1878 4348; baseline -0.004 -12"><span class='ocrx_word' id='word_1_276' title='bbox 519 4283 783 4337; x_wconf 89' lang='lat' dir='ltr'><strong>remanet</strong></span> <span class='ocrx_word' id='word_1_277' title='bbox 811 4277 922 4333; x_wconf 90' lang='lat' dir='ltr'><strong>nisi</strong></span> <span class='ocrx_word' id='word_1_278' title='bbox 954 4280 1145 4332; x_wconf 89' lang='lat' dir='ltr'><strong>reatus</strong></span> <span class='ocrx_word' id='word_1_279' title='bbox 1172 4275 1243 4332; x_wconf 90' lang='lat' dir='ltr'><strong>ad</strong></span> <span class='ocrx_word' id='word_1_280' title='bbox 1265 4291 1493 4348; x_wconf 88' lang='lat' dir='ltr'><strong>poenam</strong></span> <span class='ocrx_word' id='word_1_281' title='bbox 1517 4274 1628 4347; x_wconf 91' lang='lat' dir='ltr'><strong>ipsi</strong></span> <span class='ocrx_word' id='word_1_282' title='bbox 1655 4290 1878 4332; x_wconf 92' lang='lat' dir='ltr'><strong>corres-</strong></span> 
     </span>
     <span class='ocr_line' id='line_1_49' title="bbox 517 4353 1875 4432; baseline -0.004 -16"><span class='ocrx_word' id='word_1_283' title='bbox 517 4357 862 4432; x_wconf 92' lang='lat' dir='ltr'><strong>pondentem</strong></span> <span class='ocrx_word' id='word_1_284' title='bbox 898 4377 911 4412; x_wconf 88' lang='lat'>:</span> <span class='ocrx_word' id='word_1_285' title='bbox 951 4371 1076 4429; x_wconf 71' lang='lat' dir='ltr'><strong>quas</strong></span> <span class='ocrx_word' id='word_1_286' title='bbox 1119 4354 1391 4429; x_wconf 80' lang='lat' dir='ltr'><strong>obligatio</strong></span> <span class='ocrx_word' id='word_1_287' title='bbox 1430 4355 1522 4411; x_wconf 92' lang='lat' dir='ltr'><strong>vel</strong></span> <span class='ocrx_word' id='word_1_288' title='bbox 1561 4353 1875 4411; x_wconf 88' lang='lat' dir='ltr'><strong>condonari</strong></span> 
     </span>
     <span class='ocr_line' id='line_1_50' title="bbox 518 4433 1878 4508; baseline -0.002 -14"><span class='ocrx_word' id='word_1_289' title='bbox 518 4440 671 4495; x_wconf 86' lang='lat' dir='ltr'><strong>valet</strong></span> <span class='ocrx_word' id='word_1_290' title='bbox 690 4436 761 4494; x_wconf 90' lang='lat' dir='ltr'><strong>ab</strong></span> <span class='ocrx_word' id='word_1_291' title='bbox 786 4436 1126 4502; x_wconf 81' lang='lat' dir='ltr'><strong>extrinsece,</strong></span> <span class='ocrx_word' id='word_1_292' title='bbox 1158 4436 1251 4491; x_wconf 88' lang='lat' dir='ltr'><strong>vel</strong></span> <span class='ocrx_word' id='word_1_293' title='bbox 1278 4433 1538 4508; x_wconf 83' lang='lat' dir='ltr'><strong>extingui</strong></span> <span class='ocrx_word' id='word_1_294' title='bbox 1562 4450 1664 4507; x_wconf 93' lang='lat' dir='ltr'><strong>per</strong></span> <span class='ocrx_word' id='word_1_295' title='bbox 1696 4435 1878 4508; x_wconf 89' lang='lat' dir='ltr'><strong>ipsius</strong></span> 
     </span>
     <span class='ocr_line' id='line_1_51' title="bbox 519 4513 1877 4592; baseline -0.002 -17"><span class='ocrx_word' id='word_1_296' title='bbox 519 4534 701 4592; x_wconf 85' lang='lat' dir='ltr'><strong>poenae</strong></span> <span class='ocrx_word' id='word_1_297' title='bbox 728 4517 1129 4575; x_wconf 82' lang='lat' dir='ltr'><strong>inflictionem.</strong></span> <span class='ocrx_word' id='word_1_298' title='bbox 1171 4513 1277 4572; x_wconf 90' lang='lat' dir='ltr'><strong>Sed</strong></span> <span class='ocrx_word' id='word_1_299' title='bbox 1304 4516 1410 4572; x_wconf 89' lang='lat' dir='ltr'><strong>hoc</strong></span> <span class='ocrx_word' id='word_1_300' title='bbox 1434 4514 1877 4574; x_wconf 87' lang='lat' dir='ltr'><strong>fundamentum</strong></span> 
     </span>
     <span class='ocr_line' id='line_1_52' title="bbox 518 4595 1879 4672; baseline -0.002 -15"><span class='ocrx_word' id='word_1_301' title='bbox 518 4601 857 4657; x_wconf 87' lang='lat' dir='ltr'><strong>convulsum</strong></span> <span class='ocrx_word' id='word_1_302' title='bbox 884 4597 1094 4672; x_wconf 87' lang='lat' dir='ltr'><strong>saepius</strong></span> <span class='ocrx_word' id='word_1_303' title='bbox 1120 4600 1317 4653; x_wconf 87' lang='lat' dir='ltr'><strong>manet</strong></span> <span class='ocrx_word' id='word_1_304' title='bbox 1360 4611 1432 4653; x_wconf 88' lang='lat' dir='ltr'><strong>ex</strong></span> <span class='ocrx_word' id='word_1_305' title='bbox 1472 4595 1636 4652; x_wconf 90' lang='lat' dir='ltr'><strong>dictis</strong></span> <span class='ocrx_word' id='word_1_306' title='bbox 1671 4597 1734 4653; x_wconf 93' lang='lat' dir='ltr'><strong>in</strong></span> <span class='ocrx_word' id='word_1_307' title='bbox 1775 4597 1879 4654; x_wconf 89' lang='lat' dir='ltr'><strong>hac</strong></span> 
     </span>
     <span class='ocr_line' id='line_1_53' title="bbox 518 4677 1879 4755; baseline -0.002 -18"><span class='ocrx_word' id='word_1_308' title='bbox 518 4681 728 4755; x_wconf 88' lang='lat' dir='ltr'><strong>disput.</strong></span> <span class='ocrx_word' id='word_1_309' title='bbox 760 4685 817 4736; x_wconf 90' lang='lat' dir='ltr'><strong>et</strong></span> <span class='ocrx_word' id='word_1_310' title='bbox 838 4679 1122 4751; x_wconf 85' lang='lat' dir='ltr'><strong>praecipue</strong></span> <span class='ocrx_word' id='word_1_311' title='bbox 1141 4692 1213 4734; x_wconf 88' lang='lat' dir='ltr'><strong>ex</strong></span> <span class='ocrx_word' id='word_1_312' title='bbox 1240 4677 1348 4744; x_wconf 85' lang='lat' dir='ltr'><strong>his,</strong></span> <span class='ocrx_word' id='word_1_313' title='bbox 1380 4693 1505 4750; x_wconf 86' lang='lat' dir='ltr'><strong>quae</strong></span> <span class='ocrx_word' id='word_1_314' title='bbox 1532 4694 1708 4750; x_wconf 91' lang='lat' dir='ltr'><strong>supra</strong></span> <span class='ocrx_word' id='word_1_315' title='bbox 1728 4693 1879 4751; x_wconf 77' lang='lat' dir='ltr'><strong>prae-</strong></span> 
     </span>
     <span class='ocr_line' id='line_1_54' title="bbox 520 4757 1880 4828; baseline -0.004 -8"><span class='ocrx_word' id='word_1_316' title='bbox 520 4763 789 4819; x_wconf 85' lang='lat' dir='ltr'><strong>misimus</strong></span> <span class='ocrx_word' id='word_1_317' title='bbox 828 4763 859 4828; x_wconf 65' lang='lat'><strong>5</strong></span> <span class='ocrx_word' id='word_1_318' title='bbox 920 4761 966 4826; x_wconf 91' lang='lat'><strong>1,</strong></span> <span class='ocrx_word' id='word_1_319' title='bbox 1012 4757 1110 4814; x_wconf 91' lang='lat' dir='ltr'><strong>ubi</strong></span> <span class='ocrx_word' id='word_1_320' title='bbox 1150 4774 1222 4816; x_wconf 84' lang='lat' dir='ltr'><strong>ex</strong></span> <span class='ocrx_word' id='word_1_321' title='bbox 1259 4757 1553 4815; x_wconf 91' lang='lat' dir='ltr'><strong>communi</strong></span> <span class='ocrx_word' id='word_1_322' title='bbox 1591 4759 1880 4815; x_wconf 87' lang='lat' dir='ltr'><strong>sententia</strong></span> 
     </span>
     <span class='ocr_line' id='line_1_55' title="bbox 520 4838 1880 4916; baseline -0.002 -17"><span class='ocrx_word' id='word_1_323' title='bbox 520 4843 939 4916; x_wconf 87' lang='lat' dir='ltr'><strong>Theologorum</strong></span> <span class='ocrx_word' id='word_1_324' title='bbox 966 4840 1289 4907; x_wconf 78' lang='lat' dir='ltr'><strong>statuimus,</strong></span> <span class='ocrx_word' id='word_1_325' title='bbox 1322 4845 1609 4911; x_wconf 87' lang='lat' dir='ltr'><strong>peccatum</strong></span> <span class='ocrx_word' id='word_1_326' title='bbox 1649 4838 1880 4896; x_wconf 89' lang='lat' dir='ltr'><strong>veniale</strong></span> 
     </span>
     <span class='ocr_line' id='line_1_56' title="bbox 521 4922 1876 4993; baseline -0.003 -11"><span class='ocrx_word' id='word_1_327' title='bbox 521 4924 812 4982; x_wconf 89' lang='lat' dir='ltr'><strong>habituale</strong></span> <span class='ocrx_word' id='word_1_328' title='bbox 851 4922 1167 4993; x_wconf 87' lang='lat' dir='ltr'><strong>importare</strong></span> <span class='ocrx_word' id='word_1_329' title='bbox 1218 4936 1337 4979; x_wconf 92' lang='lat' dir='ltr'><strong>non</strong></span> <span class='ocrx_word' id='word_1_330' title='bbox 1388 4922 1575 4978; x_wconf 91' lang='lat' dir='ltr'><strong>solum</strong></span> <span class='ocrx_word' id='word_1_331' title='bbox 1630 4926 1876 4990; x_wconf 89' lang='lat' dir='ltr'><strong>reatum,</strong></span> 
     </span>
     <span class='ocr_line' id='line_1_57' title="bbox 521 5001 1875 5077; baseline -0.002 -16"><span class='ocrx_word' id='word_1_332' title='bbox 521 5004 620 5061; x_wconf 83' lang='lat' dir='ltr'><strong>sed</strong></span> <span class='ocrx_word' id='word_1_333' title='bbox 661 5004 839 5062; x_wconf 89' lang='lat' dir='ltr'><strong>etiam</strong></span> <span class='ocrx_word' id='word_1_334' title='bbox 864 5017 1029 5059; x_wconf 88' lang='lat' dir='ltr'><strong>suam</strong></span> <span class='ocrx_word' id='word_1_335' title='bbox 1068 5001 1529 5077; x_wconf 86' lang='lat' dir='ltr'><strong>qualemqualem</strong></span> <span class='ocrx_word' id='word_1_336' title='bbox 1567 5004 1875 5075; x_wconf 87' lang='lat' dir='ltr'><strong>maculam,</strong></span> 
     </span>
    </p>
   </div>
   <div class='ocr_carea' id='block_1_10' title="bbox 2001 555 3375 698">
    <p class='ocr_par' dir='ltr' id='par_1_11' title="bbox 2001 555 3375 698">
     <span class='ocr_line' id='line_1_58' title="bbox 2001 555 3375 632; baseline -0.002 -16"><span class='ocrx_word' id='word_1_337' title='bbox 2001 575 2126 632; x_wconf 85' lang='lat' dir='ltr'><strong>quae</strong></span> <span class='ocrx_word' id='word_1_338' title='bbox 2170 576 2306 616; x_wconf 88' lang='lat' dir='ltr'><strong>vere</strong></span> <span class='ocrx_word' id='word_1_339' title='bbox 2353 559 2523 617; x_wconf 88' lang='lat' dir='ltr'><strong>habet</strong></span> <span class='ocrx_word' id='word_1_340' title='bbox 2570 560 2854 616; x_wconf 89' lang='lat' dir='ltr'><strong>rationem</strong></span> <span class='ocrx_word' id='word_1_341' title='bbox 2884 557 3110 632; x_wconf 89' lang='lat' dir='ltr'><strong>peccati.</strong></span> <span class='ocrx_word' id='word_1_342' title='bbox 3144 559 3213 612; x_wconf 87' lang='lat' dir='ltr'><strong>Et</strong></span> <span class='ocrx_word' id='word_1_343' title='bbox 3240 555 3375 613; x_wconf 87' lang='lat' dir='ltr'><strong>ideo</strong></span> 
     </span>
     <span class='ocr_line' id='line_1_59' title="bbox 2003 640 2744 698; baseline 0 -2"><span class='ocrx_word' id='word_1_344' title='bbox 2003 640 2108 698; x_wconf 90' lang='lat' dir='ltr'><strong>hoc</strong></span> <span class='ocrx_word' id='word_1_345' title='bbox 2129 640 2505 697; x_wconf 88' lang='lat' dir='ltr'><strong>fundamento</strong></span> <span class='ocrx_word' id='word_1_346' title='bbox 2528 641 2744 698; x_wconf 89' lang='lat' dir='ltr'><strong>relicto.</strong></span> 
     </span>
    </p>
   </div>
   <div class='ocr_carea' id='block_1_11' title="bbox 2076 718 3570 870">
    <p class='ocr_par' dir='ltr' id='par_1_12' title="bbox 2076 718 3570 870">
     <span class='ocr_line' id='line_1_60' title="bbox 2076 718 3564 828; baseline -0.006 -52"><span class='ocrx_word' id='word_1_347' title='bbox 2076 722 2351 796; x_wconf 80' lang='lat' dir='ltr'><strong>Arguitur</strong></span> <span class='ocrx_word' id='word_1_348' title='bbox 2380 722 2593 794; x_wconf 93' lang='lat' dir='ltr'><strong>prim0,</strong></span> <span class='ocrx_word' id='word_1_349' title='bbox 2616 721 2750 793; x_wconf 90' lang='lat' dir='ltr'><strong>quia</strong></span> <span class='ocrx_word' id='word_1_350' title='bbox 2777 720 2826 776; x_wconf 91' lang='lat' dir='ltr'><strong>si</strong></span> <span class='ocrx_word' id='word_1_351' title='bbox 2869 718 2939 776; x_wconf 90' lang='lat' dir='ltr'><strong>ad</strong></span> <span class='ocrx_word' id='word_1_352' title='bbox 2963 719 3372 776; x_wconf 89' lang='lat' dir='ltr'><strong>remissionem</strong></span> <span class='ocrx_word' id='word_1_353' title='bbox 3386 724 3564 828; x_wconf 51' lang='grc' dir='ltr'><strong>1)ηὲἓῖ-</strong></span> 
     </span>
     <span class='ocr_line' id='line_1_61' title="bbox 3384 830 3570 870; baseline 0 0"><span class='ocrx_word' id='word_1_354' title='bbox 3384 830 3570 870; x_wconf 75' lang='lat' dir='ltr'><strong>mentm</strong></span> 
     </span>
    </p>
   </div>
   <div class='ocr_carea' id='block_1_12' title="bbox 2000 798 3371 2321">
    <p class='ocr_par' dir='ltr' id='par_1_13' title="bbox 2000 798 3371 2321">
     <span class='ocr_line' id='line_1_62' title="bbox 2003 798 3369 873; baseline -0.001 -16"><span class='ocrx_word' id='word_1_355' title='bbox 2003 804 2210 873; x_wconf 89' lang='lat' dir='ltr'><strong>peccati</strong></span> <span class='ocrx_word' id='word_1_356' title='bbox 2240 803 2487 858; x_wconf 92' lang='lat' dir='ltr'><strong>venialis</strong></span> <span class='ocrx_word' id='word_1_357' title='bbox 2525 819 2642 860; x_wconf 91' lang='lat' dir='ltr'><strong>non</strong></span> <span class='ocrx_word' id='word_1_358' title='bbox 2689 804 2967 860; x_wconf 85' lang='lat' dir='ltr'><strong>sufficeret</strong></span> <span class='ocrx_word' id='word_1_359' title='bbox 3010 802 3102 856; x_wconf 91' lang='lat' dir='ltr'><strong>vel</strong></span> <span class='ocrx_word' id='word_1_360' title='bbox 3149 798 3369 857; x_wconf 91' lang='lat' dir='ltr'><strong>condo-</strong></span> 
     </span>
     <span class='ocr_line' id='line_1_63' title="bbox 2004 880 3370 957; baseline -0.001 -19"><span class='ocrx_word' id='word_1_361' title='bbox 2004 884 2161 941; x_wconf 90' lang='lat' dir='ltr'><strong>natio</strong></span> <span class='ocrx_word' id='word_1_362' title='bbox 2187 885 2524 952; x_wconf 88' lang='lat' dir='ltr'><strong>extrinseca,</strong></span> <span class='ocrx_word' id='word_1_363' title='bbox 2560 887 2650 942; x_wconf 87' lang='lat' dir='ltr'><strong>vel</strong></span> <span class='ocrx_word' id='word_1_364' title='bbox 2680 885 2922 942; x_wconf 85' lang='lat' dir='ltr'><strong>inflictio</strong></span> <span class='ocrx_word' id='word_1_365' title='bbox 2958 899 3138 957; x_wconf 74' lang='lat' dir='ltr'><strong>poenae</strong></span> <span class='ocrx_word' id='word_1_366' title='bbox 3163 880 3370 939; x_wconf 90' lang='lat' dir='ltr'><strong>condi-</strong></span> 
     </span>
     <span class='ocr_line' id='line_1_64' title="bbox 2000 962 3371 1039; baseline -0.001 -20"><span class='ocrx_word' id='word_1_367' title='bbox 2000 979 2145 1038; x_wconf 78' lang='lat' dir='ltr'><strong>gnae,</strong></span> <span class='ocrx_word' id='word_1_368' title='bbox 2176 970 2507 1037; x_wconf 88' lang='lat' dir='ltr'><strong>sequeretur</strong></span> <span class='ocrx_word' id='word_1_369' title='bbox 2544 965 2692 1038; x_wconf 91' lang='lat' dir='ltr'><strong>quod</strong></span> <span class='ocrx_word' id='word_1_370' title='bbox 2722 970 2944 1039; x_wconf 89' lang='lat' dir='ltr'><strong>peccata</strong></span> <span class='ocrx_word' id='word_1_371' title='bbox 2970 964 3226 1021; x_wconf 91' lang='lat' dir='ltr'><strong>venialia</strong></span> <span class='ocrx_word' id='word_1_372' title='bbox 3254 962 3371 1018; x_wconf 88' lang='lat' dir='ltr'><strong>ali-</strong></span> 
     </span>
     <span class='ocr_line' id='line_1_65' title="bbox 2000 1046 3370 1120; baseline 0.001 -18"><span class='ocrx_word' id='word_1_373' title='bbox 2000 1063 2246 1120; x_wconf 90' lang='lat' dir='ltr'><strong>quorum</strong></span> <span class='ocrx_word' id='word_1_374' title='bbox 2289 1048 2612 1114; x_wconf 88' lang='lat' dir='ltr'><strong>hominum,</strong></span> <span class='ocrx_word' id='word_1_375' title='bbox 2650 1050 2748 1120; x_wconf 91' lang='lat' dir='ltr'><strong>qui</strong></span> <span class='ocrx_word' id='word_1_376' title='bbox 2777 1048 3150 1116; x_wconf 87' lang='lat' dir='ltr'><strong>damnantur,</strong></span> <span class='ocrx_word' id='word_1_377' title='bbox 3188 1046 3370 1120; x_wconf 90' lang='lat' dir='ltr'><strong>puni-</strong></span> 
     </span>
     <span class='ocr_line' id='line_1_66' title="bbox 2004 1127 3369 1201; baseline 0.001 -18"><span class='ocrx_word' id='word_1_378' title='bbox 2004 1133 2205 1184; x_wconf 90' lang='lat' dir='ltr'><strong>rentur</strong></span> <span class='ocrx_word' id='word_1_379' title='bbox 2228 1129 2289 1183; x_wconf 93' lang='lat' dir='ltr'><strong>in</strong></span> <span class='ocrx_word' id='word_1_380' title='bbox 2310 1134 2589 1186; x_wconf 84' lang='lat' dir='ltr'><strong>aeternum</strong></span> <span class='ocrx_word' id='word_1_381' title='bbox 2625 1151 2637 1184; x_wconf 93' lang='lat'><strong>:</strong></span> <span class='ocrx_word' id='word_1_382' title='bbox 2679 1145 3028 1201; x_wconf 88' lang='lat' dir='ltr'><strong>consequens</strong></span> <span class='ocrx_word' id='word_1_383' title='bbox 3050 1132 3134 1185; x_wconf 88' lang='lat' dir='ltr'><strong>est</strong></span> <span class='ocrx_word' id='word_1_384' title='bbox 3161 1127 3369 1184; x_wconf 89' lang='lat' dir='ltr'><strong>absur-</strong></span> 
     </span>
     <span class='ocr_line' id='line_1_67' title="bbox 2004 1206 3370 1284; baseline 0.002 -22"><span class='ocrx_word' id='word_1_385' title='bbox 2004 1206 2139 1264; x_wconf 91' lang='lat' dir='ltr'><strong>dum</strong></span> <span class='ocrx_word' id='word_1_386' title='bbox 2188 1230 2200 1264; x_wconf 90' lang='lat'>:</span> <span class='ocrx_word' id='word_1_387' title='bbox 2248 1225 2383 1284; x_wconf 90' lang='lat' dir='ltr'><strong>ergo</strong></span> <span class='ocrx_word' id='word_1_388' title='bbox 2423 1209 2678 1265; x_wconf 91' lang='lat' dir='ltr'><strong>venialia</strong></span> <span class='ocrx_word' id='word_1_389' title='bbox 2725 1211 3106 1266; x_wconf 89' lang='lat' dir='ltr'><strong>remittuntur</strong></span> <span class='ocrx_word' id='word_1_390' title='bbox 3144 1210 3238 1265; x_wconf 88' lang='lat' dir='ltr'><strong>vel</strong></span> <span class='ocrx_word' id='word_1_391' title='bbox 3267 1217 3370 1282; x_wconf 84' lang='lat' dir='ltr'><strong>per</strong></span> 
     </span>
     <span class='ocr_line' id='line_1_68' title="bbox 2002 1287 3370 1362; baseline 0.001 -18"><span class='ocrx_word' id='word_1_392' title='bbox 2002 1287 2479 1346; x_wconf 88' lang='lat' dir='ltr'><strong>condonationem</strong></span> <span class='ocrx_word' id='word_1_393' title='bbox 2506 1291 2908 1360; x_wconf 89' lang='lat' dir='ltr'><strong>extrinsecam,</strong></span> <span class='ocrx_word' id='word_1_394' title='bbox 2941 1291 3033 1347; x_wconf 87' lang='lat' dir='ltr'><strong>vel</strong></span> <span class='ocrx_word' id='word_1_395' title='bbox 3059 1305 3158 1362; x_wconf 90' lang='lat' dir='ltr'><strong>per</strong></span> <span class='ocrx_word' id='word_1_396' title='bbox 3185 1289 3370 1346; x_wconf 85' lang='lat' dir='ltr'><strong>inflic-</strong></span> 
     </span>
     <span class='ocr_line' id='line_1_69' title="bbox 2003 1371 3368 1445; baseline 0.003 -21"><span class='ocrx_word' id='word_1_397' title='bbox 2003 1371 2221 1428; x_wconf 91' lang='lat' dir='ltr'><strong>tionem</strong></span> <span class='ocrx_word' id='word_1_398' title='bbox 2264 1388 2460 1445; x_wconf 83' lang='lat' dir='ltr'><strong>poenae.</strong></span> <span class='ocrx_word' id='word_1_399' title='bbox 2495 1373 2734 1445; x_wconf 90' lang='lat' dir='ltr'><strong>Sequela</strong></span> <span class='ocrx_word' id='word_1_400' title='bbox 2762 1378 2845 1429; x_wconf 91' lang='lat' dir='ltr'><strong>est</strong></span> <span class='ocrx_word' id='word_1_401' title='bbox 2872 1372 3200 1436; x_wconf 74' lang='lat' dir='ltr'><strong>manifesta,</strong></span> <span class='ocrx_word' id='word_1_402' title='bbox 3232 1372 3368 1443; x_wconf 92' lang='lat' dir='ltr'><strong>quia</strong></span> 
     </span>
     <span class='ocr_line' id='line_1_70' title="bbox 2002 1449 3369 1525; baseline 0.001 -19"><span class='ocrx_word' id='word_1_403' title='bbox 2002 1449 2258 1508; x_wconf 88' lang='lat' dir='ltr'><strong>damnati</strong></span> <span class='ocrx_word' id='word_1_404' title='bbox 2291 1452 2513 1507; x_wconf 90' lang='lat' dir='ltr'><strong>nullam</strong></span> <span class='ocrx_word' id='word_1_405' title='bbox 2556 1453 2841 1525; x_wconf 90' lang='lat' dir='ltr'><strong>recipiunt</strong></span> <span class='ocrx_word' id='word_1_406' title='bbox 2880 1453 3128 1525; x_wconf 90' lang='lat' dir='ltr'><strong>gratiam</strong></span> <span class='ocrx_word' id='word_1_407' title='bbox 3164 1467 3369 1524; x_wconf 88' lang='lat' dir='ltr'><strong>super-</strong></span> 
     </span>
     <span class='ocr_line' id='line_1_71' title="bbox 2004 1532 3366 1608; baseline 0.001 -20"><span class='ocrx_word' id='word_1_408' title='bbox 2004 1532 2328 1589; x_wconf 90' lang='lat' dir='ltr'><strong>naturalem</strong></span> <span class='ocrx_word' id='word_1_409' title='bbox 2363 1553 2376 1588; x_wconf 90' lang='lat'><strong>:</strong></span> <span class='ocrx_word' id='word_1_410' title='bbox 2404 1549 2539 1608; x_wconf 90' lang='lat' dir='ltr'><strong>ergo</strong></span> <span class='ocrx_word' id='word_1_411' title='bbox 2577 1534 2625 1589; x_wconf 91' lang='lat' dir='ltr'><strong>si</strong></span> <span class='ocrx_word' id='word_1_412' title='bbox 2655 1534 2909 1591; x_wconf 87' lang='lat' dir='ltr'><strong>venialia</strong></span> <span class='ocrx_word' id='word_1_413' title='bbox 2954 1549 3073 1590; x_wconf 91' lang='lat' dir='ltr'><strong>non</strong></span> <span class='ocrx_word' id='word_1_414' title='bbox 3100 1532 3366 1589; x_wconf 89' lang='lat' dir='ltr'><strong>delentur</strong></span> 
     </span>
     <span class='ocr_line' id='line_1_72' title="bbox 2001 1615 3361 1688; baseline 0 -18"><span class='ocrx_word' id='word_1_415' title='bbox 2001 1615 2093 1671; x_wconf 88' lang='lat' dir='ltr'><strong>vel</strong></span> <span class='ocrx_word' id='word_1_416' title='bbox 2136 1631 2236 1688; x_wconf 88' lang='lat' dir='ltr'><strong>per</strong></span> <span class='ocrx_word' id='word_1_417' title='bbox 2282 1616 2662 1672; x_wconf 86' lang='lat' dir='ltr'><strong>extrinsecam</strong></span> <span class='ocrx_word' id='word_1_418' title='bbox 2711 1615 3196 1673; x_wconf 89' lang='lat' dir='ltr'><strong>condonationem</strong></span> <span class='ocrx_word' id='word_1_419' title='bbox 3240 1615 3361 1680; x_wconf 92' lang='lat' dir='ltr'><strong>Dei,</strong></span> 
     </span>
     <span class='ocr_line' id='line_1_73' title="bbox 2002 1695 3365 1769; baseline 0 -18"><span class='ocrx_word' id='word_1_420' title='bbox 2002 1696 2095 1751; x_wconf 88' lang='lat' dir='ltr'><strong>vel</strong></span> <span class='ocrx_word' id='word_1_421' title='bbox 2136 1712 2236 1767; x_wconf 91' lang='lat' dir='ltr'><strong>per</strong></span> <span class='ocrx_word' id='word_1_422' title='bbox 2264 1711 2494 1768; x_wconf 84' lang='lat' dir='ltr'><strong>poenam</strong></span> <span class='ocrx_word' id='word_1_423' title='bbox 2524 1696 2822 1758; x_wconf 85' lang='lat' dir='ltr'><strong>inflictam.</strong></span> <span class='ocrx_word' id='word_1_424' title='bbox 2862 1701 3086 1769; x_wconf 89' lang='lat' dir='ltr'><strong>peccata</strong></span> <span class='ocrx_word' id='word_1_425' title='bbox 3112 1695 3365 1753; x_wconf 86' lang='lat' dir='ltr'><strong>venialia</strong></span> 
     </span>
     <span class='ocr_line' id='line_1_74' title="bbox 2002 1775 3365 1843; baseline 0 -12"><span class='ocrx_word' id='word_1_426' title='bbox 2002 1775 2409 1832; x_wconf 89' lang='lat' dir='ltr'><strong>damnatorum</strong></span> <span class='ocrx_word' id='word_1_427' title='bbox 2440 1777 2502 1832; x_wconf 92' lang='lat' dir='ltr'><strong>in</strong></span> <span class='ocrx_word' id='word_1_428' title='bbox 2531 1783 2811 1834; x_wconf 79' lang='lat' dir='ltr'><strong>aeternum</strong></span> <span class='ocrx_word' id='word_1_429' title='bbox 2841 1775 3177 1843; x_wconf 89' lang='lat' dir='ltr'><strong>manebunt,</strong></span> <span class='ocrx_word' id='word_1_430' title='bbox 3208 1781 3262 1833; x_wconf 91' lang='lat' dir='ltr'><strong>et</strong></span> <span class='ocrx_word' id='word_1_431' title='bbox 3298 1776 3365 1832; x_wconf 91' lang='lat' dir='ltr'><strong>in</strong></span> 
     </span>
     <span class='ocr_line' id='line_1_75' title="bbox 2001 1861 3365 1931; baseline 0.002 -17"><span class='ocrx_word' id='word_1_432' title='bbox 2001 1864 2280 1915; x_wconf 87' lang='lat' dir='ltr'><strong>aeternum</strong></span> <span class='ocrx_word' id='word_1_433' title='bbox 2312 1861 2644 1931; x_wconf 90' lang='lat' dir='ltr'><strong>punientur.</strong></span> <span class='ocrx_word' id='word_1_434' title='bbox 2679 1861 2918 1917; x_wconf 89' lang='lat' dir='ltr'><strong>Falsitas</strong></span> <span class='ocrx_word' id='word_1_435' title='bbox 2941 1866 3131 1917; x_wconf 90' lang='lat' dir='ltr'><strong>autem</strong></span> <span class='ocrx_word' id='word_1_436' title='bbox 3168 1876 3365 1918; x_wconf 89' lang='lat' dir='ltr'><strong>conse-</strong></span> 
     </span>
     <span class='ocr_line' id='line_1_76' title="bbox 2002 1942 3364 2016; baseline 0.001 -19"><span class='ocrx_word' id='word_1_437' title='bbox 2002 1942 2229 2014; x_wconf 90' lang='lat' dir='ltr'><strong>quentis</strong></span> <span class='ocrx_word' id='word_1_438' title='bbox 2273 1942 2614 2007; x_wconf 91' lang='lat' dir='ltr'><strong>ostenditur,</strong></span> <span class='ocrx_word' id='word_1_439' title='bbox 2658 1943 2796 2015; x_wconf 92' lang='lat' dir='ltr'><strong>quia</strong></span> <span class='ocrx_word' id='word_1_440' title='bbox 2842 1945 2988 2000; x_wconf 92' lang='lat' dir='ltr'><strong>Deus</strong></span> <span class='ocrx_word' id='word_1_441' title='bbox 3035 1959 3150 1999; x_wconf 92' lang='lat' dir='ltr'><strong>non</strong></span> <span class='ocrx_word' id='word_1_442' title='bbox 3196 1942 3364 2016; x_wconf 87' lang='lat' dir='ltr'><strong>punit</strong></span> 
     </span>
     <span class='ocr_line' id='line_1_77' title="bbox 2002 2021 3363 2095; baseline 0.001 -19"><span class='ocrx_word' id='word_1_443' title='bbox 2002 2022 2154 2077; x_wconf 90' lang='lat' dir='ltr'><strong>ultra</strong></span> <span class='ocrx_word' id='word_1_444' title='bbox 2175 2021 2521 2095; x_wconf 86' lang='lat' dir='ltr'><strong>condignum</strong></span> <span class='ocrx_word' id='word_1_445' title='bbox 2550 2044 2563 2078; x_wconf 75' lang='grc' dir='ltr'><strong><em>ε</em></strong></span> <span class='ocrx_word' id='word_1_446' title='bbox 2593 2021 2690 2079; x_wconf 90' lang='lat' dir='ltr'><strong>sed</strong></span> <span class='ocrx_word' id='word_1_447' title='bbox 2712 2022 2967 2079; x_wconf 89' lang='lat' dir='ltr'><strong>venialia</strong></span> <span class='ocrx_word' id='word_1_448' title='bbox 2997 2039 3113 2081; x_wconf 91' lang='lat' dir='ltr'><strong>non</strong></span> <span class='ocrx_word' id='word_1_449' title='bbox 3142 2037 3363 2079; x_wconf 87' lang='lat' dir='ltr'><strong>meren-</strong></span> 
     </span>
     <span class='ocr_line' id='line_1_78' title="bbox 2002 2103 3360 2179; baseline 0.001 -20"><span class='ocrx_word' id='word_1_450' title='bbox 2002 2109 2097 2159; x_wconf 91' lang='lat' dir='ltr'><strong>tur</strong></span> <span class='ocrx_word' id='word_1_451' title='bbox 2125 2119 2351 2176; x_wconf 88' lang='lat' dir='ltr'><strong>poenam</strong></span> <span class='ocrx_word' id='word_1_452' title='bbox 2387 2111 2662 2161; x_wconf 76' lang='lat' dir='ltr'><strong>aeternam</strong></span> <span class='ocrx_word' id='word_1_453' title='bbox 2698 2126 2710 2159; x_wconf 91' lang='lat'><strong>:</strong></span> <span class='ocrx_word' id='word_1_454' title='bbox 2740 2121 2876 2179; x_wconf 89' lang='lat' dir='ltr'><strong>ergo</strong></span> <span class='ocrx_word' id='word_1_455' title='bbox 2915 2103 3228 2161; x_wconf 88' lang='lat' dir='ltr'><strong>absurdum</strong></span> <span class='ocrx_word' id='word_1_456' title='bbox 3253 2109 3360 2171; x_wconf 90' lang='lat' dir='ltr'><strong>est,</strong></span> 
     </span>
     <span class='ocr_line' id='line_1_79' title="bbox 2000 2183 3368 2259; baseline 0.001 -20"><span class='ocrx_word' id='word_1_457' title='bbox 2000 2183 2150 2258; x_wconf 91' lang='lat' dir='ltr'><strong>quod</strong></span> <span class='ocrx_word' id='word_1_458' title='bbox 2191 2189 2411 2258; x_wconf 90' lang='lat' dir='ltr'><strong>peccata</strong></span> <span class='ocrx_word' id='word_1_459' title='bbox 2437 2184 2689 2250; x_wconf 84' lang='lat' dir='ltr'><strong>venialia</strong></span> <span class='ocrx_word' id='word_1_460' title='bbox 2738 2185 3056 2259; x_wconf 86' lang='lat' dir='ltr'><strong>puniantur</strong></span> <span class='ocrx_word' id='word_1_461' title='bbox 3097 2187 3159 2242; x_wconf 89' lang='lat' dir='ltr'><strong>in</strong></span> <span class='ocrx_word' id='word_1_462' title='bbox 3198 2190 3368 2243; x_wconf 82' lang='lat' dir='ltr'><strong>aeter-</strong></span> 
     </span>
     <span class='ocr_line' id='line_1_80' title="bbox 2005 2281 2166 2321; baseline 0 0"><span class='ocrx_word' id='word_1_463' title='bbox 2005 2281 2166 2321; x_wconf 90' lang='lat' dir='ltr'><strong>num.</strong></span> 
     </span>
    </p>
   </div>
   <div class='ocr_carea' id='block_1_13' title="bbox 2005 2338 3567 2497">
    <p class='ocr_par' dir='ltr' id='par_1_14' title="bbox 2005 2338 3567 2497">
     <span class='ocr_line' id='line_1_81' title="bbox 2077 2338 3567 2419; baseline -0.002 -24"><span class='ocrx_word' id='word_1_464' title='bbox 2077 2338 2472 2412; x_wconf 85' lang='lat' dir='ltr'><strong>Respondetur</strong></span> <span class='ocrx_word' id='word_1_465' title='bbox 2535 2338 2893 2397; x_wconf 89' lang='lat' dir='ltr'><strong>concedendo</strong></span> <span class='ocrx_word' id='word_1_466' title='bbox 2941 2340 3249 2413; x_wconf 89' lang='lat' dir='ltr'><strong>sequelam,</strong></span> <span class='ocrx_word' id='word_1_467' title='bbox 3308 2343 3370 2396; x_wconf 89' lang='lat' dir='ltr'><strong>et</strong></span> <span class='ocrx_word' id='word_1_468' title='bbox 3384 2364 3567 2419; x_wconf 54' lang='lat' dir='ltr'><strong>W,</strong></span> 
     </span>
     <span class='ocr_line' id='line_1_82' title="bbox 2005 2421 3520 2497; baseline -0.003 -18"><span class='ocrx_word' id='word_1_469' title='bbox 2005 2421 2265 2497; x_wconf 89' lang='lat' dir='ltr'><strong>negando</strong></span> <span class='ocrx_word' id='word_1_470' title='bbox 2305 2421 2612 2479; x_wconf 89' lang='lat' dir='ltr'><strong>minorem.</strong></span> <span class='ocrx_word' id='word_1_471' title='bbox 2642 2422 2727 2478; x_wconf 88' lang='lat' dir='ltr'><strong>Ad</strong></span> <span class='ocrx_word' id='word_1_472' title='bbox 2762 2423 2921 2497; x_wconf 88' lang='lat' dir='ltr'><strong>cujus</strong></span> <span class='ocrx_word' id='word_1_473' title='bbox 2965 2422 3369 2496; x_wconf 87' lang='lat' dir='ltr'><strong>probationem</strong></span> <span class='ocrx_word' id='word_1_474' title='bbox 3440 2422 3520 2455; x_wconf 75' lang='lat'><strong>⁵¹⁰·</strong></span> 
     </span>
    </p>
   </div>
   <div class='ocr_carea' id='block_1_14' title="bbox 2001 2502 3372 2986">
    <p class='ocr_par' dir='ltr' id='par_1_15' title="bbox 2001 2502 3372 2986">
     <span class='ocr_line' id='line_1_83' title="bbox 2001 2502 3372 2579; baseline 0.001 -17"><span class='ocrx_word' id='word_1_475' title='bbox 2001 2502 2306 2562; x_wconf 91' lang='lat' dir='ltr'><strong>dicendum</strong></span> <span class='ocrx_word' id='word_1_476' title='bbox 2344 2509 2447 2573; x_wconf 89' lang='lat' dir='ltr'><strong>est,</strong></span> <span class='ocrx_word' id='word_1_477' title='bbox 2479 2505 2627 2577; x_wconf 91' lang='lat' dir='ltr'><strong>quod</strong></span> <span class='ocrx_word' id='word_1_478' title='bbox 2673 2507 2804 2562; x_wconf 89' lang='lat' dir='ltr'><strong>licet</strong></span> <span class='ocrx_word' id='word_1_479' title='bbox 2832 2512 3114 2579; x_wconf 90' lang='lat' dir='ltr'><strong>peccatum</strong></span> <span class='ocrx_word' id='word_1_480' title='bbox 3136 2506 3372 2563; x_wconf 85' lang='lat' dir='ltr'><strong>veniale</strong></span> 
     </span>
     <span class='ocr_line' id='line_1_84' title="bbox 2001 2586 3371 2661; baseline 0.001 -19"><span class='ocrx_word' id='word_1_481' title='bbox 2001 2601 2072 2642; x_wconf 87' lang='lat' dir='ltr'><strong>ex</strong></span> <span class='ocrx_word' id='word_1_482' title='bbox 2092 2601 2153 2642; x_wconf 92' lang='lat' dir='ltr'><strong>se</strong></span> <span class='ocrx_word' id='word_1_483' title='bbox 2174 2601 2291 2642; x_wconf 89' lang='lat' dir='ltr'><strong>non</strong></span> <span class='ocrx_word' id='word_1_484' title='bbox 2311 2594 2604 2644; x_wconf 89' lang='lat' dir='ltr'><strong>mereatur</strong></span> <span class='ocrx_word' id='word_1_485' title='bbox 2626 2604 2855 2661; x_wconf 87' lang='lat' dir='ltr'><strong>poenam</strong></span> <span class='ocrx_word' id='word_1_486' title='bbox 2878 2595 3176 2654; x_wconf 63' lang='lat' dir='ltr'><strong>aeternam,</strong></span> <span class='ocrx_word' id='word_1_487' title='bbox 3203 2586 3371 2643; x_wconf 88' lang='lat' dir='ltr'><strong>nihi-</strong></span> 
     </span>
     <span class='ocr_line' id='line_1_85' title="bbox 2003 2665 3368 2739; baseline 0.001 -19"><span class='ocrx_word' id='word_1_488' title='bbox 2003 2665 2257 2722; x_wconf 91' lang='lat' dir='ltr'><strong>lominus</strong></span> <span class='ocrx_word' id='word_1_489' title='bbox 2277 2667 2643 2739; x_wconf 88' lang='lat' dir='ltr'><strong>conjunctum</strong></span> <span class='ocrx_word' id='word_1_490' title='bbox 2666 2669 2900 2724; x_wconf 90' lang='lat' dir='ltr'><strong>mortali</strong></span> <span class='ocrx_word' id='word_1_491' title='bbox 2929 2668 2993 2724; x_wconf 89' lang='lat' dir='ltr'><strong>in</strong></span> <span class='ocrx_word' id='word_1_492' title='bbox 3021 2673 3169 2724; x_wconf 88' lang='lat' dir='ltr'><strong>statu</strong></span> <span class='ocrx_word' id='word_1_493' title='bbox 3198 2666 3368 2724; x_wconf 88' lang='lat' dir='ltr'><strong>dam-</strong></span> 
     </span>
     <span class='ocr_line' id='line_1_86' title="bbox 2003 2744 3368 2821; baseline 0.001 -20"><span class='ocrx_word' id='word_1_494' title='bbox 2003 2745 2256 2801; x_wconf 89' lang='lat' dir='ltr'><strong>nationis</strong></span> <span class='ocrx_word' id='word_1_495' title='bbox 2281 2744 2343 2801; x_wconf 87' lang='lat' dir='ltr'><strong>fit</strong></span> <span class='ocrx_word' id='word_1_496' title='bbox 2372 2747 2776 2805; x_wconf 87' lang='lat' dir='ltr'><strong>irremissibile</strong></span> <span class='ocrx_word' id='word_1_497' title='bbox 2796 2747 2867 2805; x_wconf 93' lang='lat' dir='ltr'><strong>ob</strong></span> <span class='ocrx_word' id='word_1_498' title='bbox 2905 2764 2990 2815; x_wconf 92' lang='lat' dir='ltr'><strong>ea,</strong></span> <span class='ocrx_word' id='word_1_499' title='bbox 3022 2763 3150 2821; x_wconf 81' lang='lat' dir='ltr'><strong>quae</strong></span> <span class='ocrx_word' id='word_1_500' title='bbox 3193 2762 3368 2820; x_wconf 91' lang='lat' dir='ltr'><strong>supra</strong></span> 
     </span>
     <span class='ocr_line' id='line_1_87' title="bbox 2002 2825 3362 2903; baseline 0.001 -22"><span class='ocrx_word' id='word_1_501' title='bbox 2002 2825 2257 2882; x_wconf 88' lang='lat' dir='ltr'><strong>diximus</strong></span> <span class='ocrx_word' id='word_1_502' title='bbox 2301 2844 2453 2887; x_wconf 81' lang='lat' dir='ltr'><strong>num.</strong></span> <span class='ocrx_word' id='word_1_503' title='bbox 2481 2830 2634 2897; x_wconf 76' lang='lat'><strong>303,</strong></span> <span class='ocrx_word' id='word_1_504' title='bbox 2684 2835 2740 2886; x_wconf 91' lang='lat' dir='ltr'><strong>et</strong></span> <span class='ocrx_word' id='word_1_505' title='bbox 2784 2828 3038 2903; x_wconf 89' lang='lat' dir='ltr'><strong>quandiu</strong></span> <span class='ocrx_word' id='word_1_506' title='bbox 3084 2831 3362 2894; x_wconf 88' lang='lat' dir='ltr'><strong>remanet,</strong></span> 
     </span>
     <span class='ocr_line' id='line_1_88' title="bbox 2002 2908 3367 2986; baseline 0.004 -23"><span class='ocrx_word' id='word_1_507' title='bbox 2002 2908 2243 2983; x_wconf 89' lang='lat' dir='ltr'><strong>dignum</strong></span> <span class='ocrx_word' id='word_1_508' title='bbox 2291 2916 2374 2966; x_wconf 91' lang='lat' dir='ltr'><strong>est</strong></span> <span class='ocrx_word' id='word_1_509' title='bbox 2417 2928 2620 2985; x_wconf 87' lang='lat' dir='ltr'><strong>poena;</strong></span> <span class='ocrx_word' id='word_1_510' title='bbox 2651 2911 2803 2969; x_wconf 90' lang='lat' dir='ltr'><strong>unde</strong></span> <span class='ocrx_word' id='word_1_511' title='bbox 2831 2929 2932 2986; x_wconf 92' lang='lat' dir='ltr'><strong>per</strong></span> <span class='ocrx_word' id='word_1_512' title='bbox 2978 2911 3238 2969; x_wconf 88' lang='lat' dir='ltr'><strong>accidens</strong></span> <span class='ocrx_word' id='word_1_513' title='bbox 3261 2928 3367 2985; x_wconf 92' lang='lat' dir='ltr'><strong>po-</strong></span> 
     </span>
    </p>
   </div>
   <div class='ocr_carea' id='block_1_15' title="bbox 1947 2994 3559 3148">
    <p class='ocr_par' dir='ltr' id='par_1_16' title="bbox 1947 2994 3559 3148">
     <span class='ocr_line' id='line_1_89' title="bbox 2003 2994 3559 3065; baseline 0.004 -20"><span class='ocrx_word' id='word_1_514' title='bbox 2003 2994 2113 3047; x_wconf 90' lang='lat' dir='ltr'><strong>test</strong></span> <span class='ocrx_word' id='word_1_515' title='bbox 2130 3006 2296 3062; x_wconf 86' lang='lat' dir='ltr'><strong>poena</strong></span> <span class='ocrx_word' id='word_1_516' title='bbox 2310 2997 2523 3049; x_wconf 82' lang='lat' dir='ltr'><strong>aeterna</strong></span> <span class='ocrx_word' id='word_1_517' title='bbox 2548 2994 2763 3065; x_wconf 88' lang='lat' dir='ltr'><strong>puniri,</strong></span> <span class='ocrx_word' id='word_1_518' title='bbox 2791 2999 2854 3051; x_wconf 89' lang='lat' dir='ltr'><strong>ut</strong></span> <span class='ocrx_word' id='word_1_519' title='bbox 2873 2994 3050 3050; x_wconf 91' lang='lat' dir='ltr'><strong>tradit</strong></span> <span class='ocrx_word' id='word_1_520' title='bbox 3073 2996 3140 3065; x_wconf 85' lang='lat' dir='ltr'><strong>D,</strong></span> <span class='ocrx_word' id='word_1_521' title='bbox 3163 2994 3366 3052; x_wconf 92' lang='lat' dir='ltr'><strong>Thom.</strong></span> <span class='ocrx_word' id='word_1_522' title='bbox 3386 3019 3445 3061; x_wconf 81' lang='lat'><strong>1).</strong></span> <span class='ocrx_word' id='word_1_523' title='bbox 3464 3020 3559 3061; x_wconf 51' lang='lat' dir='ltr'><strong>«nm,</strong></span> 
     </span>
     <span class='ocr_line' id='line_1_90' title="bbox 1947 3072 3374 3148; baseline 0.006 -25"><span class='ocrx_word' id='word_1_524' title='bbox 1947 3075 1952 3079; x_wconf 84' lang='lat'><em>&#39;</em></span> <span class='ocrx_word' id='word_1_525' title='bbox 2004 3073 2249 3148; x_wconf 69' lang='lat' dir='ltr'><strong>quaesm,</strong></span> <span class='ocrx_word' id='word_1_526' title='bbox 2279 3072 2342 3126; x_wconf 86' lang='lat' dir='ltr'><strong>de</strong></span> <span class='ocrx_word' id='word_1_527' title='bbox 2369 3073 2660 3141; x_wconf 81' lang='lat' dir='ltr'><strong>Malu,art.</strong></span> <span class='ocrx_word' id='word_1_528' title='bbox 2697 3075 2779 3141; x_wconf 89' lang='lat'><strong>10,</strong></span> <span class='ocrx_word' id='word_1_529' title='bbox 2813 3075 2902 3130; x_wconf 90' lang='lat' dir='ltr'><strong>his</strong></span> <span class='ocrx_word' id='word_1_530' title='bbox 2927 3075 3123 3131; x_wconf 88' lang='lat' dir='ltr'><strong>verbis</strong></span> <span class='ocrx_word' id='word_1_531' title='bbox 3153 3097 3206 3132; x_wconf 71' lang='lat' dir='ltr'><strong>:a</strong></span> <span class='ocrx_word' id='word_1_532' title='bbox 3236 3076 3374 3130; x_wconf 88' lang='lat' dir='ltr'><strong>Pec-</strong></span> 
     </span>
    </p>
   </div>
   <div class='ocr_carea' id='block_1_16' title="bbox 2003 3154 3377 3959">
    <p class='ocr_par' dir='ltr' id='par_1_17' title="bbox 2003 3154 3377 3959">
     <span class='ocr_line' id='line_1_91' title="bbox 2009 3154 3373 3229; baseline 0.006 -26"><span class='ocrx_word' id='word_1_533' title='bbox 2009 3172 2034 3202; x_wconf 86' lang='lat'>«</span> <span class='ocrx_word' id='word_1_534' title='bbox 2066 3156 2254 3206; x_wconf 88' lang='lat' dir='ltr'><strong>catum</strong></span> <span class='ocrx_word' id='word_1_535' title='bbox 2282 3154 2512 3210; x_wconf 87' lang='lat' dir='ltr'><strong>veniale</strong></span> <span class='ocrx_word' id='word_1_536' title='bbox 2535 3169 2652 3210; x_wconf 92' lang='lat' dir='ltr'><strong>non</strong></span> <span class='ocrx_word' id='word_1_537' title='bbox 2680 3160 2934 3212; x_wconf 91' lang='lat' dir='ltr'><strong>meretur</strong></span> <span class='ocrx_word' id='word_1_538' title='bbox 2958 3172 3187 3229; x_wconf 82' lang='lat' dir='ltr'><strong>poenam</strong></span> <span class='ocrx_word' id='word_1_539' title='bbox 3209 3161 3373 3213; x_wconf 82' lang='lat' dir='ltr'><strong>aeter-</strong></span> 
     </span>
     <span class='ocr_line' id='line_1_92' title="bbox 2008 3235 3374 3311; baseline 0.007 -25"><span class='ocrx_word' id='word_1_540' title='bbox 2008 3254 2035 3284; x_wconf 72' lang='lat'><strong>1&lt;</strong></span> <span class='ocrx_word' id='word_1_541' title='bbox 2067 3247 2205 3289; x_wconf 89' lang='lat' dir='ltr'><strong>nam</strong></span> <span class='ocrx_word' id='word_1_542' title='bbox 2233 3248 2302 3289; x_wconf 91' lang='lat' dir='ltr'><strong>ex</strong></span> <span class='ocrx_word' id='word_1_543' title='bbox 2329 3235 2514 3307; x_wconf 92' lang='lat' dir='ltr'><strong>specie</strong></span> <span class='ocrx_word' id='word_1_544' title='bbox 2541 3253 2660 3305; x_wconf 87' lang='lat' dir='ltr'><strong>sua,</strong></span> <span class='ocrx_word' id='word_1_545' title='bbox 2696 3253 2878 3311; x_wconf 90' lang='lat' dir='ltr'><strong>neque</strong></span> <span class='ocrx_word' id='word_1_546' title='bbox 2899 3255 2970 3295; x_wconf 87' lang='lat' dir='ltr'><strong>ex</strong></span> <span class='ocrx_word' id='word_1_547' title='bbox 2999 3244 3161 3311; x_wconf 89' lang='lat' dir='ltr'><strong>parte</strong></span> <span class='ocrx_word' id='word_1_548' title='bbox 3182 3239 3374 3295; x_wconf 78' lang='lat' dir='ltr'><strong>inhae-</strong></span> 
     </span>
     <span class='ocr_line' id='line_1_93' title="bbox 2009 3313 3367 3393; baseline 0.009 -28"><span class='ocrx_word' id='word_1_549' title='bbox 2009 3334 2035 3365; x_wconf 78' lang='grc' dir='ltr'><strong><em>α</em></strong></span> <span class='ocrx_word' id='word_1_550' title='bbox 2070 3313 2271 3370; x_wconf 82' lang='lat' dir='ltr'><strong>rentiae</strong></span> <span class='ocrx_word' id='word_1_551' title='bbox 2306 3313 2375 3371; x_wconf 90' lang='lat' dir='ltr'><strong>ad</strong></span> <span class='ocrx_word' id='word_1_552' title='bbox 2422 3314 2758 3390; x_wconf 89' lang='lat' dir='ltr'><strong>subjectum,</strong></span> <span class='ocrx_word' id='word_1_553' title='bbox 2805 3335 2907 3391; x_wconf 91' lang='lat' dir='ltr'><strong>per</strong></span> <span class='ocrx_word' id='word_1_554' title='bbox 2945 3336 3007 3377; x_wconf 93' lang='lat' dir='ltr'><strong>se</strong></span> <span class='ocrx_word' id='word_1_555' title='bbox 3065 3318 3367 3393; x_wconf 86' lang='lat' dir='ltr'><strong>loquendo,</strong></span> 
     </span>
     <span class='ocr_line' id='line_1_94' title="bbox 2009 3395 3375 3474; baseline 0.008 -28"><span class='ocrx_word' id='word_1_556' title='bbox 2009 3415 2036 3446; x_wconf 74' lang='grc' dir='ltr'><strong>(ι</strong></span> <span class='ocrx_word' id='word_1_557' title='bbox 2065 3395 2202 3468; x_wconf 88' lang='lat' dir='ltr'><strong>quia</strong></span> <span class='ocrx_word' id='word_1_558' title='bbox 2224 3410 2340 3452; x_wconf 93' lang='lat' dir='ltr'><strong>non</strong></span> <span class='ocrx_word' id='word_1_559' title='bbox 2384 3397 2576 3467; x_wconf 89' lang='lat' dir='ltr'><strong>privat</strong></span> <span class='ocrx_word' id='word_1_560' title='bbox 2600 3399 2786 3474; x_wconf 90' lang='lat' dir='ltr'><strong>gratia</strong></span> <span class='ocrx_word' id='word_1_561' title='bbox 2806 3423 2822 3468; x_wconf 81' lang='lat'>3</span> <span class='ocrx_word' id='word_1_562' title='bbox 2846 3399 2943 3456; x_wconf 85' lang='lat' dir='ltr'><strong>sed</strong></span> <span class='ocrx_word' id='word_1_563' title='bbox 2973 3418 3073 3474; x_wconf 91' lang='lat' dir='ltr'><strong>per</strong></span> <span class='ocrx_word' id='word_1_564' title='bbox 3115 3400 3375 3459; x_wconf 81' lang='lat' dir='ltr'><strong>accidens</strong></span> 
     </span>
     <span class='ocr_line' id='line_1_95' title="bbox 2012 3476 3374 3558; baseline 0.005 -27"><span class='ocrx_word' id='word_1_565' title='bbox 2012 3498 2038 3530; x_wconf 80' lang='grc' dir='ltr'><strong>α</strong></span> <span class='ocrx_word' id='word_1_566' title='bbox 2066 3476 2131 3532; x_wconf 89' lang='lat' dir='ltr'><strong>fit</strong></span> <span class='ocrx_word' id='word_1_567' title='bbox 2152 3477 2562 3536; x_wconf 90' lang='lat' dir='ltr'><strong>irremissibile</strong></span> <span class='ocrx_word' id='word_1_568' title='bbox 2590 3486 2814 3553; x_wconf 86' lang='lat' dir='ltr'><strong>peccato</strong></span> <span class='ocrx_word' id='word_1_569' title='bbox 2836 3484 3068 3540; x_wconf 90' lang='lat' dir='ltr'><strong>mortali</strong></span> <span class='ocrx_word' id='word_1_570' title='bbox 3097 3485 3374 3558; x_wconf 88' lang='lat' dir='ltr'><strong>conjunc-</strong></span> 
     </span>
     <span class='ocr_line' id='line_1_96' title="bbox 2003 3558 3375 3638; baseline 0.007 -27"><span class='ocrx_word' id='word_1_571' title='bbox 2003 3579 2038 3611; x_wconf 64' lang='grc' dir='ltr'><strong>π</strong></span> <span class='ocrx_word' id='word_1_572' title='bbox 2065 3561 2206 3625; x_wconf 88' lang='lat' dir='ltr'><strong>tum,</strong></span> <span class='ocrx_word' id='word_1_573' title='bbox 2241 3558 2303 3614; x_wconf 91' lang='lat' dir='ltr'><strong>in</strong></span> <span class='ocrx_word' id='word_1_574' title='bbox 2330 3566 2612 3630; x_wconf 90' lang='lat' dir='ltr'><strong>quantum</strong></span> <span class='ocrx_word' id='word_1_575' title='bbox 2653 3567 2736 3617; x_wconf 92' lang='lat' dir='ltr'><strong>est</strong></span> <span class='ocrx_word' id='word_1_576' title='bbox 2783 3562 2845 3618; x_wconf 90' lang='lat' dir='ltr'><strong>in</strong></span> <span class='ocrx_word' id='word_1_577' title='bbox 2871 3563 3123 3638; x_wconf 89' lang='lat' dir='ltr'><strong>subjecto</strong></span> <span class='ocrx_word' id='word_1_578' title='bbox 3149 3565 3375 3637; x_wconf 81' lang='lat' dir='ltr'><strong>privato</strong></span> 
     </span>
     <span class='ocr_line' id='line_1_97' title="bbox 2011 3637 3377 3717; baseline 0.007 -27"><span class='ocrx_word' id='word_1_579' title='bbox 2011 3658 2036 3690; x_wconf 77' lang='grc' dir='ltr'><em>α</em></span> <span class='ocrx_word' id='word_1_580' title='bbox 2061 3637 2267 3712; x_wconf 80' lang='lat' dir='ltr'><strong>gratia,</strong></span> <span class='ocrx_word' id='word_1_581' title='bbox 2313 3643 2369 3695; x_wconf 91' lang='lat' dir='ltr'><strong>et</strong></span> <span class='ocrx_word' id='word_1_582' title='bbox 2413 3640 2495 3695; x_wconf 91' lang='lat' dir='ltr'><strong>sic</strong></span> <span class='ocrx_word' id='word_1_583' title='bbox 2517 3656 2617 3712; x_wconf 91' lang='lat' dir='ltr'><strong>per</strong></span> <span class='ocrx_word' id='word_1_584' title='bbox 2643 3641 2903 3699; x_wconf 89' lang='lat' dir='ltr'><strong>accidens</strong></span> <span class='ocrx_word' id='word_1_585' title='bbox 2945 3645 3184 3717; x_wconf 90' lang='lat' dir='ltr'><strong>punitur</strong></span> <span class='ocrx_word' id='word_1_586' title='bbox 3203 3659 3377 3716; x_wconf 85' lang='lat' dir='ltr'><strong>poena</strong></span> 
     </span>
     <span class='ocr_line' id='line_1_98' title="bbox 2011 3718 3370 3797; baseline 0.007 -27"><span class='ocrx_word' id='word_1_587' title='bbox 2011 3739 2036 3770; x_wconf 76' lang='grc' dir='ltr'>α</span> <span class='ocrx_word' id='word_1_588' title='bbox 2067 3722 2299 3774; x_wconf 85' lang='lat' dir='ltr'><strong>aeterna.</strong></span> <span class='ocrx_word' id='word_1_589' title='bbox 2337 3739 2362 3770; x_wconf 86' lang='lat'>»</span> <span class='ocrx_word' id='word_1_590' title='bbox 2408 3718 2729 3778; x_wconf 85' lang='lat' dir='ltr'><strong>videantur</strong></span> <span class='ocrx_word' id='word_1_591' title='bbox 2751 3739 2878 3797; x_wconf 80' lang='lat' dir='ltr'><strong>quae</strong></span> <span class='ocrx_word' id='word_1_592' title='bbox 2916 3723 3168 3780; x_wconf 88' lang='lat' dir='ltr'><strong>diximus</strong></span> <span class='ocrx_word' id='word_1_593' title='bbox 3199 3731 3370 3779; x_wconf 80' lang='lat' dir='ltr'><strong>tract.</strong></span> 
     </span>
     <span class='ocr_line' id='line_1_99' title="bbox 2016 3798 3373 3871; baseline 0.005 -17"><span class='ocrx_word' id='word_1_594' title='bbox 2016 3798 2097 3866; x_wconf 93' lang='lat' dir='ltr'><strong>l3,</strong></span> <span class='ocrx_word' id='word_1_595' title='bbox 2128 3798 2271 3871; x_wconf 79' lang='lat' dir='ltr'><strong>disp.</strong></span> <span class='ocrx_word' id='word_1_596' title='bbox 2330 3799 2412 3867; x_wconf 86' lang='lat'><strong>17,</strong></span> <span class='ocrx_word' id='word_1_597' title='bbox 2436 3799 2565 3855; x_wconf 81' lang='lat' dir='ltr'><strong>dub.</strong></span> <span class='ocrx_word' id='word_1_598' title='bbox 2595 3802 2649 3868; x_wconf 89' lang='lat'><strong>3,</strong></span> <span class='ocrx_word' id='word_1_599' title='bbox 2701 3821 2737 3858; x_wconf 85' lang='grc' dir='ltr'><em>α</em></span> <span class='ocrx_word' id='word_1_600' title='bbox 2783 3820 2936 3860; x_wconf 80' lang='lat' dir='ltr'><strong>num.</strong></span> <span class='ocrx_word' id='word_1_601' title='bbox 2965 3806 3052 3871; x_wconf 76' lang='lat'><strong>72,</strong></span> <span class='ocrx_word' id='word_1_602' title='bbox 3077 3802 3173 3860; x_wconf 88' lang='lat' dir='ltr'><strong>ubi</strong></span> <span class='ocrx_word' id='word_1_603' title='bbox 3220 3804 3373 3861; x_wconf 86' lang='lat' dir='ltr'><strong>hanc</strong></span> 
     </span>
     <span class='ocr_line' id='line_1_100' title="bbox 2009 3880 3371 3959; baseline 0.006 -24"><span class='ocrx_word' id='word_1_604' title='bbox 2009 3880 2438 3952; x_wconf 88' lang='lat' dir='ltr'><strong>responsionem</strong></span> <span class='ocrx_word' id='word_1_605' title='bbox 2493 3883 2665 3939; x_wconf 89' lang='lat' dir='ltr'><strong>latius</strong></span> <span class='ocrx_word' id='word_1_606' title='bbox 2736 3886 3137 3959; x_wconf 88' lang='lat' dir='ltr'><strong>expendimus,</strong></span> <span class='ocrx_word' id='word_1_607' title='bbox 3194 3890 3251 3942; x_wconf 87' lang='lat' dir='ltr'><strong>et</strong></span> <span class='ocrx_word' id='word_1_608' title='bbox 3296 3883 3371 3943; x_wconf 86' lang='lat' dir='ltr'><strong>ab</strong></span> 
     </span>
    </p>
   </div>
   <div class='ocr_carea' id='block_1_17' title="bbox 2006 3960 3369 4101">
    <p class='ocr_par' dir='ltr' id='par_1_18' title="bbox 2006 3960 3369 4101">
     <span class='ocr_line' id='line_1_101' title="bbox 2006 3960 3369 4047; baseline 0.005 -31"><span class='ocrx_word' id='word_1_609' title='bbox 2006 3960 2439 4034; x_wconf 88' lang='lat' dir='ltr'><strong>objectionibus,</strong></span> <span class='ocrx_word' id='word_1_610' title='bbox 2471 3979 2595 4047; x_wconf 80' lang='lat' dir='ltr'><strong>quae</strong></span> <span class='ocrx_word' id='word_1_611' title='bbox 2641 3964 2733 4022; x_wconf 88' lang='lat' dir='ltr'><strong>hic</strong></span> <span class='ocrx_word' id='word_1_612' title='bbox 2780 3973 3008 4040; x_wconf 89' lang='lat' dir='ltr'><strong>possent</strong></span> <span class='ocrx_word' id='word_1_613' title='bbox 3053 3981 3369 4034; x_wconf 90' lang='lat' dir='ltr'><strong>occurrere,</strong></span> 
     </span>
     <span class='ocr_line' id='line_1_102' title="bbox 2008 4042 2455 4101; baseline 0.004 -2"><span class='ocrx_word' id='word_1_614' title='bbox 2008 4042 2455 4101; x_wconf 84' lang='lat' dir='ltr'><strong>vindicavimus.</strong></span> 
     </span>
    </p>
   </div>
   <div class='ocr_carea' id='block_1_18' title="bbox 2009 4117 3550 4299">
    <p class='ocr_par' dir='ltr' id='par_1_19' title="bbox 2009 4117 3550 4299">
     <span class='ocr_line' id='line_1_103' title="bbox 2082 4117 3550 4198; baseline 0.006 -27"><span class='ocrx_word' id='word_1_615' title='bbox 2082 4117 2214 4172; x_wconf 88' lang='lat'><strong>318.</strong></span> <span class='ocrx_word' id='word_1_616' title='bbox 2255 4120 2532 4192; x_wconf 88' lang='lat' dir='ltr'><strong>Arguitur</strong></span> <span class='ocrx_word' id='word_1_617' title='bbox 2558 4121 2825 4190; x_wconf 91' lang='lat' dir='ltr'><strong>secundo,</strong></span> <span class='ocrx_word' id='word_1_618' title='bbox 2857 4122 2992 4196; x_wconf 88' lang='lat' dir='ltr'><strong>quia</strong></span> <span class='ocrx_word' id='word_1_619' title='bbox 3013 4129 3236 4198; x_wconf 88' lang='lat' dir='ltr'><strong>peccata</strong></span> <span class='ocrx_word' id='word_1_620' title='bbox 3270 4138 3374 4182; x_wconf 86' lang='lat' dir='ltr'><strong>ve·</strong></span> <span class='ocrx_word' id='word_1_621' title='bbox 3411 4146 3550 4189; x_wconf 61' lang='lat' dir='ltr'><strong>sw-</strong></span> 
     </span>
     <span class='ocr_line' id='line_1_104' title="bbox 2009 4195 3548 4299; baseline 0.005 -47"><span class='ocrx_word' id='word_1_622' title='bbox 2009 4196 2192 4253; x_wconf 88' lang='lat' dir='ltr'><strong>nialia</strong></span> <span class='ocrx_word' id='word_1_623' title='bbox 2221 4201 2595 4257; x_wconf 91' lang='lat' dir='ltr'><strong>remittuntur</strong></span> <span class='ocrx_word' id='word_1_624' title='bbox 2627 4202 2691 4258; x_wconf 92' lang='lat' dir='ltr'><strong>in</strong></span> <span class='ocrx_word' id='word_1_625' title='bbox 2714 4206 3046 4278; x_wconf 89' lang='lat' dir='ltr'><strong>purgatorio</strong></span> <span class='ocrx_word' id='word_1_626' title='bbox 3078 4205 3215 4263; x_wconf 89' lang='lat' dir='ltr'><strong>:sed</strong></span> <span class='ocrx_word' id='word_1_627' title='bbox 3249 4221 3375 4263; x_wconf 84' lang='lat' dir='ltr'><strong>non</strong></span> <span class='ocrx_word' id='word_1_628' title='bbox 3389 4195 3548 4299; x_wconf 53' lang='lat' dir='ltr'><strong>‘&#39;affl&#39;&#39;</strong></span> 
     </span>
    </p>
   </div>
   <div class='ocr_carea' id='block_1_19' title="bbox 2010 4277 3523 4357">
    <p class='ocr_par' dir='ltr' id='par_1_20' title="bbox 2010 4277 3523 4357">
     <span class='ocr_line' id='line_1_105' title="bbox 2010 4277 3523 4357; baseline 0.002 -22"><span class='ocrx_word' id='word_1_629' title='bbox 2010 4277 2386 4337; x_wconf 91' lang='lat' dir='ltr'><strong>remittuntur</strong></span> <span class='ocrx_word' id='word_1_630' title='bbox 2425 4298 2526 4356; x_wconf 90' lang='lat' dir='ltr'><strong>per</strong></span> <span class='ocrx_word' id='word_1_631' title='bbox 2567 4282 2819 4357; x_wconf 91' lang='lat' dir='ltr'><strong>aliquam</strong></span> <span class='ocrx_word' id='word_1_632' title='bbox 2857 4287 3239 4344; x_wconf 91' lang='lat' dir='ltr'><strong>mutationem</strong></span> <span class='ocrx_word' id='word_1_633' title='bbox 3279 4286 3377 4343; x_wconf 87' lang='lat' dir='ltr'><strong>in·</strong></span> <span class='ocrx_word' id='word_1_634' title='bbox 3435 4300 3523 4338; x_wconf 75' lang='lat' dir='ltr'><strong>un.</strong></span> 
     </span>
    </p>
   </div>
   <div class='ocr_carea' id='block_1_20' title="bbox 2008 4358 3383 5014">
    <p class='ocr_par' dir='ltr' id='par_1_21' title="bbox 2008 4358 3383 5014">
     <span class='ocr_line' id='line_1_106' title="bbox 2008 4358 3379 4441; baseline 0.009 -28"><span class='ocrx_word' id='word_1_635' title='bbox 2008 4358 2337 4429; x_wconf 88' lang='lat' dir='ltr'><strong>trinsecam,</strong></span> <span class='ocrx_word' id='word_1_636' title='bbox 2375 4379 2478 4435; x_wconf 88' lang='lat' dir='ltr'><strong>per</strong></span> <span class='ocrx_word' id='word_1_637' title='bbox 2536 4380 2708 4437; x_wconf 86' lang='lat' dir='ltr'><strong>quam</strong></span> <span class='ocrx_word' id='word_1_638' title='bbox 2752 4370 3152 4435; x_wconf 88' lang='lat' dir='ltr'><strong>retractentur,</strong></span> <span class='ocrx_word' id='word_1_639' title='bbox 3179 4373 3379 4441; x_wconf 83' lang='lat' dir='ltr'><strong>utputa</strong></span> 
     </span>
     <span class='ocr_line' id='line_1_107' title="bbox 2010 4445 3375 4513; baseline 0.008 -16"><span class='ocrx_word' id='word_1_640' title='bbox 2010 4455 2112 4513; x_wconf 89' lang='lat' dir='ltr'><strong>per</strong></span> <span class='ocrx_word' id='word_1_641' title='bbox 2156 4445 2586 4513; x_wconf 89' lang='lat' dir='ltr'><strong>contritionem,</strong></span> <span class='ocrx_word' id='word_1_642' title='bbox 2643 4448 2735 4504; x_wconf 91' lang='lat' dir='ltr'><strong>vel</strong></span> <span class='ocrx_word' id='word_1_643' title='bbox 2799 4447 3169 4507; x_wconf 84' lang='lat' dir='ltr'><strong>dilectionem</strong></span> <span class='ocrx_word' id='word_1_644' title='bbox 3223 4450 3375 4508; x_wconf 82' lang='lat' dir='ltr'><strong>Dei:</strong></span> 
     </span>
     <span class='ocr_line' id='line_1_108' title="bbox 2008 4524 3375 4600; baseline 0.009 -24"><span class='ocrx_word' id='word_1_645' title='bbox 2008 4535 2143 4594; x_wconf 89' lang='lat' dir='ltr'><strong>ergo</strong></span> <span class='ocrx_word' id='word_1_646' title='bbox 2167 4524 2542 4582; x_wconf 89' lang='lat' dir='ltr'><strong>remittuntur</strong></span> <span class='ocrx_word' id='word_1_647' title='bbox 2567 4527 2656 4583; x_wconf 89' lang='lat' dir='ltr'><strong>vel</strong></span> <span class='ocrx_word' id='word_1_648' title='bbox 2679 4543 2780 4600; x_wconf 91' lang='lat' dir='ltr'><strong>per</strong></span> <span class='ocrx_word' id='word_1_649' title='bbox 2793 4529 2975 4585; x_wconf 89' lang='lat' dir='ltr'><strong>solam</strong></span> <span class='ocrx_word' id='word_1_650' title='bbox 2990 4531 3375 4588; x_wconf 87' lang='lat' dir='ltr'><strong>extrinsecam</strong></span> 
     </span>
     <span class='ocr_line' id='line_1_109' title="bbox 2010 4603 3376 4684; baseline 0.01 -27"><span class='ocrx_word' id='word_1_651' title='bbox 2010 4603 2111 4659; x_wconf 90' lang='lat' dir='ltr'><strong>Dei</strong></span> <span class='ocrx_word' id='word_1_652' title='bbox 2163 4605 2664 4677; x_wconf 91' lang='lat' dir='ltr'><strong>condonationem,</strong></span> <span class='ocrx_word' id='word_1_653' title='bbox 2709 4611 2801 4667; x_wconf 89' lang='lat' dir='ltr'><strong>vel</strong></span> <span class='ocrx_word' id='word_1_654' title='bbox 2855 4628 2956 4684; x_wconf 90' lang='lat' dir='ltr'><strong>per</strong></span> <span class='ocrx_word' id='word_1_655' title='bbox 2997 4611 3376 4672; x_wconf 89' lang='lat' dir='ltr'><strong>inflictionem</strong></span> 
     </span>
     <span class='ocr_line' id='line_1_110' title="bbox 2013 4689 3378 4770; baseline 0.009 -29"><span class='ocrx_word' id='word_1_656' title='bbox 2013 4701 2192 4758; x_wconf 85' lang='lat' dir='ltr'><strong>poenae</strong></span> <span class='ocrx_word' id='word_1_657' title='bbox 2218 4689 2536 4765; x_wconf 64' lang='lat' dir='ltr'><strong>condignas.</strong></span> <span class='ocrx_word' id='word_1_658' title='bbox 2568 4692 2754 4766; x_wconf 89' lang='lat' dir='ltr'><strong>Major</strong></span> <span class='ocrx_word' id='word_1_659' title='bbox 2787 4695 2979 4766; x_wconf 89' lang='lat' dir='ltr'><strong>(quam</strong></span> <span class='ocrx_word' id='word_1_660' title='bbox 3020 4695 3165 4752; x_wconf 91' lang='lat' dir='ltr'><strong>olim</strong></span> <span class='ocrx_word' id='word_1_661' title='bbox 3209 4711 3378 4770; x_wconf 86' lang='lat' dir='ltr'><strong>nega·</strong></span> 
     </span>
     <span class='ocr_line' id='line_1_111' title="bbox 2013 4772 3378 4847; baseline 0.007 -23"><span class='ocrx_word' id='word_1_662' title='bbox 2013 4775 2151 4824; x_wconf 87' lang='lat' dir='ltr'><strong>runt</strong></span> <span class='ocrx_word' id='word_1_663' title='bbox 2203 4772 2364 4847; x_wconf 90' lang='lat' dir='ltr'><strong>Hugo</strong></span> <span class='ocrx_word' id='word_1_664' title='bbox 2407 4773 2477 4832; x_wconf 91' lang='lat' dir='ltr'><strong>de</strong></span> <span class='ocrx_word' id='word_1_665' title='bbox 2521 4777 2577 4832; x_wconf 94' lang='lat' dir='ltr'><strong>S.</strong></span> <span class='ocrx_word' id='word_1_666' title='bbox 2628 4776 2871 4841; x_wconf 89' lang='lat' dir='ltr'><strong>Victore,</strong></span> <span class='ocrx_word' id='word_1_667' title='bbox 2928 4782 2984 4832; x_wconf 87' lang='lat' dir='ltr'><strong>et</strong></span> <span class='ocrx_word' id='word_1_668' title='bbox 3047 4777 3378 4835; x_wconf 79' lang='lat' dir='ltr'><strong>Alexander</strong></span> 
     </span>
     <span class='ocr_line' id='line_1_112' title="bbox 2011 4848 3383 4933; baseline 0.009 -29"><span class='ocrx_word' id='word_1_669' title='bbox 2011 4848 2259 4924; x_wconf 87' lang='lat' dir='ltr'><strong>Alensis)</strong></span> <span class='ocrx_word' id='word_1_670' title='bbox 2286 4859 2371 4911; x_wconf 91' lang='lat' dir='ltr'><strong>est</strong></span> <span class='ocrx_word' id='word_1_671' title='bbox 2392 4859 2564 4923; x_wconf 88' lang='lat' dir='ltr'><strong>certa,</strong></span> <span class='ocrx_word' id='word_1_672' title='bbox 2590 4860 2645 4912; x_wconf 90' lang='lat' dir='ltr'><strong>et</strong></span> <span class='ocrx_word' id='word_1_673' title='bbox 2663 4859 2990 4915; x_wconf 89' lang='lat' dir='ltr'><strong>communis</strong></span> <span class='ocrx_word' id='word_1_674' title='bbox 3011 4857 3163 4933; x_wconf 89' lang='lat' dir='ltr'><strong>apud</strong></span> <span class='ocrx_word' id='word_1_675' title='bbox 3189 4859 3383 4917; x_wconf 84' lang='lat' dir='ltr'><strong>Theo-</strong></span> 
     </span>
     <span class='ocr_line' id='line_1_113' title="bbox 2013 4932 3382 5014; baseline 0.009 -27"><span class='ocrx_word' id='word_1_676' title='bbox 2013 4932 2188 5007; x_wconf 86' lang='lat' dir='ltr'><strong>logos,</strong></span> <span class='ocrx_word' id='word_1_677' title='bbox 2217 4940 2273 4992; x_wconf 85' lang='lat' dir='ltr'><strong>et</strong></span> <span class='ocrx_word' id='word_1_678' title='bbox 2299 4936 2626 4995; x_wconf 88' lang='lat' dir='ltr'><strong>ostenditur</strong></span> <span class='ocrx_word' id='word_1_679' title='bbox 2669 4940 2970 4998; x_wconf 84' lang='lat' dir='ltr'><strong>efficaciter</strong></span> <span class='ocrx_word' id='word_1_680' title='bbox 3001 4966 3014 5010; x_wconf 90' lang='lat'>;</span> <span class='ocrx_word' id='word_1_681' title='bbox 3042 4940 3178 5014; x_wconf 90' lang='lat' dir='ltr'><strong>quia</strong></span> <span class='ocrx_word' id='word_1_682' title='bbox 3200 4945 3382 5014; x_wconf 85' lang='lat' dir='ltr'><strong>potest</strong></span> 
     </span>
    </p>
   </div>
   <div class='ocr_carea' id='block_1_21' title="bbox 2005 5011 3383 5091">
    <p class='ocr_par' dir='ltr' id='par_1_22' title="bbox 2005 5011 3383 5091">
     <span class='ocr_line' id='line_1_114' title="bbox 2005 5011 3383 5091; baseline 0.009 -24"><span class='ocrx_word' id='word_1_683' title='bbox 2005 5011 2191 5086; x_wconf 82' lang='lat' dir='ltr'><strong>justus</strong></span> <span class='ocrx_word' id='word_1_684' title='bbox 2240 5015 2458 5075; x_wconf 89' lang='lat' dir='ltr'><strong>habens</strong></span> <span class='ocrx_word' id='word_1_685' title='bbox 2508 5025 2732 5091; x_wconf 89' lang='lat' dir='ltr'><strong>peccata</strong></span> <span class='ocrx_word' id='word_1_686' title='bbox 2777 5021 3033 5079; x_wconf 87' lang='lat' dir='ltr'><strong>venialia</strong></span> <span class='ocrx_word' id='word_1_687' title='bbox 3079 5021 3383 5080; x_wconf 89' lang='lat' dir='ltr'><strong>incurrere</strong></span> 
     </span>
    </p>
   </div>
   <div class='ocr_carea' id='block_1_22' title="bbox 3036 5102 3379 5173">
    <p class='ocr_par' dir='ltr' id='par_1_23' title="bbox 3036 5102 3379 5173">
     <span class='ocr_line' id='line_1_115' title="bbox 3036 5102 3379 5173; baseline 0 -13"><span class='ocrx_word' id='word_1_688' title='bbox 3036 5102 3379 5173; x_wconf 78' lang='lat' dir='ltr'><strong>amentiam,</strong></span> 
     </span>
    </p>
   </div>
  </div>
 </body>
</html>
