<?xml version="1.0" encoding="UTF-8"?>
<!DOCTYPE html PUBLIC "-//W3C//DTD XHTML 1.0 Transitional//EN"
    "http://www.w3.org/TR/xhtml1/DTD/xhtml1-transitional.dtd">
<html xmlns="http://www.w3.org/1999/xhtml" xml:lang="en" lang="en">
 <head>
  <title>
</title>
<meta http-equiv="Content-Type" content="text/html;charset=utf-8" />
  <meta name='ocr-system' content='tesseract 3.04.00' />
  <meta name='ocr-capabilities' content='ocr_page ocr_carea ocr_par ocr_line ocrx_word'/>
</head>
<body>
  <div class='ocr_page' id='page_1' title='image "./collegiisalmant00carmgoog_0609.png"; bbox 0 0 3647 5753; ppageno 0'>
   <div class='ocr_carea' id='block_1_1' title="bbox 1431 474 3186 549">
    <p class='ocr_par' dir='ltr' id='par_1_1' title="bbox 1431 474 3186 549">
     <span class='ocr_line' id='line_1_1' title="bbox 1431 474 3186 549; baseline 0.012 -21"><span class='ocrx_word' id='word_1_1' title='bbox 1431 474 1609 531; x_wconf 89' lang='lat' dir='ltr'>DISP.</span> <span class='ocrx_word' id='word_1_2' title='bbox 1655 476 1749 542; x_wconf 87' lang='lat'>111,</span> <span class='ocrx_word' id='word_1_3' title='bbox 1792 477 1959 535; x_wconf 91' lang='lat' dir='ltr'>DUB.</span> <span class='ocrx_word' id='word_1_4' title='bbox 2003 480 2096 538; x_wconf 92' lang='lat' dir='ltr'>IV.</span> <span class='ocrx_word' id='word_1_5' title='bbox 3075 494 3186 549; x_wconf 85' lang='lat'>587</span> 
     </span>
    </p>
   </div>
   <div class='ocr_carea' id='block_1_2' title="bbox 84 642 1685 5104">
    <p class='ocr_par' dir='ltr' id='par_1_2' title="bbox 84 642 1685 5104">
     <span class='ocr_line' id='line_1_2' title="bbox 310 642 1685 716; baseline 0.004 -17"><span class='ocrx_word' id='word_1_6' title='bbox 310 642 460 716; x_wconf 92' lang='lat' dir='ltr'>quod</span> <span class='ocrx_word' id='word_1_7' title='bbox 526 643 779 716; x_wconf 81' lang='lat' dir='ltr'>praedicti</span> <span class='ocrx_word' id='word_1_8' title='bbox 832 650 989 702; x_wconf 89' lang='lat' dir='ltr'>actus</span> <span class='ocrx_word' id='word_1_9' title='bbox 1035 645 1179 703; x_wconf 87' lang='lat' dir='ltr'>fiant</span> <span class='ocrx_word' id='word_1_10' title='bbox 1235 646 1427 705; x_wconf 89' lang='lat' dir='ltr'>medio</span> <span class='ocrx_word' id='word_1_11' title='bbox 1467 646 1685 704; x_wconf 85' lang='lat' dir='ltr'>auxilio</span> 
     </span>
     <span class='ocr_line' id='line_1_3' title="bbox 310 724 1684 802; baseline 0.002 -21"><span class='ocrx_word' id='word_1_12' title='bbox 310 727 545 798; x_wconf 79' lang='lat' dir='ltr'>speciali</span> <span class='ocrx_word' id='word_1_13' title='bbox 568 724 701 783; x_wconf 89' lang='lat' dir='ltr'>dato</span> <span class='ocrx_word' id='word_1_14' title='bbox 729 741 832 799; x_wconf 90' lang='lat' dir='ltr'>per</span> <span class='ocrx_word' id='word_1_15' title='bbox 859 727 1152 784; x_wconf 88' lang='lat' dir='ltr'><strong>Christum</strong></span> <span class='ocrx_word' id='word_1_16' title='bbox 1177 749 1190 785; x_wconf 75' lang='grc' dir='ltr'><strong><em>ε</em></strong></span> <span class='ocrx_word' id='word_1_17' title='bbox 1215 733 1338 785; x_wconf 90' lang='lat' dir='ltr'>tum</span> <span class='ocrx_word' id='word_1_18' title='bbox 1372 728 1507 802; x_wconf 92' lang='lat' dir='ltr'>quia</span> <span class='ocrx_word' id='word_1_19' title='bbox 1532 727 1684 784; x_wconf 92' lang='lat' dir='ltr'>istud</span> 
     </span>
     <span class='ocr_line' id='line_1_4' title="bbox 312 806 1685 881; baseline 0.003 -17"><span class='ocrx_word' id='word_1_20' title='bbox 312 806 597 864; x_wconf 87' lang='lat' dir='ltr'>auxilium</span> <span class='ocrx_word' id='word_1_21' title='bbox 621 823 740 864; x_wconf 88' lang='lat' dir='ltr'>non</span> <span class='ocrx_word' id='word_1_22' title='bbox 792 807 1047 881; x_wconf 63' lang='lat' dir='ltr'>adaequat</span> <span class='ocrx_word' id='word_1_23' title='bbox 1074 810 1332 867; x_wconf 84' lang='lat' dir='ltr'>valorem</span> <span class='ocrx_word' id='word_1_24' title='bbox 1359 809 1490 866; x_wconf 79' lang='lat' dir='ltr'>vitae</span> <span class='ocrx_word' id='word_1_25' title='bbox 1515 814 1685 867; x_wconf 83' lang='lat' dir='ltr'>aeter-</span> 
     </span>
     <span class='ocr_line' id='line_1_5' title="bbox 313 889 1677 962; baseline 0.002 -18"><span class='ocrx_word' id='word_1_26' title='bbox 313 904 402 944; x_wconf 81' lang='lat' dir='ltr'>nae</span> <span class='ocrx_word' id='word_1_27' title='bbox 428 909 442 945; x_wconf 91' lang='lat'><strong>:</strong></span> <span class='ocrx_word' id='word_1_28' title='bbox 467 894 586 945; x_wconf 88' lang='lat' dir='ltr'>tum</span> <span class='ocrx_word' id='word_1_29' title='bbox 608 889 744 962; x_wconf 91' lang='lat' dir='ltr'>quia</span> <span class='ocrx_word' id='word_1_30' title='bbox 769 889 1109 961; x_wconf 79' lang='lat' dir='ltr'>praedictum</span> <span class='ocrx_word' id='word_1_31' title='bbox 1140 890 1507 948; x_wconf 88' lang='lat' dir='ltr'>auxiliumin</span> <span class='ocrx_word' id='word_1_32' title='bbox 1535 893 1677 947; x_wconf 87' lang='lat' dir='ltr'>Vas-</span> 
     </span>
     <span class='ocr_line' id='line_1_6' title="bbox 310 970 1684 1043; baseline 0.001 -18"><span class='ocrx_word' id='word_1_33' title='bbox 310 970 429 1042; x_wconf 93' lang='lat' dir='ltr'>quii</span> <span class='ocrx_word' id='word_1_34' title='bbox 482 971 755 1043; x_wconf 89' lang='lat' dir='ltr'>opinione</span> <span class='ocrx_word' id='word_1_35' title='bbox 816 976 901 1027; x_wconf 90' lang='lat' dir='ltr'>est</span> <span class='ocrx_word' id='word_1_36' title='bbox 938 971 1238 1030; x_wconf 87' lang='lat' dir='ltr'>entitative</span> <span class='ocrx_word' id='word_1_37' title='bbox 1303 972 1585 1039; x_wconf 90' lang='lat' dir='ltr'>naturale,</span> <span class='ocrx_word' id='word_1_38' title='bbox 1626 975 1684 1029; x_wconf 90' lang='lat' dir='ltr'>et</span> 
     </span>
     <span class='ocr_line' id='line_1_7' title="bbox 309 1052 1677 1129; baseline 0.002 -20"><span class='ocrx_word' id='word_1_39' title='bbox 309 1052 555 1112; x_wconf 84' lang='lat' dir='ltr'>subinde</span> <span class='ocrx_word' id='word_1_40' title='bbox 608 1055 907 1113; x_wconf 81' lang='lat' dir='ltr'>inferioris</span> <span class='ocrx_word' id='word_1_41' title='bbox 953 1054 1177 1113; x_wconf 85' lang='lat' dir='ltr'>ordinis</span> <span class='ocrx_word' id='word_1_42' title='bbox 1227 1055 1298 1112; x_wconf 87' lang='lat' dir='ltr'>ad</span> <span class='ocrx_word' id='word_1_43' title='bbox 1327 1054 1677 1129; x_wconf 82' lang='lat' dir='ltr'>praemium:</span> 
     </span>
     <span class='ocr_line' id='line_1_8' title="bbox 311 1136 1682 1212; baseline 0.002 -20"><span class='ocrx_word' id='word_1_44' title='bbox 311 1142 433 1193; x_wconf 91' lang='lat' dir='ltr'>tum</span> <span class='ocrx_word' id='word_1_45' title='bbox 462 1138 595 1210; x_wconf 88' lang='lat' dir='ltr'>quia</span> <span class='ocrx_word' id='word_1_46' title='bbox 615 1137 828 1194; x_wconf 81' lang='lat' dir='ltr'>salsum</span> <span class='ocrx_word' id='word_1_47' title='bbox 850 1143 954 1205; x_wconf 89' lang='lat' dir='ltr'>est,</span> <span class='ocrx_word' id='word_1_48' title='bbox 986 1136 1136 1212; x_wconf 91' lang='lat' dir='ltr'>quod</span> <span class='ocrx_word' id='word_1_49' title='bbox 1177 1137 1249 1194; x_wconf 88' lang='lat' dir='ltr'>ad</span> <span class='ocrx_word' id='word_1_50' title='bbox 1273 1137 1504 1211; x_wconf 88' lang='lat' dir='ltr'>singula</span> <span class='ocrx_word' id='word_1_51' title='bbox 1531 1136 1682 1195; x_wconf 85' lang='lat' dir='ltr'>bona</span> 
     </span>
     <span class='ocr_line' id='line_1_9' title="bbox 309 1218 1680 1293; baseline 0 -19"><span class='ocrx_word' id='word_1_52' title='bbox 309 1233 480 1289; x_wconf 91' lang='lat' dir='ltr'>opera</span> <span class='ocrx_word' id='word_1_53' title='bbox 521 1218 773 1276; x_wconf 89' lang='lat' dir='ltr'>moralia</span> <span class='ocrx_word' id='word_1_54' title='bbox 838 1219 1170 1292; x_wconf 82' lang='lat' dir='ltr'>requiratur</span> <span class='ocrx_word' id='word_1_55' title='bbox 1212 1218 1458 1293; x_wconf 90' lang='lat' dir='ltr'>speciale</span> <span class='ocrx_word' id='word_1_56' title='bbox 1510 1218 1680 1274; x_wconf 87' lang='lat' dir='ltr'>auxi-</span> 
     </span>
     <span class='ocr_line' id='line_1_10' title="bbox 310 1297 1680 1372; baseline 0.002 -20"><span class='ocrx_word' id='word_1_57' title='bbox 310 1297 478 1354; x_wconf 92' lang='lat' dir='ltr'>lium.</span> <span class='ocrx_word' id='word_1_58' title='bbox 510 1299 856 1355; x_wconf 88' lang='lat' dir='ltr'>Recolantur</span> <span class='ocrx_word' id='word_1_59' title='bbox 883 1314 1009 1372; x_wconf 75' lang='lat' dir='ltr'>qum</span> <span class='ocrx_word' id='word_1_60' title='bbox 1051 1303 1252 1355; x_wconf 89' lang='lat' dir='ltr'>contra</span> <span class='ocrx_word' id='word_1_61' title='bbox 1279 1298 1433 1355; x_wconf 88' lang='lat' dir='ltr'>hunc</span> <span class='ocrx_word' id='word_1_62' title='bbox 1462 1299 1680 1355; x_wconf 82' lang='lat' dir='ltr'>Autho-</span> 
     </span>
     <span class='ocr_line' id='line_1_11' title="bbox 311 1379 1672 1455; baseline 0.001 -20"><span class='ocrx_word' id='word_1_63' title='bbox 311 1396 435 1437; x_wconf 89' lang='lat' dir='ltr'>rem</span> <span class='ocrx_word' id='word_1_64' title='bbox 487 1379 743 1437; x_wconf 86' lang='lat' dir='ltr'>diximus</span> <span class='ocrx_word' id='word_1_65' title='bbox 763 1388 924 1438; x_wconf 80' lang='lat' dir='ltr'>tract.</span> <span class='ocrx_word' id='word_1_66' title='bbox 947 1382 1175 1455; x_wconf 64' lang='lat' dir='ltr'>praeced.</span> <span class='ocrx_word' id='word_1_67' title='bbox 1203 1381 1348 1455; x_wconf 78' lang='lat' dir='ltr'>disp.</span> <span class='ocrx_word' id='word_1_68' title='bbox 1369 1382 1426 1450; x_wconf 79' lang='lat'>2,</span> <span class='ocrx_word' id='word_1_69' title='bbox 1459 1380 1585 1437; x_wconf 84' lang='lat' dir='ltr'>dub.</span> <span class='ocrx_word' id='word_1_70' title='bbox 1616 1382 1672 1448; x_wconf 82' lang='lat'>2,</span> 
     </span>
     <span class='ocr_line' id='line_1_12' title="bbox 310 1462 875 1535; baseline 0 -16"><span class='ocrx_word' id='word_1_71' title='bbox 310 1469 367 1519; x_wconf 90' lang='lat' dir='ltr'>et</span> <span class='ocrx_word' id='word_1_72' title='bbox 389 1462 531 1535; x_wconf 77' lang='lat' dir='ltr'>disp.</span> <span class='ocrx_word' id='word_1_73' title='bbox 577 1463 630 1530; x_wconf 88' lang='grc'>3,</span> <span class='ocrx_word' id='word_1_74' title='bbox 662 1463 789 1519; x_wconf 78' lang='lat' dir='ltr'>dub.</span> <span class='ocrx_word' id='word_1_75' title='bbox 821 1464 875 1520; x_wconf 89' lang='lat'>9.</span> 
     </span>
     <span class='ocr_line' id='line_1_13' title="bbox 87 1542 1676 1616; baseline 0.001 -19"><span class='ocrx_word' id='word_1_76' title='bbox 87 1547 297 1591; x_wconf 65' lang='lat' dir='ltr'>motivum</span> <span class='ocrx_word' id='word_1_77' title='bbox 386 1544 479 1599; x_wconf 87' lang='grc'>80.</span> <span class='ocrx_word' id='word_1_78' title='bbox 525 1544 868 1616; x_wconf 84' lang='lat' dir='ltr'>Exemplum</span> <span class='ocrx_word' id='word_1_79' title='bbox 916 1549 1107 1601; x_wconf 90' lang='lat' dir='ltr'>autem</span> <span class='ocrx_word' id='word_1_80' title='bbox 1176 1559 1415 1616; x_wconf 89' lang='lat' dir='ltr'>operum</span> <span class='ocrx_word' id='word_1_81' title='bbox 1464 1542 1676 1599; x_wconf 86' lang='lat' dir='ltr'>Christi</span> 
     </span>
     <span class='ocr_line' id='line_1_14' title="bbox 84 1601 1677 1698; baseline -0.001 -18"><span class='ocrx_word' id='word_1_82' title='bbox 84 1601 547 1690; x_wconf 58' lang='lat' dir='ltr'>„ffi‘ffi;-nomini</span> <span class='ocrx_word' id='word_1_83' title='bbox 571 1624 633 1680; x_wconf 89' lang='lat' dir='ltr'>in</span> <span class='ocrx_word' id='word_1_84' title='bbox 652 1625 754 1681; x_wconf 90' lang='lat' dir='ltr'>hac</span> <span class='ocrx_word' id='word_1_85' title='bbox 796 1624 1166 1697; x_wconf 82' lang='lat' dir='ltr'>responsione</span> <span class='ocrx_word' id='word_1_86' title='bbox 1194 1624 1549 1698; x_wconf 89' lang='lat' dir='ltr'>propositum</span> <span class='ocrx_word' id='word_1_87' title='bbox 1579 1623 1677 1680; x_wconf 90' lang='lat' dir='ltr'>ni-</span> 
     </span>
     <span class='ocr_line' id='line_1_15' title="bbox 86 1696 1677 1779; baseline 0.001 -18"><span class='ocrx_word' id='word_1_88' title='bbox 86 1696 279 1747; x_wconf 70' lang='lat'>⁰⁰¹¹¹²¹¹¹&#39;·</span> <span class='ocrx_word' id='word_1_89' title='bbox 313 1704 399 1761; x_wconf 91' lang='lat' dir='ltr'>hil</span> <span class='ocrx_word' id='word_1_90' title='bbox 423 1703 641 1778; x_wconf 87' lang='lat' dir='ltr'>probat,</span> <span class='ocrx_word' id='word_1_91' title='bbox 667 1704 739 1762; x_wconf 91' lang='lat' dir='ltr'>ob</span> <span class='ocrx_word' id='word_1_92' title='bbox 767 1704 1053 1779; x_wconf 86' lang='lat' dir='ltr'>duplicem</span> <span class='ocrx_word' id='word_1_93' title='bbox 1101 1706 1384 1763; x_wconf 90' lang='lat' dir='ltr'>rationem</span> <span class='ocrx_word' id='word_1_94' title='bbox 1426 1704 1677 1777; x_wconf 88' lang='lat' dir='ltr'>dispari-</span> 
     </span>
     <span class='ocr_line' id='line_1_16' title="bbox 216 1785 1679 1859; baseline 0.001 -18"><span class='ocrx_word' id='word_1_95' title='bbox 216 1791 218 1794; x_wconf 78' lang='grc'>’</span> <span class='ocrx_word' id='word_1_96' title='bbox 310 1785 467 1841; x_wconf 87' lang='lat' dir='ltr'>tatis.</span> <span class='ocrx_word' id='word_1_97' title='bbox 498 1785 696 1842; x_wconf 77' lang='lat' dir='ltr'>Prima</span> <span class='ocrx_word' id='word_1_98' title='bbox 743 1790 843 1853; x_wconf 93' lang='lat' dir='ltr'>est,</span> <span class='ocrx_word' id='word_1_99' title='bbox 887 1785 1037 1859; x_wconf 93' lang='lat' dir='ltr'>quod</span> <span class='ocrx_word' id='word_1_100' title='bbox 1088 1787 1450 1859; x_wconf 87' lang='lat' dir='ltr'>operationes</span> <span class='ocrx_word' id='word_1_101' title='bbox 1478 1800 1679 1859; x_wconf 89' lang='lat' dir='ltr'>proce-</span> 
     </span>
     <span class='ocr_line' id='line_1_17' title="bbox 306 1865 1677 1939; baseline 0.001 -17"><span class='ocrx_word' id='word_1_102' title='bbox 306 1866 506 1923; x_wconf 88' lang='lat' dir='ltr'>dentes</span> <span class='ocrx_word' id='word_1_103' title='bbox 570 1866 641 1922; x_wconf 92' lang='lat' dir='ltr'>ab</span> <span class='ocrx_word' id='word_1_104' title='bbox 706 1867 1067 1924; x_wconf 82' lang='lat' dir='ltr'>humanitate</span> <span class='ocrx_word' id='word_1_105' title='bbox 1139 1867 1371 1936; x_wconf 84' lang='lat' dir='ltr'>Christi,</span> <span class='ocrx_word' id='word_1_106' title='bbox 1405 1865 1677 1939; x_wconf 88' lang='lat' dir='ltr'>procede-</span> 
     </span>
     <span class='ocr_line' id='line_1_18' title="bbox 305 1946 1676 2025; baseline 0.001 -22"><span class='ocrx_word' id='word_1_107' title='bbox 305 1946 444 2006; x_wconf 83' lang='lat' dir='ltr'>bant</span> <span class='ocrx_word' id='word_1_108' title='bbox 464 1947 639 2003; x_wconf 89' lang='lat' dir='ltr'>etiam</span> <span class='ocrx_word' id='word_1_109' title='bbox 668 1963 701 2004; x_wconf 92' lang='lat' dir='ltr'>a</span> <span class='ocrx_word' id='word_1_110' title='bbox 721 1949 1012 2021; x_wconf 91' lang='lat' dir='ltr'>supposito</span> <span class='ocrx_word' id='word_1_111' title='bbox 1038 1947 1239 2005; x_wconf 92' lang='lat' dir='ltr'>divino</span> <span class='ocrx_word' id='word_1_112' title='bbox 1254 1952 1318 2002; x_wconf 92' lang='lat' dir='ltr'>ut</span> <span class='ocrx_word' id='word_1_113' title='bbox 1336 1948 1479 2025; x_wconf 82' lang='lat' dir='ltr'>quod</span> <span class='ocrx_word' id='word_1_114' title='bbox 1497 1966 1518 2015; x_wconf 90' lang='lat'>‚·</span> <span class='ocrx_word' id='word_1_115' title='bbox 1538 1964 1676 2004; x_wconf 90' lang='lat' dir='ltr'>nam</span> 
     </span>
     <span class='ocr_line' id='line_1_19' title="bbox 303 2027 1677 2101; baseline 0.001 -16"><span class='ocrx_word' id='word_1_116' title='bbox 303 2027 683 2101; x_wconf 84' lang='lat' dir='ltr'>operationes,</span> <span class='ocrx_word' id='word_1_117' title='bbox 721 2035 781 2084; x_wconf 91' lang='lat' dir='ltr'>ut</span> <span class='ocrx_word' id='word_1_118' title='bbox 809 2027 1015 2085; x_wconf 82' lang='lat' dir='ltr'>docent</span> <span class='ocrx_word' id='word_1_119' title='bbox 1059 2028 1448 2085; x_wconf 89' lang='lat' dir='ltr'>communiter</span> <span class='ocrx_word' id='word_1_120' title='bbox 1487 2027 1677 2085; x_wconf 86' lang='lat' dir='ltr'>Theo·</span> 
     </span>
     <span class='ocr_line' id='line_1_20' title="bbox 306 2108 1670 2182; baseline -0.001 -18"><span class='ocrx_word' id='word_1_121' title='bbox 306 2108 436 2182; x_wconf 85' lang='lat' dir='ltr'>logi,</span> <span class='ocrx_word' id='word_1_122' title='bbox 493 2115 548 2164; x_wconf 90' lang='lat' dir='ltr'>et</span> <span class='ocrx_word' id='word_1_123' title='bbox 618 2108 975 2181; x_wconf 79' lang='lat' dir='ltr'>Philosophi,</span> <span class='ocrx_word' id='word_1_124' title='bbox 1020 2112 1159 2165; x_wconf 90' lang='lat' dir='ltr'>sunt</span> <span class='ocrx_word' id='word_1_125' title='bbox 1221 2108 1670 2182; x_wconf 89' lang='lat' dir='ltr'>suppositorum,</span> 
     </span>
     <span class='ocr_line' id='line_1_21' title="bbox 302 2187 1676 2262; baseline 0.001 -18"><span class='ocrx_word' id='word_1_126' title='bbox 302 2187 563 2260; x_wconf 83' lang='lat' dir='ltr'>quocirca</span> <span class='ocrx_word' id='word_1_127' title='bbox 592 2188 1009 2245; x_wconf 83' lang='lat' dir='ltr'>mutuabantur</span> <span class='ocrx_word' id='word_1_128' title='bbox 1033 2204 1065 2244; x_wconf 90' lang='lat' dir='ltr'>a</span> <span class='ocrx_word' id='word_1_129' title='bbox 1089 2187 1360 2261; x_wconf 83' lang='lat' dir='ltr'>praedicto</span> <span class='ocrx_word' id='word_1_130' title='bbox 1389 2188 1676 2262; x_wconf 87' lang='lat' dir='ltr'>principio</span> 
     </span>
     <span class='ocr_line' id='line_1_22' title="bbox 306 2267 1674 2327; baseline 0.001 -3"><span class='ocrx_word' id='word_1_131' title='bbox 306 2267 599 2326; x_wconf 86' lang='lat' dir='ltr'>infinitam</span> <span class='ocrx_word' id='word_1_132' title='bbox 647 2268 1156 2327; x_wconf 83' lang='lat' dir='ltr'>aestimabilitatem</span> <span class='ocrx_word' id='word_1_133' title='bbox 1203 2273 1510 2327; x_wconf 85' lang='lat' dir='ltr'>moralem.</span> <span class='ocrx_word' id='word_1_134' title='bbox 1566 2269 1674 2327; x_wconf 82' lang='lat' dir='ltr'>Se-</span> 
     </span>
     <span class='ocr_line' id='line_1_23' title="bbox 303 2349 1674 2424; baseline 0.001 -19"><span class='ocrx_word' id='word_1_135' title='bbox 303 2351 484 2406; x_wconf 83' lang='lat' dir='ltr'>cunda</span> <span class='ocrx_word' id='word_1_136' title='bbox 505 2355 608 2415; x_wconf 89' lang='lat' dir='ltr'>est,</span> <span class='ocrx_word' id='word_1_137' title='bbox 634 2349 785 2422; x_wconf 90' lang='lat' dir='ltr'>quod</span> <span class='ocrx_word' id='word_1_138' title='bbox 826 2352 983 2408; x_wconf 89' lang='lat' dir='ltr'>inter</span> <span class='ocrx_word' id='word_1_139' title='bbox 1011 2349 1350 2424; x_wconf 89' lang='lat' dir='ltr'>dignitatem</span> <span class='ocrx_word' id='word_1_140' title='bbox 1396 2366 1674 2424; x_wconf 73' lang='lat' dir='ltr'>persona-</span> 
     </span>
     <span class='ocr_line' id='line_1_24' title="bbox 306 2431 1667 2507; baseline 0 -20"><span class='ocrx_word' id='word_1_141' title='bbox 306 2434 441 2498; x_wconf 86' lang='lat' dir='ltr'>lem,</span> <span class='ocrx_word' id='word_1_142' title='bbox 484 2432 671 2505; x_wconf 88' lang='lat' dir='ltr'>qualis</span> <span class='ocrx_word' id='word_1_143' title='bbox 707 2437 830 2489; x_wconf 88' lang='lat' dir='ltr'>erat</span> <span class='ocrx_word' id='word_1_144' title='bbox 869 2431 1119 2507; x_wconf 84' lang='lat' dir='ltr'>dignitas</span> <span class='ocrx_word' id='word_1_145' title='bbox 1172 2432 1384 2488; x_wconf 90' lang='lat' dir='ltr'>Christi</span> <span class='ocrx_word' id='word_1_146' title='bbox 1417 2432 1667 2501; x_wconf 90' lang='lat' dir='ltr'>Domini,</span> 
     </span>
     <span class='ocr_line' id='line_1_25' title="bbox 302 2511 1667 2589; baseline -0.001 -19"><span class='ocrx_word' id='word_1_147' title='bbox 302 2519 360 2571; x_wconf 89' lang='lat' dir='ltr'>et</span> <span class='ocrx_word' id='word_1_148' title='bbox 424 2514 766 2589; x_wconf 90' lang='lat' dir='ltr'>dignitatem</span> <span class='ocrx_word' id='word_1_149' title='bbox 814 2512 1169 2570; x_wconf 86' lang='lat' dir='ltr'>habitualem</span> <span class='ocrx_word' id='word_1_150' title='bbox 1240 2511 1667 2581; x_wconf 89' lang='lat' dir='ltr'>accidentalem,</span> 
     </span>
     <span class='ocr_line' id='line_1_26' title="bbox 305 2592 1675 2668; baseline 0 -17"><span class='ocrx_word' id='word_1_151' title='bbox 305 2594 493 2668; x_wconf 88' lang='lat' dir='ltr'>qualis</span> <span class='ocrx_word' id='word_1_152' title='bbox 521 2592 762 2649; x_wconf 91' lang='lat' dir='ltr'>habetur</span> <span class='ocrx_word' id='word_1_153' title='bbox 800 2609 900 2667; x_wconf 89' lang='lat' dir='ltr'>per</span> <span class='ocrx_word' id='word_1_154' title='bbox 927 2594 1193 2668; x_wconf 86' lang='lat' dir='ltr'>gratiam.</span> <span class='ocrx_word' id='word_1_155' title='bbox 1227 2596 1466 2652; x_wconf 88' lang='lat' dir='ltr'>interest</span> <span class='ocrx_word' id='word_1_156' title='bbox 1492 2596 1675 2651; x_wconf 88' lang='lat' dir='ltr'>maxi-</span> 
     </span>
     <span class='ocr_line' id='line_1_27' title="bbox 306 2673 1676 2750; baseline 0.001 -19"><span class='ocrx_word' id='word_1_157' title='bbox 306 2691 469 2731; x_wconf 90' lang='lat' dir='ltr'>mum</span> <span class='ocrx_word' id='word_1_158' title='bbox 498 2673 829 2732; x_wconf 88' lang='lat' dir='ltr'>discrimen.</span> <span class='ocrx_word' id='word_1_159' title='bbox 874 2676 1158 2739; x_wconf 88' lang='lat' dir='ltr'>Quoniam</span> <span class='ocrx_word' id='word_1_160' title='bbox 1198 2674 1446 2750; x_wconf 78' lang='lat' dir='ltr'>dignitas</span> <span class='ocrx_word' id='word_1_161' title='bbox 1486 2692 1676 2749; x_wconf 89' lang='lat' dir='ltr'>perso·</span> 
     </span>
     <span class='ocr_line' id='line_1_28' title="bbox 308 2756 1675 2831; baseline 0 -19"><span class='ocrx_word' id='word_1_162' title='bbox 308 2772 397 2813; x_wconf 82' lang='lat' dir='ltr'>nae</span> <span class='ocrx_word' id='word_1_163' title='bbox 412 2759 526 2813; x_wconf 91' lang='lat' dir='ltr'>tota</span> <span class='ocrx_word' id='word_1_164' title='bbox 541 2756 862 2823; x_wconf 80' lang='lat' dir='ltr'>offertur,et</span> <span class='ocrx_word' id='word_1_165' title='bbox 876 2761 993 2813; x_wconf 88' lang='lat' dir='ltr'>tota</span> <span class='ocrx_word' id='word_1_166' title='bbox 1014 2756 1316 2831; x_wconf 83' lang='lat' dir='ltr'>subjicitur</span> <span class='ocrx_word' id='word_1_167' title='bbox 1341 2758 1404 2813; x_wconf 92' lang='lat' dir='ltr'>in</span> <span class='ocrx_word' id='word_1_168' title='bbox 1419 2757 1675 2830; x_wconf 90' lang='lat' dir='ltr'>quolibet</span> 
     </span>
     <span class='ocr_line' id='line_1_29' title="bbox 305 2837 1674 2912; baseline 0 -17"><span class='ocrx_word' id='word_1_169' title='bbox 305 2837 836 2912; x_wconf 87' lang='lat' dir='ltr'>obsequio‚etopere</span> <span class='ocrx_word' id='word_1_170' title='bbox 858 2837 1158 2895; x_wconf 89' lang='lat' dir='ltr'>meritorio</span> <span class='ocrx_word' id='word_1_171' title='bbox 1185 2859 1197 2896; x_wconf 93' lang='lat'>:</span> <span class='ocrx_word' id='word_1_172' title='bbox 1230 2837 1382 2896; x_wconf 91' lang='lat' dir='ltr'>unde</span> <span class='ocrx_word' id='word_1_173' title='bbox 1402 2839 1449 2895; x_wconf 92' lang='lat' dir='ltr'>si</span> <span class='ocrx_word' id='word_1_174' title='bbox 1473 2841 1593 2897; x_wconf 86' lang='lat' dir='ltr'>Rex</span> <span class='ocrx_word' id='word_1_175' title='bbox 1612 2853 1674 2896; x_wconf 87' lang='lat' dir='ltr'>se</span> 
     </span>
     <span class='ocr_line' id='line_1_30' title="bbox 302 2918 1673 2995; baseline 0.001 -20"><span class='ocrx_word' id='word_1_176' title='bbox 302 2919 802 2993; x_wconf 89' lang='lat' dir='ltr'>humiliat,nequit</span> <span class='ocrx_word' id='word_1_177' title='bbox 824 2936 989 2976; x_wconf 91' lang='lat' dir='ltr'>suam</span> <span class='ocrx_word' id='word_1_178' title='bbox 1023 2918 1454 2995; x_wconf 87' lang='lat' dir='ltr'>dignitatem,ut</span> <span class='ocrx_word' id='word_1_179' title='bbox 1473 2920 1554 2977; x_wconf 88' lang='lat' dir='ltr'>sic</span> <span class='ocrx_word' id='word_1_180' title='bbox 1580 2920 1673 2977; x_wconf 88' lang='lat' dir='ltr'>di-</span> 
     </span>
     <span class='ocr_line' id='line_1_31' title="bbox 297 3000 1667 3076; baseline 0 -20"><span class='ocrx_word' id='word_1_181' title='bbox 297 3001 954 3076; x_wconf 77' lang='lat' dir='ltr'>camu5,restringere,et</span> <span class='ocrx_word' id='word_1_182' title='bbox 980 3000 1270 3066; x_wconf 90' lang='lat' dir='ltr'>alteri‚cui</span> <span class='ocrx_word' id='word_1_183' title='bbox 1292 3017 1352 3058; x_wconf 89' lang='lat' dir='ltr'>se</span> <span class='ocrx_word' id='word_1_184' title='bbox 1374 3000 1667 3068; x_wconf 89' lang='lat' dir='ltr'>humiliat,</span> 
     </span>
     <span class='ocr_line' id='line_1_32' title="bbox 300 3081 1666 3158; baseline -0.001 -20"><span class='ocrx_word' id='word_1_185' title='bbox 300 3098 418 3139; x_wconf 87' lang='lat' dir='ltr'>non</span> <span class='ocrx_word' id='word_1_186' title='bbox 429 3083 708 3158; x_wconf 81' lang='lat' dir='ltr'>subjicere</span> <span class='ocrx_word' id='word_1_187' title='bbox 724 3101 736 3145; x_wconf 92' lang='lat'>;</span> <span class='ocrx_word' id='word_1_188' title='bbox 752 3089 809 3140; x_wconf 90' lang='lat' dir='ltr'>et</span> <span class='ocrx_word' id='word_1_189' title='bbox 829 3089 1245 3155; x_wconf 86' lang='lat' dir='ltr'>consequenter</span> <span class='ocrx_word' id='word_1_190' title='bbox 1261 3098 1402 3155; x_wconf 89' lang='lat' dir='ltr'>opus</span> <span class='ocrx_word' id='word_1_191' title='bbox 1430 3081 1666 3156; x_wconf 85' lang='lat' dir='ltr'>dignifi-</span> 
     </span>
     <span class='ocr_line' id='line_1_33' title="bbox 297 3162 1673 3237; baseline -0.002 -17"><span class='ocrx_word' id='word_1_192' title='bbox 297 3169 541 3231; x_wconf 82' lang='lat' dir='ltr'>catur,et</span> <span class='ocrx_word' id='word_1_193' title='bbox 562 3165 857 3221; x_wconf 85' lang='lat' dir='ltr'>valoratur</span> <span class='ocrx_word' id='word_1_194' title='bbox 872 3163 1188 3220; x_wconf 87' lang='lat' dir='ltr'>secundum</span> <span class='ocrx_word' id='word_1_195' title='bbox 1214 3168 1390 3220; x_wconf 87' lang='lat' dir='ltr'>totam</span> <span class='ocrx_word' id='word_1_196' title='bbox 1417 3162 1673 3237; x_wconf 89' lang='lat' dir='ltr'>dignita-</span> 
     </span>
     <span class='ocr_line' id='line_1_34' title="bbox 298 3242 1673 3319; baseline 0 -19"><span class='ocrx_word' id='word_1_197' title='bbox 298 3250 415 3301; x_wconf 90' lang='lat' dir='ltr'>tem</span> <span class='ocrx_word' id='word_1_198' title='bbox 444 3261 720 3319; x_wconf 62' lang='lat' dir='ltr'>personae,</span> <span class='ocrx_word' id='word_1_199' title='bbox 755 3250 1029 3318; x_wconf 90' lang='lat' dir='ltr'>tanquam</span> <span class='ocrx_word' id='word_1_200' title='bbox 1058 3259 1161 3316; x_wconf 92' lang='lat' dir='ltr'>per</span> <span class='ocrx_word' id='word_1_201' title='bbox 1197 3242 1446 3300; x_wconf 90' lang='lat' dir='ltr'>formam</span> <span class='ocrx_word' id='word_1_202' title='bbox 1475 3259 1673 3300; x_wconf 90' lang='lat' dir='ltr'>mora-</span> 
     </span>
     <span class='ocr_line' id='line_1_35' title="bbox 299 3325 1673 3400; baseline -0.001 -18"><span class='ocrx_word' id='word_1_203' title='bbox 299 3327 435 3384; x_wconf 88' lang='lat' dir='ltr'>lem.</span> <span class='ocrx_word' id='word_1_204' title='bbox 468 3329 538 3382; x_wconf 90' lang='lat' dir='ltr'>Et</span> <span class='ocrx_word' id='word_1_205' title='bbox 558 3328 662 3384; x_wconf 89' lang='lat' dir='ltr'>hac</span> <span class='ocrx_word' id='word_1_206' title='bbox 692 3328 917 3385; x_wconf 87' lang='lat' dir='ltr'>ratione</span> <span class='ocrx_word' id='word_1_207' title='bbox 957 3343 1133 3400; x_wconf 90' lang='lat' dir='ltr'>opera</span> <span class='ocrx_word' id='word_1_208' title='bbox 1181 3326 1393 3382; x_wconf 79' lang='lat' dir='ltr'>Christi</span> <span class='ocrx_word' id='word_1_209' title='bbox 1439 3325 1673 3383; x_wconf 91' lang='lat' dir='ltr'>Domini</span> 
     </span>
     <span class='ocr_line' id='line_1_36' title="bbox 304 3405 1675 3482; baseline -0.001 -18"><span class='ocrx_word' id='word_1_210' title='bbox 304 3407 673 3481; x_wconf 84' lang='lat' dir='ltr'>procedentis,</span> <span class='ocrx_word' id='word_1_211' title='bbox 706 3426 739 3466; x_wconf 89' lang='lat' dir='ltr'>a</span> <span class='ocrx_word' id='word_1_212' title='bbox 786 3423 1030 3482; x_wconf 87' lang='lat' dir='ltr'>persona</span> <span class='ocrx_word' id='word_1_213' title='bbox 1074 3405 1296 3474; x_wconf 85' lang='lat' dir='ltr'>divina,</span> <span class='ocrx_word' id='word_1_214' title='bbox 1330 3410 1388 3462; x_wconf 89' lang='lat' dir='ltr'>et</span> <span class='ocrx_word' id='word_1_215' title='bbox 1428 3406 1675 3463; x_wconf 68' lang='lat' dir='ltr'>infinitae</span> 
     </span>
     <span class='ocr_line' id='line_1_37' title="bbox 305 3485 1678 3562; baseline 0.001 -19"><span class='ocrx_word' id='word_1_216' title='bbox 305 3487 601 3562; x_wconf 86' lang='lat' dir='ltr'>dignitatis</span> <span class='ocrx_word' id='word_1_217' title='bbox 631 3489 884 3555; x_wconf 78' lang='lat' dir='ltr'>fuerunt,</span> <span class='ocrx_word' id='word_1_218' title='bbox 912 3495 968 3545; x_wconf 88' lang='lat' dir='ltr'>et</span> <span class='ocrx_word' id='word_1_219' title='bbox 991 3486 1209 3545; x_wconf 89' lang='lat' dir='ltr'>infiniti</span> <span class='ocrx_word' id='word_1_220' title='bbox 1240 3485 1484 3544; x_wconf 88' lang='lat' dir='ltr'>valoris.</span> <span class='ocrx_word' id='word_1_221' title='bbox 1510 3489 1678 3545; x_wconf 67' lang='lat' dir='ltr'>Caete-</span> 
     </span>
     <span class='ocr_line' id='line_1_38' title="bbox 306 3565 1675 3641; baseline 0 -18"><span class='ocrx_word' id='word_1_222' title='bbox 306 3584 440 3624; x_wconf 89' lang='lat' dir='ltr'>rum</span> <span class='ocrx_word' id='word_1_223' title='bbox 486 3567 737 3641; x_wconf 85' lang='lat' dir='ltr'>dignitas</span> <span class='ocrx_word' id='word_1_224' title='bbox 779 3566 1090 3625; x_wconf 79' lang='lat' dir='ltr'>habitualis</span> <span class='ocrx_word' id='word_1_225' title='bbox 1111 3565 1476 3624; x_wconf 89' lang='lat' dir='ltr'>accidentalis</span> <span class='ocrx_word' id='word_1_226' title='bbox 1505 3583 1675 3640; x_wconf 88' lang='lat' dir='ltr'>pror-</span> 
     </span>
     <span class='ocr_line' id='line_1_39' title="bbox 92 3647 1673 3723; baseline 0 -19"><span class='ocrx_word' id='word_1_227' title='bbox 92 3681 127 3692; x_wconf 82' lang='lat'><em>-</em></span> <span class='ocrx_word' id='word_1_228' title='bbox 302 3665 401 3706; x_wconf 87' lang='lat' dir='ltr'>sus</span> <span class='ocrx_word' id='word_1_229' title='bbox 436 3648 734 3723; x_wconf 88' lang='lat' dir='ltr'>subjicitur</span> <span class='ocrx_word' id='word_1_230' title='bbox 780 3647 1022 3706; x_wconf 89' lang='lat' dir='ltr'>arbitrio</span> <span class='ocrx_word' id='word_1_231' title='bbox 1054 3647 1318 3706; x_wconf 89' lang='lat' dir='ltr'>habentis</span> <span class='ocrx_word' id='word_1_232' title='bbox 1343 3648 1529 3716; x_wconf 89' lang='lat' dir='ltr'>illam,</span> <span class='ocrx_word' id='word_1_233' title='bbox 1554 3654 1673 3706; x_wconf 89' lang='lat' dir='ltr'>tam</span> 
     </span>
     <span class='ocr_line' id='line_1_40' title="bbox 304 3730 1671 3805; baseline 0.001 -17"><span class='ocrx_word' id='word_1_234' title='bbox 304 3732 369 3789; x_wconf 87' lang='lat' dir='ltr'>in</span> <span class='ocrx_word' id='word_1_235' title='bbox 390 3731 790 3804; x_wconf 86' lang='lat' dir='ltr'>applicatione,</span> <span class='ocrx_word' id='word_1_236' title='bbox 805 3748 977 3804; x_wconf 87' lang='lat' dir='ltr'>quam</span> <span class='ocrx_word' id='word_1_237' title='bbox 1005 3731 1068 3787; x_wconf 90' lang='lat' dir='ltr'>in</span> <span class='ocrx_word' id='word_1_238' title='bbox 1091 3736 1366 3805; x_wconf 89' lang='lat' dir='ltr'>tempore,</span> <span class='ocrx_word' id='word_1_239' title='bbox 1392 3737 1448 3788; x_wconf 91' lang='lat' dir='ltr'>et</span> <span class='ocrx_word' id='word_1_240' title='bbox 1468 3730 1671 3799; x_wconf 85' lang='lat' dir='ltr'>modo;</span> 
     </span>
     <span class='ocr_line' id='line_1_41' title="bbox 303 3810 1669 3885; baseline -0.002 -15"><span class='ocrx_word' id='word_1_241' title='bbox 303 3811 595 3870; x_wconf 87' lang='lat' dir='ltr'>habitibus</span> <span class='ocrx_word' id='word_1_242' title='bbox 646 3812 806 3868; x_wconf 89' lang='lat' dir='ltr'>enim</span> <span class='ocrx_word' id='word_1_243' title='bbox 851 3812 1074 3868; x_wconf 89' lang='lat' dir='ltr'>utimur</span> <span class='ocrx_word' id='word_1_244' title='bbox 1109 3810 1360 3884; x_wconf 89' lang='lat' dir='ltr'>quando,</span> <span class='ocrx_word' id='word_1_245' title='bbox 1386 3818 1443 3869; x_wconf 91' lang='lat' dir='ltr'>et</span> <span class='ocrx_word' id='word_1_246' title='bbox 1484 3816 1669 3885; x_wconf 88' lang='lat' dir='ltr'>prout,</span> 
     </span>
     <span class='ocr_line' id='line_1_42' title="bbox 303 3893 1676 3969; baseline -0.003 -16"><span class='ocrx_word' id='word_1_247' title='bbox 303 3902 358 3953; x_wconf 84' lang='lat' dir='ltr'>et</span> <span class='ocrx_word' id='word_1_248' title='bbox 384 3902 667 3969; x_wconf 88' lang='lat' dir='ltr'>quantum</span> <span class='ocrx_word' id='word_1_249' title='bbox 680 3893 1143 3950; x_wconf 81' lang='lat' dir='ltr'>volumus.Unde</span> <span class='ocrx_word' id='word_1_250' title='bbox 1167 3909 1414 3967; x_wconf 89' lang='lat' dir='ltr'>persona</span> <span class='ocrx_word' id='word_1_251' title='bbox 1430 3910 1676 3968; x_wconf 90' lang='lat' dir='ltr'>operans</span> 
     </span>
     <span class='ocr_line' id='line_1_43' title="bbox 307 3973 1675 4050; baseline -0.001 -17"><span class='ocrx_word' id='word_1_252' title='bbox 307 3993 426 4034; x_wconf 89' lang='lat' dir='ltr'>non</span> <span class='ocrx_word' id='word_1_253' title='bbox 451 3973 746 4050; x_wconf 88' lang='lat' dir='ltr'>dignificat</span> <span class='ocrx_word' id='word_1_254' title='bbox 764 3991 930 4031; x_wconf 89' lang='lat' dir='ltr'>suam</span> <span class='ocrx_word' id='word_1_255' title='bbox 958 3975 1357 4048; x_wconf 87' lang='lat' dir='ltr'>operationem</span> <span class='ocrx_word' id='word_1_256' title='bbox 1393 3974 1675 4049; x_wconf 88' lang='lat' dir='ltr'>dignitate</span> 
     </span>
     <span class='ocr_line' id='line_1_44' title="bbox 303 4054 1676 4132; baseline -0.001 -19"><span class='ocrx_word' id='word_1_257' title='bbox 303 4056 503 4132; x_wconf 81' lang='lat' dir='ltr'>gratiae</span> <span class='ocrx_word' id='word_1_258' title='bbox 522 4054 835 4113; x_wconf 90' lang='lat' dir='ltr'>secundum</span> <span class='ocrx_word' id='word_1_259' title='bbox 876 4060 1054 4111; x_wconf 88' lang='lat' dir='ltr'>totam</span> <span class='ocrx_word' id='word_1_260' title='bbox 1076 4055 1330 4129; x_wconf 88' lang='lat' dir='ltr'>ejusdem</span> <span class='ocrx_word' id='word_1_261' title='bbox 1357 4056 1556 4130; x_wconf 66' lang='lat' dir='ltr'>gratiae</span> <span class='ocrx_word' id='word_1_262' title='bbox 1579 4055 1676 4111; x_wconf 89' lang='lat' dir='ltr'>in-</span> 
     </span>
     <span class='ocr_line' id='line_1_45' title="bbox 305 4135 1676 4204; baseline -0.003 -8"><span class='ocrx_word' id='word_1_263' title='bbox 305 4136 787 4204; x_wconf 78' lang='lat' dir='ltr'>tensionem35ed</span> <span class='ocrx_word' id='word_1_264' title='bbox 838 4135 1152 4194; x_wconf 90' lang='lat' dir='ltr'>secundum</span> <span class='ocrx_word' id='word_1_265' title='bbox 1200 4152 1536 4193; x_wconf 91' lang='lat' dir='ltr'>mensuram</span> <span class='ocrx_word' id='word_1_266' title='bbox 1579 4136 1676 4192; x_wconf 90' lang='lat' dir='ltr'>in-</span> 
     </span>
     <span class='ocr_line' id='line_1_46' title="bbox 305 4217 1677 4292; baseline -0.001 -17"><span class='ocrx_word' id='word_1_267' title='bbox 305 4219 511 4286; x_wconf 78' lang='lat' dir='ltr'>fluxuS,</span> <span class='ocrx_word' id='word_1_268' title='bbox 534 4235 644 4292; x_wconf 90' lang='lat' dir='ltr'>quo</span> <span class='ocrx_word' id='word_1_269' title='bbox 677 4224 966 4291; x_wconf 86' lang='lat' dir='ltr'>operatur.</span> <span class='ocrx_word' id='word_1_270' title='bbox 1009 4218 1238 4290; x_wconf 90' lang='lat' dir='ltr'>Alioqui</span> <span class='ocrx_word' id='word_1_271' title='bbox 1280 4217 1497 4275; x_wconf 86' lang='lat' dir='ltr'>habens</span> <span class='ocrx_word' id='word_1_272' title='bbox 1540 4234 1677 4292; x_wconf 89' lang='lat' dir='ltr'>gra-</span> 
     </span>
     <span class='ocr_line' id='line_1_47' title="bbox 305 4298 1678 4366; baseline -0.001 -10"><span class='ocrx_word' id='word_1_273' title='bbox 305 4300 448 4356; x_wconf 88' lang='lat' dir='ltr'>tiam</span> <span class='ocrx_word' id='word_1_274' title='bbox 477 4304 539 4355; x_wconf 91' lang='lat' dir='ltr'>ut</span> <span class='ocrx_word' id='word_1_275' title='bbox 564 4305 813 4366; x_wconf 88' lang='lat' dir='ltr'>centum,</span> <span class='ocrx_word' id='word_1_276' title='bbox 846 4305 902 4357; x_wconf 88' lang='lat' dir='ltr'>et</span> <span class='ocrx_word' id='word_1_277' title='bbox 946 4299 1187 4356; x_wconf 85' lang='lat' dir='ltr'>eliciens</span> <span class='ocrx_word' id='word_1_278' title='bbox 1225 4305 1414 4356; x_wconf 88' lang='lat' dir='ltr'>actum</span> <span class='ocrx_word' id='word_1_279' title='bbox 1445 4298 1678 4355; x_wconf 83' lang='lat' dir='ltr'>virtutis</span> 
     </span>
     <span class='ocr_line' id='line_1_48' title="bbox 304 4380 1676 4453; baseline 0 -17"><span class='ocrx_word' id='word_1_280' title='bbox 304 4381 545 4437; x_wconf 86' lang='lat' dir='ltr'>moralis</span> <span class='ocrx_word' id='word_1_281' title='bbox 571 4380 857 4453; x_wconf 59' lang='lat' dir='ltr'>acquisitae</span> <span class='ocrx_word' id='word_1_282' title='bbox 903 4380 1196 4437; x_wconf 89' lang='lat' dir='ltr'>intensum</span> <span class='ocrx_word' id='word_1_283' title='bbox 1240 4384 1302 4435; x_wconf 92' lang='lat' dir='ltr'>ut</span> <span class='ocrx_word' id='word_1_284' title='bbox 1347 4396 1550 4446; x_wconf 91' lang='lat' dir='ltr'>unum,</span> <span class='ocrx_word' id='word_1_285' title='bbox 1582 4381 1676 4436; x_wconf 84' lang='lat' dir='ltr'>vel</span> 
     </span>
     <span class='ocr_line' id='line_1_49' title="bbox 304 4460 1677 4535; baseline -0.001 -17"><span class='ocrx_word' id='word_1_286' title='bbox 304 4461 437 4530; x_wconf 89' lang='lat' dir='ltr'>duo,</span> <span class='ocrx_word' id='word_1_287' title='bbox 488 4465 808 4519; x_wconf 88' lang='lat' dir='ltr'>mereretur</span> <span class='ocrx_word' id='word_1_288' title='bbox 855 4461 1020 4535; x_wconf 83' lang='lat' dir='ltr'>J&#39;uxta</span> <span class='ocrx_word' id='word_1_289' title='bbox 1085 4460 1455 4518; x_wconf 89' lang='lat' dir='ltr'>latitudinem</span> <span class='ocrx_word' id='word_1_290' title='bbox 1505 4461 1677 4518; x_wconf 92' lang='lat' dir='ltr'>totius</span> 
     </span>
     <span class='ocr_line' id='line_1_50' title="bbox 303 4540 1678 4617; baseline -0.002 -18"><span class='ocrx_word' id='word_1_291' title='bbox 303 4543 527 4617; x_wconf 83' lang='lat' dir='ltr'>gratiae,</span> <span class='ocrx_word' id='word_1_292' title='bbox 567 4548 734 4616; x_wconf 87' lang='lat' dir='ltr'>atque</span> <span class='ocrx_word' id='word_1_293' title='bbox 781 4540 907 4599; x_wconf 88' lang='lat' dir='ltr'>ideo</span> <span class='ocrx_word' id='word_1_294' title='bbox 958 4546 1281 4599; x_wconf 90' lang='lat' dir='ltr'>mereretur</span> <span class='ocrx_word' id='word_1_295' title='bbox 1321 4541 1569 4617; x_wconf 89' lang='lat' dir='ltr'>gloriam</span> <span class='ocrx_word' id='word_1_296' title='bbox 1615 4544 1678 4596; x_wconf 88' lang='lat' dir='ltr'>ut</span> 
     </span>
     <span class='ocr_line' id='line_1_51' title="bbox 303 4621 1678 4696; baseline 0.001 -17"><span class='ocrx_word' id='word_1_297' title='bbox 303 4628 557 4691; x_wconf 89' lang='lat' dir='ltr'>centum,</span> <span class='ocrx_word' id='word_1_298' title='bbox 595 4621 744 4696; x_wconf 91' lang='lat' dir='ltr'>quod</span> <span class='ocrx_word' id='word_1_299' title='bbox 776 4627 861 4679; x_wconf 89' lang='lat' dir='ltr'>est</span> <span class='ocrx_word' id='word_1_300' title='bbox 887 4623 1132 4680; x_wconf 88' lang='lat' dir='ltr'>omnino</span> <span class='ocrx_word' id='word_1_301' title='bbox 1160 4623 1391 4680; x_wconf 76' lang='lat' dir='ltr'>falsum.</span> <span class='ocrx_word' id='word_1_302' title='bbox 1425 4624 1678 4688; x_wconf 90' lang='lat' dir='ltr'>Quamo-</span> 
     </span>
     <span class='ocr_line' id='line_1_52' title="bbox 304 4704 1679 4780; baseline 0 -18"><span class='ocrx_word' id='word_1_303' title='bbox 304 4705 468 4764; x_wconf 90' lang='lat' dir='ltr'>brem</span> <span class='ocrx_word' id='word_1_304' title='bbox 495 4705 545 4761; x_wconf 88' lang='lat' dir='ltr'>si</span> <span class='ocrx_word' id='word_1_305' title='bbox 592 4706 950 4780; x_wconf 89' lang='lat' dir='ltr'>suppositum</span> <span class='ocrx_word' id='word_1_306' title='bbox 997 4704 1214 4762; x_wconf 90' lang='lat' dir='ltr'>habens</span> <span class='ocrx_word' id='word_1_307' title='bbox 1240 4705 1486 4779; x_wconf 87' lang='lat' dir='ltr'>gratiam</span> <span class='ocrx_word' id='word_1_308' title='bbox 1515 4705 1679 4762; x_wconf 90' lang='lat' dir='ltr'>nullo</span> 
     </span>
     <span class='ocr_line' id='line_1_53' title="bbox 303 4787 1678 4862; baseline -0.001 -16"><span class='ocrx_word' id='word_1_309' title='bbox 303 4787 478 4847; x_wconf 89' lang='lat' dir='ltr'>modo</span> <span class='ocrx_word' id='word_1_310' title='bbox 511 4804 578 4846; x_wconf 87' lang='lat' dir='ltr'>ea</span> <span class='ocrx_word' id='word_1_311' title='bbox 606 4794 819 4855; x_wconf 85' lang='lat' dir='ltr'>utatur,</span> <span class='ocrx_word' id='word_1_312' title='bbox 854 4789 1132 4861; x_wconf 91' lang='lat' dir='ltr'>illamque</span> <span class='ocrx_word' id='word_1_313' title='bbox 1160 4803 1279 4846; x_wconf 91' lang='lat' dir='ltr'>non</span> <span class='ocrx_word' id='word_1_314' title='bbox 1326 4789 1568 4862; x_wconf 89' lang='lat' dir='ltr'>applicet</span> <span class='ocrx_word' id='word_1_315' title='bbox 1608 4787 1678 4844; x_wconf 86' lang='lat' dir='ltr'>ad</span> 
     </span>
     <span class='ocr_line' id='line_1_54' title="bbox 305 4867 1674 4944; baseline -0.003 -18"><span class='ocrx_word' id='word_1_316' title='bbox 305 4868 689 4937; x_wconf 74' lang='lat' dir='ltr'>innuendum,</span> <span class='ocrx_word' id='word_1_317' title='bbox 722 4869 819 4926; x_wconf 92' lang='lat' dir='ltr'>sed</span> <span class='ocrx_word' id='word_1_318' title='bbox 851 4886 952 4944; x_wconf 89' lang='lat' dir='ltr'>per</span> <span class='ocrx_word' id='word_1_319' title='bbox 978 4869 1123 4926; x_wconf 89' lang='lat' dir='ltr'>alios</span> <span class='ocrx_word' id='word_1_320' title='bbox 1169 4867 1398 4924; x_wconf 91' lang='lat' dir='ltr'>habitus</span> <span class='ocrx_word' id='word_1_321' title='bbox 1450 4867 1674 4934; x_wconf 85' lang='lat' dir='ltr'>influat,</span> 
     </span>
     <span class='ocr_line' id='line_1_55' title="bbox 303 4946 1675 5025; baseline -0.002 -20"><span class='ocrx_word' id='word_1_322' title='bbox 303 4950 642 5006; x_wconf 89' lang='lat' dir='ltr'>nullatenus</span> <span class='ocrx_word' id='word_1_323' title='bbox 693 4950 880 5025; x_wconf 85' lang='lat' dir='ltr'>gratia</span> <span class='ocrx_word' id='word_1_324' title='bbox 924 4946 1287 5022; x_wconf 87' lang='lat' dir='ltr'>dignificabit</span> <span class='ocrx_word' id='word_1_325' title='bbox 1327 4952 1481 5004; x_wconf 87' lang='lat' dir='ltr'>actus</span> <span class='ocrx_word' id='word_1_326' title='bbox 1524 4946 1675 5015; x_wconf 91' lang='lat' dir='ltr'>illos,</span> 
     </span>
     <span class='ocr_line' id='line_1_56' title="bbox 301 5027 1680 5104; baseline -0.001 -18"><span class='ocrx_word' id='word_1_327' title='bbox 301 5029 403 5088; x_wconf 83' lang='lat' dir='ltr'>sed</span> <span class='ocrx_word' id='word_1_328' title='bbox 425 5030 665 5104; x_wconf 90' lang='lat' dir='ltr'>perinde</span> <span class='ocrx_word' id='word_1_329' title='bbox 685 5047 747 5088; x_wconf 88' lang='lat' dir='ltr'>se</span> <span class='ocrx_word' id='word_1_330' title='bbox 772 5030 1007 5088; x_wconf 87' lang='lat' dir='ltr'>habebit</span> <span class='ocrx_word' id='word_1_331' title='bbox 1032 5029 1103 5087; x_wconf 91' lang='lat' dir='ltr'>ad</span> <span class='ocrx_word' id='word_1_332' title='bbox 1132 5027 1458 5103; x_wconf 89' lang='lat' dir='ltr'>augendum</span> <span class='ocrx_word' id='word_1_333' title='bbox 1480 5043 1680 5085; x_wconf 86' lang='lat' dir='ltr'>corum</span> 
     </span>
    </p>
   </div>
   <div class='ocr_carea' id='block_1_3' title="bbox 304 5110 1675 5187">
    <p class='ocr_par' dir='ltr' id='par_1_3' title="bbox 304 5110 1675 5187">
     <span class='ocr_line' id='line_1_57' title="bbox 304 5110 1675 5187; baseline -0.002 -16"><span class='ocrx_word' id='word_1_334' title='bbox 304 5114 589 5183; x_wconf 79' lang='lat' dir='ltr'>valorem,</span> <span class='ocrx_word' id='word_1_335' title='bbox 621 5129 685 5171; x_wconf 91' lang='lat' dir='ltr'>ac</span> <span class='ocrx_word' id='word_1_336' title='bbox 704 5113 842 5171; x_wconf 90' lang='lat' dir='ltr'>siin</span> <span class='ocrx_word' id='word_1_337' title='bbox 861 5128 931 5172; x_wconf 91' lang='lat' dir='ltr'>eo</span> <span class='ocrx_word' id='word_1_338' title='bbox 968 5111 1261 5187; x_wconf 86' lang='lat' dir='ltr'>supposito</span> <span class='ocrx_word' id='word_1_339' title='bbox 1282 5126 1402 5170; x_wconf 90' lang='lat' dir='ltr'>non</span> <span class='ocrx_word' id='word_1_340' title='bbox 1441 5110 1675 5169; x_wconf 89' lang='lat' dir='ltr'>adesset.</span> 
     </span>
    </p>
   </div>
   <div class='ocr_carea' id='block_1_4' title="bbox 1815 650 3189 1221">
    <p class='ocr_par' dir='ltr' id='par_1_4' title="bbox 1815 650 3189 1221">
     <span class='ocr_line' id='line_1_58' title="bbox 1819 650 3182 734; baseline 0.012 -31"><span class='ocrx_word' id='word_1_341' title='bbox 1819 650 1889 705; x_wconf 87' lang='lat' dir='ltr'>Et</span> <span class='ocrx_word' id='word_1_342' title='bbox 1947 658 2358 726; x_wconf 87' lang='lat' dir='ltr'>consequenter</span> <span class='ocrx_word' id='word_1_343' title='bbox 2408 655 2458 711; x_wconf 89' lang='lat' dir='ltr'>si</span> <span class='ocrx_word' id='word_1_344' title='bbox 2513 661 2670 715; x_wconf 88' lang='lat' dir='ltr'>actus</span> <span class='ocrx_word' id='word_1_345' title='bbox 2709 662 2802 719; x_wconf 85' lang='lat' dir='ltr'>vel</span> <span class='ocrx_word' id='word_1_346' title='bbox 2868 663 3182 734; x_wconf 88' lang='lat' dir='ltr'>naturales,</span> 
     </span>
     <span class='ocr_line' id='line_1_59' title="bbox 1819 731 3188 817; baseline 0.012 -32"><span class='ocrx_word' id='word_1_347' title='bbox 1819 731 1907 786; x_wconf 83' lang='lat' dir='ltr'>vel</span> <span class='ocrx_word' id='word_1_348' title='bbox 1936 736 2409 806; x_wconf 86' lang='lat' dir='ltr'>supernaturales</span> <span class='ocrx_word' id='word_1_349' title='bbox 2455 736 2517 792; x_wconf 89' lang='lat' dir='ltr'>in</span> <span class='ocrx_word' id='word_1_350' title='bbox 2549 738 2788 798; x_wconf 91' lang='lat' dir='ltr'>instanti</span> <span class='ocrx_word' id='word_1_351' title='bbox 2823 743 3188 817; x_wconf 82' lang='lat' dir='ltr'>justificatio-</span> 
     </span>
     <span class='ocr_line' id='line_1_60' title="bbox 1819 809 3189 900; baseline 0.013 -35"><span class='ocrx_word' id='word_1_352' title='bbox 1819 809 1912 866; x_wconf 89' lang='lat' dir='ltr'>nis</span> <span class='ocrx_word' id='word_1_353' title='bbox 1946 813 2123 871; x_wconf 90' lang='lat' dir='ltr'>eliciti</span> <span class='ocrx_word' id='word_1_354' title='bbox 2165 817 2328 874; x_wconf 90' lang='lat' dir='ltr'>nullo</span> <span class='ocrx_word' id='word_1_355' title='bbox 2356 817 2526 874; x_wconf 90' lang='lat' dir='ltr'>modo</span> <span class='ocrx_word' id='word_1_356' title='bbox 2554 818 2910 895; x_wconf 83' lang='lat' dir='ltr'>dependeant</span> <span class='ocrx_word' id='word_1_357' title='bbox 2931 842 2964 881; x_wconf 91' lang='lat' dir='ltr'>a</span> <span class='ocrx_word' id='word_1_358' title='bbox 3001 826 3189 900; x_wconf 84' lang='lat' dir='ltr'>gratia</span> 
     </span>
     <span class='ocr_line' id='line_1_61' title="bbox 1815 893 3181 980; baseline 0.015 -33"><span class='ocrx_word' id='word_1_359' title='bbox 1815 893 2509 973; x_wconf 83' lang='lat' dir='ltr'>sanctificante,tanquam</span> <span class='ocrx_word' id='word_1_360' title='bbox 2537 917 2570 957; x_wconf 89' lang='lat' dir='ltr'>a</span> <span class='ocrx_word' id='word_1_361' title='bbox 2598 903 2883 980; x_wconf 88' lang='lat' dir='ltr'>principio</span> <span class='ocrx_word' id='word_1_362' title='bbox 2903 908 3181 975; x_wconf 77' lang='lat' dir='ltr'>effectivo,</span> 
     </span>
     <span class='ocr_line' id='line_1_62' title="bbox 1815 971 3183 1050; baseline 0.014 -24"><span class='ocrx_word' id='word_1_363' title='bbox 1815 971 1914 1028; x_wconf 90' lang='lat' dir='ltr'>sed</span> <span class='ocrx_word' id='word_1_364' title='bbox 1960 991 2101 1047; x_wconf 90' lang='lat' dir='ltr'>pure</span> <span class='ocrx_word' id='word_1_365' title='bbox 2146 980 2595 1037; x_wconf 86' lang='lat' dir='ltr'>concomitanter</span> <span class='ocrx_word' id='word_1_366' title='bbox 2639 1000 2700 1041; x_wconf 90' lang='lat' dir='ltr'>se</span> <span class='ocrx_word' id='word_1_367' title='bbox 2745 985 3011 1050; x_wconf 88' lang='lat' dir='ltr'>habeant,</span> <span class='ocrx_word' id='word_1_368' title='bbox 3065 1003 3183 1045; x_wconf 88' lang='lat' dir='ltr'>non</span> 
     </span>
     <span class='ocr_line' id='line_1_63' title="bbox 1817 1053 3184 1134; baseline 0.013 -26"><span class='ocrx_word' id='word_1_369' title='bbox 1817 1053 2246 1128; x_wconf 83' lang='lat' dir='ltr'>participabunt</span> <span class='ocrx_word' id='word_1_370' title='bbox 2289 1059 2411 1134; x_wconf 85' lang='lat' dir='ltr'>ejus</span> <span class='ocrx_word' id='word_1_371' title='bbox 2433 1061 2709 1130; x_wconf 86' lang='lat' dir='ltr'>valorem,</span> <span class='ocrx_word' id='word_1_372' title='bbox 2745 1081 2849 1123; x_wconf 87' lang='lat' dir='ltr'>nec</span> <span class='ocrx_word' id='word_1_373' title='bbox 2868 1073 3040 1123; x_wconf 88' lang='lat' dir='ltr'>erunt</span> <span class='ocrx_word' id='word_1_374' title='bbox 3067 1083 3184 1125; x_wconf 88' lang='lat' dir='ltr'>me·</span> 
     </span>
     <span class='ocr_line' id='line_1_64' title="bbox 1817 1133 2851 1221; baseline 0.015 -33"><span class='ocrx_word' id='word_1_375' title='bbox 1817 1133 2010 1192; x_wconf 91' lang='lat' dir='ltr'>ritorii</span> <span class='ocrx_word' id='word_1_376' title='bbox 2034 1138 2167 1195; x_wconf 83' lang='lat' dir='ltr'>vitae</span> <span class='ocrx_word' id='word_1_377' title='bbox 2193 1145 2426 1199; x_wconf 79' lang='lat' dir='ltr'>aeternae</span> <span class='ocrx_word' id='word_1_378' title='bbox 2455 1141 2523 1199; x_wconf 90' lang='lat' dir='ltr'>de</span> <span class='ocrx_word' id='word_1_379' title='bbox 2552 1146 2851 1221; x_wconf 90' lang='lat' dir='ltr'>condigno.</span> 
     </span>
    </p>
   </div>
   <div class='ocr_carea' id='block_1_5' title="bbox 1890 1216 3404 1299">
    <p class='ocr_par' dir='ltr' id='par_1_5' title="bbox 1890 1216 3404 1299">
     <span class='ocr_line' id='line_1_65' title="bbox 1890 1216 3404 1299; baseline 0.011 -29"><span class='ocrx_word' id='word_1_380' title='bbox 1890 1216 1981 1272; x_wconf 91' lang='lat'>81.</span> <span class='ocrx_word' id='word_1_381' title='bbox 2028 1219 2286 1278; x_wconf 88' lang='lat' dir='ltr'>Secundo</span> <span class='ocrx_word' id='word_1_382' title='bbox 2310 1226 2657 1297; x_wconf 89' lang='lat' dir='ltr'>respondent</span> <span class='ocrx_word' id='word_1_383' title='bbox 2681 1228 2782 1284; x_wconf 88' lang='lat' dir='ltr'>alii</span> <span class='ocrx_word' id='word_1_384' title='bbox 2802 1229 3175 1299; x_wconf 83' lang='lat' dir='ltr'>concedende,</span> <span class='ocrx_word' id='word_1_385' title='bbox 3195 1222 3292 1267; x_wconf 53' lang='lat'>‘4¹¹⁸</span> <span class='ocrx_word' id='word_1_386' title='bbox 3304 1233 3404 1269; x_wconf 59' lang='lat'>0¹³·</span> 
     </span>
    </p>
   </div>
   <div class='ocr_carea' id='block_1_6' title="bbox 1808 1296 3185 2673">
    <p class='ocr_par' dir='ltr' id='par_1_6' title="bbox 1808 1296 3185 2673">
     <span class='ocr_line' id='line_1_66' title="bbox 1814 1296 3182 1387; baseline 0.013 -36"><span class='ocrx_word' id='word_1_387' title='bbox 1814 1296 1963 1387; x_wconf 80' lang='lat' dir='ltr'>quod</span> <span class='ocrx_word' id='word_1_388' title='bbox 2002 1303 2064 1354; x_wconf 92' lang='lat' dir='ltr'>ut</span> <span class='ocrx_word' id='word_1_389' title='bbox 2110 1306 2265 1358; x_wconf 89' lang='lat' dir='ltr'>actus</span> <span class='ocrx_word' id='word_1_390' title='bbox 2303 1305 2380 1360; x_wconf 92' lang='lat' dir='ltr'>sit</span> <span class='ocrx_word' id='word_1_391' title='bbox 2418 1306 2489 1363; x_wconf 89' lang='lat' dir='ltr'>de</span> <span class='ocrx_word' id='word_1_392' title='bbox 2522 1307 2803 1382; x_wconf 90' lang='lat' dir='ltr'>condigno</span> <span class='ocrx_word' id='word_1_393' title='bbox 2848 1312 3182 1369; x_wconf 88' lang='lat' dir='ltr'>meritorius</span> 
     </span>
     <span class='ocr_line' id='line_1_67' title="bbox 1814 1383 3182 1468; baseline 0.015 -35"><span class='ocrx_word' id='word_1_394' title='bbox 1814 1383 1947 1468; x_wconf 71' lang='lat' dir='ltr'>yitae</span> <span class='ocrx_word' id='word_1_395' title='bbox 1992 1387 2236 1450; x_wconf 79' lang='lat' dir='ltr'>aeternae,</span> <span class='ocrx_word' id='word_1_396' title='bbox 2285 1385 2448 1443; x_wconf 90' lang='lat' dir='ltr'>debet</span> <span class='ocrx_word' id='word_1_397' title='bbox 2501 1388 2824 1463; x_wconf 88' lang='lat' dir='ltr'>dependere</span> <span class='ocrx_word' id='word_1_398' title='bbox 2870 1391 2941 1449; x_wconf 91' lang='lat' dir='ltr'>ab</span> <span class='ocrx_word' id='word_1_399' title='bbox 2989 1394 3182 1467; x_wconf 88' lang='lat' dir='ltr'>aliquo</span> 
     </span>
     <span class='ocr_line' id='line_1_68' title="bbox 1810 1457 3185 1541; baseline 0.015 -29"><span class='ocrx_word' id='word_1_400' title='bbox 1810 1457 2039 1535; x_wconf 78' lang='lat' dir='ltr'>¹influxu</span> <span class='ocrx_word' id='word_1_401' title='bbox 2068 1462 2331 1522; x_wconf 82' lang='lat' dir='ltr'>effectivo</span> <span class='ocrx_word' id='word_1_402' title='bbox 2351 1467 2548 1541; x_wconf 79' lang='lat' dir='ltr'>gratiae</span> <span class='ocrx_word' id='word_1_403' title='bbox 2569 1471 2973 1529; x_wconf 85' lang='lat' dir='ltr'>sanctificantis</span> <span class='ocrx_word' id='word_1_404' title='bbox 2998 1498 3012 1541; x_wconf 86' lang='lat'>;</span> <span class='ocrx_word' id='word_1_405' title='bbox 3036 1491 3185 1532; x_wconf 89' lang='lat' dir='ltr'>asse-</span> 
     </span>
     <span class='ocr_line' id='line_1_69' title="bbox 1813 1546 3182 1624; baseline 0.015 -31"><span class='ocrx_word' id='word_1_406' title='bbox 1813 1546 1951 1595; x_wconf 89' lang='lat' dir='ltr'>runt</span> <span class='ocrx_word' id='word_1_407' title='bbox 1989 1547 2204 1611; x_wconf 89' lang='lat' dir='ltr'>tamen,</span> <span class='ocrx_word' id='word_1_408' title='bbox 2249 1563 2365 1604; x_wconf 85' lang='lat' dir='ltr'>non</span> <span class='ocrx_word' id='word_1_409' title='bbox 2396 1549 2633 1621; x_wconf 89' lang='lat' dir='ltr'>requiri,</span> <span class='ocrx_word' id='word_1_410' title='bbox 2678 1552 2829 1624; x_wconf 88' lang='lat' dir='ltr'>quod</span> <span class='ocrx_word' id='word_1_411' title='bbox 2869 1554 2973 1612; x_wconf 84' lang='lat' dir='ltr'>iste</span> <span class='ocrx_word' id='word_1_412' title='bbox 3001 1555 3182 1612; x_wconf 88' lang='lat' dir='ltr'>influ-</span> 
     </span>
     <span class='ocr_line' id='line_1_70' title="bbox 1809 1620 3182 1695; baseline 0.014 -21"><span class='ocrx_word' id='word_1_413' title='bbox 1809 1636 1917 1675; x_wconf 82' lang='lat' dir='ltr'>xus</span> <span class='ocrx_word' id='word_1_414' title='bbox 1938 1620 2136 1679; x_wconf 90' lang='lat' dir='ltr'>debeat</span> <span class='ocrx_word' id='word_1_415' title='bbox 2165 1628 2471 1686; x_wconf 88' lang='lat' dir='ltr'>terminari</span> <span class='ocrx_word' id='word_1_416' title='bbox 2496 1630 2564 1687; x_wconf 90' lang='lat' dir='ltr'>ad</span> <span class='ocrx_word' id='word_1_417' title='bbox 2613 1632 2996 1692; x_wconf 87' lang='lat' dir='ltr'>substantiam</span> <span class='ocrx_word' id='word_1_418' title='bbox 3025 1642 3182 1695; x_wconf 88' lang='lat' dir='ltr'>actus</span> 
     </span>
     <span class='ocr_line' id='line_1_71' title="bbox 1811 1702 3180 1788; baseline 0.016 -32"><span class='ocrx_word' id='word_1_419' title='bbox 1811 1702 2118 1772; x_wconf 89' lang='lat' dir='ltr'>meritorii,</span> <span class='ocrx_word' id='word_1_420' title='bbox 2161 1708 2260 1765; x_wconf 91' lang='lat' dir='ltr'>sed</span> <span class='ocrx_word' id='word_1_421' title='bbox 2314 1710 2589 1780; x_wconf 78' lang='lat' dir='ltr'>sufficere,</span> <span class='ocrx_word' id='word_1_422' title='bbox 2640 1715 2789 1788; x_wconf 92' lang='lat' dir='ltr'>quod</span> <span class='ocrx_word' id='word_1_423' title='bbox 2830 1718 3180 1778; x_wconf 89' lang='lat' dir='ltr'>terminetur</span> 
     </span>
     <span class='ocr_line' id='line_1_72' title="bbox 1811 1780 3182 1872; baseline 0.016 -36"><span class='ocrx_word' id='word_1_424' title='bbox 1811 1780 1882 1872; x_wconf 73' lang='lat' dir='ltr'>ad</span> <span class='ocrx_word' id='word_1_425' title='bbox 1917 1783 2152 1841; x_wconf 90' lang='lat' dir='ltr'>modum</span> <span class='ocrx_word' id='word_1_426' title='bbox 2184 1787 2432 1861; x_wconf 89' lang='lat' dir='ltr'>aliquem</span> <span class='ocrx_word' id='word_1_427' title='bbox 2483 1791 2868 1863; x_wconf 77' lang='lat' dir='ltr'>formationi5‚</span> <span class='ocrx_word' id='word_1_428' title='bbox 2894 1814 2990 1855; x_wconf 90' lang='lat' dir='ltr'>seu</span> <span class='ocrx_word' id='word_1_429' title='bbox 3036 1801 3182 1858; x_wconf 89' lang='lat' dir='ltr'>rela-</span> 
     </span>
     <span class='ocr_line' id='line_1_73' title="bbox 1811 1863 3181 1947; baseline 0.015 -32"><span class='ocrx_word' id='word_1_430' title='bbox 1811 1863 1986 1919; x_wconf 82' lang='lat' dir='ltr'>tionis</span> <span class='ocrx_word' id='word_1_431' title='bbox 2003 1864 2072 1920; x_wconf 91' lang='lat' dir='ltr'>ad</span> <span class='ocrx_word' id='word_1_432' title='bbox 2095 1869 2594 1938; x_wconf 80' lang='lat' dir='ltr'>praemium.Unde</span> <span class='ocrx_word' id='word_1_433' title='bbox 2610 1883 3016 1947; x_wconf 85' lang='lat' dir='ltr'>argumentum</span> <span class='ocrx_word' id='word_1_434' title='bbox 3041 1894 3181 1936; x_wconf 89' lang='lat' dir='ltr'>nos-</span> 
     </span>
     <span class='ocr_line' id='line_1_74' title="bbox 1810 1946 3179 2025; baseline 0.013 -27"><span class='ocrx_word' id='word_1_435' title='bbox 1810 1946 1967 1999; x_wconf 90' lang='lat' dir='ltr'>trum</span> <span class='ocrx_word' id='word_1_436' title='bbox 2015 1961 2132 2002; x_wconf 88' lang='lat' dir='ltr'>non</span> <span class='ocrx_word' id='word_1_437' title='bbox 2160 1948 2463 2020; x_wconf 88' lang='lat' dir='ltr'>concludit,</span> <span class='ocrx_word' id='word_1_438' title='bbox 2499 1959 2649 2025; x_wconf 87' lang='lat' dir='ltr'>quod</span> <span class='ocrx_word' id='word_1_439' title='bbox 2704 1960 2858 2011; x_wconf 88' lang='lat' dir='ltr'>actus</span> <span class='ocrx_word' id='word_1_440' title='bbox 2888 1959 3179 2016; x_wconf 90' lang='lat' dir='ltr'>meritorii</span> 
     </span>
     <span class='ocr_line' id='line_1_75' title="bbox 1812 2025 3181 2113; baseline 0.013 -31"><span class='ocrx_word' id='word_1_441' title='bbox 1812 2025 1875 2082; x_wconf 91' lang='lat' dir='ltr'>in</span> <span class='ocrx_word' id='word_1_442' title='bbox 1897 2025 2137 2085; x_wconf 88' lang='lat' dir='ltr'>instanti</span> <span class='ocrx_word' id='word_1_443' title='bbox 2174 2030 2601 2104; x_wconf 77' lang='lat' dir='ltr'>Justificationis</span> <span class='ocrx_word' id='word_1_444' title='bbox 2645 2036 2953 2095; x_wconf 85' lang='lat' dir='ltr'>existentes</span> <span class='ocrx_word' id='word_1_445' title='bbox 2980 2057 3181 2113; x_wconf 91' lang='lat' dir='ltr'>proce-</span> 
     </span>
     <span class='ocr_line' id='line_1_76' title="bbox 1809 2105 3181 2191; baseline 0.012 -30"><span class='ocrx_word' id='word_1_446' title='bbox 1809 2105 1949 2162; x_wconf 87' lang='lat' dir='ltr'>dant</span> <span class='ocrx_word' id='word_1_447' title='bbox 1988 2109 2301 2168; x_wconf 86' lang='lat' dir='ltr'>secundum</span> <span class='ocrx_word' id='word_1_448' title='bbox 2323 2112 2708 2172; x_wconf 88' lang='lat' dir='ltr'>substantiam</span> <span class='ocrx_word' id='word_1_449' title='bbox 2738 2132 2770 2172; x_wconf 92' lang='lat' dir='ltr'>a</span> <span class='ocrx_word' id='word_1_450' title='bbox 2796 2119 2981 2191; x_wconf 88' lang='lat' dir='ltr'>gratia</span> <span class='ocrx_word' id='word_1_451' title='bbox 3009 2120 3181 2178; x_wconf 90' lang='lat' dir='ltr'>habi-</span> 
     </span>
     <span class='ocr_line' id='line_1_77' title="bbox 1808 2186 3180 2270; baseline 0.012 -28"><span class='ocrx_word' id='word_1_452' title='bbox 1808 2186 2033 2255; x_wconf 89' lang='lat' dir='ltr'>bituali‚</span> <span class='ocrx_word' id='word_1_453' title='bbox 2058 2190 2156 2247; x_wconf 89' lang='lat' dir='ltr'>sed</span> <span class='ocrx_word' id='word_1_454' title='bbox 2182 2194 2371 2250; x_wconf 92' lang='lat' dir='ltr'>solum</span> <span class='ocrx_word' id='word_1_455' title='bbox 2401 2195 2550 2268; x_wconf 92' lang='lat' dir='ltr'>quod</span> <span class='ocrx_word' id='word_1_456' title='bbox 2597 2196 2955 2270; x_wconf 85' lang='lat' dir='ltr'>dependeant</span> <span class='ocrx_word' id='word_1_457' title='bbox 2977 2200 3047 2257; x_wconf 87' lang='lat' dir='ltr'>ab</span> <span class='ocrx_word' id='word_1_458' title='bbox 3077 2203 3180 2259; x_wconf 89' lang='lat' dir='ltr'>illa</span> 
     </span>
     <span class='ocr_line' id='line_1_78' title="bbox 1808 2267 3181 2355; baseline 0.011 -31"><span class='ocrx_word' id='word_1_459' title='bbox 1808 2267 2123 2325; x_wconf 87' lang='lat' dir='ltr'>secundum</span> <span class='ocrx_word' id='word_1_460' title='bbox 2166 2273 2403 2331; x_wconf 91' lang='lat' dir='ltr'>modum</span> <span class='ocrx_word' id='word_1_461' title='bbox 2439 2276 2828 2334; x_wconf 86' lang='lat' dir='ltr'>formationis.</span> <span class='ocrx_word' id='word_1_462' title='bbox 2880 2281 3022 2336; x_wconf 91' lang='lat' dir='ltr'>Cum</span> <span class='ocrx_word' id='word_1_463' title='bbox 3068 2297 3181 2355; x_wconf 90' lang='lat' dir='ltr'>quo</span> 
     </span>
     <span class='ocr_line' id='line_1_79' title="bbox 1808 2354 3180 2432; baseline 0.01 -28"><span class='ocrx_word' id='word_1_464' title='bbox 1808 2354 2004 2413; x_wconf 87' lang='lat' dir='ltr'>tamen</span> <span class='ocrx_word' id='word_1_465' title='bbox 2034 2356 2182 2408; x_wconf 86' lang='lat' dir='ltr'>recte</span> <span class='ocrx_word' id='word_1_466' title='bbox 2221 2355 2479 2423; x_wconf 64' lang='lat' dir='ltr'>cohaeret,</span> <span class='ocrx_word' id='word_1_467' title='bbox 2514 2356 2660 2430; x_wconf 89' lang='lat' dir='ltr'>quod</span> <span class='ocrx_word' id='word_1_468' title='bbox 2721 2356 2976 2432; x_wconf 80' lang='lat' dir='ltr'>praedicti</span> <span class='ocrx_word' id='word_1_469' title='bbox 3024 2367 3180 2418; x_wconf 88' lang='lat' dir='ltr'>actus</span> 
     </span>
     <span class='ocr_line' id='line_1_80' title="bbox 1808 2430 3180 2499; baseline 0.007 -12"><span class='ocrx_word' id='word_1_470' title='bbox 1808 2430 2158 2488; x_wconf 87' lang='lat' dir='ltr'>considerati</span> <span class='ocrx_word' id='word_1_471' title='bbox 2204 2435 2520 2493; x_wconf 90' lang='lat' dir='ltr'>secundum</span> <span class='ocrx_word' id='word_1_472' title='bbox 2576 2454 2741 2494; x_wconf 89' lang='lat' dir='ltr'>suam</span> <span class='ocrx_word' id='word_1_473' title='bbox 2799 2438 3180 2499; x_wconf 86' lang='lat' dir='ltr'>substantiam</span> 
     </span>
     <span class='ocr_line' id='line_1_81' title="bbox 1808 2509 3180 2596; baseline 0.01 -31"><span class='ocrx_word' id='word_1_474' title='bbox 1808 2509 2117 2583; x_wconf 87' lang='lat' dir='ltr'>procedant</span> <span class='ocrx_word' id='word_1_475' title='bbox 2144 2528 2176 2569; x_wconf 88' lang='lat' dir='ltr'>a</span> <span class='ocrx_word' id='word_1_476' title='bbox 2216 2516 2337 2572; x_wconf 93' lang='lat' dir='ltr'>solo</span> <span class='ocrx_word' id='word_1_477' title='bbox 2376 2518 2595 2574; x_wconf 87' lang='lat' dir='ltr'>auxilio</span> <span class='ocrx_word' id='word_1_478' title='bbox 2620 2519 2843 2585; x_wconf 90' lang='lat' dir='ltr'>actuali,</span> <span class='ocrx_word' id='word_1_479' title='bbox 2876 2525 2931 2577; x_wconf 89' lang='lat' dir='ltr'>et</span> <span class='ocrx_word' id='word_1_480' title='bbox 2973 2537 3180 2596; x_wconf 91' lang='lat' dir='ltr'>suppo-</span> 
     </span>
     <span class='ocr_line' id='line_1_82' title="bbox 1809 2592 3177 2673; baseline 0.01 -28"><span class='ocrx_word' id='word_1_481' title='bbox 1809 2595 2024 2647; x_wconf 88' lang='lat' dir='ltr'>nantur</span> <span class='ocrx_word' id='word_1_482' title='bbox 2066 2592 2407 2666; x_wconf 86' lang='lat' dir='ltr'>simpliciter</span> <span class='ocrx_word' id='word_1_483' title='bbox 2428 2596 2495 2653; x_wconf 91' lang='lat' dir='ltr'>ad</span> <span class='ocrx_word' id='word_1_484' title='bbox 2537 2600 2784 2673; x_wconf 89' lang='lat' dir='ltr'>gratiam</span> <span class='ocrx_word' id='word_1_485' title='bbox 2812 2600 3177 2658; x_wconf 88' lang='lat' dir='ltr'>sanctifican-</span> 
     </span>
    </p>
   </div>
   <div class='ocr_carea' id='block_1_7' title="bbox 3246 1272 3335 1318">
    <p class='ocr_par' dir='ltr' id='par_1_7' title="bbox 3246 1272 3335 1318">
     <span class='ocr_line' id='line_1_83' title="bbox 3246 1272 3335 1318; baseline 0 0"><span class='ocrx_word' id='word_1_486' title='bbox 3246 1272 3335 1318; x_wconf 76' lang='lat' dir='ltr'>sio.</span> 
     </span>
    </p>
   </div>
   <div class='ocr_carea' id='block_1_8' title="bbox 1807 2675 3379 2751">
    <p class='ocr_par' dir='ltr' id='par_1_8' title="bbox 1807 2675 3379 2751">
     <span class='ocr_line' id='line_1_84' title="bbox 1807 2675 3379 2751; baseline 0.006 -22"><span class='ocrx_word' id='word_1_487' title='bbox 1807 2678 1943 2730; x_wconf 91' lang='lat' dir='ltr'>tem.</span> <span class='ocrx_word' id='word_1_488' title='bbox 1975 2675 2135 2740; x_wconf 90' lang='lat' dir='ltr'>Quod</span> <span class='ocrx_word' id='word_1_489' title='bbox 2186 2677 2537 2751; x_wconf 83' lang='lat' dir='ltr'>significasse</span> <span class='ocrx_word' id='word_1_490' title='bbox 2585 2682 2816 2739; x_wconf 83' lang='lat' dir='ltr'>videtur</span> <span class='ocrx_word' id='word_1_491' title='bbox 2865 2687 2929 2740; x_wconf 94' lang='lat' dir='ltr'>D.</span> <span class='ocrx_word' id='word_1_492' title='bbox 2964 2685 3169 2743; x_wconf 88' lang='lat' dir='ltr'>Thom.</span> <span class='ocrx_word' id='word_1_493' title='bbox 3193 2697 3248 2740; x_wconf 87' lang='lat' dir='ltr'>D.</span> <span class='ocrx_word' id='word_1_494' title='bbox 3272 2696 3379 2740; x_wconf 77' lang='lat' dir='ltr'>Tho.</span> 
     </span>
    </p>
   </div>
   <div class='ocr_carea' id='block_1_9' title="bbox 1806 2758 3182 3785">
    <p class='ocr_par' dir='ltr' id='par_1_9' title="bbox 1806 2758 3182 3785">
     <span class='ocr_line' id='line_1_85' title="bbox 1806 2758 3177 2833; baseline 0.01 -25"><span class='ocrx_word' id='word_1_495' title='bbox 1806 2763 1990 2832; x_wconf 74' lang='lat' dir='ltr'>quoest.</span> <span class='ocrx_word' id='word_1_496' title='bbox 2038 2759 2130 2823; x_wconf 78' lang='lat'>28,</span> <span class='ocrx_word' id='word_1_497' title='bbox 2163 2758 2227 2813; x_wconf 79' lang='lat' dir='ltr'>de</span> <span class='ocrx_word' id='word_1_498' title='bbox 2281 2758 2449 2817; x_wconf 75' lang='lat' dir='ltr'>Verit.</span> <span class='ocrx_word' id='word_1_499' title='bbox 2476 2769 2586 2819; x_wconf 80' lang='lat' dir='ltr'>art.</span> <span class='ocrx_word' id='word_1_500' title='bbox 2620 2764 2654 2818; x_wconf 88' lang='lat'>8</span> <span class='ocrx_word' id='word_1_501' title='bbox 2682 2765 2757 2819; x_wconf 84' lang='lat' dir='ltr'>ad</span> <span class='ocrx_word' id='word_1_502' title='bbox 2794 2767 2846 2833; x_wconf 85' lang='lat'>4,</span> <span class='ocrx_word' id='word_1_503' title='bbox 2898 2765 2990 2821; x_wconf 87' lang='lat' dir='ltr'>his</span> <span class='ocrx_word' id='word_1_504' title='bbox 3039 2781 3177 2823; x_wconf 80' lang='lat' dir='ltr'>ver-</span> 
     </span>
     <span class='ocr_line' id='line_1_86' title="bbox 1808 2834 3181 2916; baseline 0.009 -25"><span class='ocrx_word' id='word_1_505' title='bbox 1808 2834 1934 2892; x_wconf 86' lang='lat' dir='ltr'>bis:</span> <span class='ocrx_word' id='word_1_506' title='bbox 1984 2859 2010 2890; x_wconf 82' lang='lat'>«</span> <span class='ocrx_word' id='word_1_507' title='bbox 2040 2838 2371 2908; x_wconf 88' lang='lat' dir='ltr'>Dicendum,</span> <span class='ocrx_word' id='word_1_508' title='bbox 2405 2841 2554 2916; x_wconf 90' lang='lat' dir='ltr'>quod</span> <span class='ocrx_word' id='word_1_509' title='bbox 2594 2844 2742 2901; x_wconf 86' lang='lat' dir='ltr'>sicut</span> <span class='ocrx_word' id='word_1_510' title='bbox 2783 2851 2937 2905; x_wconf 91' lang='lat' dir='ltr'>actus</span> <span class='ocrx_word' id='word_1_511' title='bbox 2959 2846 3181 2904; x_wconf 90' lang='lat' dir='ltr'>forma-</span> 
     </span>
     <span class='ocr_line' id='line_1_87' title="bbox 1812 2916 3180 3000; baseline 0.012 -31"><span class='ocrx_word' id='word_1_512' title='bbox 1812 2938 1837 2968; x_wconf 81' lang='lat'>«</span> <span class='ocrx_word' id='word_1_513' title='bbox 1872 2916 2004 2973; x_wconf 90' lang='lat' dir='ltr'>liter</span> <span class='ocrx_word' id='word_1_514' title='bbox 2028 2918 2247 2991; x_wconf 86' lang='lat' dir='ltr'>perficit</span> <span class='ocrx_word' id='word_1_515' title='bbox 2274 2924 2611 2994; x_wconf 79' lang='lat' dir='ltr'>potentiam,</span> <span class='ocrx_word' id='word_1_516' title='bbox 2639 2925 2719 2982; x_wconf 90' lang='lat' dir='ltr'>ita</span> <span class='ocrx_word' id='word_1_517' title='bbox 2740 2926 2890 3000; x_wconf 91' lang='lat' dir='ltr'>quod</span> <span class='ocrx_word' id='word_1_518' title='bbox 2910 2943 2980 2984; x_wconf 86' lang='lat' dir='ltr'>ex</span> <span class='ocrx_word' id='word_1_519' title='bbox 3010 2928 3180 2985; x_wconf 88' lang='lat' dir='ltr'>habi-</span> 
     </span>
     <span class='ocr_line' id='line_1_88' title="bbox 1812 2999 3181 3073; baseline 0.011 -23"><span class='ocrx_word' id='word_1_520' title='bbox 1812 3017 1838 3048; x_wconf 76' lang='grc' dir='ltr'>α</span> <span class='ocrx_word' id='word_1_521' title='bbox 1872 3001 1931 3053; x_wconf 92' lang='lat' dir='ltr'>tu</span> <span class='ocrx_word' id='word_1_522' title='bbox 1976 2999 2330 3073; x_wconf 84' lang='lat' dir='ltr'>relinquitur</span> <span class='ocrx_word' id='word_1_523' title='bbox 2370 3003 2435 3059; x_wconf 92' lang='lat' dir='ltr'>in</span> <span class='ocrx_word' id='word_1_524' title='bbox 2481 3012 2631 3070; x_wconf 88' lang='lat' dir='ltr'>actu,</span> <span class='ocrx_word' id='word_1_525' title='bbox 2656 3011 2740 3062; x_wconf 90' lang='lat' dir='ltr'>est</span> <span class='ocrx_word' id='word_1_526' title='bbox 2781 3000 3028 3064; x_wconf 76' lang='lat' dir='ltr'>farmala</span> <span class='ocrx_word' id='word_1_527' title='bbox 3057 3023 3181 3065; x_wconf 90' lang='lat' dir='ltr'>res-</span> 
     </span>
     <span class='ocr_line' id='line_1_89' title="bbox 1812 3082 3182 3162; baseline 0.012 -31"><span class='ocrx_word' id='word_1_528' title='bbox 1812 3100 1838 3131; x_wconf 84' lang='lat'>«</span> <span class='ocrx_word' id='word_1_529' title='bbox 1865 3085 2024 3152; x_wconf 89' lang='lat' dir='ltr'>pectu</span> <span class='ocrx_word' id='word_1_530' title='bbox 2070 3082 2406 3142; x_wconf 80' lang='lat' dir='ltr'>substantiae</span> <span class='ocrx_word' id='word_1_531' title='bbox 2452 3092 2627 3152; x_wconf 86' lang='lat' dir='ltr'>actus,</span> <span class='ocrx_word' id='word_1_532' title='bbox 2679 3104 2856 3159; x_wconf 91' lang='lat' dir='ltr'>quam</span> <span class='ocrx_word' id='word_1_533' title='bbox 2924 3090 3182 3162; x_wconf 88' lang='lat' dir='ltr'>potentia</span> 
     </span>
     <span class='ocr_line' id='line_1_90' title="bbox 1812 3161 3181 3227; baseline 0.012 -16"><span class='ocrx_word' id='word_1_534' title='bbox 1812 3180 1838 3210; x_wconf 79' lang='grc' dir='ltr'>α</span> <span class='ocrx_word' id='word_1_535' title='bbox 1865 3161 2179 3220; x_wconf 87' lang='lat' dir='ltr'>ministrat.</span> <span class='ocrx_word' id='word_1_536' title='bbox 2228 3166 2298 3219; x_wconf 84' lang='lat' dir='ltr'>Et</span> <span class='ocrx_word' id='word_1_537' title='bbox 2357 3166 2439 3222; x_wconf 90' lang='lat' dir='ltr'>sic</span> <span class='ocrx_word' id='word_1_538' title='bbox 2485 3166 2713 3224; x_wconf 90' lang='lat' dir='ltr'>habitus</span> <span class='ocrx_word' id='word_1_539' title='bbox 2776 3173 2859 3224; x_wconf 88' lang='lat' dir='ltr'>est</span> <span class='ocrx_word' id='word_1_540' title='bbox 2936 3167 3181 3227; x_wconf 77' lang='lat' dir='ltr'>formale</span> 
     </span>
     <span class='ocr_line' id='line_1_91' title="bbox 1812 3240 3180 3319; baseline 0.01 -26"><span class='ocrx_word' id='word_1_541' title='bbox 1812 3260 1838 3291; x_wconf 77' lang='grc' dir='ltr'>α</span> <span class='ocrx_word' id='word_1_542' title='bbox 1868 3240 2221 3314; x_wconf 88' lang='lat' dir='ltr'>principium</span> <span class='ocrx_word' id='word_1_543' title='bbox 2252 3250 2408 3300; x_wconf 85' lang='lat' dir='ltr'>actus</span> <span class='ocrx_word' id='word_1_544' title='bbox 2448 3246 2702 3313; x_wconf 85' lang='lat' dir='ltr'>formati,</span> <span class='ocrx_word' id='word_1_545' title='bbox 2737 3249 3004 3319; x_wconf 84' lang='lat' dir='ltr'>quamvis</span> <span class='ocrx_word' id='word_1_546' title='bbox 3057 3264 3180 3306; x_wconf 88' lang='lat' dir='ltr'>res-</span> 
     </span>
     <span class='ocr_line' id='line_1_92' title="bbox 1812 3320 3181 3394; baseline 0.009 -20"><span class='ocrx_word' id='word_1_547' title='bbox 1812 3341 1838 3374; x_wconf 81' lang='grc' dir='ltr'>α</span> <span class='ocrx_word' id='word_1_548' title='bbox 1865 3327 2025 3394; x_wconf 87' lang='lat' dir='ltr'>pectu</span> <span class='ocrx_word' id='word_1_549' title='bbox 2049 3320 2414 3380; x_wconf 89' lang='lat' dir='ltr'>formationis</span> <span class='ocrx_word' id='word_1_550' title='bbox 2443 3325 2646 3383; x_wconf 88' lang='lat' dir='ltr'>habeat</span> <span class='ocrx_word' id='word_1_551' title='bbox 2693 3328 2977 3385; x_wconf 89' lang='lat' dir='ltr'>rationem</span> <span class='ocrx_word' id='word_1_552' title='bbox 3000 3346 3181 3387; x_wconf 77' lang='lat' dir='ltr'>causae</span> 
     </span>
     <span class='ocr_line' id='line_1_93' title="bbox 1813 3403 3181 3484; baseline 0.009 -27"><span class='ocrx_word' id='word_1_553' title='bbox 1813 3425 1839 3456; x_wconf 76' lang='grc' dir='ltr'>α</span> <span class='ocrx_word' id='word_1_554' title='bbox 1863 3403 2175 3461; x_wconf 84' lang='lat' dir='ltr'>efficientis.</span> <span class='ocrx_word' id='word_1_555' title='bbox 2210 3425 2234 3456; x_wconf 89' lang='lat'>»</span> <span class='ocrx_word' id='word_1_556' title='bbox 2262 3408 2381 3469; x_wconf 89' lang='lat' dir='ltr'>Quo</span> <span class='ocrx_word' id='word_1_557' title='bbox 2407 3406 2677 3479; x_wconf 89' lang='lat' dir='ltr'>loquendi</span> <span class='ocrx_word' id='word_1_558' title='bbox 2704 3424 2916 3483; x_wconf 88' lang='lat' dir='ltr'>genere</span> <span class='ocrx_word' id='word_1_559' title='bbox 2938 3417 3181 3484; x_wconf 50' lang='lat' dir='ltr'>expres*</span> 
     </span>
     <span class='ocr_line' id='line_1_94' title="bbox 1807 3483 3175 3558; baseline 0.007 -20"><span class='ocrx_word' id='word_1_560' title='bbox 1807 3483 1900 3551; x_wconf 91' lang='lat' dir='ltr'>sit,</span> <span class='ocrx_word' id='word_1_561' title='bbox 1955 3499 2073 3540; x_wconf 92' lang='lat' dir='ltr'>non</span> <span class='ocrx_word' id='word_1_562' title='bbox 2138 3484 2377 3557; x_wconf 90' lang='lat' dir='ltr'>requiri,</span> <span class='ocrx_word' id='word_1_563' title='bbox 2427 3490 2491 3540; x_wconf 92' lang='lat' dir='ltr'>ut</span> <span class='ocrx_word' id='word_1_564' title='bbox 2534 3492 2691 3543; x_wconf 87' lang='lat' dir='ltr'>actus</span> <span class='ocrx_word' id='word_1_565' title='bbox 2753 3488 2829 3543; x_wconf 90' lang='lat' dir='ltr'>sit</span> <span class='ocrx_word' id='word_1_566' title='bbox 2875 3489 3175 3558; x_wconf 86' lang='lat' dir='ltr'>formatus,</span> 
     </span>
     <span class='ocr_line' id='line_1_95' title="bbox 1808 3563 3180 3637; baseline 0.007 -16"><span class='ocrx_word' id='word_1_567' title='bbox 1808 3567 1865 3621; x_wconf 92' lang='lat' dir='ltr'>et</span> <span class='ocrx_word' id='word_1_568' title='bbox 1893 3563 2245 3631; x_wconf 88' lang='lat' dir='ltr'>meritorius,</span> <span class='ocrx_word' id='word_1_569' title='bbox 2271 3563 2419 3637; x_wconf 91' lang='lat' dir='ltr'>quod</span> <span class='ocrx_word' id='word_1_570' title='bbox 2458 3566 2648 3637; x_wconf 85' lang='lat' dir='ltr'>gratia</span> <span class='ocrx_word' id='word_1_571' title='bbox 2694 3566 2899 3627; x_wconf 88' lang='lat' dir='ltr'>influat</span> <span class='ocrx_word' id='word_1_572' title='bbox 2924 3570 3180 3630; x_wconf 77' lang='lat' dir='ltr'>effective</span> 
     </span>
     <span class='ocr_line' id='line_1_96' title="bbox 1808 3643 3180 3723; baseline 0.007 -21"><span class='ocrx_word' id='word_1_573' title='bbox 1808 3646 1874 3702; x_wconf 89' lang='lat' dir='ltr'>in</span> <span class='ocrx_word' id='word_1_574' title='bbox 1901 3646 2022 3720; x_wconf 86' lang='lat' dir='ltr'>ejus</span> <span class='ocrx_word' id='word_1_575' title='bbox 2048 3643 2451 3715; x_wconf 87' lang='lat' dir='ltr'>substantiam,</span> <span class='ocrx_word' id='word_1_576' title='bbox 2483 3647 2580 3705; x_wconf 87' lang='lat' dir='ltr'>sed</span> <span class='ocrx_word' id='word_1_577' title='bbox 2608 3648 2864 3707; x_wconf 86' lang='lat' dir='ltr'>sufficere</span> <span class='ocrx_word' id='word_1_578' title='bbox 2889 3652 3038 3723; x_wconf 90' lang='lat' dir='ltr'>quod</span> <span class='ocrx_word' id='word_1_579' title='bbox 3066 3652 3180 3710; x_wconf 84' lang='lat' dir='ltr'>effi-</span> 
     </span>
     <span class='ocr_line' id='line_1_97' title="bbox 1808 3725 3072 3785; baseline 0.002 -2"><span class='ocrx_word' id='word_1_580' title='bbox 1808 3727 1922 3783; x_wconf 90' lang='lat' dir='ltr'>ciat</span> <span class='ocrx_word' id='word_1_581' title='bbox 1945 3725 2182 3782; x_wconf 90' lang='lat' dir='ltr'>modum</span> <span class='ocrx_word' id='word_1_582' title='bbox 2212 3726 2598 3785; x_wconf 85' lang='lat' dir='ltr'>formationis.</span> <span class='ocrx_word' id='word_1_583' title='bbox 3067 3763 3072 3768; x_wconf 82' lang='lat'><em>-</em></span> 
     </span>
    </p>
   </div>
   <div class='ocr_carea' id='block_1_10' title="bbox 1883 3806 3373 3909">
    <p class='ocr_par' dir='ltr' id='par_1_10' title="bbox 1883 3806 3373 3909">
     <span class='ocr_line' id='line_1_98' title="bbox 1883 3806 3373 3909; baseline 0.005 -46"><span class='ocrx_word' id='word_1_584' title='bbox 1883 3806 1990 3864; x_wconf 86' lang='lat' dir='ltr'>Sed</span> <span class='ocrx_word' id='word_1_585' title='bbox 2009 3824 2111 3865; x_wconf 82' lang='lat' dir='ltr'>nec</span> <span class='ocrx_word' id='word_1_586' title='bbox 2137 3808 2247 3865; x_wconf 87' lang='lat' dir='ltr'>ista</span> <span class='ocrx_word' id='word_1_587' title='bbox 2287 3810 2581 3881; x_wconf 87' lang='lat' dir='ltr'>responsio</span> <span class='ocrx_word' id='word_1_588' title='bbox 2619 3810 2793 3867; x_wconf 90' lang='lat' dir='ltr'>diluit</span> <span class='ocrx_word' id='word_1_589' title='bbox 2817 3813 2942 3869; x_wconf 84' lang='lat' dir='ltr'>vim</span> <span class='ocrx_word' id='word_1_590' title='bbox 2971 3821 3180 3874; x_wconf 80' lang='lat' dir='ltr'>nostrae</span> <span class='ocrx_word' id='word_1_591' title='bbox 3209 3818 3373 3909; x_wconf 64' lang='lat' dir='ltr'>Impug-</span> 
     </span>
    </p>
   </div>
   <div class='ocr_carea' id='block_1_11' title="bbox 1809 3888 3189 5186">
    <p class='ocr_par' dir='ltr' id='par_1_11' title="bbox 1809 3888 3189 5186">
     <span class='ocr_line' id='line_1_99' title="bbox 1811 3888 3180 3967; baseline 0.007 -22"><span class='ocrx_word' id='word_1_592' title='bbox 1811 3888 2072 3955; x_wconf 91' lang='lat' dir='ltr'>rationis,</span> <span class='ocrx_word' id='word_1_593' title='bbox 2100 3894 2156 3945; x_wconf 91' lang='lat' dir='ltr'>et</span> <span class='ocrx_word' id='word_1_594' title='bbox 2202 3888 2490 3946; x_wconf 84' lang='lat' dir='ltr'>refellitur</span> <span class='ocrx_word' id='word_1_595' title='bbox 2528 3905 2600 3947; x_wconf 83' lang='lat' dir='ltr'>ex</span> <span class='ocrx_word' id='word_1_596' title='bbox 2645 3889 2854 3949; x_wconf 82' lang='lat' dir='ltr'>dictis:</span> <span class='ocrx_word' id='word_1_597' title='bbox 2904 3896 3180 3967; x_wconf 89' lang='lat' dir='ltr'>quoniam</span> 
     </span>
     <span class='ocr_line' id='line_1_100' title="bbox 1810 3969 3183 4044; baseline 0.004 -18"><span class='ocrx_word' id='word_1_598' title='bbox 1810 3970 2010 4044; x_wconf 90' lang='lat' dir='ltr'>nequit</span> <span class='ocrx_word' id='word_1_599' title='bbox 2038 3969 2250 4042; x_wconf 89' lang='lat' dir='ltr'>aliquis</span> <span class='ocrx_word' id='word_1_600' title='bbox 2278 3975 2432 4027; x_wconf 88' lang='lat' dir='ltr'>actus</span> <span class='ocrx_word' id='word_1_601' title='bbox 2458 3987 2581 4029; x_wconf 88' lang='lat' dir='ltr'>esse</span> <span class='ocrx_word' id='word_1_602' title='bbox 2601 3973 2937 4031; x_wconf 90' lang='lat' dir='ltr'>meritorius</span> <span class='ocrx_word' id='word_1_603' title='bbox 2963 3976 3033 4034; x_wconf 91' lang='lat' dir='ltr'>de</span> <span class='ocrx_word' id='word_1_604' title='bbox 3052 3992 3183 4034; x_wconf 90' lang='lat' dir='ltr'>con-</span> 
     </span>
     <span class='ocr_line' id='line_1_101' title="bbox 1809 4051 3184 4132; baseline 0.004 -25"><span class='ocrx_word' id='word_1_605' title='bbox 1809 4051 1985 4127; x_wconf 82' lang='lat' dir='ltr'>d&#39;igno</span> <span class='ocrx_word' id='word_1_606' title='bbox 2013 4051 2148 4108; x_wconf 83' lang='lat' dir='ltr'>vitae</span> <span class='ocrx_word' id='word_1_607' title='bbox 2199 4056 2449 4119; x_wconf 83' lang='lat' dir='ltr'>aeternae,</span> <span class='ocrx_word' id='word_1_608' title='bbox 2476 4053 2591 4109; x_wconf 89' lang='lat' dir='ltr'>nisi</span> <span class='ocrx_word' id='word_1_609' title='bbox 2621 4054 2889 4126; x_wconf 88' lang='lat' dir='ltr'>procedat</span> <span class='ocrx_word' id='word_1_610' title='bbox 2928 4072 2961 4113; x_wconf 89' lang='lat' dir='ltr'>a</span> <span class='ocrx_word' id='word_1_611' title='bbox 2998 4057 3184 4132; x_wconf 88' lang='lat' dir='ltr'>gratia</span> 
     </span>
     <span class='ocr_line' id='line_1_102' title="bbox 1810 4132 3185 4207; baseline 0.004 -18"><span class='ocrx_word' id='word_1_612' title='bbox 1810 4139 2087 4207; x_wconf 90' lang='lat' dir='ltr'>tanquam</span> <span class='ocrx_word' id='word_1_613' title='bbox 2118 4149 2147 4190; x_wconf 88' lang='lat' dir='ltr'>a</span> <span class='ocrx_word' id='word_1_614' title='bbox 2174 4132 2463 4207; x_wconf 90' lang='lat' dir='ltr'>principio</span> <span class='ocrx_word' id='word_1_615' title='bbox 2514 4134 2793 4203; x_wconf 81' lang='lat' dir='ltr'>effectivo,</span> <span class='ocrx_word' id='word_1_616' title='bbox 2827 4137 3032 4196; x_wconf 89' lang='lat' dir='ltr'>saltem</span> <span class='ocrx_word' id='word_1_617' title='bbox 3062 4154 3185 4196; x_wconf 90' lang='lat' dir='ltr'>res-</span> 
     </span>
     <span class='ocr_line' id='line_1_103' title="bbox 1811 4213 3186 4287; baseline 0.004 -17"><span class='ocrx_word' id='word_1_618' title='bbox 1811 4220 1973 4287; x_wconf 90' lang='lat' dir='ltr'>pectu</span> <span class='ocrx_word' id='word_1_619' title='bbox 2039 4213 2444 4280; x_wconf 75' lang='lat' dir='ltr'>formationiS,</span> <span class='ocrx_word' id='word_1_620' title='bbox 2516 4230 2615 4272; x_wconf 91' lang='lat' dir='ltr'>seu</span> <span class='ocrx_word' id='word_1_621' title='bbox 2668 4217 2826 4274; x_wconf 92' lang='lat' dir='ltr'>modi</span> <span class='ocrx_word' id='word_1_622' title='bbox 2879 4219 3186 4279; x_wconf 89' lang='lat' dir='ltr'>intrinseci</span> 
     </span>
     <span class='ocr_line' id='line_1_104' title="bbox 1809 4293 3189 4370; baseline 0.007 -20"><span class='ocrx_word' id='word_1_623' title='bbox 1809 4293 2130 4350; x_wconf 84' lang='lat' dir='ltr'>valorantis</span> <span class='ocrx_word' id='word_1_624' title='bbox 2199 4298 2388 4350; x_wconf 89' lang='lat' dir='ltr'>actum</span> <span class='ocrx_word' id='word_1_625' title='bbox 2444 4314 2458 4351; x_wconf 72' lang='grc' dir='ltr'><strong>ι</strong></span> <span class='ocrx_word' id='word_1_626' title='bbox 2521 4294 2621 4352; x_wconf 88' lang='lat' dir='ltr'>sed</span> <span class='ocrx_word' id='word_1_627' title='bbox 2691 4297 2890 4370; x_wconf 90' lang='lat' dir='ltr'>nequit</span> <span class='ocrx_word' id='word_1_628' title='bbox 2932 4293 3031 4357; x_wconf 73' lang='lat' dir='ltr'>vsic</span> <span class='ocrx_word' id='word_1_629' title='bbox 3095 4301 3189 4360; x_wconf 87' lang='lat' dir='ltr'>de·</span> 
     </span>
     <span class='ocr_line' id='line_1_105' title="bbox 1812 4369 3188 4454; baseline 0.007 -22"><span class='ocrx_word' id='word_1_630' title='bbox 1812 4369 2081 4448; x_wconf 83' lang='lat' dir='ltr'>pendere‘</span> <span class='ocrx_word' id='word_1_631' title='bbox 2109 4391 2142 4431; x_wconf 91' lang='lat' dir='ltr'>a</span> <span class='ocrx_word' id='word_1_632' title='bbox 2192 4375 2380 4450; x_wconf 89' lang='lat' dir='ltr'>gratia</span> <span class='ocrx_word' id='word_1_633' title='bbox 2407 4417 2421 4442; x_wconf 90' lang='lat'>,</span> <span class='ocrx_word' id='word_1_634' title='bbox 2474 4376 2591 4432; x_wconf 90' lang='lat' dir='ltr'>nisi</span> <span class='ocrx_word' id='word_1_635' title='bbox 2639 4377 2817 4434; x_wconf 88' lang='lat' dir='ltr'>etiam</span> <span class='ocrx_word' id='word_1_636' title='bbox 2872 4378 3188 4454; x_wconf 89' lang='lat' dir='ltr'>dependeat</span> 
     </span>
     <span class='ocr_line' id='line_1_106' title="bbox 1809 4454 3187 4537; baseline 0.008 -26"><span class='ocrx_word' id='word_1_637' title='bbox 1809 4455 1994 4529; x_wconf 89' lang='lat' dir='ltr'>quoad</span> <span class='ocrx_word' id='word_1_638' title='bbox 2015 4454 2421 4522; x_wconf 87' lang='lat' dir='ltr'>substantiam,</span> <span class='ocrx_word' id='word_1_639' title='bbox 2464 4462 2519 4513; x_wconf 91' lang='lat' dir='ltr'>et</span> <span class='ocrx_word' id='word_1_640' title='bbox 2553 4458 2852 4516; x_wconf 88' lang='lat' dir='ltr'>entitatem</span> <span class='ocrx_word' id='word_1_641' title='bbox 2887 4480 2900 4516; x_wconf 72' lang='grc' dir='ltr'><strong>ε</strong></span> <span class='ocrx_word' id='word_1_642' title='bbox 2930 4476 3066 4537; x_wconf 88' lang='lat' dir='ltr'>ergo</span> <span class='ocrx_word' id='word_1_643' title='bbox 3092 4466 3187 4522; x_wconf 87' lang='lat' dir='ltr'>vel</span> 
     </span>
     <span class='ocr_line' id='line_1_107' title="bbox 1809 4537 3186 4611; baseline 0.007 -16"><span class='ocrx_word' id='word_1_644' title='bbox 1809 4537 2236 4595; x_wconf 87' lang='lat' dir='ltr'>concedendum</span> <span class='ocrx_word' id='word_1_645' title='bbox 2288 4542 2389 4607; x_wconf 89' lang='lat' dir='ltr'>est,</span> <span class='ocrx_word' id='word_1_646' title='bbox 2440 4538 2590 4611; x_wconf 88' lang='lat' dir='ltr'>quod</span> <span class='ocrx_word' id='word_1_647' title='bbox 2679 4546 2834 4597; x_wconf 85' lang='lat' dir='ltr'>actus</span> <span class='ocrx_word' id='word_1_648' title='bbox 2885 4545 3186 4605; x_wconf 91' lang='lat' dir='ltr'>contritio-</span> 
     </span>
     <span class='ocr_line' id='line_1_108' title="bbox 1811 4618 3186 4698; baseline 0.007 -24"><span class='ocrx_word' id='word_1_649' title='bbox 1811 4618 1994 4685; x_wconf 88' lang='lat' dir='ltr'>nis,et</span> <span class='ocrx_word' id='word_1_650' title='bbox 2037 4618 2335 4675; x_wconf 89' lang='lat' dir='ltr'>charitatis</span> <span class='ocrx_word' id='word_1_651' title='bbox 2371 4618 2549 4675; x_wconf 90' lang='lat' dir='ltr'>eliciti</span> <span class='ocrx_word' id='word_1_652' title='bbox 2595 4619 2659 4676; x_wconf 91' lang='lat' dir='ltr'>in</span> <span class='ocrx_word' id='word_1_653' title='bbox 2689 4620 2928 4678; x_wconf 89' lang='lat' dir='ltr'>instanti</span> <span class='ocrx_word' id='word_1_654' title='bbox 2968 4625 3186 4698; x_wconf 81' lang='lat' dir='ltr'>justifi-</span> 
     </span>
     <span class='ocr_line' id='line_1_109' title="bbox 1810 4698 3184 4767; baseline 0.007 -11"><span class='ocrx_word' id='word_1_655' title='bbox 1810 4698 2072 4767; x_wconf 87' lang='lat' dir='ltr'>cationis,</span> <span class='ocrx_word' id='word_1_656' title='bbox 2104 4706 2160 4758; x_wconf 90' lang='lat' dir='ltr'>et</span> <span class='ocrx_word' id='word_1_657' title='bbox 2200 4699 2545 4758; x_wconf 89' lang='lat' dir='ltr'>considerati</span> <span class='ocrx_word' id='word_1_658' title='bbox 2573 4700 2887 4758; x_wconf 87' lang='lat' dir='ltr'>secundum</span> <span class='ocrx_word' id='word_1_659' title='bbox 2916 4704 3184 4765; x_wconf 89' lang='lat' dir='ltr'>substan-</span> 
     </span>
     <span class='ocr_line' id='line_1_110' title="bbox 1810 4780 3185 4859; baseline 0.007 -23"><span class='ocrx_word' id='word_1_660' title='bbox 1810 4781 1976 4848; x_wconf 88' lang='lat' dir='ltr'>tiam,</span> <span class='ocrx_word' id='word_1_661' title='bbox 2049 4785 2105 4838; x_wconf 90' lang='lat' dir='ltr'>et</span> <span class='ocrx_word' id='word_1_662' title='bbox 2187 4782 2510 4850; x_wconf 88' lang='lat' dir='ltr'>entitatem,</span> <span class='ocrx_word' id='word_1_663' title='bbox 2557 4780 2867 4855; x_wconf 90' lang='lat' dir='ltr'>procedant</span> <span class='ocrx_word' id='word_1_664' title='bbox 2919 4799 2953 4840; x_wconf 90' lang='lat' dir='ltr'>a</span> <span class='ocrx_word' id='word_1_665' title='bbox 2995 4790 3185 4859; x_wconf 88' lang='lat' dir='ltr'>gratia</span> 
     </span>
     <span class='ocr_line' id='line_1_111' title="bbox 1811 4863 3186 4944; baseline 0.005 -25"><span class='ocrx_word' id='word_1_666' title='bbox 1811 4863 2219 4932; x_wconf 81' lang='lat' dir='ltr'>sanctificante,</span> <span class='ocrx_word' id='word_1_667' title='bbox 2245 4863 2395 4937; x_wconf 89' lang='lat' dir='ltr'>quod</span> <span class='ocrx_word' id='word_1_668' title='bbox 2422 4863 2784 4921; x_wconf 88' lang='lat' dir='ltr'>intendimus</span> <span class='ocrx_word' id='word_1_669' title='bbox 2813 4881 2825 4926; x_wconf 90' lang='lat'>;</span> <span class='ocrx_word' id='word_1_670' title='bbox 2849 4866 2942 4922; x_wconf 86' lang='lat' dir='ltr'>vel</span> <span class='ocrx_word' id='word_1_671' title='bbox 2966 4882 3186 4944; x_wconf 90' lang='lat' dir='ltr'>negan-</span> 
     </span>
     <span class='ocr_line' id='line_1_112' title="bbox 1812 4943 3187 5025; baseline 0.008 -26"><span class='ocrx_word' id='word_1_672' title='bbox 1812 4943 1954 5000; x_wconf 90' lang='lat' dir='ltr'>dum</span> <span class='ocrx_word' id='word_1_673' title='bbox 1981 4951 2086 5012; x_wconf 89' lang='lat' dir='ltr'>est,</span> <span class='ocrx_word' id='word_1_674' title='bbox 2131 4944 2432 5018; x_wconf 74' lang='lat' dir='ltr'>praedictos</span> <span class='ocrx_word' id='word_1_675' title='bbox 2459 4949 2615 5001; x_wconf 88' lang='lat' dir='ltr'>actus</span> <span class='ocrx_word' id='word_1_676' title='bbox 2640 4960 2765 5003; x_wconf 88' lang='lat' dir='ltr'>esse</span> <span class='ocrx_word' id='word_1_677' title='bbox 2804 4943 2875 5002; x_wconf 91' lang='lat' dir='ltr'>de</span> <span class='ocrx_word' id='word_1_678' title='bbox 2903 4948 3187 5025; x_wconf 86' lang='lat' dir='ltr'>condigno</span> 
     </span>
     <span class='ocr_line' id='line_1_113' title="bbox 1814 5025 3181 5099; baseline 0.007 -18"><span class='ocrx_word' id='word_1_679' title='bbox 1814 5025 2145 5083; x_wconf 90' lang='lat' dir='ltr'>meritorios</span> <span class='ocrx_word' id='word_1_680' title='bbox 2162 5026 2298 5083; x_wconf 78' lang='lat' dir='ltr'>vitae</span> <span class='ocrx_word' id='word_1_681' title='bbox 2318 5025 2726 5099; x_wconf 83' lang='lat' dir='ltr'>aeternae,quod</span> <span class='ocrx_word' id='word_1_682' title='bbox 2741 5031 2825 5083; x_wconf 87' lang='lat' dir='ltr'>est</span> <span class='ocrx_word' id='word_1_683' title='bbox 2848 5026 3181 5092; x_wconf 87' lang='lat' dir='ltr'>absurdum.</span> 
     </span>
     <span class='ocr_line' id='line_1_114' title="bbox 1814 5108 3185 5186; baseline 0.006 -22"><span class='ocrx_word' id='word_1_684' title='bbox 1814 5108 2235 5181; x_wconf 86' lang='lat' dir='ltr'>Consequentia</span> <span class='ocrx_word' id='word_1_685' title='bbox 2276 5113 2448 5182; x_wconf 90' lang='lat' dir='ltr'>patet.</span> <span class='ocrx_word' id='word_1_686' title='bbox 2494 5108 2681 5183; x_wconf 87' lang='lat' dir='ltr'>Major</span> <span class='ocrx_word' id='word_1_687' title='bbox 2730 5109 2907 5165; x_wconf 89' lang='lat' dir='ltr'>etiam</span> <span class='ocrx_word' id='word_1_688' title='bbox 2957 5111 3185 5186; x_wconf 88' lang='lat' dir='ltr'>liquet;</span> 
     </span>
    </p>
   </div>
   <div class='ocr_carea' id='block_1_12' title="bbox 3248 3877 3356 3911">
    <p class='ocr_par' dir='ltr' id='par_1_12' title="bbox 3248 3877 3356 3911">
     <span class='ocr_line' id='line_1_115' title="bbox 3248 3877 3356 3911; baseline 0.009 -1"><span class='ocrx_word' id='word_1_689' title='bbox 3248 3877 3270 3910; x_wconf 72' lang='lat' dir='ltr'>a</span> <span class='ocrx_word' id='word_1_690' title='bbox 3292 3878 3356 3911; x_wconf 70' lang='grc' dir='ltr'>ΒΓ.</span> 
     </span>
    </p>
   </div>
  </div>
 </body>
</html>
