3647 5753
1447 418 1624 476 mse.
1666 418 1761 488 v1‚
1807 419 1974 478 nus.
2015 421 2111 479 νι.
2609 498 2612 499 ᾗ
3024 423 3135 480 867

279 594 336 647 et
364 590 486 647 alii.
515 593 650 656 Quae
671 591 908 650 assertio
934 593 1072 650 satis
1112 593 1403 668 colligitur
1440 609 1514 651 ex
1537 609 1641 650 su-

278 688 387 745 pra
410 671 574 729 dictis
596 674 800 747 disput.
831 676 886 739 2,
912 675 1038 731 dub.
1072 678 1253 742 unico,
1279 677 1554 749 etdisput.
1579 677 1634 744 3,

276 755 407 811 dub.
450 758 495 823 1,
528 762 583 813 et
634 755 885 815 breviter
913 757 1253 826 ostenditur,
1296 760 1431 832 quia
1467 774 1641 817 omne

280 838 561 895 meritum
591 839 670 896 im
679 846 864 914 portat
873 842 965 915 jus
988 843 1219 916 aliquod
1237 843 1306 899 ad
1332 842 1638 916 praemium

279 918 363 976 ita
383 920 618 993 quidem
642 928 702 978 ut
726 924 819 997 jus
859 924 1097 997 justitiae
1121 924 1445 998 specialiter
1476 922 1640 981 dictas

278 1003 588 1061 constituat
614 1006 888 1071 meritum
911 1007 981 1066 de
1009 1006 1328 1084 condigno;
1355 1010 1450 1082 jus
1492 1021 1633 1064 vero

278 1083 601 1152 amicabile,
624 1086 748 1143 sive
774 1087 837 1143 in
859 1088 1115 1146 amicitia
1144 1088 1639 1153 fundatum‚cons-

277 1166 452 1223 tituat
479 1169 753 1225 meritum
793 1168 862 1226 de
897 1186 1149 1245 congruo
1179 1188 1193 1224 ε
1243 1171 1343 1230 sed
1380 1176 1640 1246 peccator

279 1254 554 1307 neutrum
577 1251 672 1325 jus
697 1250 865 1308 habet
894 1251 963 1308 ad
986 1252 1135 1311 bona
1147 1254 1489 1328 temporalia
1505 1267 1641 1327 quo-

277 1348 391 1404 quo
435 1332 606 1390 modo
650 1340 873 1407 accepta
920 1354 932 1387 :
970 1352 1105 1411 ergo
1146 1337 1250 1394 illa
1279 1337 1441 1394 nullo
1469 1336 1639 1394 modo

67 1438 246 1483 runda—
276 1419 561 1471 meretur.
594 1415 879 1473 Probatur
906 1417 1099 1474 minor
1126 1439 1140 1475 ε
1171 1435 1308 1476 nam
1338 1420 1401 1475 in
1430 1417 1636 1491 primis

69 1494 260 1533 emam.
279 1501 536 1568 peccator
547 1500 701 1554 caret
709 1497 839 1570 jure
861 1498 1097 1572 justitiae
1117 1500 1440 1573 specialiter
1453 1499 1634 1567 dictae,

279 1575 567 1649 siquidem
596 1577 666 1634 ad
691 1578 1021 1652 praedictum
1046 1581 1139 1654 jus
1160 1584 1244 1651 (ut
1271 1581 1416 1637 alias
1435 1580 1640 1638 condi-

280 1659 470 1717 tiones
492 1661 1020 1735 praetermittamus)
1045 1664 1360 1737 requiritur
1384 1668 1633 1735 pactum,

278 1758 381 1800 seu
411 1743 713 1815 promissio
744 1745 858 1813 Dei,
892 1752 953 1800 ut
971 1745 1323 1803 ostendimus
1348 1747 1552 1820 disput.
1589 1748 1636 1813 l,

281 1825 413 1880 dub.
436 1827 490 1881 6.
527 1828 672 1883 Deus
693 1833 883 1884 autem
914 1828 1123 1884 nullibi
1151 1830 1416 1902 promisit
1444 1845 1641 1901 pecca-

280 1906 505 1965 toribus
546 1905 694 1965 bona
740 1911 1100 1983 temporalia,
1146 1912 1236 1968 vel
1281 1910 1641 1968 considerata

280 1989 595 2047 secundum
619 2008 698 2056 se,
726 1995 816 2049 vel
834 2000 1113 2066 quatenus
1136 1993 1205 2050 ad
1231 1995 1476 2051 salutem
1501 2010 1642 2051 con-

280 2070 516 2128 ducunt.
547 2072 760 2130 Deinde
789 2082 1044 2146 peccator
1072 2076 1268 2148 nequit
1297 2075 1508 2132 habere
1549 2076 1644 2149 jus

284 2152 590 2210 amicabile
619 2154 689 2210 ad
716 2154 983 2228 praedicta
1010 2154 1177 2223 bona,
1229 2172 1359 2213 cum
1403 2172 1520 2214 nou
1568 2156 1644 2212 sit

286 2234 387 2290 Dei
410 2235 646 2292 amicus,

362 2316 747 2374 confirmatur
775 2340 787 2375 :
813 2335 948 2375 nam
975 2325 1034 2375 ut
1054 2336 1195 2392 opus
1216 2326 1508 2378 mereatur
1530 2318 1644 2376 ali-

286 2397 434 2470 quod
491 2400 813 2470 praemium,
872 2417 989 2457 non
1030 2402 1252 2467 sufficit,
1297 2400 1447 2475 quod
1476 2401 1552 2457 sit
1580 2401 1644 2456 in

284 2480 471 2551 seipso
496 2480 794 2536 moraliter
824 2480 1038 2538 bonurn
1055 2506 1069 2549 ;
1098 2482 1196 2539 sed
1238 2484 1474 2555 insuper
1501 2481 1645 2539 desi·

285 2558 537 2629 deratur,
577 2560 725 2633 quod
748 2560 845 2617 fiat
869 2563 932 2618 in
959 2563 1294 2636 obsequium
1325 2563 1646 2636 praemian-

288 2641 362 2696 tis
388 2662 401 2696 ε
427 2641 571 2697 sicut
611 2641 681 2698 ad
722 2644 842 2708 hoc,
876 2651 938 2700 ut
969 2646 1185 2717 aliquid
1234 2646 1439 2703 habeat
1468 2645 1645 2701 ratio-

289 2738 423 2779 nem
454 2724 697 2795 praemii,
750 2741 867 2781 non
917 2726 1121 2783 sufficit
1165 2743 1286 2784 esse
1334 2726 1644 2783 bonumdn

284 2806 490 2880 seipso,
544 2806 643 2864 sed
691 2809 934 2865 ulterius
988 2810 1324 2883 requiritur,
1375 2809 1526 2884 quod
1571 2810 1646 2865 sit

288 2888 504 2945 bonum
532 2891 798 2948 merenti.
832 2895 1061 2949 Constat
1088 2899 1301 2957 autem,
1333 2891 1483 2965 quod
1515 2907 1646 2966 pec-

289 2977 460 3038 cator,
494 2971 623 3028 licet
648 2974 958 3046 aliquando
987 2973 1132 3033 bene
1155 2977 1462 3032 moraliter
1507 2989 1645 3046 ope-

293 3058 469 3119 retur,
504 3054 889 3112 nihilominus
912 3073 1030 3113 non
1060 3063 1330 3129 operatur
1377 3057 1440 3111 in
1480 3054 1646 3111 obse-

288 3135 490 3206 quium
515 3136 635 3203 Dei;
661 3152 796 3193 nam
827 3139 888 3193 in
918 3153 1089 3193 sensu
1129 3136 1441 3208 composito
1468 3141 1647 3189 status

291 3216 497 3287 peccati
524 3218 721 3290 nequit
761 3219 1042 3290 respicere
1069 3219 1252 3273 Deum
1283 3222 1343 3270 ut
1372 3215 1646 3270 ultimum

289 3296 485 3362 finem,
541 3298 640 3354 sed
686 3302 747 3355 in
774 3298 990 3353 cunctis
1037 3296 1400 3368 prosequitur
1429 3294 1647 3352 bonum

291 3379 611 3449 proprium,
636 3383 693 3434 et
715 3376 1025 3433 reflectitur
1073 3392 1245 3448 supra
1284 3378 1558 3450 seipsum,
1586 3383 1647 3433 ut

288 3458 542 3515 diximus
562 3459 625 3515 in
655 3461 919 3515 Tractatu
947 3458 1017 3516 de
1046 3460 1251 3516 ultimo
1276 3457 1410 3524 fine,
1435 3461 1643 3533 disput.

290 3541 345 3605 4,
394 3538 520 3595 dub.
569 3539 622 3595 3.
676 3540 823 3612 Ergo
869 3545 1140 3611 peccator,
1175 3540 1307 3596 licet
1333 3541 1647 3615 aliquando

292 3619 437 3677 bene
465 3620 764 3677 moraliter
787 3626 1073 3692 operetur,
1106 3621 1493 3678 nihilominus
1523 3637 1645 3678 non

292 3708 547 3758 meretur
576 3702 878 3776 praemium
902 3702 1049 3775 apud
1079 3706 1273 3767 Deum.
1320 3710 1487 3777 atque
1518 3705 1647 3762 ideo

292 3800 395 3841 nec
416 3783 566 3842 bona
592 3784 933 3856 temporalia
955 3784 1644 3859 quomodolibetsumpta.

72 3884 276 3932 momen·
371 3867 492 3922 113.
550 3868 742 3938 Neque
795 3866 929 3922 hinc
976 3867 1253 3939 sequitur,
1304 3867 1646 3924 exercitium

71 3933 280 4033 {{0‘}‚¹{J'}22
294 3949 578 4007 bonorum
601 3963 838 4020 operum
861 3965 981 4006 esse
1009 3948 1393 4022 peccatoribus
1418 3950 1643 4006 inutile.

97 4035 223 4081 tissst-
293 4032 441 4086 Tum
467 4030 601 4103 quia
632 4034 943 4101 peccatores
987 4029 1132 4088 bene
1177 4031 1481 4087 moraliter
1507 4046 1647 4104 ope-

67 2326 248 2371 conflr-

70 2376 238 2421 matio.

295 4113 476 4171 raudo
495 4118 768 4169 excusant
792 4128 938 4169 nova
966 4118 1188 4185 peccata
1215 4133 1227 4168 :
1253 4118 1372 4168 tum
1401 4114 1536 4185 quia
1565 4129 1649 4170 as-

288 4195 538 4255 suefiunt
565 4194 877 4260 laboribus,
912 4196 1260 4267 vincuntque
1287 4194 1649 4253 difficultates

289 4283 350 4338 in
372 4282 618 4339 materia
648 4281 971 4338 virtutum:
1018 4285 1141 4336 tum
1189 4276 1457 4351 denique,
1511 4280 1648 4352 quia

289 4381 388 4438 per
415 4364 563 4421 bona
584 4378 761 4436 opera
788 4362 1102 4434 impetrant
1145 4375 1217 4417 ex
1265 4360 1366 4416 Dei
1407 4360 1646 4417 miseri-

285 4444 480 4503 cordia
526 4443 869 4507 remedium‚
901 4447 957 4498 et
984 4441 1132 4498 bona
1167 4440 1547 4498 conducentia
1575 4443 1648 4499 ad

284 4524 831 4583 salutem.Videatur
859 4523 1180 4581 D.Thomas
1197 4525 1503 4601 2,2,qu:ese.
1520 4525 1641 4592 178,

284 4616 391 4664 art.
423 4610 460 4662 2
485 4607 560 4663 ad
583 4604 743 4671 1,ubi
760 4605 873 4661 ait:
898 4626 923 4657 α
953 4601 1291 4670 Dicendum,
1331 4602 1479 4677 quod
1502 4604 1650 4661 sicut

291 4712 317 4742 «
348 4703 522 4761 supra
548 4686 764 4743 dictum
802 4690 907 4752 est,
952 4701 1082 4741 cum
1109 4684 1179 4741 de
1205 4686 1467 4743 oratione
1512 4701 1646 4759 age-

291 4795 317 4826 «
347 4776 524 4833 retur,
551 4769 738 4825 oratio
789 4766 1155 4840 impetrando
1201 4783 1318 4823 non
1367 4767 1647 4824 innititur

290 4875 314 4904 α
343 4850 570 4914 merito,
621 4847 721 4905 sed
771 4846 987 4904 divinae
1034 4845 1461 4914 misericordiae‚
1521 4863 1646 4919 quas

290 4956 313 4986 ι
345 4933 520 4991 etiam
544 4929 613 4987 ad
636 4929 818 4986 malos
840 4946 900 4987 se
918 4929 1192 4986 extendit.
1212 4931 1281 4983 Et
1303 4927 1431 4985 ideo
1455 4945 1645 5001 quan-

292 5038 316 5068 «
343 5013 526 5085 doque
542 5017 897 5084 peccatorum
916 5012 1100 5069 oratio
1121 5027 1153 5067 a
1176 5013 1288 5068 Deo
1308 5009 1638 5070 exauditur.

292 5117 317 5146 α
345 5092 512 5149 Unde
532 5094 768 5164 August.
807 5096 971 5149 tract.
1019 5092 1091 5146 44
1152 5091 1216 5146 in
1266 5092 1431 5148 Joan.
1472 5089 1631 5157 dicit,

1778 616 1805 648 α
1835 594 1985 668 quod
2013 595 2160 652 illud
2188 596 2431 654 verbum
2467 598 2716 671 (nempe,
2749 598 2963 653 scimus
2997 597 3135 670 quia

1779 698 1804 729 α
1830 684 2148 750 peccatores
2162 681 2309 735 Deus
2326 696 2443 737 non
2467 679 2647 751 audit)
2667 695 2846 737 caseus
2866 682 3135 753 loquutus

1779 780 1804 811 α
1834 764 1934 826 est,
1960 760 2122 831 quasi
2149 759 2333 817 adhuc
2360 762 2651 828 inunctuS,
2688 760 2833 819 idest
2857 777 2975 818 non
2997 776 3130 835 per-

1779 864 1805 894 «
1828 841 1971 899 fecte
1998 843 2383 901 illuminatus.
2417 848 2562 901 Nam
2607 850 2923 917 peccatores
2949 860 3131 902 exau-

1777 944 1803 975 «
1833 921 1919 978 dit
1939 926 2104 982 Deus.
2141 924 2300 990 Quod
2324 931 2513 983 autem
2543 925 2773 992 dicitur,
2820 925 2971 1000 quod
2999 941 3133 983 ora-

1777 1003 1909 1061 «tio
1937 1020 2054 1061 non
2101 1005 2387 1066 audientis
2429 1009 2613 1082 legem
2658 1015 2743 1066 est
2769 1006 3128 1074 execrabilis,

1779 1105 1804 1136 «
1831 1084 2273 1159 intelligendum
2301 1094 2387 1145 est
2409 1095 2692 1161 quantum
2715 1095 2797 1147 est
2823 1106 2895 1146 ex
2923 1089 3133 1151 merito

1779 1188 1805 1219 α
1830 1168 2155 1239 peccatoris
2183 1190 2210 1221 a
2245 1171 2489 1245 Legatur
2515 1171 2693 1228 etiam
2718 1171 2970 1245 CaJetan.
2998 1177 3126 1227 tom.

1772 1250 1808 1305 3
1854 1253 2098 1323 opuscul.
2124 1259 2289 1310 tract.
2323 1256 2406 1322 10,
2432 1256 2497 1311 de
2521 1255 2624 1326 fide
2661 1262 2711 1310 et
2750 1272 2894 1327 oper.
2939 1261 3132 1309 contra

1770 1331 2137 1402 Latmum,
2178 1354 2301 1409 cap.
2334 1338 2413 1404 10,
2449 1336 2546 1393 ubi
2577 1341 2726 1393 recte
2752 1334 2991 1407 exponit
3009 1335 3131 1392 vim

1773 1416 2145 1486 impetrandi,
2171 1434 2346 1491 quam
2368 1418 2584 1476 habent
2610 1416 2760 1476 bona
2782 1432 2955 1492 opera
3001 1432 3133 1489 pec-

1770 1496 1996 1555 catoris.

1855 1579 1980 1635 114.
2011 1580 2229 1637 Ultimo
2256 1579 2564 1639 dicendum
2591 1585 2692 1647 est,
2727 1579 2878 1637 bona
2907 1570 3323 1666 tempo-{2232

1775 1659 1924 1721 ralia
1942 1661 2302 1720 considerata
2320 1662 2635 1722 secundum
2656 1680 2716 1720 se
2746 1679 2906 1736 posse
2931 1660 3134 1718 cadere
3194 1672 3276 1716 sio.

1773 1740 1880 1797 sub
1902 1743 2109 1800 merito
2153 1743 2222 1801 de
2260 1744 2543 1819 condigno
2597 1761 2836 1819 operum
2867 1740 3134 1799 laudabi-

1774 1822 1921 1879 lium
1951 1823 2205 1880 hominis
2224 1826 2515 1882 constituti
2547 1827 2609 1882 in
2648 1830 2797 1882 statu
2829 1839 3129 1897 purorum,

1774 1906 1869 1961 vel
1890 1904 2236 1979 integritatis
2252 1907 2477 1965 ordinis
2499 1906 2801 1963 naturalis.
2837 1908 2919 1961 Ita
2934 1904 3137 1961 docent

1775 1988 2006 2043 Bannez
2021 1986 2130 2042 loco
2150 2005 2322 2061 supra
2340 1988 2849 2052 citato,Arauxo,et
2863 1986 2965 2042 alii
2980 1984 3137 2041 infra

1777 2067 2062 2125 referendi
2086 2071 2373 2127 num.118.
2396 2068 2680 2126 Probatur
2704 2068 2928 2125 ratione
2953 2091 2968 2134 3
2995 2081 3136 2123 nam

1774 2150 1873 2222 qui
1897 2154 2073 2222 potest
2093 2150 2164 2208 de
2190 2150 2472 2225 condigno
2512 2151 2726 2209 mereri
2783 2152 3036 2223 aliquem
3063 2147 3138 2204 fi-

1777 2245 1932 2297 nem,
1954 2235 2134 2301 potest
2153 2232 2328 2287 etiam
2360 2229 2430 2287 de
2456 2231 2740 2306 condigno
2769 2229 2984 2286 mereri
3013 2244 3139 2285 me-

1776 2311 1872 2368 dia
1891 2311 2266 2370 conducentia
2287 2312 2358 2368 ad
2379 2314 2553 2369 talem
2577 2311 2755 2369 finem
2783 2334 2796 2368 :
2842 2310 2939 2367 sed
2966 2310 3139 2368 homo

1778 2394 1841 2450 in
1862 2399 2010 2450 statu
2031 2412 2330 2467 purorum.
2364 2401 2461 2451 aut
2491 2396 2841 2469 integritatis
2859 2393 3142 2451 naturalis

1779 2484 1965 2551 posset
1991 2480 2205 2535 mereri
2233 2478 2304 2535 de
2329 2479 2613 2553 condigno
2642 2480 2970 2535 naturalem
3012 2475 3140 2533 bea-

1779 2559 2040 2624 titudem‚
2073 2560 2143 2617 ad
2170 2578 2343 2633 quam
2365 2561 2690 2619 conducunt
2716 2561 2867 2618 bona
2915 2566 3140 2631 tempo-

1780 2647 1927 2703 ralia
1950 2652 2219 2719 tanquam
2244 2646 2433 2702 media
2457 2644 2526 2701 ad
2551 2643 2723 2700 finem
2758 2664 2771 2697 z
2797 2659 2933 2718 ergo
2957 2647 3140 2715 posset

1778 2727 1848 2785 de
1873 2728 2156 2803 condigno
2190 2728 2404 2786 mereri
2445 2725 2712 2799 praedicta
2749 2725 2917 2782 bona.
2944 2725 3140 2780 Minor

1777 2812 1961 2885 quoad
1991 2813 2241 2887 primam
2272 2816 2492 2886 partem
2521 2815 2605 2865 est
2630 2813 2820 2875 certa;
2869 2824 3004 2864 nam
3034 2807 3142 2863 ho-

1778 2910 1874 2951 mo
1895 2895 1958 2950 in
1976 2894 2262 2967 praedictis
2272 2891 2515 2949 statibus
2532 2896 2718 2965 posset
2744 2891 2952 2947 elicere
2969 2905 3142 2965 opera

1778 2976 2069 3032 naturalia
2091 2975 2391 3032 moraliter
2414 2972 2580 3036 bona,
2607 2987 2733 3043 quae
2747 2971 2989 3029 eandem
3018 2986 3143 3043 pro·

1780 3056 2102 3128 portionem
2133 3054 2410 3110 haberent
2437 3052 2507 3107 ad
2530 3051 2945 3108 beatitudinem
2970 3057 3141 3108 natu-

1781 3136 1984 3198 ralem,
2017 3149 2189 3206 quam
2215 3149 2389 3206 opera
2414 3131 2882 3202 supernaturalia
2931 3131 3146 3189 habent

1781 3220 2034 3288 respectu
2062 3212 2522 3287 supernaturalis
2546 3210 2936 3278 beatitudiniS,
2964 3217 3026 3268 ut
3053 3213 3142 3269 sa-

1780 3296 1888 3353 cile
1908 3295 2296 3354 consideranti
2336 3292 2657 3352 constabit:
2688 3294 2927 3350 aliunde
2965 3296 3143 3352 etiam

1782 3383 1969 3451 posset
2020 3377 2284 3434 accedere
2324 3381 2550 3449 pactum
2602 3374 2703 3432 Dei
2753 3378 3147 3449 promittentis

1781 3459 2197 3517 beatitudinem
2229 3459 2553 3516 naturalem
2584 3474 2686 3530 per
2726 3457 2964 3515 modum
2996 3475 3146 3531 prae-

1779 3543 1907 3609 mii,
1940 3548 1993 3599 et
2034 3539 2425 3614 dependenter
2456 3556 2488 3595 a
2517 3539 2742 3595 meritis
2771 3560 2783 3594 ε
2814 3555 2948 3613 ergo
2970 3540 3149 3597 homo

1779 3625 1844 3681 in
1868 3624 2154 3699 praedictis
2179 3622 2420 3679 statibus
2449 3626 2631 3695 posset
2659 3622 2871 3677 mereri
2896 3621 2965 3678 de
3002 3639 3149 3680 con-

1779 3706 1954 3781 digno
1994 3703 2408 3762 beatitudinem
2437 3703 2787 3759 naturalem.
2820 3704 3014 3768 Quoad
3049 3721 3143 3761 se-

1778 3787 2026 3845 cundam
2047 3787 2222 3845 etiam
2245 3784 2596 3851 ostenditur;
2636 3800 2773 3840 nam
2798 3787 3148 3859 temporalia

1779 3869 1932 3926 bona
1950 3876 2083 3925 sunt
2103 3867 2358 3943 ejusdem
2385 3865 2610 3924 ordinis
2631 3882 2760 3922 cum
2784 3865 3151 3927 beatitudine

1779 3954 2055 4021 naturali,
2082 3958 2137 4009 et
2159 3952 2292 4008 huic
2330 3949 2437 4006 fini
2483 3950 2622 4006 satis
2664 3951 3138 4022 proportionata:

1777 4048 1914 4108 ergo
1940 4037 2411 4106 compararentur
2432 4029 2501 4087 ad
2525 4030 2690 4085 illam
2711 4034 2987 4103 tanquam
3016 4048 3148 4090 me-

1779 4112 1876 4172 dia
1904 4114 1974 4171 ad
2001 4113 2198 4172 finem.

3172 2046 3314 2092 Ratio.

2386 4300 2418 4367 g
2459 4298 2527 4353 11.

1779 4447 2148 4521 Respondetur
2173 4448 2514 4582 ατρυᾶἒωηείε
2537 4455 2729 4505 contra
2761 4448 3146 4522 praecedentem

2369 4529 2629 4585 clv-inam.

1860 4685 1979 4741 115.
2023 4682 2309 4740 Adversus
2338 4683 2587 4757 primam
2612 4683 2988 4741 assertionem
3010 4698 3139 4740 sen·
3175 4695 3321 4739 Prima

1777 4767 1930 4823 tiunt
1955 4768 2209 4839 Vasquez
2234 4769 2294 4822 in
2319 4775 2600 4823 comment.
2632 4769 2708 4823 ad
2744 4767 2890 4823 hunc
2915 4767 3134 4821 articu-
3175 4744 3344 4838 282¹?ssss

1775 4848 1910 4914 lum,
1935 4848 2099 4903 Sotus
2125 4850 2185 4902 in
2205 4848 2260 4913 4,
2278 4848 2406 4904 dist.
2441 4849 2718 4925 laqus-ist.
2740 4850 2795 4913 2,
2820 4853 2929 4902 art.
2961 4847 2994 4902 4
3015 4847 3139 4902 ad3
3201 4844 3280 4890 ¹¹⁸·

1774 4936 1833 4989 et
1867 4930 1989 4995 alii,
2041 4930 2140 5003 qui
2179 4930 2437 4988 sentiunt
2487 4928 2637 4987 bona
2682 4929 3028 5001 temporalia
3079 4933 3141 4985 ut

1774 5010 2146 5069 conducentia
2169 5011 2237 5067 ad
2260 5012 2502 5067 salutem
2525 5026 2643 5067 non
2665 5008 2872 5066 cadere
2888 5008 2995 5064 sub
3023 5024 3139 5065 me·

1774 5093 1887 5150 rito
1914 5091 1984 5150 de
2009 5090 2291 5165 condigno
2317 5106 2553 5164 operum
2577 5089 2736 5163 justi,
2783 5087 2882 5144 sed
2912 5093 3138 5144 tantum
