3647 5753
98 572 263 628 contir-

116 625 258 665 [mtto.

1426 390 1609 446 mse.
1650 390 1771 460 vn,
1817 391 1983 446 nna.
2026 391 2094 445 v.

379 557 789 624 confirmatur,
819 565 874 617 et
897 560 1245 632 expenditur
1271 561 1523 635 amplius
1545 561 1663 618 haec

305 639 449 697 ratio
481 653 658 696 :nam
688 640 814 698 ideo
834 642 1119 698 auxilium
1147 659 1218 700 ex
1238 658 1319 709 se,
1360 647 1416 699 et
1459 641 1530 698 ab
1566 642 1663 698 in-

301 719 548 778 trinseco
566 719 763 776 efficax
817 737 932 778 non
976 723 1311 779 consisteret
1358 722 1421 779 in
1469 723 1662 795 aliquo

299 798 612 858 intrinseco
635 800 800 857 nobis
827 801 1167 870 inhaerente,
1197 802 1296 861 sed
1337 802 1662 860 extrinseco

301 879 400 936 Dei
421 878 663 946 decreto,
689 882 825 954 quia
850 881 995 938 illud
1030 882 1179 955 quod
1217 889 1301 940 est
1348 883 1661 940 intrinsece

299 962 363 1017 in
411 963 720 1029 voluntate,
780 964 901 1037 ejus
948 968 1217 1021 naturam
1265 963 1552 1029 immutat,
1604 967 1662 1020 et

296 1041 664 1110 determinat,
723 1061 787 1101 ac
838 1043 1079 1116 proinde
1123 1044 1285 1101 illius
1331 1043 1658 1101 libertatem

297 1121 555 1188 destruit,
589 1125 680 1181 vel
711 1123 953 1197 impedit
984 1146 997 1181 ε
1025 1125 1175 1198 quod
1206 1141 1322 1182 non
1347 1126 1428 1182 sic
1457 1122 1660 1181 accidit

300 1202 363 1257 in
426 1201 667 1271 decreto,
719 1205 809 1260 vel
858 1206 1076 1262 auxilio
1120 1204 1459 1271 extrinseco,
1507 1202 1658 1278 quod

300 1286 566 1338 naturam
614 1283 926 1340 voluntatis
973 1284 1245 1340 intactam
1308 1283 1589 1356 relinquit
1642 1303 1656 1339 ε

297 1359 398 1417 sed
425 1361 541 1418 haec
567 1363 713 1419 ratio
740 1367 825 1418 est
847 1364 1009 1420 nulla
1040 1389 1052 1422 ;
1104 1379 1240 1437 ergo
1284 1362 1657 1420 asserendum

298 1446 385 1496 est
431 1441 714 1498 auxilium
768 1459 838 1499 ex
889 1458 948 1498 se
997 1443 1192 1500 efficax
1233 1444 1542 1500 consistere
1595 1442 1658 1498 in

300 1521 493 1594 aliquo
513 1521 845 1590 intrinsece,
875 1529 932 1580 et
953 1523 1118 1581 nobis
1144 1525 1485 1582 inhaerente.
1522 1525 1659 1581 Pro-

301 1601 471 1659 batur
496 1602 708 1669 minor,
741 1604 876 1677 quia
893 1604 1056 1678 juxta
1091 1605 1441 1661 sententiam
1482 1604 1653 1671 Scoti,

299 1683 481 1756 posito
518 1685 742 1750 efficaci,
789 1691 847 1743 et
874 1685 1228 1743 antecedenti
1270 1687 1367 1744 Dei
1408 1684 1653 1754 decret0,

289 1763 442 1837 quod
475 1768 674 1823 Petrus
725 1784 780 1823 v.
811 1784 865 1840 g.
919 1767 977 1823 in
1022 1767 1121 1824 tali
1169 1773 1426 1840 tempore
1465 1767 1657 1824 eliciat

299 1860 572 1913 amorem,
637 1849 906 1904 voluntas
971 1848 1125 1904 Petri
1192 1846 1263 1905 ob
1328 1848 1654 1904 naturalem

296 1927 704 1999 sympathiam,
761 1933 817 1984 et
879 1927 1288 2003 subjectionem
1355 1926 1425 1984 ad
1475 1930 1653 1985 Deum

293 2008 452 2065 elicit
477 2009 539 2066 in
565 2011 666 2066 tali
697 2016 954 2083 tempore
1000 2012 1172 2068 talem
1216 2026 1476 2068 amorem
1513 2032 1526 2066 ε
1555 2010 1653 2068 sed

294 2088 414 2146 haec
430 2090 774 2164 sympathia,
799 2091 848 2146 si
874 2106 1008 2148 vere
1037 2090 1228 2156 datur,
1263 2091 1446 2165 magis
1475 2107 1654 2164 oppo-

294 2171 454 2227 nitur
483 2171 750 2238 libertati,
782 2188 954 2244 quam
1008 2172 1293 2229 auxilium
1336 2173 1647 2240 inhaerenS,

279 2258 348 2309 -et
401 2254 680 2311 voluntati
732 2253 1207 2326 supperadditum
1254 2275 1266 2310 :
1316 2270 1452 2329 ergo
1507 2256 1654 2313 ratio

290 2333 591 2406 desumpta
627 2351 698 2392 ex
752 2335 1070 2401 eversione,
1114 2335 1208 2390 vel
1251 2334 1653 2392 immutatione

296 2412 574 2470 libertatis
602 2416 764 2471 nulla
786 2421 871 2472 est
905 2414 974 2472 ad
1005 2413 1333 2488 negandum
1363 2416 1650 2471 auxilium

290 2492 487 2549 efficax
544 2495 944 2560 intrinsecum,
1001 2496 1047 2550 si
1101 2497 1279 2551 semel
1327 2495 1652 2552 admittitur

293 2574 441 2630 illud
494 2577 778 2633 auxilium
825 2577 1234 2643 extrinsecum,
1289 2577 1436 2650 quod
1492 2578 1653 2651 ponit

293 2661 509 2717 scotus.
533 2661 723 2716 Minor
751 2659 1057 2728 suadetur;
1108 2676 1245 2717 nam
1292 2661 1395 2716 illa
1415 2675 1652 2733 sympa-

294 2740 434 2805 thia,
465 2757 574 2815 qua
599 2742 868 2797 voluntas
894 2747 1089 2798 nostra
1110 2741 1410 2814 exequitur
1439 2740 1652 2797 volun-

291 2828 464 2881 tatem
491 2823 589 2880 Dei
615 2821 916 2896 efficacem,
948 2823 1147 2897 nequit
1181 2823 1492 2880 consistere
1535 2821 1649 2879 nisi

291 2904 353 2959 in
383 2904 632 2960 naturali
660 2904 910 2976 sequela,
935 2911 992 2960 et
1013 2905 1090 2970 vi,
1136 2905 1341 2977 quibus
1387 2905 1652 2961 voluntas

275 2990 474 3041 -creata
526 2990 724 3056 suapte
770 2990 978 3042 natura
1022 2985 1208 3042 fertur
1256 2985 1318 3041 in
1369 2985 1448 3051 id,
1502 2983 1650 3059 quod

293 3066 436 3120 Dens
464 3063 718 3122 absolute
747 3064 1036 3133 decernit;
1067 3066 1116 3122 si
1156 3065 1318 3122 enim
1344 3064 1459 3121 haec
1486 3081 1650 3139 sym-

291 3145 485 3217 pathia
502 3161 619 3202 non
632 3146 1008 3203 constituatur
1025 3146 1087 3201 in
1107 3145 1374 3219 praedicta
1391 3143 1648 3202 naturali

288 3227 534 3298 sequela,
552 3225 651 3282 sed
667 3228 853 3286 solum
878 3226 939 3281 in
963 3226 1191 3291 morali,
1217 3231 1273 3283 et
1294 3225 1647 3300 contingenti

275 3305 644 3363 connexione
670 3305 1031 3363 decreticum
1072 3306 1293 3371 effectu,
1331 3306 1453 3379 jam
1502 3321 1650 3378 prae-

277 3384 434 3440 dicta
455 3387 781 3459 sympathia
818 3401 934 3443 non
962 3386 1228 3443 fundabit
1274 3385 1649 3443 infallibilem

285 3467 687 3526 certitudinem
712 3474 970 3537 eventuS,
995 3474 1051 3525 et
1077 3471 1311 3541 qualem
1336 3471 1529 3526 Scotus
1552 3468 1649 3524 in-

276 3549 676 3622 dependenter
692 3567 723 3606 a
746 3549 985 3607 scientia
1008 3548 1198 3606 media
1216 3549 1564 3624 recognoscit
1585 3550 1648 3605 in

290 3632 508 3687 auxilio
529 3632 861 3697 intrinseco,
887 3632 1009 3689 sive
1028 3631 1254 3689 decreto
1284 3632 1380 3689 Dei
1403 3631 1608 3688 efficaci
1632 3653 1644 3687 :

275 3712 384 3770 sed
413 3714 597 3772 multo
624 3714 809 3787 maJ'or
835 3719 919 3769 est
953 3712 1377 3779 determinatio,
1422 3730 1547 3786 quae
1586 3710 1650 3768 fit

291 3809 389 3867 per
417 3795 601 3866 ipsam
645 3801 934 3860 naturam,
965 3800 1021 3851 et
1057 3794 1447 3852 conditionem
1495 3794 1651 3867 inge-

289 3876 472 3933 nitam
495 3877 828 3943 voluntatis,
847 3892 1018 3949 quam
1047 3892 1170 3949 quae
1190 3875 1252 3932 fit
1275 3891 1373 3950 per
1397 3876 1648 3934 formam

289 3954 664 4012 adventitiam
733 3957 843 4028 ipsi
909 3956 1338 4030 superadditam
1372 3980 1385 4023 ;
1459 3956 1646 4030 magis

287 4035 444 4092 enim
475 4042 671 4092 manet
699 4035 1114 4093 determinatus
1140 4035 1210 4093 ad
1239 4051 1516 4101 amorem,
1550 4034 1648 4108 qui

297 4130 392 4187 per
412 4121 679 4172 naturam
706 4133 871 4173 suam
908 4116 1326 4173 determinatur
1344 4114 1413 4172 ad
1442 4129 1650 4171 aman-

283 4193 446 4259 dum,
471 4212 645 4269 quam
674 4196 772 4269 qui
826 4196 1245 4254 determinatur
1286 4211 1385 4269 per
1432 4193 1649 4268 aliquid

289 4276 579 4334 inhaerens
627 4276 698 4334 ab
753 4277 1064 4334 intrinseco
1105 4277 1472 4350 impressum,
1518 4292 1648 4332 cum

287 4357 553 4415 >intimior
584 4360 661 4414 sit
698 4364 924 4426 natura,
963 4376 1135 4433 quam
1165 4359 1310 4415 illud
1339 4379 1352 4415 :
1381 4374 1518 4432 ergo
1548 4358 1650 4414 illa

277 4440 631 4513 sympathia,
665 4440 714 4496 si
739 4456 874 4496 vere
913 4439 1099 4506 datur,
1135 4440 1317 4515 magis
1339 4438 1649 4513 opponitur

291 4517 558 4584 libertati,
577 4536 756 4592 quam
789 4519 1074 4575 auxilium
1093 4520 1289 4576 efficax
1310 4518 1645 4584 adveniens,

275 4604 342 4654 et
365 4598 660 4657 inhaerens
692 4600 996 4657 voluntati.
1026 4599 1190 4657 Unde
1216 4599 1480 4657 videmus
1520 4613 1651 4655 om-

290 4694 387 4735 nes
413 4681 721 4747 AuthoreS,
769 4680 866 4753 qui
895 4680 1200 4737 efficaciam
1237 4679 1649 4738 Themisticam

287 4764 648 4839 impugnant,
680 4762 898 4834 pariter
926 4761 1221 4819 adversari
1242 4762 1500 4820 efficaciae
1527 4761 1654 4815 Sco·

284 4843 417 4908 ticae,
443 4851 499 4901 et
539 4841 750 4901 eadem
790 4848 1127 4916 argumenta
1172 4842 1281 4915 ipsi
1321 4856 1611 4915 opponere
1633 4868 1648 4910 ;

270 4924 404 4998 quia
427 4941 632 4982 revera
659 4922 830 4979 nulla
853 4922 1092 4995 alicujus
1114 4925 1391 4979 momenti
1416 4922 1654 4979 difficul-

277 5013 357 5063 tas
383 5010 550 5080 nrget
577 5003 864 5061 adversus
900 5003 1329 5075 praemotionem
1363 5002 1648 5060 efficacem

3052 378 3167 433 205

1798 560 2201 625 inhaerentem,
2232 575 2355 634 quae
2381 554 2658 631 applicari
2682 568 2801 610 non
2823 548 2997 625 possit
3021 560 3165 604 con-

1797 648 1888 699 tra
1934 639 2599 716 praedeterminationem
2630 635 2910 694 efficacem
2939 629 3161 686 intrin-

1795 740 2003 792 secam,
2030 731 2090 781 ut
2108 730 2255 782 recte
2275 720 2613 797 ponderavit
2630 717 2869 774 Suarius
2890 715 2949 768 in
2970 727 3153 784 opusc.

1797 804 1888 860 lib.
1931 807 1977 870 1,
2007 807 2071 861 de
2097 805 2355 868 auxiliis,
2387 818 2510 873 cap.
2549 800 2634 854 122

1799 905 1806 910 ·
1869 887 1998 942 290.
2044 881 2431 957 Respondebis
2456 878 2830 937 sufficientem
2866 873 3153 930 rationem
3211 895 3321 938 mm.

1795 965 2043 1042 negandi
2058 967 2340 1024 auxilium
2359 963 2429 1020 ab
2442 960 2754 1019 intrinseco
2768 956 2964 1014 efficax
2981 953 3158 1010 inhae-
3204 943 3334 995 ⁸¹⁰⁰*-

1795 1061 1949 1112 rens,
1981 1053 2038 1103 et
2066 1044 2347 1104 voluntati
2370 1038 2823 1115 superadditum,
2856 1034 2995 1091 satis
3025 1034 3157 1089 fun-

1793 1127 1921 1185 dari
1951 1128 2013 1184 in
2041 1127 2259 1185 defectu
2298 1121 2647 1182 necessitatis
2675 1119 2745 1176 ad
2783 1114 3157 1174 asserendum

1794 1208 2122 1284 hujusmodi
2176 1208 2496 1271 auxilium;
2539 1202 2673 1276 quia
2727 1202 2873 1255 Deus
2926 1203 3042 1253 tam
3067 1201 3161 1286 ’ut

1793 1289 2013 1346 Author
2054 1295 2295 1353 naturas,
2336 1300 2510 1361 quam
2558 1286 2619 1338 ut
2668 1279 2887 1336 Author
2930 1280 3152 1352 gratlae,

1791 1369 1935 1426 sicut
1971 1385 2087 1426 non
2127 1368 2318 1425 deficit
2365 1367 2428 1422 in
2483 1359 2836 1427 necessariis,
2885 1358 2963 1413 ita
3009 1357 3156 1412 vitat

1790 1451 2078 1524 superflua
2112 1456 2201 1509 :et
2225 1448 2562 1524 praedictum
2592 1443 2878 1500 auxilium
2903 1454 3157 1496 necessa-

1793 1533 1946 1590 rium
1970 1551 2088 1592 non
2109 1539 2193 1591 est
2220 1532 2289 1590 ad
2318 1530 2603 1594 effectum,
2655 1542 2758 1600 pro
2803 1539 2915 1598 quo
2962 1522 3152 1579 intror-

1790 1613 2073 1671 ducitura
2100 1610 2432 1675 Themistis,
2480 1607 2748 1665 videlicet
2792 1602 2861 1660 ad
2908 1617 3153 1658 moven-

1789 1693 1952 1758 dum,
1980 1700 2037 1752 et
2064 1690 2472 1767 applicandum
2501 1690 2879 1750 voluntatem,
2912 1687 2973 1739 ut
3000 1687 3147 1757 agat.

1791 1778 1932 1833 Cum
1956 1776 2114 1834 enim
2139 1777 2406 1832 voluntas
2434 1773 2532 1829 Dei
2561 1771 2636 1827 sit
2662 1765 3069 1831 efficacissima,
3094 1768 3152 1821 et

1787 1857 1879 1913 cui
1911 1857 2062 1914 nihil
2094 1855 2327 1921 resistit,
2357 1870 2456 1927 per
2476 1852 2726 1924 seipsam
2755 1850 2946 1904 movet
2979 1844 3150 1902 effec-

1789 1938 1907 1995 tive
1933 1939 2290 1996 voluntatem
2313 1938 2583 1998 creatam,
2613 1945 2855 2002 eamque
2875 1926 2986 1983 sibi
3016 1941 3152 2000 per-

1789 2019 1929 2076 fecte
1955 2017 2202 2091 subjicit,
2235 2021 2297 2072 ut
2321 2032 2393 2072 ex
2419 2012 2694 2079 naturali,
2726 2016 2783 2068 et
2804 2009 2979 2065 insita
3000 2022 3156 2081 sym·

1790 2099 1984 2173 pathia
2003 2099 2194 2156 eliciat
2214 2097 2343 2154 illos
2360 2101 2532 2161 actus,
2551 2109 2692 2167 quos
2708 2093 2855 2149 Deus
2870 2088 3148 2154 decernit,

1786 2181 1929 2253 quin
1969 2179 2188 2253 aliquid
2236 2179 2545 2242 inhaerenS,
2601 2179 2656 2232 et
2702 2172 2981 2247 praevium
3035 2170 3147 2242 ipsi

1788 2261 2088 2335 imprimat
2104 2261 2396 2318 diversum
2413 2258 2482 2315 ab
2497 2256 2829 2330 operatione
2839 2250 3143 2310 elicienda.

1861 2342 1968 2399 Sed
1987 2347 2186 2400 contra
2211 2345 2313 2407 est,
2344 2346 2398 2398 et
2425 2339 2688 2414 arguitur
2725 2332 2972 2392 secundo
3008 2348 3147 2406 pro·
3161 2335 3343 2428 Pfficllu-

1787 2423 1974 2482 bando
1997 2424 2238 2498 positive
2260 2423 2649 2480 necessitatem
2681 2417 2885 2475 auxilii
2908 2415 3146 2473 efficacis
3301 2418 3315 2429 ·

1785 2506 2105 2571 intrinseci,
2138 2510 2194 2561 et
2219 2502 2592 2568 inhaerentis;
2623 2499 2759 2573 quia
2794 2513 2911 2554 non
2956 2495 3145 2552 cohae-

1786 2591 1891 2652 ret,
1922 2586 2070 2659 quod
2095 2589 2239 2644 Deus
2261 2585 2465 2642 habeat
2487 2583 2777 2640 decretum
2800 2595 2871 2635 ex
2891 2593 2968 2644 se,
2995 2582 3051 2635 et
3072 2575 3143 2633 ab

1784 2665 2097 2724 intrinseco
2117 2666 2310 2723 efficax
2337 2665 2486 2720 circa
2509 2668 2732 2720 nostras
2757 2657 3141 2732 operationes,

1783 2752 1841 2803 et
1863 2747 2011 2819 quod
2042 2764 2142 2821 per
2166 2745 2311 2803 illud
2340 2745 2629 2806 decretum
2678 2757 2796 2800 non
2844 2739 3143 2811 imprimat

1784 2827 1950 2884 nobis
1966 2827 2182 2903 aliquid
2200 2827 2480 2902 praevium
2496 2823 2566 2883 ad
2584 2825 2733 2898 ipsas
2747 2820 3141 2895 operationes:

1782 2908 1879 2965 sed
1908 2911 2052 2965 Deus
2074 2909 2242 2966 habet
2279 2907 2569 2965 decretum
2597 2922 2669 2962 ex
2694 2920 2774 2971 se,
2825 2907 2880 2959 et
2926 2900 2997 2958 ab
3038 2901 3140 2957 in-

1781 2989 2031 3049 trinseco
2065 2989 2260 3047 efficax
2306 2989 2456 3047 circa
2496 2993 2719 3045 nostras
2756 2983 3140 3056 operationeS,

1785 3075 1846 3126 ut
1866 3072 1976 3128 late
1997 3071 2352 3129 ostendimus
2374 3078 2504 3125 tom.
2538 3070 2583 3133 l,
2610 3074 2772 3122 tract.
2798 3066 2851 3131 4,
2876 3064 3018 3137 disp.
3055 3065 3142 3132 10,

1781 3152 1909 3208 dub.
1940 3153 1994 3218 3,
2025 3153 2216 3226 etipse
2236 3154 2430 3208 Scotus
2452 3150 2610 3208 docet
2633 3148 2770 3205 locis
2797 3146 2956 3202 infra
2986 3144 3142 3202 refe-

1785 3231 1980 3288 rendis
2006 3253 2018 3287 ι
2047 3248 2182 3307 ergo
2206 3235 2351 3288 Deus
2378 3248 2480 3305 per
2510 3227 2654 3287 illud
2692 3226 2980 3283 decretum
3025 3224 3146 3280 im-

1784 3313 1984 3385 primit
2007 3312 2171 3370 nobis
2192 3312 2408 3386 aliquid
2437 3310 2815 3368 intrinsecum
2845 3306 3137 3380 praevium

1781 3393 1853 3449 ad
1876 3393 2249 3467 operandum,
2280 3393 2428 3466 quod
2459 3409 2560 3449 nos
2598 3389 2907 3445 intrinsece
2946 3387 3144 3445 deter-

1783 3476 1986 3543 minat,
2017 3481 2073 3531 et
2099 3476 2420 3549 appellatur
2457 3472 2742 3530 auxilium
2770 3470 2982 3526 efficax.
3016 3471 3146 3525 Cae-

1782 3559 1904 3613 tera
1930 3559 2208 3618 constant,
2240 3559 2296 3610 et
2324 3553 2509 3627 major
2527 3550 2799 3609 suadetur
2827 3570 2839 3604 :
2864 3555 2986 3604 tum
3008 3547 3144 3620 quia

1782 3638 1887 3694 hoc
1907 3637 2049 3709 ipso,
2074 3634 2222 3707 quod
2253 3636 2398 3690 Deus
2420 3633 2622 3690 habeat
2650 3631 2940 3689 decretum
2962 3644 3033 3686 ex
3059 3646 3142 3695 se,

1779 3722 1837 3774 et
1856 3716 1926 3773 ab
1956 3716 2264 3771 intrinseco
2288 3714 2483 3772 efficax
2503 3714 2656 3770 circa
2685 3716 2909 3769 nostras
2931 3725 3145 3782 opera-

1782 3796 1983 3863 tioneS,
2010 3794 2236 3868 subjicit
2259 3810 2362 3851 nos
2384 3793 2628 3865 perfecte
2650 3791 2900 3865 propriae
2914 3789 3138 3858 virtuti,

1780 3880 1837 3931 et
1861 3875 2178 3932 causalitati
2203 3898 2217 3942 ;
2246 3874 2390 3931 sicut
2413 3889 2444 3930 e
2462 3887 2756 3938 converso,
2789 3870 2838 3926 si
2863 3872 3009 3925 Deus
3034 3885 3144 3926 ne-

1780 3955 1903 4027 quit
1936 3954 2147 4012 habere
2178 3952 2509 4027 praedictum
2546 3951 2857 4018 decretum,
2901 3948 2999 4005 sed
3036 3965 3145 4007 ex-

1783 4040 1966 4108 pectat
1986 4034 2530 4092 determinationem
2573 4037 2780 4090 nostrae
2827 4030 3143 4108 voluntatis

1783 4116 2192 4191 praecognitam
2219 4131 2320 4187 per
2360 4113 2660 4171 scientiam
2690 4111 2962 4177 mediam,
2991 4114 3139 4167 recte

1783 4195 2063 4270 arguitur,
2090 4193 2239 4269 quod
2278 4210 2395 4251 non
2435 4193 2700 4267 subjiciat
2738 4191 2849 4248 sibi
2899 4190 3146 4264 perfecte

1783 4282 2039 4334 nostram
2064 4279 2439 4341 voluntatem,
2469 4280 2530 4331 ut
2557 4274 2811 4331 vidimus
2844 4273 2974 4328 dub.
3002 4289 3151 4344 pras-

1782 4356 1893 4412 ced.
1924 4359 2009 4427 §4
2031 4362 2087 4414 et
2109 4360 2174 4425 ὃς
2200 4356 2296 4414 sed
2327 4372 2445 4413 non
2484 4359 2611 4420 stat,
2643 4353 2857 4411 mobile
2898 4353 3141 4425 perfecte

1781 4436 1982 4511 subjici
2020 4438 2243 4503 virtuti,
2275 4442 2331 4495 et
2370 4436 2687 4493 causalitati
2734 4434 3039 4500 moventia,
3083 4439 3142 4490 et

1782 4517 1933 4592 quod
1959 4534 2076 4575 non
2104 4518 2443 4593 subjiciatur
2479 4517 2660 4574 motui
2702 4515 2902 4589 ipsius;
2957 4514 3146 4587 siqui-

1783 4600 1915 4657 dem
1945 4615 2117 4656 omne
2143 4598 2358 4657 mobile
2380 4605 2464 4656 est
2489 4615 2666 4671 capax
2710 4604 2897 4655 motus
2938 4615 2970 4655 a
3010 4611 3141 4653 mo—

1786 4687 1954 4739 vente
1982 4681 2247 4754 impressi
2305 4701 2318 4736 ε
2359 4696 2494 4755 ergo
2541 4696 2657 4737 non
2695 4679 2952 4747 cohaeret,
2993 4678 3143 4751 quod

1785 4767 1933 4819 Deus
1956 4762 2159 4819 habeat
2181 4761 2512 4835 praedictum
2556 4761 2867 4827 decretum,
2899 4765 2954 4818 et
2990 4760 3142 4834 quod

1786 4861 1905 4903 non
1928 4844 2232 4917 imprimat
2252 4844 2503 4916 aliquem
2525 4848 2766 4909 motum,
2789 4844 2912 4900 sive
2934 4845 3145 4917 impul-

1785 4941 1917 4981 sum
1970 4924 2286 4990 voluntati3
2338 4922 2660 4997 hujusmodi
2715 4928 2904 4980 autem
2952 4930 3140 4982 motus

1789 5022 1907 5062 non
1934 5010 2017 5062 est
2042 5005 2158 5077 ipsa
2182 5005 2397 5073 volitio,
2422 5021 2551 5060 cum
2579 5003 2698 5061 haec
2729 5020 2845 5062 non
2873 5005 2946 5061 sit
2973 5004 3144 5063 effec-
