3647 5753
1463 413 1641 470 DISP.
1686 414 1757 480 11,
1798 413 1968 468 DUB.
2012 414 2129 470 VII.
3074 420 3184 473 487
3279 451 3285 456 -

1898 586 2029 642 265.
2073 587 2188 641 Nec
2216 586 2393 642 refert
2421 584 2628 658 prim0,
2658 586 2707 641 si
2735 585 2958 642 dicatur
2982 601 3182 643 omnes
3196 604 3380 649 Primum

322 583 464 639 tiam
493 585 814 651 authorem,
845 587 902 641 et
929 582 1105 640 finem
1145 585 1685 657 supernaturalem;

1820 664 2088 723 homines
2116 665 2187 722 de
2228 667 2374 723 facto
2401 666 2577 722 fuisse
2603 667 2852 723 elevatos
2879 667 2951 722 ad
2988 654 3387 738 super-‘³¹¹⁰ss‘121m

319 668 376 721 et
403 666 599 738 plures
626 682 782 722 nunc
828 666 1138 723 existentes
1176 665 1240 721 in
1268 672 1490 739 peccato
1524 683 1685 724 mor-

323 746 447 813 tali,
493 762 612 804 non
637 761 761 803 esse
786 761 1020 809 aversos
1046 764 1080 804 a
1102 750 1215 805 Deo
1253 747 1683 820 supernaturali

322 824 440 883 fine
467 848 480 882 z
505 842 855 899 consequens
874 833 958 884 est
985 826 1299 884 absurdum
1315 851 1328 895 ;
1353 844 1488 901 ergo
1516 829 1684 901 prin-

321 905 471 978 cipia
522 904 804 978 praedictae
847 905 1142 979 opinionis
1180 923 1319 965 vera
1364 924 1480 965 non
1526 911 1678 964 sunt.

321 986 564 1058 Sequela
591 985 914 1042 ostenditur
930 1010 946 1053 3
976 1002 1114 1043 nam
1142 986 1270 1044 ideo
1296 987 1469 1045 bomo
1494 987 1558 1043 in
1587 1003 1686 1060 pu·

323 1067 405 1124 ris
431 1068 790 1131 constitutus,
818 1073 872 1123 et
897 1069 1156 1141 graviter
1178 1085 1411 1142 peccans
1446 1084 1564 1125 non
1592 1068 1684 1125 of-

320 1149 521 1214 fendit,
569 1154 630 1205 ut
693 1149 1028 1207 Adversarii
1095 1156 1435 1218 autumant,
1502 1153 1682 1208 Deum

318 1232 821 1304 supernaturalem
844 1233 1165 1301 authorem,
1184 1250 1288 1291 nec
1308 1234 1591 1290 avertitur
1611 1232 1683 1289 ab

317 1315 422 1372 illo
451 1319 513 1370 ut
533 1315 965 1386 supernaturali
995 1314 1130 1381 fine,
1156 1316 1291 1389 quia
1319 1315 1682 1373 invincibili-

316 1398 403 1451 ter
431 1394 675 1468 ignorat,
706 1396 884 1451 Deum
912 1411 1033 1452 esse
1061 1397 1383 1462 authorem,
1408 1402 1466 1453 et
1502 1394 1679 1452 finem

314 1475 814 1546 supernaturalem
842 1478 1037 1550 :atqui
1080 1476 1151 1534 de
1196 1477 1343 1534 sacto
1382 1477 1679 1534 innumeri

315 1558 450 1609 sunt
476 1552 732 1620 barbari,
763 1556 860 1627 qui
905 1555 1107 1613 eadem
1162 1557 1491 1629 ignorantia
1518 1555 1681 1613 labo-

316 1638 467 1699 rant,
495 1634 585 1690 illi
613 1634 898 1702 videlicet,
924 1638 1022 1709 qui
1066 1637 1219 1693 nihil
1241 1636 1310 1694 de
1338 1641 1452 1695 Deo
1476 1654 1682 1711 super-

315 1715 567 1771 naturali
586 1716 847 1780 authore,
868 1720 925 1771 et
951 1714 1064 1773 fide
1087 1716 1499 1791 mysteriorum
1520 1717 1680 1774 Fidei

311 1795 620 1854 audierunt
662 1802 718 1853 et
764 1802 902 1854 sunt
952 1797 1218 1856 infideles
1264 1800 1528 1873 negative
1555 1842 1568 1866 ,
1616 1807 1680 1856 ut

311 1876 547 1933 tradunt
593 1879 981 1935 communiter
1015 1880 1128 1935 DD.
1183 1895 1312 1935 cum
1359 1881 1425 1935 D.
1456 1879 1679 1938 Thoma

309 1958 364 2022 2,
396 1958 449 2023 2,
484 1964 666 2034 qnaest.
706 1959 788 2022 10,
821 1965 932 2013 art.
973 1959 992 2015 l
1026 1982 1040 2026 ;
1070 1974 1205 2032 ergo
1250 1975 1322 2016 ex
1374 1959 1678 2032 principiis

311 2034 593 2107 praedictae
638 2036 933 2108 opinionis
960 2039 1241 2111 sequitur,
1271 2037 1399 2095 dari
1434 2036 1504 2095 de
1533 2038 1676 2097 facto

315 2117 526 2189 plures,
558 2118 654 2189 qui
676 2117 933 2191 graviter
956 2126 1214 2192 peccant;
1241 2126 1297 2176 et
1323 2126 1516 2177 tamen
1557 2136 1676 2178 non

315 2196 611 2254 offendunt
633 2199 810 2254 Deum
829 2199 1130 2256 authorem
1150 2201 1670 2273 supernaturalem,

314 2291 416 2333 nec
467 2283 705 2335 manent
750 2280 938 2336 aversi
988 2295 1021 2336 a
1065 2280 1496 2353 supernaturali
1536 2278 1670 2337 fine.

309 2358 550 2415 Falsitas
570 2373 708 2414 vero
733 2359 1132 2431 consequentis
1155 2358 1477 2416 ostenditur
1497 2383 1511 2428 ;
1536 2376 1675 2416 nam

310 2436 438 2494 ideo
464 2442 752 2509 peccatum
777 2454 955 2511 grave
1005 2440 1376 2495 commissum
1424 2439 1489 2495 in
1526 2444 1673 2496 statu

309 2534 589 2591 purorum
618 2525 802 2591 posset
851 2518 1063 2593 absque
1096 2521 1284 2594 gratia
1325 2526 1675 2594 supernatu-

311 2598 422 2654 rali
444 2596 625 2654 deleri
650 2614 752 2671 per
777 2600 962 2656 solam
995 2601 1250 2672 aliquam
1291 2602 1672 2658 mutationem

308 2679 657 2745 naturalem,
691 2681 826 2751 quia
853 2680 1189 2754 praedictum
1236 2686 1526 2754 peccatum
1554 2697 1672 2739 non

302 2760 618 2818 offenderet
631 2765 808 2818 Deum
825 2763 1327 2836 supernaturalem
1345 2764 1663 2832 authorem,

300 2857 405 2900 nec
458 2845 745 2900 averteret
801 2859 834 2899 a
884 2844 1316 2918 supernaturali
1375 2841 1524 2908 fine;
1578 2843 1670 2901 his

296 2923 511 2996 quippe
539 2922 933 2981 fundamentis
954 2925 1232 2981 innititur
1262 2929 1380 2982 tota
1400 2924 1670 2982 machina

299 3003 557 3060 adversae
582 3003 881 3076 opinionis
908 3025 922 3061 ε
950 3021 1086 3080 ergo
1106 3006 1156 3061 si
1203 3005 1273 3061 de
1296 3005 1460 3073 facto,
1490 3011 1549 3062 et
1573 3022 1667 3062 se-

299 3084 554 3141 cundum
591 3092 929 3158 praesentem
984 3086 1411 3159 providentiam
1455 3087 1668 3145 dantur

301 3167 514 3239 plures,
541 3167 638 3239 qui
688 3172 915 3239 peccant
940 3168 1214 3242 graviter,
1245 3173 1301 3225 et
1321 3173 1518 3225 tamen
1546 3185 1666 3227 non

299 3246 599 3304 offendunt
621 3249 800 3304 Deum
819 3249 1118 3305 authorem
1136 3250 1660 3323 supernaturalem,

297 3334 354 3385 et
385 3344 503 3386 non
533 3334 875 3386 avertuntur
896 3346 929 3387 a
954 3333 1385 3404 supernaturali
1417 3330 1667 3399 fine;se-

296 3408 496 3479 quitur
524 3409 717 3481 plures
761 3410 1029 3468 homines
1074 3426 1236 3484 posse
1286 3410 1356 3468 de
1396 3411 1561 3478 sacto,
1611 3415 1667 3468 et

297 3489 614 3545 secundum
638 3498 978 3563 praesentem
1008 3492 1438 3566 providentiam
1486 3509 1665 3549 mun-

298 3566 425 3624 dari
448 3585 481 3625 a
510 3575 730 3642 peccato
751 3571 961 3646 absque
984 3572 1206 3629 auxilio
1230 3573 1433 3646 gratiae
1456 3588 1664 3644 super-

298 3650 685 3714 naturalis;et
723 3658 1137 3726 consequenter
1174 3668 1415 3710 manere
1454 3651 1665 3725 absque

290 3731 497 3807 gratia,
523 3737 580 3789 et
606 3733 815 3807 absque
837 3739 1089 3809 peccato,
1123 3736 1240 3792 Hoc
1268 3741 1461 3792 autem
1488 3750 1662 3807 quam

291 3812 606 3872 absurdum
627 3814 721 3884 sit,
748 3817 839 3872 vel
887 3831 959 3872 ex
984 3831 1052 3872 eo
1077 3815 1287 3887 liquet,
1307 3814 1444 3888 quia
1492 3831 1663 3872 nemo

288 3895 595 3951 hominum
625 3897 914 3969 reperitur
939 3896 1011 3954 de
1037 3897 1184 3954 sacto
1206 3898 1270 3952 in
1292 3898 1486 3970 aliquo
1510 3900 1661 3953 statu

288 3973 460 4048 hujus
479 3974 729 4040 vitae,cui
744 3982 934 4035 certus
950 3977 1162 4050 aliquis
1182 3979 1336 4035 locus
1351 3979 1441 4034 vel
1459 3992 1657 4050 poenae,

287 4054 382 4110 vel
400 4055 600 4128 gloriae
620 4056 683 4113 in
711 4057 907 4114 futura
921 4059 1041 4115 vita
1063 4074 1182 4116 non
1193 4057 1656 4131 correspondeat,

1820 746 2152 803 naturalem
2175 745 2370 812 finem,
2417 752 2474 803 et
2516 752 2925 820 consequenter
2962 745 3034 801 ab
3080 746 3183 802 illo

1821 824 2011 880 averti
2036 823 2264 896 quando
2289 825 2546 898 graviter
2573 829 2826 898 peccant:
2848 824 3002 881 unde
3017 840 3182 879 mun-

1817 902 1946 959 dari
1977 909 2267 977 nequeunt
2288 920 2321 960 a
2364 909 2604 977 peccat0,
2638 905 2753 961 nisi
2795 921 2894 977 per
2932 904 3180 983 gratiam

1816 987 2338 1059 supernaturalem,
2364 1002 2489 1059 quae
2534 985 2604 1043 ad
2635 986 2967 1059 praedictum
3001 984 3179 1042 finem

1816 1066 2117 1123 convertit.

1891 1149 2040 1212 Non,
2072 1147 2328 1219 inquam,
2363 1147 2467 1204 hoc
2509 1148 2702 1214 refert,
2731 1146 2831 1204 sed
2876 1148 3043 1205 facile
3082 1163 3176 1205 re·
3192 1161 3368 1204 Praelu-

1816 1225 2040 1283 fellitur
2071 1227 2141 1283 ad
2188 1227 2485 1283 hominem
2512 1228 2825 1300 :quoniam
2865 1228 2995 1284 ideo
3039 1244 3178 1301 prze-

1814 1307 1950 1363 dicti
1979 1308 2263 1365 Authores
2291 1308 2580 1365 affirmant
2626 1310 2921 1367 hominem
2972 1308 3177 1367 condi-

1814 1393 1939 1445 tum
1970 1390 2031 1445 in
2083 1390 2262 1462 puriS,
2294 1395 2349 1446 et
2388 1391 2643 1464 graviter
2690 1396 3011 1464 peccantem
3060 1407 3177 1448 non

1814 1469 2105 1527 offendere
2127 1473 2305 1526 Deum
2327 1473 2825 1543 supernaturalem
2849 1472 3171 1537 authorem,

1812 1556 1871 1607 et
1893 1550 2091 1618 finem,
2115 1553 2250 1624 quia
2271 1553 2439 1609 illum
2460 1554 2778 1611 secundum
2819 1554 2967 1610 hanc
2994 1555 3175 1612 ratio—

1813 1646 1949 1688 nem
1966 1630 2387 1689 invincibiliter
2410 1634 2659 1708 ignorat;
2691 1641 2857 1706 atque
2883 1634 3011 1691 ideo
3040 1650 3173 1707 per-

1811 1710 1951 1767 inde
1976 1726 2035 1767 se
2062 1709 2229 1767 habet
2248 1714 2396 1768 Deus
2421 1712 2491 1769 ad
2513 1713 2810 1771 hominem
2848 1715 2911 1770 in
2937 1730 3004 1771 eo
3023 1718 3170 1770 statu

1814 1797 2156 1864 peccantem,
2187 1808 2248 1849 ac
2274 1794 2323 1848 si
2350 1795 2575 1860 author,
2606 1801 2662 1852 et
2707 1795 2843 1852 finis
2887 1812 3171 1869 superna-

1813 1873 2019 1929 turalis
2078 1889 2194 1930 non
2253 1879 2402 1930 esset
2452 1895 2465 1930 :
2509 1875 2606 1931 sed
2655 1877 2847 1949 plures
2905 1877 3169 1933 homines

1809 1952 1882 2009 de
1907 1952 2054 2009 sacto
2080 1955 2386 2010 existentes
2426 1954 2696 2027 ignorant
2746 1956 3168 2013 invincibiliter

1809 2049 1871 2090 se
1884 2049 2004 2090 esse
2017 2033 2265 2091 elevatos
2276 2034 2347 2090 ad
2362 2034 2628 2092 ordinem
2645 2053 2708 2091 su
2716 2053 2814 2108 per
2822 2044 2954 2093 natu
2964 2038 3167 2104 ralem,

1810 2119 1874 2171 ut
1914 2120 2319 2189 argumentum
2367 2116 2619 2182 evincit;
2668 2122 2724 2174 et
2763 2125 3173 2192 consequenter

1812 2203 2067 2269 respectu
2114 2197 2352 2253 illorum
2402 2196 2642 2269 perinde
2688 2214 2748 2253 se
2777 2198 2945 2254 habet
2972 2201 3173 2272 huJ‘us-

1808 2275 1967 2332 modi
1988 2275 2251 2342 elevatio,
2285 2292 2347 2332 ac
2385 2277 2436 2331 si
2461 2278 2790 2333 nullatenus
2829 2285 2974 2333 esset
3001 2293 3172 2351 :ergo

1807 2373 1879 2414 ex
1906 2356 1964 2413 vi
2019 2358 2299 2431 praedictae
2343 2359 2681 2416 elevationis
2732 2375 2850 2415 non
2893 2360 3167 2433 sequitur,

1807 2436 1957 2510 quod
1983 2436 2122 2493 dum
2150 2439 2411 2512 graviter
2458 2445 2707 2513 peccant,
2739 2444 2939 2495 contra
2988 2441 3170 2513 ipsam

1807 2525 1997 2593 agant,
2023 2526 2080 2576 et
2115 2526 2450 2578 avertantur
2495 2538 2529 2578 a
2573 2522 2999 2595 supernaturali
3028 2521 3165 2579 fine.

1805 2602 1911 2657 Vel
1935 2602 1986 2656 si
2015 2602 2132 2658 haec
2174 2603 2507 2677 ignorantia
2534 2604 2893 2661 invincibilis
2922 2619 3038 2660 non
3063 2621 3168 2662 ex-

1805 2688 1980 2748 cusat,
2009 2698 2081 2739 ne
2102 2683 2370 2740 homines
2383 2686 2642 2758 graviter
2666 2690 2958 2757 peccantes
2972 2690 3169 2742 contra

1803 2762 2185 2819 elevationem
2235 2762 2306 2820 ad
2353 2763 2621 2825 ordinem
2668 2766 3167 2837 supernaturalem

1803 2848 1993 2916 agant,
2027 2848 2083 2901 et
2112 2844 2293 2902 Deum
2323 2846 2625 2903 authorem
2665 2847 3167 2920 supernaturalem

1800 2922 2133 2989 offendant;
2161 2941 2273 2998 qua
2313 2927 2559 2993 ratione,
2594 2927 2707 2983 nisi
2756 2923 3167 3000 inconsequen-

1799 3008 1890 3062 ter
1940 3005 2174 3071 dicitur,
2205 3006 2505 3064 bominem
2560 3008 2855 3065 conditum
2900 3008 2962 3063 in
3008 3008 3165 3080 puris

1801 3100 1921 3142 non
1970 3085 2262 3144 offendere
2292 3089 2475 3144 Deum
2527 3090 2830 3146 authorem
2876 3103 3159 3161 superna-

1800 3166 2069 3233 turalem,
2125 3167 2223 3239 qui
2265 3168 2437 3224 illum
2491 3168 2574 3225 sic
2625 3174 2915 3241 acceptum
2957 3167 3161 3223 invin-

1799 3246 2051 3303 cibiliter
2092 3247 2356 3320 ignorat?
2403 3249 2663 3305 Profecto
2702 3249 2847 3304 sicut
2898 3245 2969 3303 de
3014 3247 3162 3303 facto

1797 3327 1969 3384 datur
1990 3329 2234 3385 elevatio
2256 3328 2326 3385 ad
2349 3330 2851 3402 supernaturalem
2868 3327 3156 3396 ordinem,

1798 3407 1879 3463 ita
1902 3410 2047 3463 Deus
2074 3415 2219 3464 esset
2244 3407 2315 3464 de
2344 3408 2488 3467 facto
2516 3411 2579 3465 in
2625 3426 2693 3466 ea
2738 3409 3038 3482 hypothesi
3073 3426 3163 3465 su-

1799 3488 2189 3561 pernaturalis
2233 3489 2479 3556 author;
2513 3495 2571 3546 et
2609 3490 2754 3545 sicut
2805 3495 2940 3546 tunc
2990 3491 3162 3548 homo

1797 3569 2091 3643 ignoraret
2122 3570 2303 3626 Deum
2343 3584 2466 3626 esse
2510 3573 3010 3643 supernaturalem
3065 3589 3161 3628 au-

1795 3647 2043 3716 thorem,
2077 3648 2158 3703 ita
2184 3649 2378 3719 plures
2403 3648 2667 3705 homines
2695 3648 2865 3706 modo
2888 3651 3158 3724 ignorant

1793 3744 1858 3785 se
1881 3743 2003 3784 esse
2022 3729 2272 3784 elevatos
2309 3726 2379 3784 ad
2406 3731 2909 3803 supernaturalem
2955 3729 3153 3788 finem.

1795 3807 1961 3864 Unde
1983 3809 2148 3864 nulla
2166 3812 2250 3864 est
2298 3808 2462 3875 ratio,
2496 3809 2566 3866 ob
2592 3826 2766 3881 quam
2794 3809 3027 3867 barbari
3074 3812 3155 3867 ot*-

1794 3890 2035 3947 fendant
2063 3892 2242 3947 Deum
2271 3891 2572 3948 authorem
2624 3894 3149 3965 supernaturalem.

1793 3975 1852 4029 et
1870 3970 2041 4028 homo
2068 3971 2131 4027 in
2159 3971 2319 4044 puris
2344 3970 2605 4028 conditus
2652 3972 2842 4044 ipsum
2900 3988 3017 4029 non
3063 3973 3155 4030 of-

1794 4052 2072 4120 fenderet,
2121 4057 2178 4110 et
2203 4070 2235 4110 e
2261 4069 2560 4111 converso.

3219 1211 3345 1255 ditur.

288 4138 352 4190 ut
367 4150 497 4190 cum
515 4136 703 4193 D.Th.
734 4138 1092 4195 ostendimus
1106 4146 1267 4196 tract.
1300 4140 1543 4213 13,disp.
1562 4140 1655 4206 20,
1869 4133 2258 4192 confirmatur
2277 4135 2587 4192 evertendo
2616 4135 3059 4193 fundamentum
3090 4137 3153 4194 in
3186 4139 3352 4234 z¹u⁰r¹¹3¹ffil

285 4214 413 4270 dub.
444 4216 500 4280 2,
531 4219 563 4284 ἕ
599 4218 645 4283 l,
674 4217 772 4275 sed
799 4218 893 4274 his
922 4219 1277 4288 hominibus,
1323 4219 1422 4292 qui
1467 4223 1659 4276 essent
1793 4216 1900 4272 hac
1926 4216 2296 4289 responsione
2336 4216 2730 4284 insinuatum;
2758 4221 2893 4274 na'm
2935 4222 2997 4273 ut
3042 4218 3154 4273 ali-
3192 4237 3314 4289 pum,

287 4293 496 4368 absque
522 4298 724 4370 gratia,
748 4303 806 4355 et
832 4299 1042 4373 absque
1064 4308 1307 4374 peccatO,
1331 4301 1529 4357 nullus
1553 4301 1659 4359 de-

287 4373 629 4431 terminatus
668 4377 828 4433 locus
849 4383 1035 4450 posset
1061 4381 1124 4435 in
1147 4380 1343 4436 futura
1365 4380 1487 4437 vita
1529 4396 1659 4438 cor-

286 4453 667 4526 respondere3
709 4471 831 4513 non
851 4457 1086 4530 quidem
1105 4460 1334 4526 coelum,
1381 4464 1655 4534 purgato-

286 4534 462 4601 rium,
485 4537 576 4592 vel
596 4535 826 4611 lymbus
853 4539 1112 4606 Patrum,
1144 4556 1275 4597 cum
1302 4540 1373 4597 ad
1393 4541 1510 4598 haec
1537 4541 1660 4599 loca

284 4615 475 4672 solum
495 4614 836 4673 deferantur
864 4620 1175 4677 morientes
1202 4620 1263 4675 in
1294 4621 1483 4695 gratia
1513 4644 1526 4679 :
1557 4636 1660 4679 nec

287 4694 577 4762 infernus,
628 4697 723 4753 vel
769 4697 1000 4772 lymbus
1044 4715 1354 4773 puerorum
1380 4700 1658 4758 deceden-

286 4775 434 4831 tium
462 4776 592 4832 sine
632 4775 958 4848 baptismo,
988 4777 1276 4851 siquidem
1312 4779 1376 4835 in
1403 4780 1495 4836 his
1521 4780 1660 4837 locis

282 4858 475 4915 solum
524 4858 954 4916 constituuntur
978 4860 1077 4932 qui
1101 4861 1433 4917 moriuntur
1454 4862 1516 4917 in
1539 4876 1661 4934 pec-

284 4943 411 4997 cato
444 4954 620 5014 :ergo
645 4939 875 4998 concedi
906 4955 1026 4999 non
1048 4944 1247 5014 potest,
1272 4957 1393 4999 esse
1419 4942 1489 5000 de
1515 4941 1660 5000 sacto

285 5021 511 5096 aliquos
556 5021 824 5080 homines
871 5022 1080 5098 absque
1108 5029 1349 5098 peccato,
1373 5029 1430 5082 et
1446 5024 1653 5100 gratia.

1791 4298 1921 4370 quis
1948 4296 2196 4354 offendat
2227 4300 2403 4354 Deum
2428 4299 2727 4355 authorem
2750 4305 3155 4371 supernatura-

1794 4379 1932 4446 lem,
1967 4393 2085 4435 non
2114 4379 2449 4452 requiritur,
2483 4379 2632 4453 quod
2676 4379 2751 4434 sit
2788 4380 3043 4436 elevatus
3082 4380 3152 4438 ad

1792 4461 2293 4532 supernaturalem
2315 4459 2492 4516 finem
2512 4476 2675 4534 :ergo
2704 4460 2867 4527 ratio,
2887 4460 2959 4517 ob
2978 4478 3149 4534 quam

1792 4554 1994 4596 omnes
2022 4540 2287 4598 homines
2312 4540 2568 4615 graviter
2595 4540 2666 4596 de
2693 4539 2837 4598 sacto
2860 4549 3152 4613 peccantes

1793 4619 2087 4677 offendant
2100 4623 2279 4678 Deum
2303 4622 2802 4695 supernaturalem
2825 4623 3145 4690 authorem,

1794 4716 1912 4757 non
1933 4705 2018 4758 est
2043 4700 2178 4773 quia
2204 4707 2337 4758 sunt
2359 4701 2429 4758 de
2456 4701 2600 4759 {acto
2623 4701 2693 4758 ad
2732 4709 3149 4775 supernatura-

1793 4781 1909 4837 lem
1937 4780 2204 4838 ordinem
2231 4783 2459 4840 elevati.
2511 4783 2926 4856 Consequentia
2976 4789 3145 4857 patet.

1791 4869 1849 4920 et
1869 4862 2205 4920 antecedens
2237 4867 2456 4921 constat
2476 4880 2547 4921 ex
2585 4881 2760 4938 supra
2787 4863 2951 4921 dictis
2983 4886 2996 4920 ε
3027 4871 3147 4922 tum

1790 4944 1928 5017 quia
1953 4943 2003 5000 si
2031 4943 2241 5016 aliquis
2280 4943 2564 5019 judicaret
2589 4949 2771 5003 Deum
2797 4960 2919 5003 esse
2944 4961 3149 5019 super-

1792 5025 2120 5083 naturalem
2149 5025 2469 5095 authorem,
2493 5032 2551 5084 et
2586 5028 2842 5103 graviter
2872 5033 3143 5101 peccaret,
