3647 5753
96 2827 226 2879 nasot

87 2884 231 2970 233&

61 2975 240 3021 evemio.
272 2971 447 3036 ciem,
501 2985 673 3043 quam
700 2968 884 3042 quoad
916 2969 1302 3025 intensionem
1333 2968 1396 3023 in
1420 2983 1537 3025 uno
1562 2967 1640 3023 sit

1442 449 1622 504 DISP.
1665 449 1787 514 vn,
1832 449 1996 505 DUB.
2040 449 2111 504 V.
3053 443 3163 498 225

299 620 639 694 quandoque
693 621 909 679 resistit
955 619 1434 694 inspirationibus
1480 619 1664 694 magis

300 702 559 770 intensis,
589 705 646 758 et
685 702 1025 775 quandoque
1082 702 1365 758 consentit
1404 700 1663 773 inspira-

300 781 551 840 tionibus
579 782 777 838 minus
799 782 1041 840 intensis
1068 803 1082 837 ε
1113 780 1266 839 unde
1306 780 1573 848 maximi,
1605 785 1663 837 et

298 862 563 921 obdurati
612 871 949 938 peccatores,
984 869 1044 919 ut
1090 865 1331 931 Pharao,
1376 865 1404 917 J
1413 862 1572 929 udas,
1604 867 1662 919 et

299 945 402 1001 alii
424 944 700 1001 maximis
722 945 1225 1009 illustrationibus,
1260 950 1378 1001 tam
1405 943 1661 1000 exterio-

302 1024 477 1093 ribus,
526 1042 702 1099 quam
744 1025 1122 1084 interioribus
1162 1025 1478 1091 resistunt;
1517 1023 1657 1097 justi

299 1120 436 1162 vero
455 1107 548 1162 vel
590 1107 797 1164 leviter
836 1105 967 1163 tacti
995 1104 1211 1161 divinas
1231 1103 1655 1161 illuminationi

294 1184 686 1244 obsecundant
711 1208 725 1244 ε
747 1202 883 1262 ergo
901 1184 1049 1259 quod
1069 1199 1398 1251 consensus,
1424 1184 1518 1241 vel
1544 1182 1658 1239 dis-

293 1283 495 1325 sensus
522 1274 792 1340 sequatur
813 1267 883 1323 ad
901 1267 1185 1323 auxilium
1204 1266 1505 1322 moraliter
1527 1280 1656 1321 mo-

295 1365 454 1414 vens,
496 1364 616 1405 non
639 1349 909 1422 provenit
937 1348 1167 1420 praecise
1192 1363 1263 1404 ex
1292 1361 1505 1421 magna
1529 1346 1655 1418 ejus

295 1427 622 1486 intensione
644 1428 798 1484 intra
817 1426 1060 1485 eandem
1082 1427 1349 1500 speciem.
1373 1427 1522 1481 Tum
1549 1423 1655 1483 de-

294 1510 488 1582 nique,
523 1524 659 1564 nam
685 1509 821 1581 quia
848 1509 1234 1582 suggestiones
1259 1505 1498 1572 diaboli,
1528 1506 1654 1580 qui-

290 1591 397 1648 bus
424 1590 722 1648 hominem
745 1592 1046 1647 moraliter
1073 1596 1285 1654 movet,
1318 1604 1436 1646 non
1465 1593 1652 1645 extor-

286 1676 466 1746 quent
511 1669 908 1728 infallibiliter
932 1687 1003 1728 ex
1030 1674 1217 1744 specie
1262 1687 1365 1727 sua
1388 1676 1650 1727 nostrum

284 1769 654 1818 consensum,
680 1753 1055 1826 quantumvis
1102 1751 1498 1818 intendantur,
1531 1765 1650 1807 non
1677 1766 1682 1770 ·

285 1838 631 1908 extorquent
664 1838 836 1900 cert0,
892 1839 948 1890 et
996 1832 1386 1890 infallibiliter
1406 1846 1650 1898 consen-

285 1931 439 1982 sum,
470 1913 571 1972 sed
619 1913 746 1971 fieri
788 1915 1002 1987 optime
1033 1919 1228 1987 potest,
1278 1911 1427 1985 quod
1471 1913 1648 1969 simul

282 2011 417 2052 cum
478 1996 793 2052 tentatione
851 1995 1193 2069 gravissime
1254 1995 1528 2051 incitante
1576 1992 1647 2049 ad

278 2092 626 2133 consensum
668 2076 836 2132 detur
875 2075 1111 2132 actualis
1136 2074 1443 2139 dissensus,
1468 2079 1523 2130 et
1552 2089 1647 2130 rc-

277 2158 561 2222 sistentia,
594 2158 800 2214 saltem
832 2173 931 2230 per
955 2155 1204 2231 gratiam
1235 2156 1332 2212 Dei
1367 2177 1380 2211 ι
1433 2171 1570 2229 ergo
1595 2157 1644 2210 si

275 2241 454 2298 semel
486 2240 706 2296 auxilia
736 2241 1004 2304 moralia,
1036 2254 1160 2311 quoe
1183 2241 1328 2294 Deus
1359 2237 1637 2310 impertit,

278 2325 340 2375 ut
360 2321 807 2385 consentiamus,
836 2335 952 2375 non
975 2317 1224 2374 afferunt
1253 2316 1645 2373 infallibiliter

278 2415 352 2457 ex
380 2403 567 2475 specie
605 2416 707 2456 sua
737 2404 999 2456 nostrum
1045 2413 1406 2462 consensum,
1435 2413 1539 2454 nec
1567 2396 1644 2452 il-

279 2481 406 2536 lum
431 2482 681 2539 inferent
708 2478 1101 2538 infallibiliter
1119 2479 1340 2536 ratione
1366 2478 1644 2535 intensio·

285 2561 427 2628 nis;
482 2561 579 2620 sed
617 2561 742 2619 fieri
792 2561 1021 2634 poterit,
1063 2559 1212 2633 quod
1267 2558 1638 2633 inspirationi

284 2641 553 2700 interiori
581 2644 743 2700 valde
764 2644 1004 2713 intensae
1030 2657 1100 2698 ex
1130 2641 1354 2698 malitia
1375 2642 1642 2697 volunta·

285 2724 356 2780 tis
379 2730 502 2781 actu
528 2726 874 2783 resistamus.

354 2803 743 2862 confirmatur
762 2803 1029 2870 secundo,
1059 2804 1193 2875 quia
1213 2802 1261 2858 si
1294 2802 1470 2858 semel
1511 2800 1636 2858 fieri

235 2899 249 2909 ·
278 2894 482 2962 potest,
507 2894 568 2944 ut
586 2887 787 2945 eadem
813 2888 1118 2960 inspiratio
1146 2892 1260 2942 tam
1284 2884 1468 2958 quoad
1506 2900 1638 2958 spe·

267 3050 485 3115 efficax,
517 3055 575 3106 et
599 3051 661 3105 in
684 3050 800 3106 alio
818 3049 894 3104 sit
921 3048 1201 3114 inefficax,
1230 3053 1292 3102 ut
1313 3047 1638 3120 praecedens

265 3129 632 3189 confirmatio
658 3129 797 3186 satis
823 3129 1055 3195 evincit,
1083 3124 1141 3185 ¹et
1186 3127 1523 3185 Adversarii
1570 3145 1637 3186 ea

260 3214 507 3271 convicti
572 3211 887 3269 concedunt
917 3235 932 3278 ;
1002 3211 1356 3284 inquirimus
1409 3209 1479 3268 ab
1525 3212 1628 3277 eiS,

261 3300 454 3349 utrum
486 3292 709 3366 aliquid
737 3292 1117 3349 intrinsecum
1147 3293 1199 3349 ei
1240 3291 1634 3364 superadden-

261 3372 401 3429 dum
429 3374 529 3436 sit,
575 3377 638 3428 ut
673 3371 947 3429 reddatur
985 3372 1201 3435 efficax,
1246 3372 1337 3428 vel
1369 3374 1529 3428 non?
1574 3372 1632 3427 Si

257 3452 483 3509 dicatur
507 3453 616 3509 hoc
638 3453 911 3508 ultimum
941 3473 954 3507 :
976 3469 1112 3526 ergo
1131 3452 1315 3527 gratia
1336 3451 1550 3519 efficax,
1578 3456 1634 3508 et

258 3534 519 3592 inefficax
538 3551 655 3591 non
672 3534 1108 3609 distinguuntur
1125 3550 1297 3607 penes
1313 3533 1530 3607 aliquid
1547 3534 1635 3590 in·

259 3618 595 3683 trinsecum,
626 3617 724 3674 sed
767 3621 882 3674 tota
922 3616 1166 3674 efficacia
1193 3617 1285 3673 vel
1312 3616 1425 3673 erit
1450 3616 1632 3674 deno-

260 3699 503 3756 minatio
531 3703 765 3770 sumpta
787 3713 858 3753 ex
883 3698 1259 3768 praescientia,
1286 3695 1434 3771 quod
1455 3713 1631 3769 supra

249 3779 379 3836 dub.
404 3780 440 3834 3
462 3779 839 3842 exclusimu5‚
857 3778 947 3833 vel
970 3776 1387 3834 eritdistinctio
1401 3783 1630 3851 sumpta

252 3859 325 3914 ab
373 3860 579 3918 effectu
607 3904 621 3926 ,
669 3859 818 3932 quod
864 3859 990 3916 dub.
1049 3861 1063 3914 l
1103 3860 1421 3933 rejecimus.
1456 3861 1523 3914 Et
1550 3859 1630 3915 sic
1714 3921 1718 3925 ¹

254 3948 555 4013 urgentur,
613 3946 672 3997 et
718 3942 1147 4013 compelluntur
1186 3940 1519 3996 Adversarii
1567 3940 1622 3995 S.

258 4022 664 4094 Augustinum,
715 4026 771 4077 et
803 4022 868 4075 D.
911 4021 1193 4077 Thomam
1240 4020 1522 4083 deserere,
1572 4024 1629 4077 et

259 4101 570 4158 Molinistis
614 4100 976 4157 subscribere
1009 4121 1021 4156 :
1050 4116 1162 4174 quo
1190 4100 1339 4156 nihil
1369 4100 1627 4158 amarius

255 4180 419 4254 objici
446 4183 569 4237 illis
593 4186 794 4254 potest.
819 4182 877 4236 Si
900 4186 1089 4237 autem
1106 4182 1322 4255 eligant
1344 4181 1622 4253 primum:

257 4275 388 4335 ergo
410 4263 473 4317 in
501 4262 610 4318 illo
646 4262 962 4318 intrinseco
982 4261 1241 4319 consistit
1260 4261 1504 4318 efficacia
1531 4261 1626 4317 di-

258 4343 404 4400 vinae
431 4344 732 4410 motionis,
766 4359 882 4400 non
910 4360 1048 4400 vero
1090 4343 1151 4399 in
1191 4342 1442 4399 motibus
1471 4344 1625 4401 inte-

258 4425 523 4493 rioribus,
572 4430 637 4481 nt
679 4426 908 4498 praecise
954 4426 1252 4482 moraliter
1279 4426 1625 4485 inclinanti-

253 4504 376 4562 bus.
404 4506 619 4580 Nequit
646 4513 838 4563 autem
865 4506 1142 4578 explicari
1163 4547 1176 4571 ‚
1207 4506 1344 4580 quid
1372 4508 1449 4563 sit
1473 4508 1622 4565 illud

254 4589 657 4652 intrinsecum,
689 4595 745 4645 et
793 4591 975 4646 latens
1021 4590 1260 4647 auxiliis
1304 4591 1624 4648 moralibus

245 4667 708 4743 superadditum,
743 4670 856 4725 nisi
904 4670 1110 4744 aliquis
1140 4671 1424 4744 impulsus
1464 4671 1622 4728 divi-

253 4765 357 4805 nus
383 4750 641 4825 physice,
673 4753 733 4805 et
768 4751 1073 4808 causaliter
1098 4754 1455 4809 voluntatem
1485 4769 1621 4810 nos-

249 4834 396 4887 tram
441 4846 576 4887 cum
629 4829 976 4901 praeintenta
1013 4833 1347 4906 operatione
1373 4833 1620 4907 conjun-

242 4926 423 4985 gens3
467 4927 610 4968 nam
640 4908 919 4983 quidquid
961 4928 1075 4970 non
1123 4920 1319 4972 movet
1365 4915 1615 4988 physice,

249 4998 438 5049 movet
481 4997 717 5049 tantum
768 4995 1085 5063 moraliter,
1112 5002 1278 5070 atque
1304 4996 1374 5054 ad
1398 4998 1618 5055 auxilia

249 5076 492 5133 moralia
536 5073 856 5140 reducitur,
881 5075 949 5133 de
985 5096 1095 5151 quo
1131 5079 1373 5153 proinde
1399 5078 1612 5137 eaedem

1793 618 2151 677 difficultates
2204 619 2534 692 procedunt.
2593 615 2920 675 Necessario
2979 613 3160 688 igitur

1791 698 2215 776 concedendum
2261 705 2364 765 est,
2403 699 2687 756 auxilium
2744 713 2816 755 ex
2854 711 2914 752 se
2952 692 3150 752 efficax

1793 794 2028 837 movere
2056 796 2174 838 non
2197 780 2426 852 praecise
2452 775 2874 845 moraliter,sed
2899 773 3147 850 physice,

1791 865 1850 918 et
1874 877 2010 919 vere
2035 862 2358 918 causaliter.

1865 944 1994 1000 314.
2039 946 2151 1000 Nec
2179 943 2265 999 vis
2292 943 2501 1000 harum
2530 940 3035 1016 impugnationum
3062 937 3155 994 di-
3171 958 3378 1050 {ewa}

3182 1065 3353 1113 respon-

1787 1105 1913 1171 sio,
1972 1119 2180 1177 nempe
2236 1104 2384 1161 hanc
2437 1104 2741 1162 efficaciam
2796 1099 3150 1157 auxiliorum
3170 1106 3353 1199 diffinit

1790 1025 1974 1081 luitur
2002 1041 2103 1099 per
2136 1023 2216 1092 id,
2246 1025 2396 1099 quod
2423 1025 2580 1082 addit
2609 1022 2874 1097 praedicta
2914 1035 3156 1093 respon-

1787 1186 2100 1243 moralium
2141 1184 2376 1242 fundari
2404 1185 2468 1242 in
2496 1183 2659 1242 varia
2698 1197 2900 1241 eorum
2944 1186 3153 1236 attem-

1788 1265 2084 1338 peratione
2128 1265 2198 1323 ad
2258 1266 2543 1330 homines,
2593 1280 2734 1338 quos
2774 1266 3043 1328 movent;
3096 1265 3154 1318 et

1787 1347 1923 1404 hinc
1951 1348 2279 1420 provenire,
2322 1346 2470 1422 quod
2516 1364 2645 1403 cum
2686 1345 2886 1404 eodem
2932 1343 3151 1401 auxilio

1783 1428 1970 1503 quoad
1989 1428 2373 1485 substantiam
2396 1430 2697 1485 moraliter
2718 1431 2985 1484 movente
3003 1440 3150 1481 unus

1784 1508 1958 1566 homo
1984 1509 2321 1576 consentiat,
2361 1510 2542 1566 altero
2572 1508 2964 1565 dissentiente.
3012 1506 3145 1569 Hoc,

1784 1588 2045 1661 inquam,
2098 1590 2345 1647 minime
2388 1589 2679 1657 satisfacit,
2711 1588 2808 1646 sed
2864 1587 3149 1645 refellitur

1781 1668 1997 1726 eisdem
2052 1672 2305 1737 motivis,
2360 1669 2567 1743 quibus
2613 1669 2741 1726 dub.
2773 1672 2808 1723 2
2838 1669 3148 1742 impugna-

1782 1748 1975 1805 vimus
2015 1752 2329 1824 Vasquium
2355 1750 2554 1808 eodem
2578 1749 2697 1807 fere
2725 1748 2895 1805 modo
2921 1747 3142 1804 discur-

1782 1837 2006 1888 rentem
2057 1835 2247 1907 (qnem
2286 1833 2462 1890 etiam
2498 1832 2570 1889 ob
2606 1832 2755 1889 hanc
2803 1829 3144 1904 procedendi

1778 1912 2225 1971 similitudinem
2268 1913 2502 1988 quidam
2550 1929 2668 1970 non
2716 1911 3009 1969 immerito
3051 1927 3146 1968 re-

1779 2002 2012 2052 censent
2056 1997 2208 2053 inter
2270 2003 2536 2071 patronos
2591 1996 2791 2070 gratim
2840 1994 3142 2050 moraliter

1780 2077 2184 2147 praemoventis
2225 2076 2295 2134 ab
2337 2077 2652 2134 intrinseco
2690 2075 2967 2145 efficacis).
3026 2076 3139 2131 Re-

1778 2154 1999 2213 fellitur
2026 2163 2216 2215 autem
2240 2161 2421 2231 primo
2449 2156 2519 2214 ab
2542 2155 2973 2214 inconvenienti
3002 2155 3141 2212 satis

1775 2239 1973 2312 gravi3
2002 2242 2275 2313 quoniam
2305 2240 2570 2297 discretio
2592 2239 2654 2295 in
2682 2236 2899 2295 actibus
2918 2236 3141 2293 saluta—

1778 2318 1958 2387 ribus,
1983 2322 2123 2380 etin
2152 2323 2378 2396 negotio
2404 2322 2605 2378 salutis
2633 2320 2829 2393 nequit
2870 2318 3143 2390 primitus

1777 2404 2034 2460 revocari
2065 2403 2128 2459 in
2152 2410 2453 2470 naturam,
2484 2401 2582 2460 sed
2612 2399 2932 2458 revocanda
2955 2404 3040 2457 est
3080 2400 3143 2455 in

1772 2486 2041 2559 gratiam,
2076 2492 2137 2541 ut
2182 2492 2400 2543 constat
2443 2500 2514 2542 ex
2561 2483 2726 2540 dictis
2752 2485 2880 2540 dub.
2909 2486 3077 2539 citato
3104 2501 3139 2538 a

1774 2582 1929 2621 num.
1959 2566 2050 2631 42,
2076 2571 2133 2622 et
2169 2563 2372 2621 docent
2399 2564 2459 2620 hi
2488 2563 2815 2628 Thomistae,
2848 2579 2977 2619 cum
3006 2563 3139 2635 qui-

1774 2645 1880 2703 bus
1906 2646 2263 2719 disputamus
2290 2667 2303 2702 ε
2329 2647 2430 2703 hoc
2453 2652 2643 2703 autem
2679 2644 2966 2702 verificari
3018 2661 3134 2703 non

1774 2728 1925 2783 valet
1960 2728 2274 2785 secundum
2320 2728 2663 2792 doctrinam,
2694 2744 2807 2800 qua
2834 2725 2999 2784 nobis
3039 2743 3136 2784 oc-

1770 2814 2013 2866 currunt
2046 2831 2059 2866 :
2088 2826 2222 2885 ergo
2262 2809 2528 2884 praedicta
2554 2810 2748 2867 evasio
2777 2810 2995 2865 nullius
3039 2825 3136 2866 ro-

1770 2890 1928 2948 boris
1953 2895 2054 2948 est.
2090 2891 2373 2948 Probatur
2400 2891 2595 2948 minor
2629 2912 2641 2947 :
2675 2897 2794 2946 tum
2823 2894 2959 2964 quia
2983 2891 3043 2945 in
3070 2905 3135 2947 ea

1768 2972 2133 3046 supponitur,
2184 2971 2334 3045 quod
2379 2976 2567 3029 stante
2612 2970 2811 3028 eadem
2844 2971 3139 3027 vocatione

1768 3068 1841 3109 ex
1882 3058 2041 3126 parte
2088 3053 2186 3109 Dei
2232 3051 2500 3125 possibile
2542 3052 2617 3108 sit
2659 3051 2911 3124 potentia
2930 3067 3135 3109 conse-

1766 3135 1964 3207 quenti
1989 3151 2167 3191 unum
2193 3134 2490 3191 hominem
2518 3134 2774 3191 converti
2802 3139 2859 3189 et
2885 3133 3133 3190 alterum

1769 3231 1888 3273 non
1925 3217 2180 3276 converti
2213 3239 2226 3273 z
2257 3232 2393 3290 ergo
2421 3217 2537 3273 haec
2566 3215 2956 3289 inaequalitaS,
3011 3231 3135 3289 quae

1767 3297 1838 3354 ad
1886 3300 2181 3374 negotium
2228 3297 2429 3353 salutis
2459 3296 2726 3370 pertinet,
2755 3312 2870 3354 non
2901 3312 3136 3354 revoca-

1767 3384 1861 3435 tur
1896 3379 1959 3436 in
1998 3380 2245 3454 gratiam
2295 3378 2659 3451 inaequalem,
2687 3375 2784 3433 sed
2826 3378 2888 3433 in
2937 3376 3134 3434 diver-

1765 3475 1911 3525 sam,
1936 3464 1991 3517 et
2020 3458 2343 3514 naturalem
2387 3457 2643 3513 hominis
2670 3455 3127 3527 dispositionem.

1765 3540 1914 3596 Tum
1942 3541 2140 3605 etiam,
2182 3538 2319 3611 quia
2340 3538 2503 3611 juxta
2546 3536 2872 3609 praedictam
2914 3535 3133 3593 doctri-

1765 3637 1923 3685 nam,
1947 3618 2097 3693 quod
2130 3619 2346 3676 vocatio
2371 3619 2446 3673 sit
2472 3617 2685 3681 efficax,
2720 3623 2816 3673 aut
2844 3616 3124 3683 inefficax,

1764 3716 1883 3757 non
1911 3698 2081 3755 habet
2100 3715 2171 3754 ex
2197 3715 2277 3764 sc,
2309 3703 2363 3755 et
2392 3698 2684 3771 praecisixe
2713 3712 2743 3752 a
2774 3701 3026 3769 respectu
3056 3695 3126 3753 ad

1762 3781 2124 3838 differentem
2148 3781 2452 3838 hominum
2489 3779 2923 3852 dispositionem
2956 3794 3130 3853 :ergo

1760 3864 2079 3935 completur
2108 3861 2169 3917 in
2208 3876 2331 3917 esse
2373 3861 2611 3918 efficacis
2656 3876 2758 3933 per
2806 3859 2927 3924 hoc,
2978 3858 3127 3932 quod

1762 3948 1972 3998 natura
1992 3940 2179 3998 eidem
2222 3946 2664 4015 attemperetur;
2695 3946 2751 3997 et
2775 3954 3129 4010 consequen-

1761 4028 1848 4080 ter
1901 4022 2166 4078 ultimata
2208 4022 2354 4078 ratio
2391 4018 2818 4078 diversificandi
2866 4018 3126 4077 effectum

1770 4102 2156 4176 pertinentem
2199 4102 2269 4159 ad
2314 4103 2578 4166 salutern,
2614 4101 2894 4173 illumque
2939 4099 3128 4157 effica-

1759 4184 1900 4240 citer
1928 4182 2235 4248 inl'erendi,
2269 4198 2388 4239 non
2421 4188 2506 4239 est
2532 4181 2755 4256 gratia,
2808 4181 2899 4238 vel
2940 4180 3124 4255 gratia

1757 4266 1914 4332 sola;
1942 4263 2040 4321 sed
2066 4271 2149 4321 est
2172 4270 2399 4330 natura,
2429 4279 2552 4337 quae
2596 4263 2796 4337 gratiae
2842 4268 3125 4337 attempe-

1760 4352 1920 4403 ratur
1946 4388 1959 4412 ,
2014 4346 2291 4420 illamque
2319 4345 2564 4417 complet
2594 4345 2655 4399 in
2701 4361 2823 4402 esse
2861 4343 3116 4402 efficacis

1756 4428 1904 4483 Tum
1934 4426 2198 4500 denique,
2228 4428 2363 4501 quia
2388 4424 2752 4490 difformitas,
2784 4431 2839 4481 et
2867 4426 3122 4498 inaequa-

1758 4506 1889 4563 litas
1909 4523 1981 4565 ex
2004 4512 2162 4580 parte
2183 4505 2484 4563 effectuum
2509 4505 2706 4578 nequit
2735 4505 2925 4562 reduci
2951 4507 3013 4562 in
3039 4506 3116 4573 id,

1754 4586 1905 4661 quod
1932 4593 2016 4644 est
2044 4587 2354 4652 uniforme,
2385 4591 2443 4642 et
2466 4586 2682 4659 aequale
2701 4601 2773 4642 ex
2796 4591 2957 4659 parte
2983 4603 3121 4643 cau-

1754 4686 1974 4735 sarum;
2016 4668 2114 4725 sed
2145 4667 2529 4726 revocandum
2559 4673 2643 4724 est
2670 4667 2732 4723 in
2761 4668 2837 4733 id,
2870 4667 3022 4742 quod
3049 4685 3119 4727 ex

1756 4755 1916 4824 parte
1944 4750 2179 4806 illarum
2222 4750 2495 4822 importat
2539 4747 2974 4806 difformitatem
3009 4794 3021 4817 ,
3066 4754 3123 4807 et

1752 4832 2135 4905 aequalitatem
2157 4832 2343 4904 :atqui
2371 4831 2420 4886 si
2443 4830 2751 4903 suppositis
2776 4829 2993 4888 eisdem
3023 4847 3120 4889 ac-

1753 4912 1905 4968 tibus
1932 4910 2327 4969 indeliberatis
2358 4955 2372 4978 ,
2428 4912 2490 4968 in
2536 4909 2743 4984 quibus
2783 4909 3116 4970 Adversarii

1752 4996 2107 5054 constituunt
2154 4996 2401 5071 gratiam
2472 4994 2752 5053 efficacem
2813 4996 3117 5054 moraliter

1755 5085 2236 5153 praemoventem,
2288 5077 2511 5152 primus
2558 5086 2712 5135 actus
2764 5078 3116 5135 deliberatus
