3647 5753
1397 380 1575 435 DISP.
1624 380 1693 447 11,
1737 381 1902 437 DUB.
1947 381 2067 436 VII.

870 552 1008 623 gv.

374 715 617 775 Ulterior
657 715 1000 786 confirmatio
1036 730 1172 769 verae
1215 717 1503 772 sententia.

39 904 244 949 nmmum
330 879 461 933 270.
484 876 739 948 Denique
762 874 1240 946 potestsententia
1265 879 1460 932 nostra
1481 890 1620 931 con-

38 952 242 999 ⁰¹⁰¹¹V¹¹¹¹¹
257 956 484 1014 firmari
514 954 860 1013 destruendo
890 955 1241 1027 praecipuum
1272 955 1620 1012 fundamen-

257 1047 381 1097 tum
405 1039 658 1097 adversm
678 1062 693 1104 ;
718 1037 854 1110 quia
869 1036 917 1091 si
942 1043 1231 1109 peccatum
1246 1052 1420 1112 grave
1436 1038 1620 1094 homi-

258 1120 351 1177 nis
376 1119 592 1176 conditi
636 1119 698 1173 in
728 1117 888 1189 puris
928 1122 1113 1189 posset
1154 1117 1371 1174 remitti
1412 1118 1620 1189 absque

254 1200 454 1271 aliqua
479 1199 684 1274 gratia,
711 1198 802 1253 vel
825 1198 1144 1255 mutatione
1164 1199 1613 1271 supernaturali,

259 1279 480 1353 pariter
508 1284 693 1352 posset
722 1277 938 1334 remitti
963 1276 1172 1350 absque
1198 1279 1359 1335 omni
1381 1295 1539 1343 vera,
1564 1282 1621 1335 et

251 1359 492 1433 speciali
514 1361 717 1433 gratia,
748 1364 866 1414 tam
896 1360 1169 1425 naturali,
1202 1378 1375 1434 quam
1416 1376 1621 1434 super-

261 1441 517 1496 naturali
541 1464 557 1507 ;
600 1447 656 1496 et
682 1445 799 1496 tam
827 1439 1161 1508 intrinseca,
1192 1460 1365 1515 quam
1393 1441 1620 1500 extrin-

257 1537 387 1580 seca
420 1544 434 1578 ε
475 1537 825 1595 consequens
871 1522 1069 1594 nequit
1114 1524 1389 1581 sustineri
1423 1546 1437 1580 :
1485 1539 1621 1597 ergo

260 1609 553 1676 peccatum
595 1618 771 1676 grave
818 1602 1073 1659 hominis
1112 1604 1325 1661 conditi
1354 1606 1418 1662 in
1461 1604 1621 1677 puris

263 1685 483 1742 remitti
514 1699 631 1740 non
674 1689 858 1756 posset
885 1684 1093 1758 absque
1122 1686 1312 1758 aliqua
1339 1702 1621 1760 superna-

259 1763 436 1820 turali
466 1765 803 1828 mutatione,
836 1765 928 1819 vel
955 1766 1161 1839 gratia.
1204 1766 1444 1822 Falsitas
1481 1782 1621 1822 con-

258 1844 550 1915 sequentis
591 1848 741 1916 patet
775 1865 788 1898 z
817 1844 1091 1916 quoniam
1120 1845 1385 1902 remissio
1412 1845 1620 1918 peccati

259 1923 457 1998 gravis
478 1923 648 1980 habet
672 1924 1138 1998 inseparabiliter
1167 1941 1454 1982 annexam
1482 1942 1622 1983 con-

260 2002 634 2061 donationem
678 2002 923 2060 infinitae
949 2004 1177 2062 offensae
1215 2012 1413 2063 contra
1442 2008 1621 2062 Deum

261 2085 596 2153 commissae,
628 2091 684 2141 et
720 2085 1236 2143 cessationem‘odii
1265 2086 1451 2142 divini
1487 2103 1622 2161 erga

265 2172 614 2238 peccatorem
646 2187 658 2221 ε
681 2165 778 2222 sed
798 2164 948 2238 quod
972 2168 1118 2223 Deus
1137 2166 1417 2224 condonet
1438 2168 1622 2225 offen-

265 2261 410 2311 sam,
453 2252 509 2302 et
548 2245 795 2319 deponat
834 2246 1051 2313 odium,
1101 2249 1300 2320 nequit
1341 2265 1458 2306 non
1504 2265 1624 2306 esse

266 2328 516 2402 insignis
558 2328 763 2401 gratia,
812 2335 867 2385 et
911 2330 1172 2402 specialis
1225 2331 1624 2389 misericordia

198 2479 201 2482 ,
267 2409 372 2466 Dei
395 2423 531 2482 erga
559 2415 905 2480 peccatorem
933 2430 946 2465 ε
975 2426 1110 2485 ergo
1139 2418 1427 2483 peccatum
1448 2428 1624 2486 grave

12 4872 204 4933 contir-

21 4930 194 4970 matio.

270 2489 529 2546 hominis
550 2488 762 2544 conditi
786 2490 846 2544 in
871 2491 1025 2562 puris
1055 2492 1273 2548 remitti
1296 2509 1412 2550 non
1442 2496 1626 2566 posset

274 2569 488 2641 absque
514 2569 673 2623 omni
712 2570 912 2642 gratia.
943 2572 1180 2644 Sequela
1205 2588 1343 2630 vero
1369 2574 1625 2631 ostendi-

270 2655 369 2706 tur
389 2673 404 2717 ς
436 2665 571 2705 nam
600 2648 727 2705 ideo
765 2649 1091 2709 Adversarii
1134 2653 1349 2721 dIcunt,
1384 2655 1624 2729 praedic-

268 2737 394 2786 tum
438 2734 723 2801 peccatum
753 2746 912 2803 posse
953 2733 1168 2790 remitti
1197 2733 1406 2808 absque
1438 2736 1625 2810 gratia

264 2812 714 2886 supernaturali,
759 2813 893 2886 quia
933 2820 1135 2887 posset,
1167 2822 1223 2872 et
1260 2817 1489 2875 deberet
1530 2835 1625 2876 re-

265 2893 422 2949 mitti
454 2909 555 2965 per
588 2893 1010 2966 providentiam
1040 2900 1139 2954 Dei
1168 2900 1424 2970 authoris
1453 2907 1625 2957 natu-

266 2973 429 3037 ralis,
480 2978 537 3029 et
573 2973 950 3047 gubernantis
991 2983 1257 3036 naturam
1307 2982 1622 3038 humanam

263 3057 331 3111 in
380 3056 485 3112 illo
512 3060 696 3123 statu;
743 3075 914 3130 quam
958 3061 1379 3134 providentiam
1421 3064 1625 3120 existi-

263 3141 433 3192 mant
476 3137 600 3192 fore
625 3138 1042 3210 imperfectam,
1074 3148 1130 3198 et
1158 3145 1270 3200 Deo
1298 3143 1619 3218 indignam,

262 3216 382 3272 nisi
414 3219 560 3274 Deus
583 3224 645 3274 ut
671 3235 739 3275 ea
767 3224 932 3276 utens
959 3229 1144 3294 posset
1175 3226 1468 3281 remittere
1494 3241 1625 3298 pec-

261 3303 384 3353 cata
411 3298 474 3353 in
499 3298 764 3372 praedicto
785 3306 933 3358 statu
957 3304 1259 3361 commissa
1281 3306 1476 3378 :atqui
1500 3323 1626 3378 pro·

264 3377 525 3436 videntia
572 3382 672 3436 Dei
716 3387 779 3436 ut
821 3382 1199 3457 gubernantis
1235 3385 1533 3443 hominem
1562 3388 1625 3444 in

268 3463 422 3514 statu
470 3476 767 3530 purorum,
821 3465 951 3520 talis
989 3470 1152 3531 esset,
1199 3472 1262 3521 ut
1301 3467 1525 3522 nullam
1572 3468 1625 3524 ei

262 3538 574 3612 specialem
602 3544 868 3615 gratiam,
900 3545 994 3601 vel
1031 3548 1376 3613 naturalem,
1408 3547 1501 3602 vel
1527 3564 1628 3604 su·-

261 3623 719 3693 pernaturalem,
747 3626 840 3681 vel
863 3626 1259 3694 intrinsecam,
1284 3628 1376 3684 vel
1398 3629 1626 3684 extrin-

257 3716 455 3758 secam
478 3704 762 3761 conferret
789 3727 803 3761 :
827 3722 961 3782 ergo
980 3708 1029 3763 si
1053 3714 1342 3781 peccatum
1372 3710 1627 3766 hominis

256 3781 480 3839 conditi
510 3783 573 3839 in
597 3801 669 3856 pu
680 3785 757 3840 ris
780 3793 962 3857 posset
983 3787 1193 3859 absque
1218 3789 1401 3863 gratia
1423 3805 1627 3864 super-

258 3863 524 3918 naturali
581 3866 820 3932 remitti,
879 3868 1096 3940 pariter
1142 3870 1359 3926 remitti
1408 3872 1629 3927 valeret

258 3940 480 4013 absque
506 3947 667 4001 omni
696 3947 899 4019 gratia.
933 3948 1214 4007 Suadetur
1248 3951 1462 4017 minor,
1494 3952 1628 4023 quia

257 4027 420 4081 Deus
448 4031 508 4080 ut
526 4025 854 4099 gubernans
875 4035 1143 4088 naturam
1164 4032 1227 4088 in
1246 4032 1406 4106 puris
1427 4031 1628 4089 condi-

255 4110 411 4170 tam,
438 4110 661 4161 tantum
688 4115 913 4180 praestat
932 4127 1016 4180 ea,
1042 4128 1168 4185 quae
1192 4117 1413 4169 naturae
1432 4128 1630 4169 secun-

254 4187 412 4244 dum
433 4202 493 4243 se
515 4186 795 4247 debentur
815 4216 828 4258 3
855 4208 989 4249 nam
1018 4195 1067 4250 si
1092 4197 1218 4268 plus
1240 4199 1484 4268 praestet,
1506 4196 1628 4268 J’am

254 4274 481 4328 natura
511 4285 626 4326 non
656 4273 1004 4348 relinquitur
1031 4277 1093 4333 in
1116 4279 1300 4351 puris,
1324 4283 1380 4335 et
1406 4279 1629 4336 tollitur

251 4353 450 4407 status
495 4352 828 4422 quaestionis
855 4377 867 4411 :
895 4355 993 4413 sed
1043 4364 1266 4415 naturae
1312 4359 1627 4416 secundum

249 4446 327 4488 se
368 4444 489 4517 non
534 4428 772 4519 debetur
813 4436 1004 4508 aliqua
1041 4438 1225 4511 gratia
1260 4440 1542 4511 specialis,
1574 4445 1629 4496 et

252 4521 507 4583 proprie
544 4507 724 4594 dicta3
755 4513 1040 4585 siquidem
1080 4516 1160 4583 id,
1191 4519 1341 4590 quod
1367 4517 1625 4587 debetur,

252 4603 395 4649 non
432 4596 515 4645 est
553 4594 739 4666 gratia
766 4598 1028 4668 specialis
1057 4619 1069 4653 :
1100 4613 1234 4674 ergo
1263 4602 1409 4656 Deus
1439 4606 1498 4657 ut
1522 4618 1631 4676 gu-

248 4670 527 4727 bernaus
555 4679 823 4731 naturam
851 4677 1141 4734 conditam
1168 4679 1233 4735 in
1274 4682 1453 4753 puris,
1494 4683 1631 4737 nul-

251 4754 394 4810 lam
408 4750 463 4806 ei
488 4755 793 4825 specialem
815 4760 1063 4832 gratiam
1082 4760 1552 4820 communicaret.

347 4830 760 4904 confirmatur,
793 4845 847 4894 et
880 4839 1226 4913 declaratur;
1269 4857 1405 4898 nam
1432 4843 1482 4898 si
1509 4858 1634 4916 quae

250 4918 422 4976 esset
439 4916 702 4988 specialis
721 4921 924 4993 gratia,
961 4938 1134 4994 quam
1163 4926 1309 4980 Deus
1335 4928 1398 4979 ut
1421 4924 1634 4997 guber-

254 5008 427 5057 nans
465 5001 736 5055 naturam
765 5001 828 5057 in
854 5007 1002 5059 statu
1050 5019 1328 5077 purorum
1356 5005 1636 5062 constitu-

2996 382 3114 439 491<

1752 557 1892 619 tam,
1942 552 2169 610 homini
2216 552 2500 610 conferret
2544 551 2614 609 ad
2665 548 3112 608 destructionem

1755 648 1885 704 pecc
1899 632 1983 698 iti,
2016 633 2270 690 maxime
2296 631 2526 705 aliquod
2553 632 2857 696 auxilium,
2892 635 2952 685 ut
2978 628 3112 684 dili-

1751 718 1912 786 geret
1938 716 2117 770 Deum
2139 714 2459 778 authorem,
2492 718 2546 769 et
2575 711 2751 768 finem
2779 709 3109 767 naturalem

1751 808 1924 865 super
1945 794 2161 859 omnia,
2190 809 2289 866 per
2315 809 2487 866 quam
2514 792 2948 849 conversionem
2976 786 3110 845 des-

1752 878 2046 930 trueretur
2074 873 2297 930 aversio
2320 872 2389 929 ab
2416 871 2615 929 eodem
2643 870 2759 927 fine
2785 887 2855 927 ex
2896 883 3110 941 praece-

1752 952 1911 1010 denti
1936 960 2156 1027 peccato
2179 954 2410 1011 relicta:
2435 954 2589 1026 atqui
2608 950 2934 1026 hujusmodi
2952 950 3112 1006 auxi-

1753 1034 1902 1090 lium
1932 1049 2049 1090 non
2074 1039 2221 1090 esset
2238 1034 2499 1107 specialis
2519 1033 2722 1108 gratia,
2743 1030 2839 1087 sed
2861 1030 3113 1102 pertine-

1755 1120 1841 1170 ret
1855 1112 1924 1170 ad
1945 1130 2281 1170 concursum
2296 1116 2625 1190 generalem
2642 1112 2811 1169 statui
2831 1124 3111 1182 purorum

1752 1194 2009 1252 debitum
2039 1214 2052 1249 ε
2080 1208 2217 1268 ergo
2240 1195 2503 1252 remissio
2527 1193 2734 1267 peccati
2754 1192 2813 1247 in
2827 1196 2976 1246 statu
3000 1206 3111 1262 pu-

1754 1292 1952 1334 rorum
1984 1274 2147 1331 fieret
2167 1274 2619 1349 independenter
2645 1273 2715 1329 ab
2743 1272 2900 1329 omni
2923 1270 3113 1345 gratia

1751 1358 2006 1431 speciali.
2036 1358 2218 1431 Major
2243 1356 2571 1413 conceditur
2613 1355 2683 1411 ab
2722 1352 3108 1421 Adversariis,

1751 1445 1809 1497 et
1836 1441 2000 1497 facile
2026 1438 2346 1496 ostenditur
2371 1463 2386 1506 3
2408 1440 2543 1511 quia
2569 1436 2616 1492 si
2646 1436 2822 1493 semel
2849 1435 3114 1507 specialis

1751 1523 1938 1596 gratia
1958 1521 2278 1579 desiderata
2300 1521 2370 1577 ad
2391 1519 2802 1578 destruendum
2826 1522 3117 1590 peccatum

1754 1606 1817 1660 in
1840 1610 1988 1660 statu
2017 1619 2295 1677 purorum
2322 1602 2714 1666 commissum,
2749 1616 2866 1657 non
2893 1600 3119 1657 consis-

1754 1687 1821 1742 tit
1851 1687 1914 1741 in
1942 1686 2133 1758 aliquo
2160 1683 2310 1754 dono
2346 1683 2793 1757 supernaturali,
2826 1681 3024 1755 nequit
3052 1682 3118 1738 in

1756 1765 1871 1839 alio
1891 1766 2216 1830 consistere,
2250 1764 2363 1821 nisi
2406 1764 2468 1819 in
2497 1763 2716 1820 auxilio
2757 1763 3009 1819 naturali
3040 1760 3113 1819 ad

1756 1845 2070 1902 amandum
2107 1848 2286 1902 Deum
2313 1848 2376 1898 ut
2402 1844 2675 1900 ultimum
2715 1841 2891 1899 finem
2936 1847 3111 1898 natu-

1757 1929 1941 1985 ralem
1963 1943 2133 2001 super
2155 1926 2375 1992 omnia,
2394 1926 2485 1982 vel
2506 1927 2708 1982 saltem
2732 1925 2793 1979 in
2817 1926 2919 1981 hoc
2941 1925 3112 1981 auxi-

1756 2010 1837 2066 lio
1867 2010 2145 2084 praecipue
2170 2008 2539 2075 consisteret3
2565 2023 2666 2063 nec
2686 2005 2844 2062 enim
2876 2006 2937 2061 in
2963 2011 3115 2062 statu

1758 2106 2038 2163 purorum
2062 2089 2175 2145 alia
2198 2088 2453 2161 operatio
2475 2085 2794 2159 perfectior,
2822 2092 2877 2143 et
2903 2084 2973 2142 ad
2996 2085 3124 2142 des-

1756 2169 2067 2226 truendum
2111 2173 2400 2242 peccatum
2450 2165 2634 2240 aptior
2663 2170 2915 2237 apparet,
2946 2180 3122 2237 quam

1758 2249 1987 2305 dilectio
2015 2257 2355 2305 convertens
2383 2245 2678 2302 hominem
2710 2242 2779 2298 ad
2808 2246 2986 2298 Deum
3026 2244 3123 2299 ul-

1757 2332 1969 2389 timum
1985 2329 2162 2387 finem
2180 2330 2527 2387 naturalem.
2553 2327 2745 2382 Minor
2770 2331 2959 2382 autem
2985 2341 3125 2399 pro-

1758 2414 1946 2480 batur,
1979 2414 2112 2486 quia
2142 2411 2428 2469 auxilium
2468 2409 2739 2465 collatum
2781 2408 3005 2463 homini
3049 2407 3123 2465 ad

1759 2495 2107 2554 eliciendum
2130 2500 2317 2551 actum
2332 2492 2452 2548 suis
2476 2490 2699 2548 viribus
2715 2491 3123 2562 proportiona-

1759 2584 1901 2647 tum,
1951 2595 2067 2635 non
2097 2577 2344 2651 pertinet
2390 2576 2461 2632 ad
2503 2574 2806 2647 specialem
2846 2573 3118 2646 gratiam,

1756 2658 1856 2715 sed
1885 2658 1954 2715 ad
1980 2673 2320 2716 concursum
2357 2656 2708 2731 generalem,
2742 2659 2797 2709 et
2823 2653 2892 2709 ad
2922 2652 3123 2726 provi-

1758 2738 2015 2796 dentiam
2043 2752 2413 2795 communem
2433 2751 2572 2808 :qua
2592 2734 2813 2791 ratione
2835 2733 3123 2789 auxilium

1759 2821 2031 2878 collatum
2053 2817 2277 2876 homini
2308 2818 2372 2872 in
2396 2816 2557 2889 puris
2583 2816 2653 2871 ad
2678 2813 3123 2890 intelligendum

1760 2900 1975 2973 objecta
2005 2898 2314 2962 naturalia,
2349 2897 2440 2953 vel
2469 2897 2538 2952 ad
2566 2893 2911 2952 eliciendum
2950 2909 3126 2967 opera

1762 2981 2053 3038 naturalia
2081 2979 2384 3036 moraliter
2414 2977 2582 3044 bona,
2617 2993 2734 3033 non
2761 2982 2905 3032 esset
2937 2977 3129 3049 gratia

1759 3063 2042 3136 specialis,
2057 3060 2153 3118 sed
2175 3060 2359 3133 potius
2380 3058 2668 3115 diceretur
2684 3056 2971 3130 generalis
2994 3071 3127 3113 con·

1761 3160 1960 3200 cursus
1993 3164 2006 3199 ε
2046 3142 2200 3215 atqui
2248 3156 2412 3197 amor
2455 3138 2738 3194 naturalis
2785 3141 3126 3193 convertens

1761 3225 2061 3283 hominem
2090 3225 2315 3296 lapsum
2344 3222 2407 3278 in
2437 3223 2676 3294 peccate,
2701 3217 2848 3291 quod
2875 3218 3126 3273 commi-

1761 3309 1838 3364 sit
1865 3308 1926 3362 in
1948 3312 2097 3362 statu
2120 3320 2418 3379 purorum,
2446 3306 2592 3358 esset
2611 3300 2867 3372 operatio
2889 3315 3127 3373 propor-

1763 3389 1980 3444 tionata
2000 3386 2255 3461 ejusdem
2286 3383 2541 3439 hominis
2561 3380 2786 3437 viribus
2811 3401 2824 3437 ε
2855 3395 2989 3453 ergo
3017 3397 3126 3436 au-

1760 3469 1971 3533 xilium
2002 3468 2072 3524 ad
2101 3467 2429 3541 praedictam
2458 3463 2854 3536 operationem
2882 3460 3124 3519 elicien-

1762 3551 1896 3608 dam
1915 3565 2033 3607 non
2053 3555 2199 3607 esset
2218 3547 2404 3624 gratia
2418 3544 2703 3619 specialiS,
2723 3542 2819 3599 sed
2835 3544 3128 3616 generalis

1762 3647 2085 3689 concursus,
2121 3628 2402 3685 Suadetur
2431 3625 2660 3681 minor:
2692 3629 2813 3678 tum
2835 3623 2970 3695 quia
2986 3640 3128 3697 prae·

1761 3713 1912 3769 dicta
1932 3711 2186 3782 operatio
2219 3713 2366 3766 esset
2392 3705 2677 3763 voluntati
2700 3705 2970 3760 humanae
2981 3720 3128 3761 con-

1764 3793 2049 3851 naturalis
2095 3807 2212 3848 non
2264 3789 2481 3852 minuS,
2538 3802 2711 3860 quam
2762 3786 3076 3843 intellectio
3106 3809 3121 3843 ε

1761 3891 1898 3949 ergo
1920 3878 2065 3930 esset
2088 3871 2517 3945 proportionata
2534 3867 2759 3924 viribus
2782 3867 3120 3924 voluntatis,

1763 3957 1913 4010 Tum
1942 3953 2077 4027 quia
2104 3954 2275 4010 homo
2304 3952 2367 4007 in
2396 3949 2557 4023 puris
2596 3947 2857 4005 conditus
2897 3947 3127 4005 easdem

1763 4036 1921 4092 vires
1943 4034 2234 4090 naturales
2247 4032 2416 4089 habet
2434 4036 2584 4096 ante,
2606 4030 2696 4085 vel
2717 4034 2841 4102 post
2860 4029 3086 4100 lapsum
3110 4050 3124 4084 ε

1762 4116 1863 4176 sed
1911 4121 2045 4174 ante
2085 4116 2312 4189 lapsum
2359 4113 2595 4171 haberet
2636 4112 2790 4168 vires
2832 4112 3127 4168 naturales

1763 4198 2106 4255 sufficientes
2128 4196 2198 4252 ad
2216 4194 2545 4269 praedictam
2567 4192 2931 4249 dilectionem
2956 4211 2968 4246 ε
2991 4207 3128 4266 ergo

1764 4279 1994 4336 easdem
2042 4281 2165 4351 post
2205 4278 2430 4350 lapsum
2472 4273 2741 4339 haberet;
2783 4276 2949 4343 atque
2995 4270 3124 4330 ideo

1766 4359 2035 4432 praedicta
2050 4356 2278 4414 dilectio
2292 4359 2439 4412 esset
2455 4352 2882 4426 proportionata
2897 4350 3123 4410 viribus

1766 4437 2130 4496 naturalibus
2152 4436 2407 4494 hominis
2433 4433 2600 4505 lapsi.
3023 4434 3033 4444 ‘

1839 4522 1974 4576 271.
2005 4519 2149 4575 Huic
2189 4519 2526 4591 argumento
2570 4517 2754 4585 posset
2792 4513 3012 4569 occurri
3052 4529 3125 4571 ex

1765 4598 2252 4656 Adversariorum
2274 4595 2535 4653 doctrina
2551 4591 2830 4667 negando,
2850 4593 2998 4664 quod
3019 4609 3125 4649 au-

1765 4679 1977 4736 xilium
2030 4680 2300 4736 collatum
2359 4673 2584 4732 homini
2642 4671 2712 4728 ad
2766 4671 3126 4745 diligendum

1768 4762 1950 4818 Deum
1996 4759 2174 4817 finem
2221 4755 2549 4814 naturalem
2594 4768 2769 4827 super
2814 4753 3038 4822 omnia,
3074 4759 3133 4811 et

1769 4840 2201 4901 retractandum
2221 4842 2530 4912 peccatum,
2552 4837 2869 4909 pertineret
2887 4834 2959 4891 ad
2981 4852 3135 4893 com·

1769 4939 2012 4981 munem
2026 4935 2388 4979 concursum.
2409 4918 2514 4976 Vel
2528 4917 2664 4991 quia
2680 4932 2884 4974 eorum
2898 4916 3134 4989 quidam

1769 5003 2129 5072 existimant,
2179 5000 2477 5058 hominem
2508 4998 2572 5055 in
2613 4997 2776 5073 puris
2816 4996 3137 5069 conditum,

3185 4542 3300 4602 Etm-

3185 4601 3306 4646 gimu
