3647 5753
287 2616 468 2672 Illustra-

286 2664 474 2708 unidffln

307 2719 457 2763 exem-,³

315 2763 441 2814 plum.

499 336 598 389 124

501 527 525 554 «
571 504 795 561 faciam.
827 507 899 559 At
937 521 1075 562 sane
1101 506 1148 561 si
1176 507 1304 579 quis
1331 506 1542 565 diceret
1567 506 1847 565 divinita-

499 607 526 636 ιι
570 590 703 652 tem,
730 587 1031 657 ipsumque
1056 587 1156 643 Dei
1179 585 1430 644 Verbum
1451 589 1706 646 suasorie
1727 593 1850 645 tan-

499 688 524 717 ιι
571 671 690 719 tum
706 666 932 737 operari
958 671 1177 722 motum
1193 668 1506 724 voluntatis
1526 670 1588 725 in
1600 669 1843 735 Christ0,

500 770 525 800 ιι
569 746 863 803 videretur
892 746 1043 803 haud
1071 749 1207 804 satis
1242 751 1503 807 recedere
1529 768 1562 807 a
1587 751 1848 808 Nestorio

498 850 524 880 ιι
566 826 857 882 Christum
885 827 948 882 in
970 826 1118 884 duas
1131 828 1424 887 dividente
1451 847 1737 904 personaS,
1764 831 1846 886 uti

498 931 523 962 «
566 910 794 982 plenius
821 908 1176 966 ostendimus
1196 927 1325 968 cum
1346 912 1417 970 de
1435 914 1684 987 gratuita
1708 928 1850 984 prae-

497 1012 523 1042 ιι
564 988 947 1046 destinatione
973 1005 1290 1063 ageremus.
1319 996 1448 1050 Jam
1468 995 1518 1050 si
1541 994 1619 1049 ita
1642 1009 1732 1051 res
1752 994 1849 1049 ha-

497 1093 523 1122 ιι
569 1068 662 1126 bet
688 1071 749 1125 in
778 1069 1004 1125 Christo
1030 1091 1043 1126 :
1068 1086 1203 1145 ergo
1246 1078 1304 1129 et
1354 1074 1418 1128 in
1470 1072 1653 1131 nobis.
1704 1075 1772 1127 Et
1797 1073 1847 1127 si

498 1171 523 1200 «
565 1147 760 1204 efficax
782 1148 885 1204 illa
905 1149 1227 1206 divinitatis
1248 1154 1502 1223 operatio
1523 1152 1847 1211 libertatem

498 1251 524 1280 ιι
567 1228 638 1284 ab
667 1228 920 1285 humana
949 1229 1159 1285 Christi
1193 1231 1489 1290 voluntate
1509 1248 1627 1289 non
1652 1234 1850 1289 exclu-

498 1330 523 1358 ιι
566 1307 650 1362 dit
678 1329 689 1362 :
713 1323 849 1380 ergo
878 1323 1058 1379 neque
1080 1326 1112 1365 a
1140 1316 1354 1367 nostra.
1376 1313 1492 1369 Hoc
1511 1317 1849 1387 argumento

498 1408 523 1439 ιι
567 1386 927 1460 αὴιοκρῐιψῐο
955 1389 1091 1444 Filii
1118 1390 1218 1445 Dei
1260 1391 1439 1447 utitur
1462 1395 1679 1449 Franco
1706 1397 1842 1449 tom.

498 1489 524 1518 ιι
575 1467 664 1534 10,
689 1465 759 1522 de
796 1468 982 1539 gratia
1028 1469 1147 1535 Dei,
1193 1474 1250 1526 et
1289 1476 1422 1527 ante
1446 1486 1580 1527 eum
1607 1474 1843 1545 August.

497 1568 523 1598 ιι
567 1551 728 1601 tract.
769 1548 887 1612 105,
933 1548 996 1603 in
1021 1550 1186 1606 Joan.
1218 1548 1287 1606 ad
1315 1549 1460 1606 illud
1490 1571 1503 1606 ε
1534 1553 1684 1623 Opus
1709 1567 1849 1608 con-

500 1649 525 1679 ιι
570 1628 880 1693 summavi,
906 1628 1053 1700 quod
1092 1629 1296 1686 dedisti
1330 1632 1495 1696 mihi,
1529 1639 1591 1688 ut
1618 1633 1843 1690 faciam.

500 1729 526 1759 ιι
569 1709 697 1764 Non
720 1708 819 1772 ait,
848 1710 878 1762 J
886 1709 1072 1766 ussisti
1089 1734 1103 1776 ;
1133 1710 1249 1780 sed,
1286 1711 1498 1769 Dedisti
1527 1734 1541 1769 :
1565 1713 1662 1769 ubi
1689 1728 1849 1782 com-

500 1809 524 1840 ιι
569 1788 873 1845 mandatur
899 1789 1134 1847 evidens
1158 1793 1361 1866 gratia.
1388 1793 1534 1859 Quid
1561 1795 1718 1852 enim
1742 1794 1850 1865 ha-

500 1891 526 1921 ιι
570 1867 679 1932 bet,
704 1868 852 1941 quo‘d
883 1885 998 1926 non
1027 1874 1236 1945 accepit
1255 1874 1430 1930 etiam
1456 1874 1516 1929 in
1540 1876 1849 1949 Unigenito

500 1971 526 2000 ιι
568 1949 825 2005 humana
853 1954 1103 2009 natura?
1127 1958 1218 2010 An
1261 1969 1378 2012 non
1405 1957 1633 2028 accepit,
1667 1963 1727 2013 ut
1753 1957 1850 2012 ni-

499 2052 525 2082 ιι
568 2028 654 2084 hil
676 2030 837 2094 mali,
862 2029 960 2087 sed
982 2030 1132 2088 bona
1153 2033 1360 2091 faceret
1380 2036 1596 2102 omnia,
1622 2034 1850 2108 quando

500 2132 524 2161 ιι
567 2109 629 2164 in
649 2109 926 2174 unitatem
940 2127 1197 2183 personae
1212 2121 1467 2188 suscepta
1486 2122 1569 2172 est
1590 2132 1623 2172 a
1639 2115 1845 2182 Verb0‚

500 2211 526 2242 «
570 2204 672 2262 per
697 2190 845 2262 quod
874 2190 1018 2247 facta
1039 2198 1174 2248 sunt
1193 2194 1434 2252 omnia?
1456 2198 1596 2253 Item
1624 2197 1728 2253 hoc
1756 2211 1851 2252 re-

502 2289 528 2319 ιι
570 2267 833 2339 quirebat
861 2271 1042 2326 virtus
1063 2271 1485 2343 perfectissimae
1505 2274 1851 2330 humilitatis

504 2370 530 2400 «
574 2348 636 2402 in
688 2348 912 2407 Christo
937 2394 949 2416 ,
995 2356 1055 2405 ut
1095 2352 1292 2408 omnia
1334 2353 1710 2411 humanitatis
1736 2369 1853 2409 suae

503 2452 529 2482 ιι
572 2427 722 2486 bona
751 2430 991 2488 referret
1017 2431 1085 2487 ad
1113 2432 1474 2491 divinitatem
1499 2478 1513 2503 ,
1558 2440 1620 2491 ut
1645 2436 1852 2493 autho-

500 2532 524 2563 «
569 2527 711 2568 rem.
756 2532 782 2564 u

581 2594 700 2649 185.
724 2595 1020 2667 Potestque
1052 2597 1381 2668 exemplum
1403 2599 1651 2670 amplius
1681 2596 1852 2655 robo-

503 2671 656 2738 rari;
686 2673 901 2729 etenim
942 2674 1074 2730 licet
1114 2674 1476 2732 Adversariis
1512 2676 1852 2735 concedere-
1888 2670 1892 2675 ’

507 2769 654 2820 mus,
690 2755 919 2810 Patrem
949 2771 1066 2811 non
1106 2755 1385 2831 obligasse
1420 2758 1676 2831 rigoroso
1702 2774 1853 2833 prae-

501 2839 659 2906 cepto
706 2833 997 2890 Christum
1039 2836 1350 2893 Dominum
1390 2837 1459 2894 ad
1493 2837 1849 2897 subeundam

498 2921 763 2980 mortem,
817 2915 1200 2973 nihilominus
1250 2919 1419 2975 Pater
1463 2920 1850 2993 praediffinivit

442 3010 449 3018 ·
494 2993 753 3051 absolute
772 2996 894 3069 ejus
920 2991 1182 3065 mortem,
1218 3002 1274 3054 et
1294 3012 1495 3055 omnes
1532 3001 1693 3057 illius
1732 3003 1850 3059 cir-

283 3084 423 3125 Aclor.
441 3086 479 3126 4-

495 3075 882 3144 cumstantiaS,
906 3082 968 3131 ut
986 3083 1179 3149 aperte
1204 3084 1420 3143 constat
1442 3082 1630 3138 Actor.
1661 3086 1717 3149 4,
1751 3082 1847 3139 ubi

498 3153 708 3209 dicitur
740 3174 753 3208 ε
782 3153 1160 3219 Convenerunt
1187 3161 1248 3213 in
1265 3161 1487 3216 civitate
1513 3165 1621 3217 ista
1647 3164 1848 3219 adver-

435 3234 438 3237 ’
492 3250 588 3289 sus
611 3251 840 3305 puerum
866 3243 1025 3291 tuum
1053 3236 1241 3293 lesum
1260 3236 1514 3309 Herodes,
1546 3249 1595 3297 et
1615 3242 1850 3299 Pontius

491 3312 713 3370 Pilatus
731 3332 854 3370 cum
876 3317 1141 3387 qentibns,
1162 3326 1210 3374 et
1235 3321 1452 3393 populis
1477 3321 1653 3379 Israel
1671 3324 1848 3392 facere

496 3399 609 3472 quae
653 3412 852 3452 manus
883 3404 1000 3466 tua,
1029 3407 1079 3454 et
1103 3402 1394 3458 consilium
1419 3410 1575 3459 tuum
1600 3404 1846 3462 decreve-

493 3483 626 3530 runt
639 3478 779 3547 fieri.
804 3480 1022 3535 Rursus
1043 3481 1299 3538 Christus
1316 3484 1591 3541 Dominus
1608 3501 1640 3541 a
1657 3478 1846 3558 primo

493 3571 610 3611 suae
623 3559 1007 3629 conceptionis
1023 3560 1259 3617 instanti
1274 3564 1537 3637 cognovit
1554 3580 1652 3637 per
1665 3566 1846 3623 scien·

494 3636 634 3693 tiam
665 3635 886 3694 beatam
923 3642 1273 3699 voluntatem
1309 3644 1513 3712 PatriS,
1550 3660 1660 3717 qua
1685 3661 1838 3713 eum,

495 3717 604 3789 ipsi
635 3734 750 3776 non
779 3736 1032 3791 parcenS,
1063 3721 1391 3781 decreverat
1411 3742 1513 3797 pro
1541 3725 1705 3783 nobis
1725 3742 1844 3784 om-

495 3796 667 3853 nibus
714 3799 957 3869 tradere,
991 3807 1050 3856 ut
1078 3807 1229 3859 tenet
1267 3820 1498 3861 concors
1524 3804 1842 3881 Theologo-

495 3893 626 3932 rum
678 3881 960 3937 sententia
984 3924 997 3938 .
1049 3884 1163 3940 Hac
1214 3890 1403 3941 autem
1455 3887 1843 3958 suppositione

493 3957 807 4029 praemissa,
831 3975 954 4031 quae
979 3976 1150 4018 omne
1167 3964 1502 4020 exercitium
1530 3966 1842 4022 voluntatis

491 4036 761 4094 humanae
808 4040 1122 4109 antecessit,
1174 4056 1290 4097 non
1336 4047 1556 4115 poterat
1582 4045 1841 4101 Christus

488 4117 769 4174 Dominus
816 4125 1005 4191 petere
1046 4119 1526 4194 dispensationem
1567 4141 1600 4182 a
1651 4127 1834 4195 Patre,

490 4213 593 4255 nec
615 4202 762 4258 velle
777 4204 1070 4259 voluntate
1094 4202 1367 4272 absoluta,
1392 4211 1448 4262 et
1473 4209 1837 4281 consequenti

487 4281 806 4337 carentiam
848 4282 1008 4337 illius
1039 4283 1483 4355 suppositionis;
1527 4302 1663 4343 nam
1690 4287 1839 4344 velle

487 4360 810 4430 oppositum
833 4361 1146 4419 voluntatis
1183 4360 1396 4419 divinae
1432 4364 1702 4423 absolutae
1724 4409 1738 4434 ,
1780 4372 1838 4423 et

488 4438 788 4498 evidenter
808 4443 1061 4516 cognitae,
1086 4447 1171 4499 est
1189 4449 1344 4499 actus
1364 4445 1593 4514 otiosus,
1620 4447 1701 4502 im
1707 4463 1837 4519 pru·

487 4517 629 4576 dens
665 4526 722 4578 et
767 4523 1126 4589 temerariuS,
1152 4528 1212 4579 ut
1232 4526 1616 4582 communiter
1635 4526 1837 4584 docent

490 4599 762 4676 Theologi
798 4604 843 4669 1,
875 4605 926 4669 2,
958 4609 1142 4680 quaest.
1175 4604 1257 4671 19,
1287 4611 1398 4662 art.
1424 4606 1459 4659 9
1478 4612 1528 4660 et
1564 4609 1658 4674 103
1683 4607 1836 4665 unde

487 4684 687 4756 nequit
730 4686 1038 4741 convenire
1081 4685 1285 4753 Beatis,
1317 4692 1374 4743 et
1406 4688 1589 4744 multo
1641 4689 1835 4746 minus

485 4763 712 4821 Christo
733 4765 999 4822 Domino.
1017 4766 1252 4834 Rursus,
1273 4782 1391 4824 non
1414 4773 1633 4840 poterat
1646 4770 1835 4827 Chris-

482 4848 571 4900 tus
591 4859 931 4918 componere
945 4847 1257 4905 carentiam
1272 4849 1671 4921 acceptationis
1683 4867 1836 4908 mor-

482 4926 556 4981 tis
590 4941 719 4981 cum
769 4924 1032 4998 praedicta
1069 4927 1457 5001 suppositione
1490 4949 1505 4986 ε
1546 4934 1667 4986 tum
1699 4932 1833 5004 quia

1516 337 1609 391 DE
1645 338 1916 394 GRATIA
1954 339 2294 396 EFFICACI.

1981 509 2310 568 falsificaret
2359 510 2658 567 scientiam
2721 509 2942 566 beatam
2970 533 2982 566 ς
3032 514 3152 564 tum
3199 509 3336 580 quia

1980 589 2283 648 frustraret
2310 591 2625 649 absolutam
2653 591 2840 647 Patris
2865 591 3251 654 voluntatem3
3279 592 3332 643 et

1982 676 2285 743 utrumque
2304 677 2390 726 est
2423 670 2797 743 impossibile.
2832 671 2898 723 Et
2926 667 3327 731 nihilominuS,

1981 749 2071 805 his
2096 749 2367 805 omnibus
2388 765 2507 806 non
2533 748 2908 810 obstantibus,
2936 746 3137 804 habuit
3157 751 3333 819 potes·

1981 832 2153 884 tatem
2180 827 2252 883 ad
2280 843 2397 885 non
2425 828 2822 901 acceptandam
2853 832 3128 893 mortem;
3152 826 3333 898 siqui-

1979 906 2111 963 dem
2139 922 2267 963 eam
2316 906 2512 972 libere,
2555 913 2611 964 et
2664 908 2959 964 meritorie
3004 906 3329 978 acceptavit.

1982 990 2130 1062 Ergo
2187 1005 2303 1046 non
2354 990 2547 1046 omnis
2596 989 2910 1062 suppositio
2956 986 3292 1045 antecedens
3317 1028 3329 1051 ,

1979 1084 2151 1140 quam
2197 1070 2326 1142 quis
2371 1070 2569 1141 nequit
2595 1070 2843 1133 auferre,
2873 1069 2963 1124 vel
2989 1084 3117 1123 cum
3146 1066 3340 1138 aliquo

1979 1153 2236 1205 extremo
2278 1162 2656 1220 componere,
2702 1150 2851 1204 tollit
2899 1152 3229 1219 potestatem
3266 1145 3333 1201 ad

1980 1227 2169 1300 ipsum
2190 1233 2533 1292 extremum,
2563 1246 2687 1301 quae
2716 1230 3032 1300 requiritur
3057 1226 3128 1283 ad
3160 1226 3335 1283 libere

1980 1306 2285 1380 agendum,
2307 1298 2513 1378 'nempe
2535 1312 2864 1380 potestatem
2887 1306 3330 1371 antecedentem,

1979 1395 2035 1445 et
2069 1389 2130 1444 in
2155 1404 2326 1444 sensu
2354 1388 2559 1455 diviso,
2590 1407 2715 1462 quae
2746 1389 2973 1461 respicit
3010 1394 3332 1445 extremum

1979 1469 2292 1526 secundum
2314 1486 2394 1536 se,
2426 1477 2484 1527 et
2510 1472 2806 1544 praecisum
2836 1489 2867 1527 a
2893 1469 3336 1527 circumstantiis

1981 1551 2089 1623 ipsi
2119 1549 2579 1615 accidentalibus,
2605 1549 2921 1624 cujusmodi
2948 1556 3081 1605 sunt
3106 1549 3331 1621 opposi-

1980 1637 2103 1687 tum
2145 1632 2319 1688 fuisse
2359 1631 2787 1704 praediffinitum
2818 1649 2849 1688 a
2879 1634 3009 1697 De0,
3041 1632 3130 1686 vel
3161 1629 3336 1686 fuisse

1983 1712 2389 1786 praecognitum
2418 1730 2451 1769 a
2478 1713 2718 1770 Christo,
2764 1714 2832 1767 Et
2862 1713 3007 1768 ratio
3026 1717 3128 1780 est,
3160 1725 3331 1783 quam

1983 1790 2156 1847 tradit
2196 1792 2258 1846 D.
2290 1792 2659 1866 Augustinus,
2687 1807 2894 1863 nempe
2918 1791 3034 1847 haec
3064 1805 3181 1846 non
3208 1788 3333 1846 fieri

1980 1885 2052 1927 ex
2062 1869 2220 1925 fatali
2236 1870 2714 1928 determinatione
2731 1870 3038 1950 voluntatis
3049 1868 3117 1926 ad
3133 1884 3330 1933 unum,

1980 1948 2077 2006 sed
2104 1966 2176 2006 ex
2201 1949 2565 2007 ordinatione
2589 1950 2797 2007 efficaci
2839 1951 2938 2007 Dei
2964 1992 2976 2015 ‚
3016 1950 3115 2022 qui
3144 1950 3337 2005 taliter

1983 2030 2158 2086 infert
2180 2046 2359 2086 unum
2383 2037 2588 2099 actum,
2611 2038 2671 2086 ut
2699 2032 2984 2103 relinquat
3006 2035 3335 2102 potestatem

1983 2110 2051 2166 ad
2093 2110 2213 2185 ejus
2240 2112 2591 2183 oppositum;
2636 2126 2771 2167 nam
2801 2112 2925 2167 vult
2957 2110 3256 2168 efficaciter
3280 2116 3336 2166 et

1985 2195 2170 2246 actum
2199 2189 2346 2254 fieri,
2372 2197 2426 2247 et
2449 2190 2629 2248 libere
2651 2189 2801 2258 fieri,
2832 2198 2887 2247 et
2910 2199 3217 2263 utrumque
3243 2205 3329 2246 se-

1982 2272 2179 2344 quitur
2220 2272 2628 2329 infallibiliter.
2684 2272 2847 2329 Unde
2891 2289 3181 2346 exponens
3235 2272 3337 2328 illa

3372 1787 3502 1843 nna

3373 1841 3473 1890 gusti

3398 1895 3484 1929 uus,

1986 2351 2161 2408 verba
2184 2353 2347 2409 Joan.
2372 2355 2449 2407 27
2484 2375 2496 2407 :
2526 2354 2716 2419 Pate-r,
2749 2355 2894 2408 venit
2920 2355 3076 2419 hora,
3106 2362 3205 2410 etc.
3240 2354 3336 2408 in·
3408 2383 3416 2390 ·

1983 2431 2105 2503 quit
2128 2436 2287 2487 tract.
2327 2433 2426 2487 104
2455 2452 2467 2486 :
2492 2454 2522 2485 ιι
2553 2432 2811 2489 Ostendit
2832 2449 3002 2490 omne
3018 2438 3260 2504 tempus,
3281 2437 3336 2488 et

1990 2531 2016 2561 «
2056 2509 2219 2582 quid,
2245 2515 2301 2566 et
2319 2510 2547 2583 quando
2575 2511 2801 2580 faceret,
2827 2514 2916 2569 vel
2945 2511 3075 2568 fieri
3096 2512 3329 2577 sineret,

1991 2611 2015 2641 ιι
2059 2588 2128 2645 ab
2156 2591 2259 2645 illo
2278 2606 2398 2647 esse
2418 2589 2778 2662 dispositum,
2811 2592 2908 2664 qui
2933 2592 3176 2664 tempori
3197 2590 3335 2646 sub-

1991 2690 2016 2719 «
2061 2666 2214 2723 ditus
2241 2685 2359 2725 non
2385 2675 2488 2736 est;
2513 2672 2785 2741 quoniam
2807 2687 2934 2743 quae
2956 2671 3149 2727 futura
3169 2674 3335 2726 erant

1990 2771 2016 2802 «
2056 2764 2156 2821 per
2170 2749 2398 2823 singula
2417 2754 2692 2821 tempora,
2715 2752 2779 2807 in
2796 2752 2895 2808 Dei
2911 2752 3194 2824 sapientia
3207 2768 3335 2808 cau·

1990 2849 2015 2881 ιι
2057 2844 2149 2884 sas
2180 2828 2482 2886 efficientes
2511 2828 2743 2900 habent,
2774 2831 2837 2887 in
2865 2848 2973 2904 qua
3013 2832 3177 2887 nulla
3201 2837 3333 2887 sunt

1990 2931 2015 2961 «
2059 2915 2172 2966 tem
2182 2926 2338 2982 pora.
2354 2912 2482 2967 Non
2500 2926 2633 2984 ergo
2650 2911 2951 2969 credamus
2969 2913 3115 2969 hanc
3129 2912 3332 2969 horam

1988 3012 2014 3043 «
2058 2990 2173 3046 fato
2195 2995 2434 3064 urgente
2454 2991 2697 3057 venisse,
2723 2992 2819 3048 sed
2844 2995 2956 3049 Deo
2979 2993 3163 3066 potius
3184 2991 3333 3048 ordi·

1988 3073 2017 3122 <i
2056 3073 2249 3135 nante,
2271 3072 2444 3141 juxta
2468 3070 2627 3125 verba
2650 3073 2824 3145 ipsius
2851 3073 3064 3129 Christi
3086 3073 3328 3130 Luc.22:

1988 3172 2013 3203 «
2044 3150 2224 3206 Filius
2242 3150 2514 3215 hominiS,
2531 3150 2843 3208 secundum
2859 3154 3006 3225 quod
3021 3152 3331 3209 diffinitum

1987 3252 2012 3281 ιι
2053 3235 2155 3295 est,
2182 3229 2358 3286 vadit.
2406 3229 2564 3285 »Sed
2606 3229 2674 3285 de
2709 3231 2800 3286 his
2823 3234 2994 3289 latius
3015 3234 3331 3308 agemusin

1980 3310 2242 3364 Tractatu
2270 3308 2339 3366 de
2359 3309 2565 3365 Merito
2591 3310 2732 3383 disp.
2769 3314 2813 3377 l,
2838 3312 2964 3369 dub.
2997 3315 3051 3379 2,
3076 3319 3132 3369 et
3152 3312 3334 3369 fusius

1980 3388 2163 3446 adhuc
2204 3390 2266 3446 in
2314 3393 2577 3447 Tractatu
2626 3392 2696 3448 de
2722 3394 2929 3451 Merito
2968 3393 3200 3459 Christi,
3232 3392 3330 3450 ubi

1981 3472 2170 3528 varias
2215 3472 2694 3530 Adversariorum
2730 3476 3026 3532 evasiones
3067 3476 3330 3533 consuta-

1979 3550 2187 3608 bimuS.
2220 3551 2387 3609 Modo
2427 3552 2667 3609 sufficiat
2705 3554 2809 3611 hoc
2836 3556 3164 3628 exemplum
3191 3572 3328 3628 sup-

1978 3648 2189 3706 ponere
2213 3650 2283 3691 ex
2310 3636 2695 3691 communiori
2743 3637 3159 3711 'theologorum
3206 3637 3331 3695 doc-

1978 3714 2162 3784 trina,
2204 3715 2295 3770 cui
2340 3714 2644 3772 subscribit
2695 3718 2901 3775 Suarez
2945 3726 3073 3776 tom.
3133 3722 3178 3785 l,
3210 3723 3269 3775 in
3295 3721 3330 3772 3

1968 3802 2120 3866 part.
2152 3795 2293 3867 disp.
2326 3796 2415 3861 37,
2441 3803 2564 3851 sec-t.
2597 3797 2651 3863 3,
2677 3800 2824 3853 circa
2851 3800 3012 3868 finem
3031 3801 3329 3873 :quamvis

1975 3891 2092 3931 non
2133 3874 2299 3932 valde
2341 3882 2751 3950 consequenter
2796 3878 2865 3933 ad
2914 3879 3051 3935 alibi
3092 3881 3323 3954 scripta,

1976 3958 2291 4029 praesertim
2315 3959 2373 4012 in
2400 3961 2639 4030 opuscul.
2672 3959 2763 4015 lib.
2805 3963 2849 4025 1,
2881 3978 3000 4033 cap.
3040 3963 3103 4016 12
3124 3971 3173 4017 et
3203 3964 3282 4018 13.

2053 4037 2172 4092 186.
2207 4036 2411 4108 Quinto
2430 4036 2626 4099 eadem
2649 4039 2843 4096 minor
2862 4039 3131 4097 suadetur
3158 4063 3170 4097 :
3193 4057 3326 4115 quo·
3362 4054 3533 4104 Quinta

1973 4116 2131 4172 niam
2181 4115 2396 4173 donum
2441 4117 2898 4175 confirmationis
2945 4121 3006 4176 in
3033 4122 3217 4196 gratia
3241 4129 3325 4178 est

3337 4105 3552 4201 aaa

1970 4195 2231 4269 quaedam
2257 4198 2572 4270 suppositio
2600 4199 2953 4267 antecedens,
2986 4218 3158 4274 quam
3185 4218 3323 4260 con-
3339 4202 3413 4255 pio
3428 4204 3542 4250 doni

3363 4254 3531 4297 contir-

1970 4276 2234 4335 firmatus
2256 4295 2372 4336 non
2395 4286 2574 4352 potest
2595 4281 2842 4350 auferre,
2864 4298 2966 4339 nec
2985 4300 3113 4340 cum
3128 4300 3324 4341 caren-
3340 4304 3562 4347 marionis

1971 4359 2050 4415 tia
2069 4359 2495 4432 adimpletionis
2523 4367 2931 4435 praeceptorum
2958 4378 3320 4437 componere;

1968 4444 2025 4495 et
2051 4439 2436 4496 nihilominus
2463 4440 2792 4514 praedictum
2822 4442 3038 4499 donum
3063 4460 3176 4501 non
3217 4462 3325 4502 au-

1968 4518 2078 4575 fert
2105 4534 2139 4575 a
2163 4519 2516 4577 confirmatis
2562 4521 2624 4577 in
2666 4523 2853 4596 gratia
2894 4529 3221 4595 potestatem
3249 4526 3323 4583 ad

1968 4617 2087 4658 non
2108 4601 2542 4675 adimplendum
2566 4610 2841 4677 praecepta
2863 4627 2875 4662 :
2897 4622 3031 4680 ergo
3052 4622 3168 4664 non
3190 4623 3320 4683 om-

1968 4684 2060 4740 nis
2079 4685 2392 4757 suppositio
2412 4686 2767 4756 antecedenS,
2783 4703 2954 4760 quam
2976 4688 3104 4761 quis
3124 4691 3324 4763 nequit

1967 4765 2222 4834 auferre;
2252 4767 2345 4823 vel
2384 4782 2512 4823 cum
2558 4767 2751 4841 aliquo
2793 4774 3051 4827 extremo
3075 4771 3321 4844 conjun—

1963 4860 2116 4919 gere,
2148 4847 2299 4902 tollit
2328 4851 2659 4919 potestatem
2687 4847 2756 4904 ad
2798 4847 2942 4904 illud
2968 4856 3315 4909 extremum.

1964 4925 2157 4982 Minor
2202 4926 2378 4998 liquet
2401 4950 2417 4994 3
2468 4942 2604 4983 nam
2648 4926 2971 4985 confirmati
3020 4930 3082 4987 in
3132 4932 3319 5006 gratia

3108 5011 3312 5080 libere,
