3647 5753
115 996 281 1049 opinio

101 1052 283 1090 comm·

149 1094 237 1138 ria.

81 1146 259 1190 suarez
267 1177 277 1187 .

79 1589 303 1634 Alvarez.

1520 409 1696 466 DISP.
1742 409 1840 473 111,
1884 408 2048 465 DUB.
2093 409 2190 466 111.

920 669 950 735 ξ
992 667 1087 720 IV.

491 832 816 887 (tecum-itur
842 831 1065 886 motivis
1094 832 1154 885 in
1174 830 1531 886 contrarium.

394 986 485 1041 63.
518 985 851 1058 oppositam
880 984 1256 1041 assertionem
1288 985 1525 1037 tuentur
1548 981 1684 1053 plu-

324 1082 414 1123 res
438 1067 722 1123 Authores
752 1063 1039 1121 referendi
1086 1063 1215 1119 dub.
1261 1080 1371 1138 seq.
1405 1079 1557 1117 num.
1590 1062 1679 1126 90,

319 1152 374 1204 et
396 1148 679 1219 praecipue
708 1146 945 1202 Suarius
968 1145 1061 1201 lib.
1080 1146 1114 1200 8
1135 1145 1199 1199 de
1214 1146 1424 1213 qratia,
1456 1159 1576 1214 cap.
1593 1143 1678 1206 14,

320 1228 419 1284 ubi
448 1229 712 1295 mIratur,
744 1227 893 1301 quod
922 1227 1191 1299 discipuli
1225 1228 1286 1282 D.
1321 1226 1525 1282 Thom.
1558 1223 1683 1296 ejus

323 1315 575 1367 mentem
616 1310 897 1382 assequuti
952 1326 1070 1366 non
1100 1309 1334 1365 fuerint.
1381 1306 1487 1363 Sed
1534 1310 1684 1362 certe

325 1394 491 1466 plura
518 1392 864 1458 testimonia,
889 1391 1276 1465 quaeSuarius
1305 1391 1527 1463 allegat,
1556 1389 1683 1444 nul·

326 1474 438 1530 lius
462 1472 684 1530 roboris
705 1479 855 1538 sunt,
894 1479 950 1528 et
990 1474 1269 1529 facillime
1295 1470 1678 1542 explicantur,

324 1558 386 1610 ut
415 1552 596 1610 videri
621 1559 801 1626 potest
822 1552 970 1625 apud
982 1555 1228 1609 Alvarez
1245 1551 1336 1606 lib.
1362 1553 1398 1605 5
1418 1549 1677 1622 Respons.

321 1652 443 1707 cap.
483 1637 564 1690 15.
601 1634 762 1690 Unde
788 1639 1011 1690 tantum
1053 1632 1384 1691 curabimus
1409 1646 1478 1687 ea
1498 1629 1681 1704 subji-

81 1737 289 1781 Primnm
320 1733 465 1780 cete,
497 1732 621 1790 quae
672 1715 995 1771 difficiliora
1047 1713 1343 1770 videntur.
1398 1709 1683 1767 Probatur

81 1787 305 1832 ⁰¹⁰²¹V¹¹¹¹¹
319 1819 456 1877 ergo
485 1800 599 1854 haec
627 1795 910 1851 sententia
939 1794 1161 1867 primo;
1202 1809 1338 1848 nam
1383 1793 1445 1847 D.
1472 1792 1676 1848 Thom.

108 4193 278 4242 Dirut-

169 4250 256 4289 tur.

329 1886 419 1955 lp.
448 1885 609 1959 qaa‘st
630 1878 721 1940 67,
753 1883 862 1931 art.
890 1877 924 1930 2
952 1876 1027 1930 ad
1051 1875 1101 1940 3,
1131 1875 1210 1931 ait
1238 1894 1250 1929 ε
1280 1894 1305 1924 «
1340 1871 1677 1937 Dicendum,

324 1989 349 2018 «
391 1959 541 2035 quod
580 1956 822 2030 quilibet
851 1961 1036 2012 motus
1058 1953 1377 2010 voluntatis
1416 1953 1480 2009 in
1501 1956 1682 2008 Deum

322 2068 346 2097 α
394 2045 573 2116 potest
600 2037 712 2093 dici
753 2037 1053 2093 conversio
1100 2037 1166 2092 in
1212 2037 1425 2108 ipsum.
1458 2034 1526 2088 Et
1556 2032 1683 2090 ideo

322 2148 346 2177 α
392 2123 604 2195 triplex
624 2123 706 2176 est
735 2116 1037 2174 conversio
1068 2118 1131 2172 in
1160 2119 1364 2173 Deum.
1394 2116 1523 2171 Una
1548 2114 1683 2187 qui-

323 2228 347 2257 α
392 2205 524 2262 dem
566 2215 665 2275 per
693 2198 1060 2254 dilectionem
1092 2197 1421 2270 perfectam,
1448 2211 1573 2268 quae
1598 2201 1682 2252 est

325 2310 349 2339 α
391 2281 802 2354 creaturaejam
845 2280 960 2334 Deo
1014 2276 1294 2344 fruentis;
1342 2282 1399 2335 et
1437 2276 1508 2333 ad
1536 2276 1683 2332 hanc

325 2390 349 2419 «
392 2363 829 2422 conversionem
855 2358 1173 2431 requiritur
1199 2357 1385 2431 gratia
1411 2373 1683 2416 consum-

325 2471 347 2499 «
395 2453 569 2503 mata.
599 2444 728 2499 Alia
754 2442 1052 2498 conversio
1092 2446 1194 2504 est,
1224 2456 1350 2513 quae
1376 2445 1461 2496 est
1499 2440 1681 2497 meri—

327 2551 350 2580 «
398 2534 520 2583 tum
545 2522 952 2589 beatitudinis;
990 2528 1047 2578 et
1075 2520 1139 2577 ad
1172 2522 1317 2577 hanc
1366 2521 1683 2594 requiritur

327 2632 351 2660 t<
400 2604 710 2664 habitualis
731 2602 933 2678 gratia,
967 2618 1092 2675 quae
1113 2606 1196 2658 est
1224 2602 1486 2659 merendi
1512 2603 1682 2675 prin-

326 2713 350 2741 «
397 2686 853 2762 cipium.Tertia
894 2684 1191 2741 conversio
1218 2688 1319 2750 est,
1366 2700 1466 2758 per
1507 2701 1679 2757 quam

324 2796 350 2824 (ι
397 2770 604 2843 aliquis
646 2771 930 2840 praeparat
955 2782 1015 2822 se
1063 2765 1131 2821 ad
1164 2765 1410 2839 gratiam
1459 2764 1682 2822 haben-

325 2878 349 2907 «
392 2854 524 2911 dam
551 2878 562 2920 ;
587 2858 644 2909 et
670 2847 739 2907 ad
763 2849 910 2905 hanc
932 2864 1048 2905 non
1071 2849 1323 2924 exigitur
1351 2850 1545 2923 aliqua
1574 2850 1682 2907 ha-

324 2961 349 2989 «
393 2936 626 2993 bitualis
672 2933 876 3009 gratia,
910 2930 1007 2988 sed
1049 2933 1305 3004 operatio
1353 2932 1452 2988 Dei
1500 2930 1570 2988 ad
1621 2949 1681 2990 se

324 3041 347 3070 α
394 3019 650 3075 animam
692 3014 1110 3079 convertentis,
1161 3011 1482 3069 secundum
1531 3012 1681 3068 illud

324 3123 347 3150 (ι
394 3099 605 3154 'I'hren.
641 3097 744 3152 ult.
773 3097 1052 3150 Converte
1091 3110 1195 3150 nos
1234 3093 1478 3150 Domine
1506 3094 1576 3151 ad
1604 3100 1675 3161 te,

322 3207 342 3230 α
391 3188 445 3239 et
486 3183 912 3238 convertemur.
946 3174 1109 3231 Unde
1145 3181 1312 3248 patet,
1362 3177 1515 3248 quod
1563 3194 1681 3234 non

322 3286 343 3314 «ι
389 3269 471 3319 est
516 3258 820 3334 procedere
847 3259 911 3313 in
941 3254 1260 3313 infinitum.
1310 3278 1336 3308 »
1366 3259 1437 3313 Et
1462 3259 1682 3315 similia

316 3343 484 3400 habet
510 3344 567 3397 S.
594 3342 748 3397 Dect.
780 3342 842 3394 in
883 3339 989 3393 hac
1019 3340 1064 3403 l,
1100 3340 1155 3403 52,
1189 3345 1374 3416 quaest.
1413 3340 1533 3404 100,
1566 3347 1676 3396 art.

315 3428 350 3481 6
378 3426 437 3478 in
464 3439 608 3494 corp.
637 3423 866 3476 Constat
889 3425 1099 3482 autem,
1120 3417 1271 3490 quod
1294 3423 1449 3475 actus
1472 3420 1683 3478 ultimo

318 3505 626 3575 disponens
682 3498 752 3555 ad
788 3496 1257 3573 justificationem
1310 3504 1394 3555 est
1419 3498 1681 3571 quaedam

318 3584 617 3643 conversio
649 3582 712 3637 in
756 3582 955 3647 Deum,
1009 3597 1108 3653 per
1147 3596 1321 3654 quam
1369 3581 1579 3654 aliquis
1623 3596 1683 3638 se

324 3671 607 3740 praeparat
637 3664 706 3722 ad
756 3662 1005 3737 gratiam
1036 3660 1382 3717 habendam.
1436 3664 1585 3731 Ergo
1612 3661 1682 3718 ad

320 3746 649 3821 hujusmodi
681 3749 869 3800 actum
894 3756 1010 3797 non
1040 3742 1355 3814 requiritur
1373 3741 1684 3798 habitualis

316 3830 522 3904 gratia,
551 3826 649 3884 sed
674 3824 876 3881 sufficit
901 3824 1185 3879 auxilium
1208 3825 1538 3881 actualeDei
1561 3825 1684 3881 ani-

322 3925 479 3965 mam
507 3907 576 3964 ad
604 3923 663 3963 se
690 3904 1076 3962 convertentis
1102 3928 1115 3970 ;
1148 3910 1315 3977 atque
1362 3903 1491 3962 ideo
1531 3922 1684 3979 prae-

320 3989 504 4045 dictus
526 3993 679 4044 actus
724 4000 841 4040 non
865 3983 1125 4056 procedet
1152 3984 1403 4042 elicitive
1443 4001 1476 4042 a
1500 3986 1685 4061 gratia

324 4068 623 4134 habituali,
657 4065 727 4122 ad
749 4081 922 4136 quam
951 4063 1224 4137 disponit.

398 4158 482 4214 Ad
505 4158 608 4214 hoc
628 4155 1024 4214 testimonium
1064 4154 1302 4226 (relictis
1332 4156 1464 4213 aliis
1493 4156 1682 4215 inter-

326 4236 763 4314 pretationibus)
832 4235 1209 4310 respondetur
1266 4238 1324 4293 S.
1386 4239 1684 4296 Doctorem

322 4320 686 4381 considerare
727 4318 1163 4376 conversionem
1213 4321 1684 4391 praeparatoriam

324 4404 397 4462 ad
446 4403 690 4478 gratiam
729 4402 1053 4458 formaliter
1101 4402 1163 4457 in
1208 4417 1330 4458 esse
1374 4403 1545 4470 talis;
1580 4404 1686 4460 sub

318 4501 435 4560 qna
473 4483 696 4539 ratione
723 4497 842 4539 non
867 4482 1115 4554 explicat
1161 4480 1605 4554 dependentiam
1652 4500 1687 4541 a

321 4565 509 4642 gratia
535 4562 838 4630 habituali,
873 4567 1040 4635 atque
1063 4562 1189 4618 ideo
1211 4561 1315 4617 sub
1338 4563 1443 4619 hac
1458 4581 1688 4639 expres·

322 4647 504 4708 sione,
530 4649 586 4700 et
614 4658 857 4699 munere
886 4657 1003 4698 non
1031 4642 1212 4716 exigit
1231 4643 1398 4698 illam
1429 4660 1530 4716 per
1559 4662 1686 4702 mo-

323 4728 464 4783 dum
485 4739 687 4781 causae.
717 4725 825 4780 Per
845 4721 995 4796 quod
1019 4728 1213 4779 tamen
1253 4723 1501 4781 minime
1527 4727 1686 4783 tolli-

323 4817 439 4876 tur,
466 4805 615 4880 quod
636 4804 836 4863 eadem
864 4807 1164 4862 conversio
1192 4805 1297 4861 sub
1327 4806 1444 4862 alia
1462 4823 1690 4881 expres·

322 4890 507 4954 sione,
531 4894 585 4944 et
617 4887 680 4944 in
716 4887 831 4943 alio
869 4902 1081 4960 genere
1125 4884 1445 4958 dependeat
1489 4887 1559 4943 ab
1586 4904 1687 4945 ea-

324 4971 457 5027 dem
478 4968 682 5042 gratia,
715 4973 989 5041 tanquam
1033 4983 1065 5022 a
1093 4965 1381 5038 principio
1406 4965 1685 5026 effectivo.

326 5048 501 5121 quue
526 5047 815 5105 evincitur
858 5062 929 5104 ex
978 5047 1221 5120 ipsamet
1250 5047 1315 5102 D.
1346 5046 1549 5104 Thom.
1583 5063 1689 5104 au-

3070 406 3183 462 573

1820 579 2091 638 thoritate
2121 606 2135 649 ;
2193 597 2328 638 nam
2382 581 2598 637 ibidem
2651 581 2872 648 asserit,
2912 578 3064 653 quod
3115 577 3188 635 ad

1819 662 2278 728 conversionem,
2309 677 2433 735 quae
2457 669 2540 719 est
2570 663 2844 719 meritum
2876 660 3186 720 beatitudi-

1820 742 1932 808 niS,
1967 743 2285 815 requiritur
2326 744 2514 819 gratia
2567 744 2897 807 habitualis,
2928 760 3053 816 quae
3104 748 3189 799 est

1819 822 2083 879 merendi
2115 824 2504 897 principium:
2537 825 2692 896 atqui
2749 824 3049 881 conversio
3092 823 3187 878 ul-

1819 902 1964 960 timo
1991 902 2300 977 disponens
2347 904 2416 960 ad
2439 903 2908 977 justificationem
2940 909 3024 961 est
3052 916 3183 959 me-

1820 985 1999 1041 ritum
2042 983 2413 1041 beatitudinis
2434 1028 2447 1051 ,
2481 991 2541 1040 ut
2572 985 2901 1043 Adversarii
2935 1000 3051 1041 non
3080 1000 3187 1040 ne-

1817 1070 2038 1139 gant,et
2065 1064 2346 1122 constabit
2368 1081 2438 1121 ex
2466 1065 2724 1122 dicendis
2744 1067 2992 1142 dub.seq.
3020 1066 3176 1127 n.78.

1818 1151 1876 1201 et
1902 1145 2138 1201 aliunde
2157 1146 2343 1219 gratia
2373 1146 2685 1202 habitualis
2710 1143 3073 1202 sanctificans
3099 1150 3186 1201 est

1818 1226 2082 1283 merendi
2106 1226 2478 1299 principium,
2512 1233 2575 1282 ut
2602 1226 2774 1282 tradit
2813 1228 2868 1282 S.
2903 1226 3376 1282 Doct.kacD·'1’b⁰·

1829 1306 1874 1371 1,
1900 1308 1954 1366 2.
1981 1313 2164 1383 quaest.
2205 1308 2326 1371 114,
2354 1314 2462 1362 art.
2490 1309 2525 1362 ‘2
2553 1330 2566 1374 ;
2595 1323 2730 1381 ergo
2759 1304 2828 1361 ad
2850 1306 3184 1363 conversio-

1817 1403 1955 1444 nem
1972 1388 2175 1445 ultimo
2194 1395 2614 1461 praeparantem
2629 1389 2697 1445 ad
2715 1387 3184 1461 justificationem

1820 1471 2139 1543 requiritur
2192 1472 2378 1545 gratia
2431 1470 2744 1528 habitualis
2796 1470 3182 1528 sanctificam.

1816 1553 2001 1615 Quam
2055 1552 2380 1609 doctrinam
2429 1567 2694 1624 expresse
2736 1550 2910 1607 tradit
2958 1551 3077 1624 ipse
3122 1553 3177 1609 S.

1816 1634 1969 1691 Dect.
1994 1649 2169 1706 supra
2188 1634 2403 1711 quaest.l
2425 1635 2508 1698 12,
2541 1640 2655 1689 art.
2685 1632 2809 1687 2ad
2845 1635 2890 1695 1,
2924 1620 3016 1687 fiis
3045 1649 3184 1690 ver-

1814 1710 1904 1769 bis
1931 1733 1943 1768 :
1972 1734 1998 1764 <r
2043 1712 2377 1778 Dicendum,
2411 1714 2560 1786 quod
2593 1714 2938 1787 praeparatio
2981 1713 3179 1770 homi-

1820 1815 1847 1846 α
1888 1793 1980 1849 nis
2008 1793 2078 1849 ad
2116 1795 2364 1868 gratiam
2421 1794 2744 1851 habendam
2791 1792 3054 1866 quaedam
3100 1799 3185 1849 est

1822 1896 1850 1927 α
1890 1874 2068 1930 simul
2089 1890 2219 1930 cum
2244 1877 2366 1948 ipsa
2394 1874 2686 1933 infusione
2712 1875 2932 1950 gratiae.
2959 1877 3028 1930 Et
3048 1875 3184 1932 talis

1821 1976 1849 2007 α
1892 1956 2146 2027 operatio
2167 1962 2249 2013 est
2277 1956 2507 2028 quidem
2538 1957 2855 2022 meritoria,
2911 1955 3011 2012 sed
3058 1972 3179 2013 non

1821 2057 1848 2088 «
1891 2037 2106 2111 gratiae,
2126 2054 2250 2110 quae
2266 2038 2386 2112 J‘am
2409 2037 2685 2094 habetur»
2706 2038 2832 2108 (hoc
2851 2043 2955 2104 est,
2973 2054 3180 2111 suppo·

1817 2116 1999 2187 nitur)
2031 2140 2057 2169 «
2100 2118 2198 2175 sed
2224 2120 2443 2192 gloriae,
2470 2135 2595 2192 quae
2622 2118 2882 2175 nondum
2912 2117 3178 2177 habetur.

1821 2219 1848 2250 α
1894 2199 1991 2253 Est
2013 2203 2204 2256 autem
2234 2200 2348 2256 alia
2378 2199 2719 2272 praeparatio
2743 2198 2945 2272 gratiae
2969 2199 3181 2271 imper-

1823 2297 1850 2330 α
1893 2277 2037 2334 fecta
2062 2320 2074 2342 ,
2131 2294 2256 2351 quae
2294 2278 2604 2351 aliquando
2646 2277 2911 2352 praecedit
2964 2277 3186 2335 donum

1823 2380 1850 2413 α
1892 2360 2092 2433 gratiae
2113 2366 2343 2434 gratum
2369 2361 2646 2427 facientis,
2673 2377 2800 2433 quae
2825 2365 3017 2415 tamen
3045 2365 3131 2416 est
3151 2377 3186 2417 a

1823 2462 1852 2494 «
1897 2444 2012 2499 Deo
2037 2448 2325 2500 movente.
2383 2442 2490 2500 Sed
2541 2444 2649 2499 ista
2698 2457 2816 2499 non
2856 2442 3059 2498 sufficit
3111 2441 3184 2499 ad

1821 2542 1848 2575 α
1893 2524 2188 2589 meritum,
2231 2523 2491 2582 nondum
2525 2524 2762 2581 homine
2795 2539 2895 2596 per
2935 2521 3186 2595 gratiam

1821 2626 1848 2659 α
1887 2605 2197 2680 justificato
2226 2607 2398 2680 ;quia
2426 2607 2656 2662 nullum
2700 2607 2976 2663 meritum
3006 2610 3187 2678 potest

1820 2708 1848 2740 α
1890 2703 2030 2756 esse,
2058 2688 2172 2744 nisi
2200 2706 2271 2746 ex
2311 2689 2516 2765 gratia,
2551 2694 2612 2743 ut
2664 2688 2820 2744 infra
2861 2686 3101 2756 dicetur,
3152 2710 3178 2741 n

1816 2785 2024 2842 nempe
2049 2777 2233 2847 quaest.
2272 2772 2391 2836 114,
2423 2776 2532 2825 art.
2565 2772 2618 2824 2.
2672 2768 2912 2833 Quando
2952 2784 3088 2843 ergo
3117 2768 3182 2825 in

1816 2851 1938 2910 loco
1965 2851 2133 2909 citato
2158 2867 2230 2909 ex
2265 2854 2281 2908 l
2319 2856 2480 2926 parte
2507 2850 2727 2914 asserit,
2761 2850 2907 2924 quod
2938 2848 3007 2907 ad
3035 2866 3178 2908 con-

1816 2933 2146 2990 versionem
2191 2938 2612 3008 praeparantem
2663 2932 2732 2989 ad
2771 2934 3020 3008 gratiam
3064 2950 3184 2992 non

1817 3017 2137 3090 requiritur
2181 3020 2367 3091 gratia
2421 3016 2752 3081 habitualis,
2809 3018 3062 3088 loquitur
3112 3015 3185 3073 de

1818 3097 2087 3171 praedicta
2111 3100 2487 3156 conversione
2515 3097 2840 3155 formaliter
2884 3104 2943 3153 ut
2983 3097 3183 3169 dispo-

1817 3182 1906 3236 nit
1928 3180 1997 3236 ad
2026 3181 2209 3253 ipsam
2232 3181 2499 3254 gratiam,
2526 3177 2631 3235 sub
2677 3195 2788 3250 qua
2812 3179 3034 3235 ratione
3064 3194 3185 3235 non

1814 3263 2061 3335 explicat
2077 3261 2521 3334 dependentiam
2544 3259 2613 3317 ab
2639 3261 2742 3316 illa
2769 3276 2969 3326 ;causa
2994 3260 3180 3325 enim,

1815 3348 1879 3403 in
1907 3351 2191 3420 quantum
2231 3345 2379 3411 talis,
2413 3361 2530 3402 non
2582 3349 2667 3401 est
2711 3343 2957 3400 effectus.
2993 3345 3186 3401 Potest

1816 3428 1991 3486 etiam
2047 3426 2198 3492 addi,
2232 3425 2382 3499 quod
2411 3428 2474 3483 D.
2507 3425 2712 3481 Thom.
2759 3423 3079 3481 considerat
3102 3423 3186 3498 ip·

1816 3525 1940 3566 sam
2010 3507 2446 3564 conversionem
2511 3502 2827 3560 secundum
2895 3504 3182 3561 rationem

1814 3605 2184 3648 communem
2233 3586 2646 3649 conversionis,
2673 3591 2728 3642 et
2771 3591 2834 3641 ut
2855 3586 3185 3657 praescindit

1817 3689 1852 3729 a
1880 3671 2145 3744 perfecta,
2178 3674 2234 3727 et
2255 3668 2609 3742 imperfecta,
2636 3666 2959 3734 meritoria,
2980 3673 3037 3725 et
3064 3684 3184 3726 non

1818 3752 2120 3811 meritoria
2146 3774 2160 3819 3
2193 3750 2262 3808 ad
2291 3766 2465 3823 quam
2494 3749 2575 3805 sic
2601 3747 3022 3824 consideratam
3063 3765 3184 3807 non

1820 3835 2138 3910 requiritur
2183 3831 2565 3889 determinate
2620 3830 2808 3906 gratia
2848 3830 3177 3894 habitualis,

1818 3917 1917 3975 sed
1955 3916 2158 3973 sufficit
2201 3915 2293 3972 vel
2341 3914 2627 3969 auxilium
2676 3914 2894 3970 actuale
2939 3914 3061 3981 Dei,
3088 3915 3182 3972 vel

1817 3994 2411 4075 gratiapraescindens
2439 3993 2507 4051 ab
2531 3995 2757 4060 actuali,
2784 3999 2840 4051 et
2870 3994 3178 4054 habituali.

1820 4084 1933 4138 Per
1960 4081 2065 4137 hoc
2103 4083 2292 4135 autem
2346 4092 2463 4132 non
2495 4074 2851 4140 excluditur,
2884 4076 3032 4148 quod
3083 4092 3185 4133 ea-

1819 4160 1952 4218 dem
1997 4157 2293 4216 conversio
2339 4155 2629 4229 adaequate
2667 4154 3025 4213 considerata
3057 4197 3070 4222 ,
3127 4160 3186 4213 et

1819 4246 2100 4315 quatenus
2147 4238 2351 4294 ultimo
2396 4253 2654 4293 connexa
2692 4253 2824 4292 cum
2869 4236 3074 4309 gratia,
3129 4241 3187 4293 et

1819 4326 2142 4398 importans
2167 4319 2615 4393 condignitatem
2645 4318 2715 4374 ad
2765 4319 3034 4392 gloriam,
3066 4318 3187 4375 exi-

1819 4410 1914 4481 gat
1934 4403 2185 4479 gratiam
2209 4399 2581 4464 habitualem,
2609 4404 2880 4471 tanquam
2903 4403 3186 4455 connatu-

1821 4488 1945 4545 rale
1964 4482 2316 4558 principium
2387 4482 2542 4537 Sicut
2568 4479 2741 4536 etiam
2771 4481 2945 4547 calor,
2977 4481 3075 4554 qui
3101 4486 3188 4538 est

1821 4565 2030 4623 ultima
2051 4562 2349 4636 dispositio
2377 4560 2447 4617 ad
2495 4560 2748 4617 formam
2790 4561 2960 4634 ignis,
2993 4562 3185 4618 consi-

1821 4646 2052 4704 deratus
2104 4641 2420 4700 secundum
2468 4656 2835 4698 communem
2900 4641 3185 4706 rationem

1821 4725 2047 4792 caloris,
2066 4741 2183 4782 non
2204 4723 2457 4797 exposcit
2476 4722 2861 4780 determinate
2882 4721 3188 4781 dimanare

1821 4825 1856 4866 a
1890 4808 2077 4865 forma
2128 4806 2315 4880 ignis;
2345 4803 2444 4862 sed
2492 4809 2685 4860 tamen
2729 4804 2884 4860 calor
2929 4808 2990 4858 ut
3040 4809 3182 4873 octe,

1825 4889 2124 4964 perfectus,
2167 4892 2224 4944 et
2251 4887 2456 4942 ultimo
2486 4884 2834 4941 necessitans
2879 4886 3188 4943 materiam

1822 4971 1895 5029 ad
1923 4970 2172 5026 formam
2220 4968 2389 5042 ignis,
2441 4966 2702 5023 dimanat
2749 4965 3191 5025 determinatea

1827 5052 2093 5129 praedicta
2117 5053 2322 5108 torma.
2343 5051 2526 5113 Quam
2559 5048 2991 5121 responsionem
3024 5047 3190 5108 facile
