3647 5753
563 381 637 435 58

573 573 606 613 a
647 560 778 622 Deo,
824 563 878 613 et
928 573 960 612 a
986 556 1282 613 voluntate
1332 556 1520 621 creata
1560 548 1927 623 dependere:

572 655 916 695 consensum
942 636 1251 694 transferri
1275 634 1344 691 ab
1383 638 1529 689 statu
1563 648 1720 706 puras
1748 632 1929 703 possi·

576 719 819 776 bilitatis
848 716 918 775 ad
962 723 1172 774 statum
1202 715 1603 774 conditionatae
1632 712 1933 769 futuritio-

576 803 687 866 niS,
720 817 837 857 non
885 816 916 855 a
942 801 1072 865 Deo,
1099 798 1196 855 sed
1226 813 1259 853 a
1285 803 1584 854 creatura:
1617 796 1721 852 hoc
1743 800 1931 851 autem

500 926 505 929 .
575 897 829 937 asserere
848 897 1022 953 supra
1059 878 1294 935 modum
1322 877 1551 934 extollit
1578 876 1933 931 voluntatem

424 3400 526 3450 Quae

429 3454 525 3491 sunt

424 3500 522 3548 Dei,

418 3558 531 3592 crea·

376 3599 479 3641 turm
496 3610 559 3642 ar·

406 3654 533 3698 rogat.

378 4551 540 4602 D.Ang.

574 969 845 1027 creatam,
902 968 958 1018 et
1001 976 1228 1016 summe
1279 958 1555 1030 deprimit
1620 957 1933 1030 potentiam

574 1044 859 1107 divinam,
892 1048 955 1097 ut
979 1058 1046 1098 ex
1075 1041 1211 1114 ipsis
1238 1039 1471 1097 vocibus
1491 1044 1705 1095 constat
1733 1059 1746 1092 ε
1776 1053 1930 1111 ergo,

575 1130 678 1182 etc.
712 1122 877 1179 Unde
907 1122 1099 1195 liquet,
1151 1137 1323 1192 quam
1347 1119 1555 1176 frivole
1584 1119 1645 1174 in
1675 1118 1776 1174 illa
1816 1116 1936 1172 Ad-

579 1203 969 1260 versariorum
1025 1201 1394 1272 responsione
1446 1199 1698 1262 dicatur,
1754 1202 1935 1253 Deum

580 1287 727 1344 hanc
757 1289 1022 1340 naturam
1047 1280 1268 1338 dedisse
1296 1281 1476 1338 libero
1505 1279 1746 1337 arbitrio
1778 1301 1789 1335 ε
1813 1285 1934 1333 tum

579 1366 715 1439 quia
766 1368 913 1420 Deus
960 1378 1075 1419 non
1118 1362 1300 1435 potuit
1352 1361 1614 1418 conferre
1665 1366 1939 1417 creaturas

581 1446 1003 1512 excellentiam,
1034 1459 1159 1516 quae
1184 1443 1364 1516 ipsius
1396 1443 1491 1498 Dei
1538 1442 1936 1498 excellentiam

585 1529 898 1585 imminuat
925 1549 937 1583 :
980 1533 1102 1581 tum
1143 1526 1278 1598 quia
1299 1524 1348 1580 si
1379 1524 1482 1580 illa
1507 1522 1940 1596 exemptissima

587 1608 825 1664 facultas
870 1612 1144 1663 creaturae
1188 1605 1544 1671 conveniret,
1591 1603 1773 1676 ipsam
1822 1604 1941 1661 exi-

587 1694 769 1744 meret
797 1704 828 1743 a
857 1686 1328 1743 subordinatione
1355 1683 1423 1740 ad
1453 1687 1653 1749 Deum,
1685 1691 1740 1742 et
1773 1701 1942 1742 cons-

589 1770 818 1825 titueret
863 1768 924 1822 in
954 1765 1175 1822 ratione
1199 1764 1370 1837 primi
1401 1765 1691 1837 principii,
1723 1771 1778 1821 et
1804 1781 1942 1821 con-

588 1853 887 1922 sequenter
912 1862 1027 1902 non
1049 1851 1193 1901 esset
1213 1844 1283 1900 ab
1309 1845 1427 1917 alio
1450 1845 1753 1917 principio.

665 1926 881 1993 Quibus
927 1925 1088 1991 adde,
1143 1927 1318 1980 Deum
1363 1925 1425 1981 in
1460 1924 1941 1981 Adversariorum

590 2009 862 2083 opinione
905 2022 1019 2063 non
1081 2021 1240 2078 posse
1294 2006 1596 2078 procedere
1647 2004 1716 2061 ad
1744 2004 1943 2062 decer-

590 2089 865 2153 nendum,
924 2086 1011 2143 vel
1041 2086 1391 2142 causandum
1431 2102 1770 2142 consensum
1797 2086 1945 2144 libe-

591 2187 721 2228 rum
768 2175 1081 2232 creaturae,
1134 2166 1248 2222 nisi
1298 2166 1695 2224 antecedenter
1743 2166 1946 2223 habeat

590 2248 1008 2326 praescientiam
1073 2246 1253 2319 ipsius
1304 2263 1611 2304 consensus
1662 2246 1946 2305 conditio-

594 2338 724 2388 nate
770 2328 948 2384 futuri
976 2352 990 2394 ;
1034 2332 1354 2383 creaturam
1377 2342 1515 2382 vero
1538 2342 1698 2399 posse
1720 2333 1946 2384 antece-

591 2411 794 2471 denter
822 2406 891 2463 ad
914 2422 1146 2469 omnem
1192 2404 1436 2461 liberam
1459 2406 1558 2461 Dei
1589 2403 1946 2462 determina-

593 2491 809 2547 tionem
840 2487 1003 2542 illam
1052 2486 1151 2542 Dei
1180 2485 1598 2557 praescientiam
1640 2484 1940 2557 impedire,

593 2574 758 2642 atque
817 2564 944 2622 ideo
992 2580 1152 2636 posse
1198 2563 1605 2632 determinare,
1665 2571 1722 2620 et
1768 2564 1947 2638 ligare

592 2649 853 2706 divinam
884 2645 1218 2717 potentiam,
1253 2659 1326 2700 ne
1353 2644 1422 2700 ad
1449 2660 1790 2703 consensum
1818 2662 1947 2703 con-

592 2735 806 2788 currat.
837 2727 981 2793 Quid
1004 2732 1087 2783 est
1115 2727 1238 2791 hoc,
1267 2725 1381 2780 nisi
1405 2731 1727 2802 creaturam
1749 2727 1948 2785 subor-

592 2811 798 2868 dinare
825 2806 935 2863 sibi
958 2805 1219 2862 divinam
1246 2807 1576 2878 potentiam,
1603 2812 1658 2863 et
1678 2808 1946 2864 volunta-

592 2895 753 2950 tem?
779 2892 823 2944 E
858 2893 1058 2945 contra
1104 2902 1241 2943 vero
1269 2885 1486 2954 dicunt,
1528 2886 1675 2959 quod
1720 2889 1768 2944 si
1800 2891 1947 2946 Deus

594 2970 857 3044 praesciat
883 2982 1221 3046 consensum
1249 2964 1634 3023 conditionate
1663 2966 1941 3035 futurum,

594 3052 657 3108 fit
684 3049 915 3111 habilis.
964 3052 1018 3103 et
1045 3045 1341 3118 expeditus
1390 3045 1457 3102 ad
1497 3045 1940 3118 decernendum,

589 3137 646 3188 ot
670 3127 1020 3187 causandum
1076 3142 1456 3192 consensum;
1504 3133 1560 3182 et
1596 3128 1743 3200 quod
1783 3146 1945 3187 crea-

591 3219 742 3278 tura,
769 3216 825 3267 et
841 3225 955 3265 non
974 3210 1119 3264 Deus
1139 3210 1318 3279 potest
1340 3207 1503 3262 illam
1528 3210 1942 3280 praescientiam

591 3307 825 3351 causare
850 3314 865 3357 ;
909 3304 971 3344 ac
995 3286 1233 3359 proinde
1252 3293 1573 3344 creaturam
1602 3292 1944 3349 constituere

593 3375 773 3430 Deum
803 3370 864 3424 in
912 3370 1133 3424 ratione
1162 3367 1405 3439 potentis
1434 3368 1714 3439 proxime,
1746 3374 1801 3426 et
1839 3387 1944 3428 ex-

590 3450 797 3525 pedite.
822 3445 969 3513 Quid
996 3451 1084 3513 est,
1116 3447 1237 3511 hoc,
1269 3455 1441 3518 quam
1471 3453 1791 3505 creaturam
1820 3451 1942 3506 sol-

589 3548 724 3590 vere
765 3528 999 3585 vincula
1062 3524 1270 3599 quibus
1330 3525 1615 3600 ligabatur
1661 3529 1942 3586 Creatoris

588 3628 795 3669 manus
809 3613 836 3665 ⁴?
857 3605 1004 3671 Quid
1018 3611 1103 3662 est
1124 3606 1246 3671 hoc,
1273 3621 1445 3678 quam
1468 3612 1791 3664 creaturam
1819 3625 1943 3666 esse

585 3696 932 3755 Creatorem,
959 3692 1015 3742 et
1053 3688 1382 3742 Creatorem
1413 3701 1535 3742 esse
1560 3693 1885 3745 creaturam
1915 3692 1942 3746 Ρ

584 3771 731 3838 Quid
759 3776 844 3827 est
887 3770 1011 3833 hoc,
1068 3781 1240 3839 quam
1293 3769 1476 3821 totum
1522 3768 1723 3823 salutis
1763 3785 1942 3843 nego-

583 3855 729 3909 tium
777 3848 959 3908 ordiri
989 3863 1020 3903 a
1065 3844 1410 3911 conditione,
1457 3862 1628 3918 quam
1680 3854 1940 3906 creatura

583 3951 687 4007 pro
733 3930 897 3988 libito
926 3931 1038 3984 Deo
1086 3940 1202 3982 non
1224 3926 1441 3982 volenti
1480 3926 1718 4001 praefigit
1745 3930 1772 3984 Ρ
1816 3929 1940 3985 Sic-

579 4015 708 4071 cine
735 4028 794 4068 se
840 4008 1008 4065 habet
1031 4007 1216 4081 gratia
1257 4005 1452 4061 efficax
1478 4008 1940 4080 Augustiniana?

582 4096 715 4149 Haec
744 4085 1129 4145 meditabatur
1150 4087 1205 4141 S.
1239 4086 1429 4152 Pater,
1460 4099 1590 4140 cum
1615 4091 1694 4143 tot
1724 4103 1939 4159 praeco-

579 4175 697 4230 niis
721 4163 1146 4227 commendavit
1171 4164 1481 4237 potentiam
1507 4166 1626 4233 Dei,
1662 4172 1721 4222 ut
1740 4169 1938 4242 gratiae

578 4251 883 4312 efficaciam
932 4243 1331 4302 describeret?
1372 4244 1510 4308 Quis
1558 4246 1673 4302 haec
1698 4247 1938 4306 credat?

578 4335 649 4389 Et
676 4347 748 4388 ne
779 4327 972 4393 credat
1011 4323 1178 4397 (quod
1206 4327 1490 4395 optamus)
1518 4332 1727 4397 praeter
1773 4331 1937 4385 testi-

579 4414 779 4473 monia
804 4425 978 4482 supra
1006 4407 1203 4471 relata,
1232 4406 1379 4478 legat
1427 4412 1593 4478 caput
1621 4409 1693 4463 95
1722 4410 1936 4467 Euchi-

581 4497 740 4560 ridii,
767 4492 865 4550 ubi
894 4492 949 4546 S.
984 4491 1186 4544 Doctor
1209 4486 1287 4542 ait
1314 4505 1324 4535 :
1387 4508 1413 4538 α
1443 4488 1604 4543 Tunc
1633 4488 1695 4544 in
1731 4490 1936 4547 claris-

583 4602 609 4633 «
651 4579 799 4634 sima
824 4576 947 4630 luce
971 4568 1255 4643 sapientia
1277 4566 1590 4633 videbitur,
1616 4570 1764 4641 quod
1782 4588 1937 4631 nunc

583 4683 609 4713 α
653 4658 881 4733 piorum
904 4650 1043 4707 fides
1070 4647 1258 4714 habet,
1299 4654 1606 4722 antequam
1629 4653 1936 4711 manifesta

581 4761 608 4793 α
649 4734 975 4812 cognitione
1002 4727 1283 4792 videatur,
1334 4744 1504 4800 quam
1527 4735 1696 4797 certa,
1729 4738 1784 4788 et
1817 4733 1933 4789 im-

584 4842 609 4873 «
653 4811 969 4874 mutabilis,
998 4813 1054 4865 et
1106 4807 1495 4864 efficacissima
1543 4810 1620 4866 sit
1664 4813 1934 4870 voluntas

582 4922 608 4954 α
651 4897 793 4962 Dei3
842 4907 1015 4966 quam
1043 4889 1226 4944 multa
1258 4890 1447 4960 possit,
1484 4896 1541 4946 et
1585 4907 1704 4947 non
1750 4893 1931 4961 velit;

584 5003 607 5036 α
652 4976 806 5036 nihil
870 4979 1061 5030 autem
1106 4970 1266 5036 velit,
1337 4969 1487 5043 quod
1534 4988 1652 5029 non
1700 4974 1876 5047 possit
1917 5000 1931 5042 ς

1593 372 1685 425 ΟΕ
1723 369 1995 425 GRATIA
2034 366 2371 426 EFFICACI.

2067 568 2092 601 α
2133 566 2415 623 quamque
2444 552 2520 608 sit
2566 570 2788 619 verum.
2821 556 2968 628 quod
3025 556 3088 613 in
3122 557 3264 614 coelo
3325 574 3424 614 ca-

2068 651 2092 683 «
2137 631 2337 687 nitur:
2383 634 2528 689 Deus
2576 639 2768 692 autem
2815 643 3009 693 noster
3054 637 3119 694 in
3170 641 3332 704 coelo.
3365 645 3420 696 et

2069 731 2095 763 α
2137 711 2376 768 interra
2401 714 2599 770 omnia
2625 731 2993 789 quaecumque
3019 718 3220 786 voluit,
3248 719 3402 775 fecit.

2069 813 2096 843 α
2138 791 2296 856 Quod
2345 795 2539 866 utique
2580 810 2697 852 non
2737 802 2822 853 est
2868 813 3092 862 verum,
3143 799 3193 854 si
3227 800 3424 871 aliqua

2070 895 2097 926 a
2140 874 2403 935 voluit.et
2425 891 2540 932 non
2563 876 2715 943 secit;
2734 884 2789 935 et
2808 878 2956 951 quod
2977 885 3061 934 est
3087 878 3417 953 indignius,

2071 974 2097 1006 α
2141 953 2267 1010 ideo
2318 969 2434 1012 non
2455 954 2604 1021 fecit,
2661 958 2933 1030 quoniam
2973 975 3046 1015 ne
3083 958 3244 1016 fieret
3271 962 3422 1033 quod

2072 1056 2097 1087 α
2140 1032 2364 1091 volebat
2412 1037 2794 1110 omnipotens,
2847 1041 3115 1095 voluntas
3163 1041 3424 1097 hominis

2061 1137 2098 1176 ,α
2143 1115 2464 1189 impedivit.
2499 1138 2524 1169 n

2672 1310 2703 1378 g
2745 1310 2810 1364 v.

2070 1450 2380 1509 Roboralur
2417 1454 2660 1527 amplius
2689 1456 2989 1529 praecedens
3014 1465 3423 1528 aryumentum.

2145 1601 2236 1656 85.
2269 1602 2402 1665 Quae
2446 1602 2837 1674 §praecedenti
2865 1604 3139 1669 diximus,
3193 1610 3430 1677 possunt
3463 1617 3562 1661 Atius

2073 1682 2367 1755 urgentius
2389 1681 2650 1740 roborari
2670 1687 2927 1758 sequenti
2951 1685 3210 1743 discursu
3240 1728 3253 1752 ,
3283 1677 3586 1761 quo-{223⁸

2074 1761 2234 1816 niam
2262 1761 2311 1816 si
2333 1762 2518 1836 gratia
2561 1770 2707 1820 esset
2732 1764 2925 1822 efficax
2972 1764 3370 1839 dependenter
3399 1767 3572 1821 anam

2072 1843 2310 1900 scientia
2338 1842 2545 1910 media,
2578 1842 2703 1903 fieri
2735 1852 2916 1919 posset
2937 1846 3085 1919 quod
3112 1850 3260 1904 Deus
3286 1851 3432 1904 esset
3473 1825 3559 1858 ‘⁰⁹¹‘

2074 1921 2359 1995 impotens
2389 1922 2459 1981 ad
2485 1926 2935 1983 convertendum
2976 1928 3282 1993 hominem
3308 1927 3430 1985 effi-

2073 2006 2320 2062 caciter:
2361 2005 2459 2063 sed
2494 2023 2623 2062 cum
2672 2008 2774 2064 hac
2800 2009 3138 2083 impotentia
3186 2026 3310 2068 non
3338 2027 3432 2068 co-

2076 2088 2270 2154 haeret,
2301 2086 2449 2160 quod
2479 2088 2628 2145 Deus
2654 2090 2727 2145 sit
2755 2093 3154 2163 omnipotens:
3189 2108 3331 2167 ergo
3353 2093 3430 2148 ita

2076 2167 2249 2232 abest,
2308 2167 2457 2240 quod
2500 2167 2743 2226 efficacia
2781 2171 2978 2244 gratiae
3021 2171 3356 2245 dependens
3399 2190 3431 2230 a

2075 2248 2314 2304 scientia
2353 2246 2543 2304 media
2593 2250 2970 2318 commendet,
3004 2257 3061 2309 et
3098 2253 3431 2310 manifestet

2077 2328 2337 2384 divinam
2390 2330 2890 2402 omnipotentiam,
2934 2339 2993 2389 ut
3035 2334 3222 2406 potius
3266 2335 3429 2391 illam

2077 2408 2380 2481 deprimat,
2400 2415 2454 2465 et
2481 2409 2810 2467 imminuat.
2830 2414 3066 2486 Sequela
3081 2414 3422 2481 ostenditur,
3446 2453 3499 2494 Β,
3521 2458 3603 2500 lm,

2076 2489 2210 2561 quia
2248 2490 2432 2564 gratia
2470 2489 2664 2545 efficax
2708 2489 3097 2565 dependenter
3124 2511 3158 2551 a
3183 2495 3429 2553 scientia
3477 2498 3572 2587 {³⁰⁰²}-

2078 2569 2267 2627 media
2308 2586 2424 2628 non
2444 2572 2812 2646 conjungitur
2850 2590 2922 2630 ex
2946 2591 3007 2631 se
3035 2556 3596 2641 infallibiliterffliss

2077 2666 2207 2706 cum
2253 2652 2648 2721 conversione,
2697 2652 2793 2725 sed
2823 2657 3047 2710 tantum
3076 2671 3148 2711 ex
3166 2645 3588 2737 supposist'ggg‘g'

2079 2729 2233 2787 tione
2274 2731 2641 2803 praescientiae
2690 2749 2998 2791 consensus
3041 2734 3592 2796 conditionateesseiw

2080 2809 2259 2866 futuri
2279 2809 2385 2865 sub
2426 2812 2526 2868 tali
2548 2814 2733 2887 gratia
2762 2834 2773 2869 =
2821 2830 2945 2888 quae
2967 2816 3330 2887 praescientia
3355 2823 3434 2874 est
3469 2799 3584 2847 potes

2077 2890 2326 2946 conditio
2376 2891 2904 2965 indispensabiliter
2965 2897 3327 2963 necessaria,
3379 2850 3606 2953 ugadoegea-

2078 2972 2224 3026 Deus
2238 2969 2533 3027 efficaciter
2559 2973 2942 3030 concurratad
2972 2976 3429 3046 conversionem,
3459 2947 3598 3048 pimus&-

2078 3056 2138 3107 ut
2156 3050 2487 3107 Adversarii
2509 3051 2868 3110 discurrunt:
2889 3055 3043 3126 atqui
3062 3053 3190 3111 tieri
3214 3049 3584 3128 potest.⁸¹⁰”‘¹²

2077 3138 2138 3188 ut
2151 3135 2296 3188 Deus
2313 3132 2640 3204 praeviderit
2660 3134 2956 3191 hominem
2973 3135 3206 3192 cuilibet
3226 3139 3431 3211 gratiae
3493 3182 3499 3186 ⁴

2078 3212 2412 3268 restiturum
2444 3237 2458 3280 ;
2489 3230 2617 3270 cum
2644 3214 2803 3270 enim
2830 3214 3096 3287 quaelibet
3141 3219 3335 3290 gratia
3360 3220 3433 3275 sit

2076 3292 2426 3350 frustrabilis
2465 3310 2565 3366 per
2588 3293 2836 3362 liberum
2863 3295 3191 3364 arbitrium,
3228 3305 3293 3355 ut
3319 3300 3432 3355 Ad·

2075 3374 2319 3431 versarii
2343 3379 2662 3442 autumant,
2695 3377 2941 3435 minime
2964 3384 3258 3452 repugnat,
3284 3379 3433 3454 quod

2074 3457 2221 3511 Deus
2249 3454 2576 3527 praeviderit
2622 3457 2871 3529 aliquem
2914 3458 3210 3515 hominem
3255 3477 3432 3535 repu-

2072 3539 2382 3609 gnaturum
2424 3535 2545 3592 fore
2591 3536 2861 3593 omnibus
2887 3537 3122 3593 auxiliis
3152 3559 3165 3594 :
3195 3554 3338 3615 ergo
3365 3541 3428 3597 in

2074 3615 2341 3688 praedicto
2391 3625 2599 3674 eventu
2632 3659 2644 3683 ,
2695 3621 2843 3673 Deus
2892 3624 3089 3677 manet
3133 3621 3430 3694 impotens

2071 3711 2306 3752 causare
2331 3695 2629 3754 efficaciter
2643 3698 3100 3755 conversionem.

2145 3776 2339 3832 Minor
2378 3781 2568 3833 autem
2608 3783 2692 3833 est
2727 3778 2866 3832 satis
2905 3778 3245 3847 manifesta3
3292 3796 3427 3836 nam

2071 3855 2383 3928 Scriptura,
2414 3862 2471 3913 et
2494 3858 2687 3912 Patres
2726 3873 2796 3912 ex
2824 3856 3055 3914 infinita
3081 3858 3299 3917 virtute
3329 3860 3428 3915 Dei

2073 3936 2336 4006 probant,
2392 3934 2540 4008 quod
2570 3936 2742 4007 possit
2789 3938 3141 3994 voluntatem
3170 3946 3425 3996 creatam

2071 4014 2403 4083 immutare,
2447 4015 2598 4072 etad
2642 4032 2704 4072 se
2728 4023 3102 4074 convertere:
3144 4035 3283 4093 ergo
3312 4033 3430 4076 non

2070 4094 2310 4150 cohaeret
2356 4110 2484 4150 cum
2513 4096 2936 4167 omnipotentia
2958 4095 3077 4162 Dei,
3101 4096 3251 4170 quod
3281 4102 3430 4156 Deus

2068 4175 2143 4230 sit
2172 4175 2457 4248 impotens
2501 4191 2735 4233 causare
2757 4176 3056 4234 efficaciter
3091 4179 3428 4237 conversio-

2069 4271 2224 4313 uem.
2272 4257 2561 4330 Praecipua
2590 4258 2897 4331 Scripturas
2930 4260 3262 4317 testimonia
3289 4267 3429 4318 sunt

2069 4334 2204 4391 haec.
2262 4335 2538 4392 Proverb.
2579 4338 2645 4393 21
2684 4360 2699 4391 ι
2727 4337 2887 4395 Sicut
2913 4341 3207 4396 divisiones
3238 4357 3604 4418 aqua-pruvera

2066 4435 2211 4485 rum,
2230 4419 2310 4472 ita
2331 4434 2423 4472 cor
2437 4419 2580 4487 reyis
2600 4420 2658 4473 in
2680 4436 2853 4474 manu
2876 4419 3135 4477 Domini:
3160 4439 3428 4498 quocum·
3500 4411 3559 4451 ²¹·

2067 4515 2168 4575 que
2206 4498 2455 4564 voluerit,
2506 4499 2796 4556 inclinabit
2823 4502 2985 4558 illud.
3015 4501 3267 4574 Sapient.
3317 4506 3383 4559 12
3410 4524 3426 4560 ε
3449 4505 3607 4597 Safffl

2065 4578 2259 4634 Subest
2293 4578 2411 4644 tibi,
2457 4597 2581 4634 cum
2607 4580 2863 4647 volueris,
2907 4599 3084 4653 posse.
3114 4583 3313 4639 Matth.
3346 4584 3382 4639 3
3409 4558 3607 4649 :hiim

2066 4658 2265 4714 Potens
2308 4667 2384 4715 est
2419 4659 2568 4716 Deus
2611 4661 2676 4715 de
2703 4662 2979 4735 lapidibus
3003 4664 3128 4718 istis
3160 4666 3425 4721 suscitare

2065 4737 2209 4808 filios
2248 4736 2504 4795 Abrahae.
2533 4740 2569 4793 2
2609 4738 2679 4796 ad
2725 4740 2986 4798 Corinth.
3015 4743 3052 4796 9
3083 4763 3097 4797 ε
3129 4741 3323 4799 Potens
3345 4751 3424 4800 est

2066 4827 2249 4874 autem
2279 4819 2422 4876 Deus
2447 4838 2658 4876 omnem
2672 4825 2918 4892 qratiam
2938 4823 3220 4880 abundare
3240 4825 3421 4898 facere

2068 4902 2127 4956 in
2153 4901 2321 4967 vobis,
2353 4908 2414 4958 ut
2440 4905 2503 4957 in
2527 4904 2779 4960 omnibus
2797 4922 3003 4978 semper
3027 4922 3240 4962 omnem
3260 4907 3421 4980 suffi-

2064 4982 2322 5039 cientiam
2365 4982 2634 5048 habentes,
2680 4983 2967 5041 abundetis
3006 4987 3067 5042 in
3112 4987 3421 5059 omne'opus

3200 5065 3419 5135 bonum,
