3647 5753
494 403 607 460 396
1448 400 1539 453 DE
1576 393 2109 451 JUSTIFICATION
2114 393 2158 447 E
2198 393 2353 447 IMPI
2361 393 2405 446 1.

496 573 794 630 hominem
816 575 1158 647 simpliciter
1187 573 1598 647 injustum,nec
1622 570 1861 627 illorum

497 655 762 711 remissio
788 662 872 712 est
901 658 1156 731 rigorosa
1173 654 1524 730 justificatio,
1555 651 1655 709 sed
1676 652 1864 724 major

498 735 734 807 praecise
783 738 1040 794 extensio
1072 780 1085 804 ,
1126 738 1218 793 vel
1256 734 1561 808 explicatio
1604 732 1858 807 justitias.

300 820 471 880 Divisio
501 814 792 871 Dividitur
832 822 1022 872 autem
1078 821 1363 890 peccatum
1404 813 1648 871 mortale
1675 812 1737 868 in
1769 826 1865 867 ac-

302 877 468 973 'gfff
503 896 674 961 tuale,
706 900 762 950 et
787 895 1079 953 habituale
1107 919 1119 954 :
1151 896 1294 953 illud
1321 901 1424 961 est,
1454 893 1604 967 quod
1633 890 1866 949 actuali-

500 980 590 1032 ter
617 976 914 1048 procedita
937 979 1248 1043 voluntate,
1280 982 1337 1033 et
1363 974 1661 1032 actualiter
1686 971 1865 1029 violat

501 1057 705 1132 legem,
755 1059 847 1113 vel
875 1058 1192 1117 omittendo
1235 1056 1384 1131 quod
1437 1055 1711 1129 praecipit,
1767 1054 1865 1111 vel

500 1138 761 1195 faciendo
775 1137 922 1211 quod
952 1134 1233 1210 prohibet.
1261 1137 1414 1195 Istud
1440 1153 1577 1195 vero
1591 1140 1694 1203 est,
1713 1134 1865 1208 quod

495 1233 569 1274 ex
597 1225 819 1290 peccato
847 1219 1053 1275 actuali
1099 1220 1468 1291 relinquitur,
1499 1223 1554 1274 et
1578 1215 1728 1290 quod
1755 1216 1865 1273 ho-

495 1299 719 1355 minem
741 1299 1077 1356 denominat
1099 1307 1444 1373 peccatorem
1466 1297 1858 1363 habitualiter,

495 1385 555 1436 et
576 1379 904 1435 intrinsece.
932 1381 1067 1435 Dari
1095 1381 1306 1454 quippe
1331 1379 1437 1436 hoc
1458 1377 1781 1444 habituale,
1808 1382 1866 1433 et

500 1460 883 1519 intrinsecum
946 1462 1025 1518 sic
1072 1462 1377 1519 hominum
1427 1460 1815 1517 denominans
1844 1503 1858 1527 ,

496 1541 638 1596 satis
667 1541 844 1613 liquet
869 1557 940 1598 ex
967 1541 1135 1598 dictis
1157 1544 1301 1617 disp.
1331 1546 1377 1609 l,
1407 1541 1534 1598 dub.
1574 1543 1619 1606 l,
1650 1546 1706 1598 et
1727 1539 1864 1597 locis

498 1620 583 1678 ibi
612 1622 814 1678 citatis.
867 1624 1085 1678 Rursus
1108 1630 1395 1696 peccatum
1424 1623 1667 1679 mortale
1693 1620 1864 1676 habi-

498 1703 655 1758 tuale
682 1702 966 1759 dividitur
1015 1704 1077 1758 in
1106 1704 1411 1779 originale,
1452 1707 1509 1759 et
1537 1702 1862 1775 personale.

499 1781 651 1839 Illud
668 1782 896 1849 dicitur,
921 1784 1071 1856 quod
1092 1801 1163 1841 ex
1187 1790 1407 1856 peccato
1423 1783 1632 1839 actuali
1654 1782 1861 1839 Adami

497 1862 799 1919 derivatur
823 1863 894 1919 ad
932 1863 1336 1921 descendentes
1364 1863 1434 1919 ab
1459 1878 1528 1919 eo
1556 1878 1659 1935 per
1679 1862 1862 1919 semi-

499 1944 697 2000 nalem
736 1945 1201 2019 propagationem
1230 1966 1243 2000 :
1271 1943 1424 2000 istud
1444 1959 1582 2000 vero
1604 1948 1855 2010 vocatur,

498 2024 650 2097 quod
672 2041 743 2082 ex
772 2031 991 2098 peccato
1019 2025 1225 2082 actuali
1257 2024 1490 2098 proprio
1514 2023 1862 2095 relinquitur

500 2106 565 2161 in
585 2106 787 2164 eodem
815 2108 1120 2180 supposito.
1156 2109 1478 2179 Utrumque
1504 2111 1695 2163 autem
1724 2120 1862 2161 vere

495 2190 695 2242 manet
721 2192 842 2259 post
872 2195 1159 2260 peccatum
1202 2187 1441 2253 actuale,
1468 2191 1523 2242 et
1542 2185 1859 2260 subjectum
1911 2181 1919 2199 ¹

497 2266 723 2334 inficit,
781 2269 1184 2342 constituitque
1227 2266 1619 2325 abominabile
1663 2282 1859 2323 coram

493 2350 628 2414 Deo,
660 2352 724 2402 ut
772 2348 943 2403 latius
982 2350 1365 2422 explicuimus
1412 2348 1550 2405 locis
1595 2348 1861 2419 proxime

494 2429 717 2485 relatis.
736 2430 1056 2503 Utrumque
1075 2432 1249 2487 etiam
1267 2429 1569 2502 subjicitur
1592 2427 1859 2502 praesenti

493 2509 831 2578 difficultati,
856 2517 911 2568 et
932 2510 1441 2584 comprehenditur
1470 2512 1709 2568 nomine
1738 2526 1861 2582 pec-

495 2591 605 2648 cati
630 2593 913 2658 mortalis,
946 2593 1094 2666 quod
1120 2594 1183 2649 in
1210 2592 1370 2648 dubii
1400 2594 1567 2649 titulo
1589 2592 1855 2665 ponitur:

494 2671 763 2744 quamvis
790 2672 1029 2745 maj0ris
1067 2672 1346 2728 claritatis
1372 2673 1561 2745 gratia
1586 2669 1857 2743 speciali-

494 2759 583 2809 ter
613 2768 847 2826 agemus
874 2752 944 2808 de
972 2757 1193 2823 peccato
1234 2750 1515 2807 habituali
1540 2750 1850 2824 personali,

491 2841 550 2893 et
574 2833 839 2908 deinceps
859 2849 983 2906 qua>
1009 2833 1077 2890 de
1103 2850 1170 2890 eo
1195 2833 1536 2900 dixerimuS,
1576 2832 1855 2907 originali

494 2914 948 2988 applicabimus.
992 2917 1119 2969 Non
1165 2913 1708 2986 comprehendimus
1748 2929 1853 2969 au-

494 3001 611 3052 tem
666 2996 874 3067 peccati
936 2994 1198 3050 mortalis
1257 2993 1497 3049 nomine
1564 2998 1853 3068 peccatum

490 3077 751 3141 actuale;
803 3075 906 3130 hoc
949 3074 1158 3146 quippe
1210 3074 1428 3130 actuale
1473 3089 1590 3132 non
1618 3074 1850 3140 dicitur,

491 3156 610 3211 nisi
637 3153 864 3227 quando
905 3160 1027 3208 actu
1050 3155 1431 3210 committitur
1462 3176 1477 3211 ι
1501 3160 1558 3211 et
1587 3156 1855 3229 implica-

488 3236 710 3290 torium
769 3232 1146 3305 supponimus
1203 3249 1323 3290 esse
1348 3277 1361 3301 ,
1424 3233 1574 3306 quod
1634 3234 1853 3309 aliquid

488 3314 818 3372 destruatur
841 3315 903 3370 in
944 3313 1144 3371 eadem
1173 3314 1497 3384 duratione,
1523 3317 1585 3373 in
1606 3333 1721 3390 qua
1746 3317 1810 3373 fit
1836 3342 1849 3384 ;

487 3395 758 3468 quamvis
808 3393 878 3450 de
905 3394 1009 3449 hoc
1055 3395 1231 3451 etiam
1277 3395 1677 3453 dubitaverint
1720 3397 1854 3470 qui-

489 3478 626 3534 dam
690 3475 1052 3533 Recentiores
1072 3520 1085 3545 ,
1136 3493 1276 3549 quos
1340 3477 1528 3535 obiter
1590 3480 1854 3537 confuta-

493 3557 707 3613 himuS.

578 3639 699 3693 140.
746 3635 962 3693 Deinde
983 3634 1226 3693 observa
1252 3653 1322 3693 ex
1344 3638 1510 3697 dietis
1530 3647 1694 3696 tract.
1716 3659 1855 3714 prar-

492 3718 605 3775 ced.
657 3719 799 3790 disp.
841 3717 1039 3782 l,dub.
1092 3718 1146 3783 2,
1184 3717 1483 3776 hominem
1530 3720 1593 3775 in
1637 3720 1854 3794 duplici

490 3802 647 3855 statu
677 3795 1056 3863 considerari,
1082 3802 1138 3852 et
1162 3798 1431 3854 constitui
1456 3815 1637 3872 posse:
1662 3802 1853 3873 primo

491 3879 557 3934 in
578 3882 728 3933 statu
752 3893 1049 3949 purorum,
1069 3877 1191 3932 sive
1213 3877 1274 3932 iu
1290 3878 1448 3950 puris
1466 3881 1847 3948 naturalibuS,

491 3956 599 4014 sub
626 3958 710 4014 eis
730 3957 996 4013 videlicet
1023 3955 1469 4025 conditionibuS,
1502 3976 1566 4017 ac
1604 3961 1852 4034 disposi-

489 4036 767 4103 tionibuS,
789 4042 906 4091 tam
931 4036 1277 4104 intrinseciS,
1294 4053 1466 4109 quam
1488 4040 1848 4110 extrinsecis,

488 4134 618 4191 qum
648 4122 914 4173 naturam
964 4115 1303 4171 rationalem
1346 4120 1690 4176 naturaliter
1710 4138 1851 4179 con-

488 4197 845 4254 comitantur
866 4196 928 4250 in
951 4194 1155 4251 ordine
1178 4195 1247 4250 ad
1278 4198 1603 4269 proprium,
1628 4206 1685 4257 et
1711 4218 1851 4259 con-

491 4281 821 4336 naturalem
869 4275 1087 4343 finem,
1074 4299 1086 4311 ·
1117 4292 1241 4350 quaa
1267 4279 1465 4336 omnia
1502 4281 1850 4341 clauduntur

493 4360 649 4416 intra
677 4358 942 4416 ordinem
986 4357 1332 4427 naturalem,
1369 4366 1750 4437 naturamque
1777 4365 1849 4422 ad

284 3665 392 3707 Nola
408 3665 449 3707 2.

286 4462 453 4522 nuptu}
490 4441 850 4513 superiorem
897 4437 1074 4494 finem
1125 4454 1241 4495 non
1287 4441 1560 4500 evehunt.
1593 4445 1757 4503 Unde
1785 4448 1848 4503 in

270 4512 461 4608 533ξῦξὸ
492 4523 595 4579 tali
622 4528 770 4578 statu
801 4536 917 4576 non
945 4518 1225 4576 darentur
1259 4528 1539 4595 praecepta
1563 4542 1848 4599 superna-

488 4605 722 4671 turalia,
748 4601 954 4676 quibus
992 4603 1165 4660 homo
1206 4604 1269 4659 in
1296 4603 1473 4662 finem
1499 4616 1847 4681 supernatu-

487 4690 673 4746 ralem
713 4685 1032 4760 dirigitur3
1091 4702 1155 4742 ac
1200 4685 1444 4759 proinde
1496 4705 1614 4747 non
1660 4699 1848 4766 posset

480 4771 658 4829 homo
709 4769 773 4824 in
820 4767 1091 4840 praedicto
1135 4772 1283 4825 statu
1337 4771 1563 4840 (saltem
1609 4774 1846 4848 directe)

419 4899 424 4904 .
483 4856 763 4924 praecepta
786 4849 1255 4921 supernaturalia
1286 4850 1525 4922 violare,
1547 4856 1641 4913 vel
1663 4859 1843 4916 Deum

483 4936 549 4986 nt
575 4930 983 5004 legislatorem,
1027 4933 1083 4984 et
1121 4926 1299 4985 finem
1340 4938 1843 5004 supernaturalem

479 5010 803 5070 offendere.
845 5007 1102 5066 Secundo
1153 5015 1333 5082 potest
1385 5014 1737 5075 considerari
1778 5018 1842 5075 in

1996 566 2264 639 praesenti
2292 571 2439 622 statu
2469 572 2692 623 naturae
2718 566 2953 622 elevatm
2987 563 3058 621 ad
3085 564 3350 622 ordinem

1993 648 2210 721 gratiae,
2236 652 2292 704 et
2319 646 2387 702 ad
2405 646 2580 704 finem
2608 646 3128 719 supernaturalem,
3156 647 3219 702 in
3238 661 3353 718 quo

1994 732 2145 783 statu
2187 726 2397 784 adsunt
2424 733 2700 800 praecepta
2742 726 3208 799 supernaturalia
3248 726 3349 782 tali

1995 808 2188 865 ordini
2218 809 2665 881 proportionata,
2716 815 2772 865 et
2800 807 3064 880 praedicto
3085 806 3188 864 fini
3211 824 3350 866 con—

1994 904 2138 963 grua
2165 906 2178 952 ;
2207 890 2391 946 immo
2435 889 2558 961 ipsa
2599 893 2876 962 praecepta
2923 890 3212 946 naturalia
3255 905 3347 945 ca-

1996 969 2141 1023 dunt
2198 968 2304 1025 sub
2362 968 2677 1026 directione
2735 970 2836 1026 Dei
2895 970 3351 1042 supernaturalis

1997 1048 2275 1117 authoris,
2305 1055 2360 1106 et
2398 1049 2586 1107 eidem
2617 1048 2720 1106 fini
2748 1067 2819 1107 ex
2860 1051 2960 1107 Dei
2989 1050 3352 1108 ordinatione

1996 1130 2350 1189 deserviunt.
2370 1133 2642 1198 Quocirca
2663 1148 2833 1192 nemo
2846 1132 2917 1192 de
2929 1133 3073 1190 facto
3092 1133 3352 1191 conscius

1999 1216 2280 1289 praedictae
2306 1216 2707 1282 ordinationis,
2735 1216 3143 1274 etelevationis
3167 1216 3350 1289 legem

1997 1301 2325 1357 naturalem
2378 1299 2575 1363 violat,
2626 1298 2769 1372 quin
2794 1298 2970 1354 simul
3010 1298 3185 1354 etiam
3235 1312 3351 1353 non

1998 1387 2145 1454 agat,
2171 1382 2377 1438 saltem
2406 1379 2702 1447 indirecte,
2728 1383 2926 1435 contra
2955 1380 3138 1453 legem
3159 1392 3353 1450 super-

1997 1463 2344 1528 naturalem,
2361 1466 2420 1518 et
2442 1464 2621 1518 Deum
2643 1462 3137 1534 supernaturalem
3156 1460 3354 1516 autho·

2000 1558 2123 1600 rem
2149 1559 2267 1600 non
2287 1542 2553 1599 offendat.
2583 1543 2762 1616 Igitur
2785 1543 2845 1598 in
2867 1543 2989 1609 hoc,
3014 1547 3070 1599 et
3090 1540 3351 1614 sequenti

1996 1623 2172 1681 dubio
2195 1641 2426 1700 agemus
2452 1624 2522 1680 de
2543 1623 2926 1681 destructione
2953 1623 3162 1695 peccati
3191 1638 3353 1679 mor-

1996 1706 2130 1762 talis
2155 1706 2414 1762 hominis
2451 1706 2657 1761 elevati
2707 1703 2776 1760 ad
2803 1703 2980 1759 finem
3004 1708 3354 1776 supernatu-

1995 1788 2196 1855 ralem,
2229 1794 2291 1843 ut
2329 1788 2395 1842 in
2424 1786 2582 1844 dubii
2615 1787 2779 1843 titulo
2820 1785 3255 1857 proposuimus;
3299 1790 3356 1841 et

1995 1873 2184 1940 postea
2208 1862 2580 1925 tractabimus
2607 1866 2678 1923 de
2710 1865 3092 1923 destructione
3140 1864 3377 1937 peccati‘

1991 1947 2284 2004 commissi
2313 1946 2377 2003 in
2407 1953 2555 2004 statu
2580 1962 2877 2020 purorum,
2904 1950 2965 2000 ut
3005 1944 3110 2002 hoc
3144 1942 3352 2001 ordine

1992 2028 2271 2101 majorem
2294 2030 2613 2085 claritatem
2635 2029 3024 2092 conciliemuS,
3048 2031 3103 2082 et
3130 2041 3199 2082 ex
3216 2025 3351 2082 faci·

1992 2108 2238 2165 lioribus
2261 2108 2329 2166 ad
2358 2108 2683 2165 difficiliora
2712 2107 3100 2180 procedamus.

2075 2190 2194 2246 141.
2252 2191 2538 2246 Praeterea
2601 2186 3181 2245 animadvertendum
3240 2190 3346 2252 est,
3381 2209 3534 2250 mma

1993 2270 2159 2342 plura
2223 2271 2376 2326 mala
2433 2270 2700 2328 comitari
2765 2275 3052 2342 peccatum
3104 2267 3352 2324 mortale

1991 2349 2282 2406 habituale
2322 2350 2493 2423 hujus
2535 2354 2753 2408 status:
2786 2365 2991 2422 nempe
3034 2348 3344 2411 maculam,

1990 2429 2114 2485 sive
2153 2429 2512 2487 aversionem
2565 2428 2919 2486 habitualem
2961 2445 2992 2485 a
3034 2429 3165 2494 DeO,
3218 2442 3349 2500 quae

1990 2510 2249 2566 consistit
2295 2510 2359 2565 in
2412 2511 2736 2583 privatione
2781 2510 2999 2584 gratim,
3045 2522 3350 2581 perquam

1991 2591 2166 2647 homo
2195 2589 2266 2646 ad
2289 2592 2468 2647 Deum
2497 2591 2867 2648 habitualiter
2883 2589 3348 2648 convertebatur·

1987 2672 2425 2728 conversionem
2473 2670 2826 2728 habitualem
2865 2670 2935 2727 ad
2965 2673 3180 2727 bonum
3209 2685 3352 2741 pro·
3391 2702 3461 2743 uu
3466 2700 3526 2743 m
3589 2730 3598 2741 ¹

1990 2751 2203 2823 prium,
2223 2751 2450 2807 excluso
2473 2750 2678 2806 ordine
2698 2750 2769 2807 ad
2797 2753 2978 2807 Deum
2997 2754 3351 2821 supernatu-
3366 2750 3547 2844 plexum-

1989 2833 2170 2890 ralem
2235 2831 2453 2889 finem.
2512 2831 2913 2907 indignitatem
2967 2830 3350 2887 intrinsecam
3385 2809 3547 2893 ¹¹03>oe

1988 2915 2318 2998 peccatoris,
2350 2915 2473 2970 sive
2513 2914 3012 2987 incongruitatem,
3037 2917 3091 2970 et
3116 2914 3347 2984 impro-
3365 2909 3545 2994 ssnfgssff

1987 2993 2333 3068 portionem,
2367 3003 2427 3053 ut
2454 2996 2728 3053 terminet
2752 2995 3019 3051 divinum
3047 3009 3344 3051 amorem.

1986 3075 2345 3151 dignitatem,
2394 3077 2520 3134 sive
2568 3081 2808 3142 reatum,
2841 3082 2896 3132 et
2935 3073 3349 3148 obligationem

1986 3158 2361 3214 intrinsecam
2376 3156 2443 3213 ad
2472 3156 2831 3214 subeundum
2856 3171 3085 3229 poenam
3117 3158 3351 3228 propter

1986 3238 2254 3310 culpam:
2297 3239 2575 3295 offensam
2616 3239 2900 3311 passivam
2943 3236 3062 3302 Dei,
3094 3251 3202 3307 qua
3247 3236 3338 3292 in·

1985 3320 2264 3394 telligitur
2322 3321 2490 3377 laesus
2509 3363 2521 3386 ,
2571 3326 2629 3376 et
2666 3319 2978 3393 injuriatus
3021 3333 3091 3376 ex
3142 3316 3347 3374 affeetu

1987 3403 2290 3475 peccantis,
2335 3401 2648 3458 secundum
2703 3400 3051 3473 prudentum
3091 3400 3347 3456 aestima-

1987 3482 2206 3539 tionem
2240 3505 2254 3539 ι
2304 3483 2503 3540 odium
2540 3481 2638 3537 Dei
2667 3498 2803 3557 erga
2830 3486 3200 3554 peccatorem,
3236 3495 3348 3553 quo

1987 3563 2178 3635 ipsum
2231 3562 2618 3627 abominatur,
2645 3567 2701 3618 et
2722 3577 2824 3634 per
2843 3559 2993 3633 quod
3020 3559 3189 3615 illum
3222 3560 3347 3632 pri-

1984 3650 2082 3701 vat
2106 3661 2211 3702 sua
2233 3645 2489 3701 amicitia
2504 3643 2695 3700 habita
2717 3659 2786 3699 ex
2812 3642 3097 3699 consortio
3121 3641 3342 3715 gratiae:

1985 3726 2428 3785 destinationem
2457 3726 2762 3799 peccatoris
2789 3724 2860 3780 ad
2889 3739 3137 3797 poenam,
3167 3739 3344 3796 quam

1985 3809 2133 3863 Deus
2157 3807 2264 3881 ipsi
2286 3806 2359 3864 ob
2379 3807 2606 3879 culpam
2630 3803 2891 3877 infligere
2914 3803 3186 3870 decernit,
3203 3805 3345 3861 alia·
3609 3807 3610 3862 l

1984 3902 2092 3960 que
2114 3888 2282 3960 plura
2303 3888 2477 3956 mala,
2509 3900 2632 3960 quae
2659 3884 2949 3958 prolixum
2976 3889 3124 3942 esset
3152 3899 3343 3942 recen·

1980 3984 2129 4036 sere,
2152 3973 2208 4024 et
2226 3983 2351 4041 quae
2377 3970 2442 4025 D.
2485 3967 2689 4023 Thom.
2716 3973 2897 4043 quaest.
2928 3967 3020 4033 28,
3063 3965 3127 4020 de
3165 3964 3335 4023 Verit.
3360 3976 3506 4022 nrm

1981 4056 2103 4104 art.
2143 4050 2207 4115 2,
2257 4047 2690 4120 comprehendit
2732 4046 2969 4103 nomina
3009 4047 3334 4111 aversionis,
3397 4036 3480 4071 ω

1981 4130 2206 4201 οῙῘεηεεε,
2234 4136 2283 4183 et
2305 4135 2512 4184 reatus.
2542 4126 2759 4192 Quibus
2787 4129 2845 4182 in
2872 4128 2976 4184 hac
3012 4128 3058 4189 1,
3082 4128 3338 4203 2,quaest.

1990 4213 2110 4277 109,
2142 4218 2251 4266 art.
2286 4212 2340 4277 2,
2373 4209 2532 4266 addit
2564 4210 2946 4264 detrimentum
2969 4210 3144 4282 ipsius
3170 4217 3342 4265 natu-

1980 4292 2121 4347 ralis
2142 4290 2506 4347 rectitudinis,
2533 4290 2618 4344 Ex
2646 4289 2718 4345 iis
2739 4293 2953 4355 autem,
2982 4287 3133 4361 quod
3160 4289 3341 4360 potis-

1978 4374 2216 4439 simum,
2262 4377 2317 4428 et
2344 4370 2667 4428 formaliter
2714 4370 3009 4427 constituit
3049 4375 3338 4441 peccatum

1980 4451 2291 4519 habituale,
2323 4454 2408 4507 est
2429 4451 2673 4516 macula,
2703 4465 2803 4506 seu
2827 4450 3075 4523 privatio
3100 4450 3302 4522 gratiae
3318 4472 3333 4516 ;

1981 4549 2118 4589 nam
2165 4533 2283 4589 haec
2323 4535 2410 4587 est
2449 4531 2705 4603 primum
2756 4530 3137 4586 intrinsecum
3185 4529 3339 4586 inter

1979 4614 2136 4670 mala
2187 4611 2525 4680 habitualia,
2573 4628 2698 4684 qua:-
2748 4625 2820 4666 ex
2864 4614 3085 4682 peccato
3124 4607 3330 4665 actuali

1979 4694 2409 4767 relinquuntur,
2435 4697 2492 4747 et
2518 4694 2883 4763 comparatur
2909 4688 2980 4745 ad
3005 4694 3208 4746 caetera
3236 4702 3337 4761 per

1976 4772 2213 4831 modum
2262 4770 2646 4840 fundamenti,
2683 4776 2741 4827 et
2779 4769 3005 4838 radicis,
3058 4774 3120 4825 ut
3165 4768 3333 4825 latius

1976 4852 2350 4926 exposuimus
2373 4851 2517 4924 disp.
2558 4852 2603 4918 l,
2631 4851 2758 4908 dub.
2797 4853 2842 4907 1.

2058 4937 2177 4992 142.
2212 4933 2375 4991 Unde
2403 4932 2485 5000 fit,
2516 4931 2665 5006 quod
2694 4931 2905 5005 triplex
2925 4931 3193 5001 remissio
3211 4946 3329 5006 pec·
3351 4956 3486 5002 Nou*-

1973 5017 2083 5074 cati
2127 5013 2438 5091 excogitari
2486 5013 2682 5086 possit.
2723 5012 2857 5069 Alia
2896 5012 3323 5087 perfectissima,

3204 5108 3324 5168 quae
