3647 5753
362 1960 550 2015 Replica.

376 3841 576 3885 Solvitur.

551 393 666 449 770

559 561 827 637 potentiae
842 559 1262 626 habitudinem,
1285 560 1365 616 ita
1380 556 1528 632 quod
1551 557 1672 613 haec
1691 553 1762 611 ad
1779 554 1925 611 alias

558 646 773 720 species
812 650 1040 702 actuum
1064 659 1182 701 non
1216 658 1277 699 se
1320 640 1608 705 extendat,
1660 636 1795 694 finis
1823 635 1923 710 qni

562 727 817 800 adaequat
832 732 1039 794 actum,
1056 723 1373 798 adaequabit
1387 724 1564 781 etiam
1582 719 1919 794 potentiam,

561 827 691 870 cum
708 809 907 867 eadem
923 810 996 865 sit
1020 810 1312 881 utriusque
1327 807 1590 872 latitudo,
1606 809 1771 877 atque
1785 801 1926 859 adeo

561 892 676 951 erit
700 890 837 947 finis
864 889 1188 963 adaequatus
1216 889 1576 962 simpliciter.
1604 889 1673 943 Et
1696 886 1774 941 ita
1796 897 1924 939 con-

561 973 735 1049 tingit
763 973 827 1029 in
854 972 1059 1030 ordine
1086 970 1536 1045 supernaturali,
1564 982 1701 1024 nam
1730 963 1928 1022 chari-

561 1061 668 1124 tas,
701 1070 825 1128 quae
850 1058 936 1111 est
959 1054 1136 1111 veluti
1172 1052 1427 1126 potentia
1469 1049 1780 1122 respiciens
1817 1059 1929 1119 ‚per

560 1153 622 1195 se
668 1138 858 1211 primo
909 1136 1087 1193 finem
1129 1137 1405 1193 ultimum
1453 1134 1623 1207 hujus
1674 1128 1922 1195 ordinis,

564 1217 873 1275 nonhabet
898 1219 1178 1291 majorem
1205 1214 1594 1279 latitudinem,
1628 1225 1802 1286 quam
1834 1224 1931 1265 ac-

563 1305 655 1357 tus
674 1299 1000 1357 dilectionis
1023 1299 1121 1355 Dei
1149 1314 1321 1370 super
1361 1296 1579 1360 omnia,
1634 1307 1820 1364 neque
1859 1288 1932 1347 ad

565 1381 708 1438 alias
733 1380 947 1453 species
974 1384 1198 1437 actuum
1245 1379 1471 1450 (saltem
1522 1372 1826 1449 primario)
1869 1384 1933 1428 se

565 1463 823 1523 extendit
845 1488 858 1531 ;
882 1469 936 1520 et
965 1464 1045 1519 ita
1071 1460 1207 1517 finis
1233 1461 1332 1534 qui
1352 1464 1437 1517 est
1459 1458 1789 1531 adaequatus
1806 1469 1930 1511 res-

568 1549 728 1619 pectu
771 1544 1029 1618 praedicti
1081 1548 1256 1609 actua,
1315 1556 1524 1613 nempe
1563 1541 1728 1607 Deus,
1762 1538 1932 1610 prout

566 1630 653 1685 est
670 1642 898 1682 summe
945 1624 1127 1681 bonus
1156 1625 1218 1681 in
1270 1639 1349 1691 se,
1382 1623 1559 1679 etiam
1605 1617 1933 1693 adaequatus

570 1715 824 1779 respectu
847 1703 1077 1762 habitus
1097 1703 1413 1771 charitatis,
1443 1707 1609 1776 atque
1625 1699 1765 1757 adeo
1780 1697 1934 1755 adae-

570 1792 775 1862 qnatus
826 1787 1169 1862 simpliciter
1215 1787 1278 1843 in
1331 1785 1535 1843 ordine
1585 1785 1934 1854 supernatu-

576 1869 710 1925 rali.

659 1953 780 2008 104.
825 1953 894 2006 Et
918 1951 967 2007 si
992 1950 1210 2006 instes:
1247 1949 1459 2022 aliquis
1504 1953 1659 2014 actus
1686 1944 1937 2003 morali-

575 2039 663 2092 ter
687 2035 1112 2106 peccaminosus
1133 2038 1314 2107 potest
1349 2032 1645 2104 adaequare
1671 2027 1936 2086 latitudi-

574 2132 711 2173 nem
765 2115 1099 2181 voluntatiS,
1163 2120 1220 2171 et
1285 2114 1498 2171 habere
1553 2127 1657 2184 pro
1721 2110 1938 2186 objecto

575 2199 967 2273 peccaminoso
996 2205 1195 2255 notum
1225 2196 1303 2263 id,
1334 2195 1483 2269 quod
1522 2200 1607 2251 est
1646 2192 1782 2251 finis
1807 2209 1939 2249 ma-

575 2280 797 2338 terialis
820 2285 1076 2354 respectu
1125 2278 1440 2335 voluntatis
1468 2297 1481 2332 :
1536 2292 1671 2351 ergo
1718 2275 1780 2331 in
1834 2274 1940 2330 hoc

574 2378 708 2419 casu
731 2362 1022 2419 ordinatio
1063 2360 1433 2425 universalis,
1481 2373 1609 2430 quae
1636 2355 1799 2413 fieret
1838 2370 1942 2427 per

577 2442 911 2516 praedictum
940 2447 1127 2499 actum
1170 2442 1234 2497 in
1259 2457 1431 2497 suum
1459 2440 1764 2513 obJ‘ectum,
1794 2440 1943 2494 esset

576 2524 772 2582 efficax
836 2529 1092 2596 respectu
1158 2523 1423 2580 omnium
1474 2529 1699 2579 actuum
1740 2519 1943 2576 subse-

574 2603 876 2679 quentium
902 2604 1222 2677 peccatoris,
1257 2609 1423 2677 atque
1450 2601 1589 2659 adeo
1629 2617 1829 2659 omnes
1851 2599 1942 2656 illi

573 2682 867 2741 habebunt
886 2700 957 2740 ex
985 2684 1086 2740 tali
1116 2691 1261 2749 actu,
1306 2690 1361 2739 et
1388 2683 1508 2756 ejus
1560 2682 1775 2755 obJ'ecto
1814 2696 1945 2736 ma-

578 2763 790 2821 litiam.
821 2766 1238 2836 Consequentia
1281 2765 1478 2836 liquet,
1519 2769 1576 2819 et
1605 2761 1947 2818 antecedens

581 2844 857 2919 probatur
877 2869 891 2913 3
916 2845 1051 2918 quia
1075 2850 1254 2918 potest
1275 2849 1530 2918 peccator
1550 2859 1816 2916 expresse
1840 2844 1947 2902 ha-

577 2926 714 2984 bere
742 2928 896 2984 hunc
911 2931 1098 2984 actum
1135 2948 1148 2984 ε
1186 2926 1381 2985 Totum
1426 2927 1485 2982 id
1529 2927 1672 3002 quod
1697 2933 1774 2982 esc
1800 2944 1838 2981 α
1862 2943 1947 2981 me

579 3010 884 3083 appetibile,
916 3018 965 3066 et
993 3017 1166 3065 totum
1191 3010 1333 3086 quod
1371 3009 1510 3066 cedit
1533 3013 1594 3065 in
1613 3026 1793 3065 meum
1810 3026 1950 3082 pro-

574 3093 769 3166 prium
796 3091 1011 3159 bonum,
1056 3090 1177 3146 volo
1199 3110 1297 3165 per
1321 3092 1545 3147 modum
1569 3093 1700 3164 finis
1724 3094 1949 3147 omnino

584 3174 772 3229 ultimi
793 3173 1141 3246 irreseribilis
1165 3173 1240 3228 ad
1265 3174 1441 3230 alium
1466 3175 1630 3244 finem
1674 3190 1951 3245 superna-

587 3255 840 3311 turalem.
868 3256 1005 3312 Ecce
1025 3254 1354 3328 hujusmodi
1402 3259 1556 3310 actus
1582 3259 1667 3310 est
1692 3255 1952 3311 maxime

586 3335 1031 3409 peccaminosuS,
1078 3352 1206 3393 cum
1234 3351 1500 3408 expresse
1546 3341 1719 3409 ponat
1770 3334 1950 3393 finem

585 3417 826 3474 omnino
869 3419 1142 3474 ultimum
1171 3419 1232 3475 in
1259 3418 1572 3484 creaturis;
1621 3423 1675 3473 et
1729 3416 1952 3474 nihilo-

586 3501 783 3556 minus
809 3499 980 3557 habet
1000 3517 1104 3572 pro
1124 3500 1341 3575 obJecto
1380 3504 1564 3557 totum
1591 3497 1669 3564 id,
1704 3497 1774 3555 ad
1799 3498 1952 3572 quod

585 3584 854 3641 voluntas
882 3585 1189 3658 peccatoris
1209 3600 1269 3641 se
1295 3583 1554 3641 extendit
1581 3604 1594 3638 :
1624 3582 1795 3640 datur
1815 3599 1955 3658 ergo

588 3670 744 3723 actus
783 3665 1224 3738 peccaminosuS,
1268 3667 1429 3740 cujus
1468 3664 1752 3739 objectum
1799 3665 1954 3721 adae-

588 3753 722 3823 quet
749 3747 1116 3805 latitudinem
1140 3747 1475 3805 voluntatis

665 3829 1062 3903 Respondetur
1100 3828 1361 3904 negando
1406 3828 1762 3895 antecedens,
1789 3832 1846 3885 et
1883 3827 1955 3886 ad

590 3912 990 3986 probationem
1012 3911 1321 3970 dicendum
1342 3916 1445 3979 est,
1478 3911 1760 3986 objectum
1789 3912 1956 3969 illius

590 4000 746 4052 actus
767 4010 886 4052 non
905 4010 1027 4051 esse
1054 4000 1235 4052 totum
1259 3992 1337 4061 id,
1364 3993 1513 4067 quod
1540 3994 1805 4051 voluntas
1822 4009 1957 4067 pec-

588 4076 794 4134 catoris
822 4080 1002 4149 potest
1024 4081 1309 4150 appetere,
1342 4092 1444 4133 nec
1466 4081 1649 4132 totum
1673 4075 1821 4148 quod
1852 4092 1956 4149 po-

587 4165 695 4217 test
730 4176 852 4217 esse
874 4160 1055 4233 ipsius
1082 4158 1319 4226 bonum,
1348 4157 1479 4216 licet
1520 4159 1622 4216 hoc
1648 4157 1822 4216 verba
1851 4157 1956 4217 illa

585 4258 793 4300 sonare
820 4242 1144 4311 videantur,
1170 4241 1267 4300 sed
1309 4242 1542 4315 praecise
1571 4241 1854 4299 rationem
1878 4242 1957 4298 il-

589 4325 708 4381 lam
734 4321 870 4380 finis
897 4325 1091 4380 ultimi
1133 4324 1412 4398 negative,
1468 4340 1640 4397 quam
1670 4323 1734 4379 in
1756 4324 1957 4381 omni-

590 4404 696 4462 bus
717 4422 751 4462 a
778 4421 839 4462 se
866 4404 1275 4479 appetibilibus
1314 4420 1582 4477 expresse
1602 4413 1759 4461 amat
1791 4425 1804 4459 :
1833 4405 1958 4463 sive

591 4485 762 4560 (quod
788 4486 943 4544 idem
971 4489 1075 4558 est)
1101 4486 1266 4542 illam
1319 4485 1843 4544 irreferibilitatem
1884 4485 1957 4542 ad

592 4568 771 4626 finem
810 4570 1333 4642 supernaturalem,
1378 4585 1502 4642 quae
1553 4586 1672 4627 non
1698 4585 1760 4627 se
1786 4567 1978 4626 habet*

591 4651 676 4709 ibi
705 4667 806 4726 per
827 4651 1062 4709 modum
1088 4652 1328 4709 rationis
1371 4653 1472 4708 sub
1509 4670 1618 4731 qua
1648 4651 1956 4725 appetendi

591 4732 726 4801 alia,
750 4731 848 4790 sed
876 4749 978 4806 per
1006 4732 1244 4790 modum
1274 4734 1517 4790 rationis
1543 4750 1675 4810 quat,
1720 4737 1777 4789 et
1816 4731 1956 4789 boni

588 4818 883 4893 cujusdam
944 4819 1328 4890 particularis,
1380 4816 1531 4891 quod
1583 4816 1762 4873 simul
1825 4831 1956 4872 cum

590 4900 724 4957 aliis
735 4917 767 4957 a
781 4901 1075 4958 voluntate
1090 4898 1499 4974 appetibilibus
1508 4897 1800 4956 constituit
1812 4896 1959 4953 adae-

588 4986 820 5054 quatam
852 4981 1160 5037 materiam
1213 4979 1349 5036 finis
1402 4978 1595 5035 ultimi
1625 4976 1954 5051 peccatoris.

589 5064 778 5126 Quare
805 5063 1213 5119 universalitas
1234 5062 1340 5118 illa
1364 5061 1671 5127 bonorum,
1720 5076 1847 5133 quae
1891 5059 1955 5116 in

1507 384 1600 441 DE
1640 380 1966 440 INFLUXU
2006 379 2456 437 CHARITATIS.

2057 551 2161 608 illo
2187 555 2311 608 actu
2341 550 2743 618 enuntiantur,
2795 566 2915 608 non
2958 558 3087 608 sunt
3122 550 3355 625 objectum

2055 632 2178 707 ejus
2200 631 2446 690 formale
2482 630 2667 688 adhuc
2705 632 2868 709 quod,
2915 648 3012 688 seu
3039 648 3151 688 esse
3171 632 3260 698 rei,
3280 632 3358 691 sed

2057 713 2339 789 objectum
2360 713 2602 771 omnino
2642 713 2986 771 materiale:
3030 714 3161 779 sive,
3185 720 3238 769 ut
3259 730 3360 772 me·

2059 797 2171 854 lius
2197 797 2474 863 dicamus,
2501 796 2734 869 praecise
2766 800 2904 853 sunt
2929 797 3177 865 materia,
3199 797 3254 853 in
3273 811 3362 869 qna

2059 879 2163 936 illa
2203 877 2654 944 irreseribilitas,
2703 894 2878 953 quam
2926 883 3166 952 peccator
3189 883 3243 935 ut
3272 877 3361 934 sibi

2059 960 2272 1018 bonam
2300 960 2698 1034 apprehendit,
2729 977 2966 1034 quaeque
3007 965 3090 1017 est
3128 959 3362 1033 objectum

2058 1042 2202 1121 quod
2220 1041 2467 1098 formale
2485 1041 2576 1098 sui
2604 1048 2778 1109 actus,
2813 1042 3113 1115 reperitur.

2142 1126 2263 1181 105.
2287 1124 2376 1180 Ad
2401 1123 2710 1182 secundam
2741 1126 3015 1198 replicam
3044 1123 3478 1197 respondetur&

2060 1205 2185 1273 hoc,
2232 1204 2383 1279 quod
2425 1211 2512 1262 est
2561 1205 2779 1263 bonum
2810 1206 3109 1279 proprium
3137 1221 3243 1262 non
3273 1218 3367 1261 esse
3392 1190 3472 1281 ’ἐξ

2063 1284 2357 1343 rescribile
2384 1285 2448 1342 in
2475 1286 2658 1342 alium
2684 1284 2886 1353 finem,
2913 1287 3087 1344 etiam
3132 1288 3478 1359 superna-⁰5¹2&

2062 1369 2330 1435 turalem‚
2356 1368 2647 1440 pertinere
2673 1369 2744 1426 ad
2773 1370 3058 1427 rationem
3084 1369 3211 1426 finis
3229 1384 3368 1443 nega·
3391 1341 3473 1430 'ff

2063 1450 2181 1507 tive
2208 1449 2422 1518 ultimi,
2453 1465 2572 1507 non
2592 1466 2732 1507 vero
2758 1451 3031 1523 positive;
3086 1467 3212 1508 nam
3250 1447 3369 1524 quod

2063 1531 2199 1589 finis
2224 1532 2508 1589 naturalis
2533 1532 2608 1588 sit
2628 1533 2875 1606 positive
2923 1534 3153 1590 ultimus
3199 1533 3256 1589 in
3290 1547 3369 1612 suo

2064 1613 2287 1679 ordine,
2321 1612 2490 1670 habet
2540 1631 2574 1670 a
2616 1614 2852 1688 propria
2899 1614 3161 1683 bonitate,
3183 1620 3371 1671 etasua

2067 1696 2288 1753 ratione
2308 1695 2541 1752 formali
2585 1695 2720 1753 boni
2774 1698 3021 1771 proprii,
3054 1714 3164 1754 non
3199 1696 3261 1754 ab
3293 1712 3371 1768 op·

2068 1783 2347 1857 positione
2369 1781 2438 1838 ad
2462 1781 2639 1839 finem
2661 1785 3177 1855 supernaturalem.
3205 1782 3368 1839 Efficax

2067 1869 2256 1922 autem
2284 1866 2551 1922 omnium
2592 1864 2885 1924 ordinatio
2937 1865 3165 1923 debetur
3188 1865 3278 1921 fini
3301 1866 3370 1921 ul-

2067 1948 2237 2014 timo,
2275 1964 2386 2021 qua
2414 1948 2639 2005 ratione
2691 1953 2776 2004 est
2806 1949 3051 2021 positive
3093 1948 3370 2004 ultImusin

2067 2048 2171 2088 suo
2213 2030 2436 2097 ordine,
2491 2046 2608 2087 non
2653 2048 2767 2104 qua
2797 2032 3025 2090 ratione
3059 2038 3140 2088 est
3180 2032 3370 2087 ultimus

2072 2113 2367 2186 negative;
2391 2111 2631 2170 debetur
2657 2114 2818 2170 enim
2849 2115 2941 2170 illi
2985 2112 3056 2170 ob
3074 2130 3224 2170 suam
3244 2129 3368 2169 sum-

2071 2211 2228 2252 mam
2253 2195 2586 2263 bonitatem,
2618 2202 2675 2253 et
2701 2197 3172 2270 appetibilitatem
3190 2196 3245 2253 in
3268 2211 3369 2269 pro·

2074 2277 2199 2352 prio
2221 2275 2443 2343 ordine,
2471 2292 2570 2348 per
2592 2286 2763 2350 qua'm
2793 2284 2963 2352 aptus
3002 2283 3083 2336 est
3124 2280 3292 2335 omnia
3319 2274 3371 2331 ad

2072 2357 2419 2423 setrahere;
2467 2372 2585 2413 non
2633 2364 2828 2416 autem
2860 2359 3082 2416 ratione
3107 2357 3371 2433 negationis

2074 2438 2524 2498 ordinabilitatis
2570 2440 2633 2497 in
2669 2440 2849 2498 finem
2903 2441 3364 2515 supernaturalem.

2075 2524 2222 2577 Nam
2251 2520 2369 2576 haec
2396 2520 2827 2579 irreseribilitas
2868 2526 2953 2596 (ut
2993 2538 3168 2596 nuper
3192 2520 3371 2578 diceba-

2076 2605 2227 2674 mus)
2248 2617 2365 2659 non
2391 2608 2475 2659 est
2502 2607 2616 2660 tota
2640 2604 2788 2661 ratio
2810 2604 2950 2663 boni
2981 2603 3204 2678 proprii,
3226 2600 3303 2659 sed
3319 2598 3370 2656 ad

2077 2699 2370 2741 summum
2426 2682 2641 2739 bonum
2720 2685 3007 2758 quoddam
3066 2684 3368 2758 particulare.

2077 2763 2224 2839 quod
2248 2768 2502 2837 peccator
2530 2763 2593 2820 in
2620 2764 2837 2838 objecto
2884 2767 2975 2823 sui
3023 2764 3215 2839 peccati
3240 2762 3374 2837 potest

2080 2843 2530 2920 apprehendere,
2556 2852 2652 2903 aut
2673 2848 2849 2905 etiam
2872 2849 2937 2906 in
2965 2847 3095 2905 aliis
3142 2845 3283 2903 bonis
3316 2840 3369 2898 fi-

2080 2927 2243 2983 uitis,

2154 3007 2241 3063 Ad
2278 3009 2507 3065 tertiam
2552 3009 2813 3083 neganda
2860 3016 2948 3067 est
3009 2988 3478 3084 consequentia-⁰³2&

2082 3093 2368 3157 Quoniam
2416 3092 2563 3150 ratio
2607 3092 2874 3150 formalis
2904 3094 3120 3168 proprii
3160 3091 3274 3147 boni
3308 3101 3374 3142 se-

2081 3173 2334 3230 cundum
2357 3189 2415 3230 se
2442 3179 2671 3246 sumpta
2699 3175 3029 3247 praescindit
3055 3177 3135 3245 (ut
3174 3187 3302 3227 num.
3324 3167 3374 3222 99

2082 3253 2432 3326 dicebamus)
2455 3271 2488 3311 a
2511 3256 2733 3313 ratione
2760 3253 2916 3321 boni,
2931 3262 2985 3313 et
3014 3254 3148 3312 mali
3176 3249 3371 3313 moralis,

2083 3339 2384 3413 solumque
2413 3338 2691 3411 importat
2729 3338 2949 3396 bonum
3001 3338 3215 3413 physice
3245 3331 3375 3390 satia·

2084 3419 2272 3476 tivum
2314 3418 2612 3492 appetitus
2664 3418 2830 3477 Unde
2872 3419 3160 3484 habitud0,
3196 3431 3287 3489 qua
3311 3427 3378 3467 ac·

2084 3503 2176 3555 tus
2203 3515 2403 3557 omnes
2431 3499 2724 3556 naturales
2774 3500 2846 3556 ad
2874 3496 3192 3574 hujusmodi
3218 3495 3380 3551 bonum

2088 3583 2438 3650 referuntur,
2482 3583 2672 3639 solum
2731 3586 2817 3637 est
2867 3581 3141 3639 habitudo
3182 3575 3379 3653 physica.

2085 3682 2210 3741 quae
2249 3681 2353 3722 nec
2397 3664 2618 3722 confert
2656 3663 2994 3731 bonitatem,
3033 3679 3204 3736 neque
3250 3655 3383 3716 mali·

2087 3749 2248 3807 tiam.
2277 3746 2622 3803 Recolantur
2659 3761 2783 3818 quas
2821 3746 3078 3802 diximus
3105 3745 3215 3802 loco
3251 3751 3382 3812 supra

2087 3828 2257 3885 citato
2293 3842 2365 3883 ex
2411 3827 2675 3882 Tractatu
2722 3827 2794 3883 de
2833 3827 3043 3883 ultimo
3083 3826 3230 3888 Fine,
3265 3817 3380 3878 etin

2087 3911 2353 3966 Tractatu
2374 3906 2446 3964 de
2472 3907 2688 3973 Gratia,
2719 3908 2861 3981 disp.
2893 3910 2951 3975 2,
2979 3926 3015 3963 a
3042 3904 3270 3962 κωπίω.
3417 3972 3424 3979 ,
3450 3969 3454 3973 ,

2170 3990 2290 4045 106.
2336 3987 2421 4043 Ad
2448 3986 2948 4046 confirmationem
2972 3989 3137 4062 huJ'us
3177 3972 3484 4064 secundaeqffl

2089 4069 2428 4144 principalis
2454 4067 2790 4143 objectionis
2807 4069 3069 4143 neganda
3086 4071 3167 4125 est
3185 4060 3381 4136 sequela.
3410 4065 3476 4113 mi>

2090 4154 2159 4208 Et
2186 4151 2257 4209 ad
2286 4151 2682 4225 probationem
2706 4151 3015 4209 dicendum
3047 4155 3145 4216 est,
3175 4151 3308 4204 actus
3336 4154 3387 4198 ex

2088 4233 2303 4308 objecto
2332 4233 2728 4291 indifferentes
2774 4251 2892 4293 non
2944 4250 3066 4291 esse
3109 4224 3387 4288 immediate

2090 4316 2414 4374 referibiles
2459 4317 2522 4373 in
2567 4315 2746 4375 finem
2792 4318 3104 4382 charitatis,
3138 4305 3388 4382 nisiprius

2090 4399 2153 4454 in
2181 4396 2324 4455 fines
2351 4397 2599 4455 aliarum
2629 4399 2914 4455 virtutum
2954 4397 3309 4456 ordinentur:
3349 4387 3389 4439 et

2087 4478 2223 4552 quia
2243 4479 2360 4536 haec
2382 4479 2663 4552 posterior
2689 4479 3000 4546 ordinatio,
3050 4479 3214 4536 etiam
3235 4472 3290 4528 in
3310 4466 3389 4523 ha-

2090 4561 2259 4619 bente
2278 4562 2547 4638 gratiam,
2578 4575 2726 4634 saepe
2754 4562 2876 4618 illis
2901 4562 3073 4628 deest,
3102 4558 3390 4637 idcircum?-

2090 4658 2159 4716 pe
2212 4644 2385 4700 etiam
2415 4643 2478 4699 in
2519 4642 2623 4699 illo
2681 4646 2982 4700 remanent
3033 4638 3212 4697 otiosi.
3262 4634 3391 4721 Ratio

2089 4741 2226 4785 vero
2247 4724 2319 4782 ob
2345 4740 2520 4799 quam
2543 4728 2696 4780 actus
2738 4723 3130 4780 indifferentes
3167 4730 3271 4774 non
3303 4711 3391 4801 81‘11t

2090 4806 2426 4864 immediate
2453 4803 2776 4863 referibiles
2802 4803 2873 4860 ad
2919 4802 3092 4861 finem
3117 4797 3386 4858 charitatis,

2090 4889 2236 4948 bene
2263 4896 2454 4948 autem
2481 4888 2553 4946 ad
2580 4890 2725 4947 alios
2753 4893 3017 4946 honestos
3044 4885 3199 4953 fines,
3226 4896 3286 4939 ea
3305 4878 3384 4936 est,

2088 4972 2224 5046 quia
2247 4971 2532 5028 nimirum
2561 4969 2889 5045 hujusmodi
2945 4974 3097 5026 actus
3127 4957 3389 5049 secundum

2088 5070 2169 5124 se,
2219 5071 2350 5113 cum
2395 5055 2557 5112 omni
2598 5057 2834 5112 careant
2873 5053 3175 5116 honestate,
3202 5050 3392 5120 prm-‘²⁰

3202 5122 3392 5201 possunt
