3647 5753
1180 422 1357 478 DISP.
1406 422 1524 488 vu,
1569 422 1733 494 DUB.
1779 422 1898 478 vn.
2880 422 2990 476 247

138 609 194 650 se
222 593 639 666 pertinentibus
666 592 737 649 ad
766 598 956 649 actum
983 593 1236 665 primum
1283 593 1493 651 volun-

137 674 261 729 tatis
311 680 546 739 creatae,
604 673 681 729 ita
723 688 843 730 non
885 680 1262 746 praemoveret
1306 675 1490 739 illam,

136 753 277 830 quod
312 755 498 827 ipsam
530 754 593 811 in
619 754 819 812 eodem
859 755 1101 812 instanti
1146 771 1496 829 praemovere

139 841 333 909 posset.
361 837 429 890 Et
465 836 614 892 ratio
640 840 742 900 est,
774 839 1049 907 quoniam
1089 837 1180 892 vel
1205 837 1308 893 illa
1330 837 1496 909 prin-

134 917 295 990 cipia,
326 922 381 973 et
408 917 856 973 circumstantias
898 918 1140 992 exigunt
1169 919 1496 991 praemotio-

139 1013 287 1061 nem,
310 997 403 1053 vel
430 997 671 1071 exigunt
714 997 837 1072 ejus
880 999 1322 1055 carentiam?Si
1372 1001 1497 1071 pri-

139 1093 291 1133 mum
325 1092 504 1151 :ergo
551 1079 698 1133 Deus
746 1078 1066 1136 necessario
1114 1093 1288 1153 agens
1334 1079 1497 1152 juxta

138 1158 565 1231 dispositionem
623 1174 921 1215 causarum
974 1159 1360 1216 secundarum
1420 1160 1498 1218 ita

141 1237 517 1313 praemovebit‚
551 1240 701 1312 quod
731 1241 793 1296 in
834 1241 1034 1297 eodem
1083 1241 1323 1298 instanti
1374 1258 1492 1299 non

141 1323 335 1396 poterit
352 1324 787 1394 praemotionem
819 1338 1044 1396 negare.
1076 1324 1134 1379 Si
1156 1323 1525 1380 secundumz·

140 1420 268 1478 ergo
295 1405 372 1460 ita
393 1406 831 1477 praemotionem
879 1405 1141 1480 negabit,
1181 1404 1332 1478 quod
1381 1422 1499 1463 non

143 1487 335 1557 poterit
378 1486 737 1543 voluntatem
785 1502 1157 1559 praemovere.
1209 1488 1343 1550 Quae
1385 1487 1500 1543 im-

142 1566 396 1639 potentia,
426 1567 551 1623 sive
576 1568 900 1634 necessitas,
929 1584 1058 1624 cum
1078 1584 1198 1625 non
1226 1566 1501 1623 fundetur

141 1649 198 1704 in
218 1648 396 1720 aliqua
420 1649 823 1721 suppositione
840 1647 1027 1706 libera
1047 1655 1258 1717 creata,
1285 1650 1378 1706 vel
1404 1650 1502 1704 in·-

140 1736 329 1795 creata,
362 1731 586 1802 'nequit
613 1747 732 1787 non
774 1747 894 1789 csse
940 1731 1196 1790 absolute
1248 1732 1400 1798 talis,
1448 1734 1506 1788 et

146 1811 449 1868 libertatem
478 1811 801 1867 destruere.
860 1812 1069 1880 Tertio,
1120 1812 1258 1884 quia
1301 1811 1350 1868 si
1388 1813 1503 1868 Deo

148 1896 328 1966 agente
336 1909 404 1949 ex
419 1892 758 1950 necessitate
787 1897 1298 1961 naturae,voluntas
1313 1898 1502 1950 creata

152 1973 313 2031 libere
352 1979 724 2046 operaretur,
777 1974 903 2031 fieri
960 1975 1177 2047 optime
1218 1979 1403 2047 posset
1442 1974 1503 2030 in

130 2055 395 2127 ‚praedicta
416 2056 748 2130 hypothesi,
776 2055 925 2130 quod
965 2072 1037 2113 ex
1063 2055 1283 2113 duobus
1311 2055 1504 2113 homi-

156 2135 309 2190 nibus
330 2137 631 2209 aequaliter
680 2135 991 2210 dispositis,
1023 2143 1080 2194 et
1104 2136 1305 2193 eodem
1335 2134 1504 2193 modo

154 2231 208 2272 se
231 2214 556 2272 habentibus
580 2218 651 2273 in
673 2218 766 2282 iis,
797 2233 922 2290 quae
943 2216 1013 2274 ad
1036 2223 1222 2273 actum
1248 2217 1504 2289 primum

156 2303 404 2368 spectant,
459 2315 610 2355 unus
661 2300 897 2356 eliceret
924 2315 978 2355 v.
1010 2315 1065 2374 g.
1118 2314 1399 2365 amorem,
1449 2303 1506 2354 et

161 2378 291 2434 alter
308 2378 541 2436 eundem
557 2395 823 2436 amorem
846 2379 1155 2437 omitteret.
1182 2382 1324 2435 Cum
1346 2378 1504 2435 enim

163 2475 316 2514 causa
347 2459 519 2517 libera
539 2462 616 2516 sit
667 2461 792 2526 illa,
824 2477 949 2533 quae
990 2460 1188 2533 positis
1233 2458 1504 2517 omnibus

170 2538 431 2610 requisitis
453 2557 516 2597 ex
538 2547 706 2615 parte
722 2546 878 2598 actus
901 2541 1096 2614 primi.
1116 2544 1297 2613 potest
1317 2555 1500 2615 agere,

169 2626 225 2677 et
241 2637 346 2677 non
364 2638 530 2696 agere,
551 2625 722 2680 nulla
743 2628 977 2697 apparet
992 2621 1309 2694 implicatio
1331 2622 1393 2677 in
1414 2637 1501 2687 ec,

169 2700 304 2773 quod
328 2718 460 2758 unus
493 2720 561 2760 ex
609 2704 736 2759 illis
782 2702 1119 2761 hominibus
1164 2706 1406 2763 amaret.
1452 2704 1507 2758 et

170 2782 303 2837 alius
342 2798 478 2849 non;
517 2789 572 2840 et
596 2788 1018 2856 consequenter
1065 2796 1215 2842 unus
1256 2795 1502 2854 praemo-

168 2868 374 2919 veretur
396 2862 461 2920 ad
489 2881 773 2930 amorem,
805 2870 861 2922 et
877 2865 1023 2921 alter
1045 2879 1162 2920 non
1187 2875 1506 2934 praemove-

170 2947 485 3018 retur.Atqui
508 2948 838 3020 praesentia,
871 2946 961 3002 vel
983 2945 1241 3002 carentia
1262 2958 1499 3018 praemo-

169 3024 319 3079 tionis
350 3040 456 3081 non
486 3028 822 3099 proveniret
856 3042 928 3083 ex
967 3025 1236 3097 inaequali
1268 3024 1507 3080 illorum

170 3103 440 3161 hominum
485 3106 902 3180 dispositione,
953 3106 1240 3179 siquidem
1294 3119 1507 3176 suppo-

171 3193 362 3242 nuntur
407 3189 650 3245 omnino
682 3188 942 3260 aequales.
983 3188 1132 3262 Ergo
1178 3184 1395 3241 frustra
1424 3198 1511 3239 re-

166 3268 391 3323 curritur
433 3266 501 3324 ad
541 3266 876 3343 hujusmodi
926 3265 1362 3339 dispositionem
1389 3305 1402 3329 ,
1450 3266 1511 3318 ut

164 3346 406 3415 salvetur,
448 3348 596 3422 quod
654 3346 883 3420 quando
911 3349 1057 3403 Deus
1104 3361 1222 3402 non
1264 3359 1511 3418 praemo-

171 3431 323 3493 vetet,
347 3435 517 3500 posset
550 3444 909 3501 praemovere
955 3426 1209 3483 absolute
1236 3425 1509 3482 volunta·

171 3509 291 3561 tem.
332 3510 505 3567 Immo
551 3508 808 3566 infertur
868 3508 1194 3581 oppositum
1211 3529 1225 3574 3
1273 3521 1409 3561 nam
1458 3503 1508 3558 si

171 3592 334 3644 stante
356 3605 421 3646 ex
441 3597 597 3663 parte
618 3589 936 3647 voluntatis
951 3589 1259 3661 capacitate
1287 3584 1356 3642 ad
1372 3600 1511 3657 prae-

178 3668 475 3737 motionem,
500 3673 652 3727 Deus
681 3669 999 3727 necessario
1022 3673 1231 3743 ageret,
1251 3671 1308 3724 et
1332 3680 1512 3739 quan-

180 3750 283 3802 tum
310 3757 499 3821 posset,
544 3751 713 3807 illam
744 3765 861 3807 non
890 3753 1283 3823 praemoveret,
1315 3744 1511 3802 mani-

179 3825 298 3883 teste
315 3829 552 3887 infertur
576 3834 758 3889 Deum
803 3831 971 3887 illam
997 3834 1349 3902 praemovere
1393 3840 1512 3882 non

179 3923 336 3980 posse.
362 3911 586 3985 Quarto,
615 3919 675 3971 et
703 3913 1035 3988 urgentius;
1064 3911 1199 3985 quia
1221 3910 1354 3965 licet
1374 3924 1513 3983 prae-

178 3985 307 4045 dicta
341 3992 627 4066 responsio
668 3994 843 4065 possit
867 3996 1211 4065 apparenter
1237 3986 1508 4045 sustineri

186 4069 238 4123 in
259 4070 441 4130 ordine
459 4074 528 4130 ad
539 4076 837 4131 naturales
857 4073 1217 4147 operationes
1236 4069 1512 4138 3minime

187 4153 350 4207 tamen
374 4160 545 4227 potest
569 4154 846 4211 sustineri
870 4154 934 4209 in
960 4152 1164 4210 ordine
1190 4150 1261 4208 ad
1289 4150 1513 4207 auxilia

184 4229 412 4299 efficacia,
441 4241 494 4292 et
538 4251 713 4309 opera
758 4233 985 4291 ordinis
1026 4231 1507 4307 supernaturalis,

182 4314 363 4381 quaein
383 4318 642 4388 presenti
691 4315 1143 4382 consideramus,
1169 4320 1226 4371 et
1270 4312 1341 4370 ad
1386 4328 1514 4385 quae

189 4391 630 4454 Adversariorum
653 4396 917 4454 doctrina
942 4411 1004 4453 se
1027 4394 1306 4453 extendit.
1339 4393 1512 4449 Nulla
1538 4426 1549 4439 ‚

186 4472 369 4546 quippe
391 4474 682 4550 dispositio
708 4476 991 4532 naturalis
1012 4474 1291 4550 assignari
1310 4476 1509 4546 potest,

186 4552 251 4609 ob
268 4572 420 4628 quam
447 4560 589 4615 Deus
617 4558 913 4615 hominem
953 4556 1252 4615 efficaciter
1273 4555 1520 4627 applicet

190 4634 253 4689 ad
296 4651 454 4709 opera
485 4639 945 4712 supernaturalia
970 4663 985 4706 ς
1041 4638 1160 4694 imo
1217 4651 1401 4709 neque
1445 4650 1517 4692 ex

194 4720 333 4784 parte
373 4717 713 4775 auxiliorum
760 4717 1290 4792 supernaturalium
1340 4719 1519 4788 potest

196 4792 486 4867 hujusmodi
512 4798 915 4856 determinatio
960 4796 1264 4873 assignari,
1313 4801 1372 4851 ut
1410 4810 1520 4851 sae-

196 4874 307 4945 pius
326 4874 382 4930 in
400 4876 501 4933 hac
520 4878 901 4952 disputatione
938 4879 1214 4943 diximus,
1238 4881 1295 4932 et
1320 4875 1519 4933 docent

196 4958 543 5014 communiter
589 4959 798 5015 illimet
822 4960 1132 5017 Thomistae
1156 4962 1356 5015 contra
1381 4971 1520 5028 quos

202 5035 449 5109 praecipue
457 5052 607 5097 nunc
621 5040 857 5115 agimus.
873 5042 1102 5098 Maneat
1116 5039 1299 5116 igitur
1313 5040 1513 5106 Deum,

1627 594 1676 649 si
1699 599 1889 669 ageret
1911 610 1979 650 ex
2008 593 2340 652 necessitate
2363 600 2602 660 naturas,
2625 596 2702 651 ita
2724 594 2992 652 omittere

1630 693 1999 751 praemovere,
2030 676 2178 751 quod
2214 678 2469 735 absolute
2490 691 2842 752 praemovere
2873 691 2990 732 non

1629 762 1815 831 posset
1840 780 1854 824 ;
1877 760 1969 815 vel
1993 758 2072 815 ita
2100 774 2470 832 praemovere,
2502 756 2651 832 quod
2675 757 2995 830 praemotio·

1630 853 1764 894 nem
1792 838 2057 894 omittere
2080 854 2196 895 non
2219 840 2471 906 valeret;
2501 843 2556 894 et
2582 841 2994 909 consequenter

1629 918 1720 974 vel
1748 919 2104 975 voluntatem
2133 924 2378 975 creatam
2405 934 2522 975 non
2552 918 2674 974 t'ore
2693 915 2999 990 subjicien-

1629 997 1769 1078 dam·
1792 999 1904 1054 Deo
1933 999 1995 1054 in
2043 997 2280 1073 agendo,
2314 1001 2405 1055 vel
2452 996 2652 1055 eodem
2701 995 2889 1060 mod0,
2941 999 2995 1052 et

1629 1094 1759 1135 cum
1795 1077 1993 1135 eadem
2021 1077 2522 1147 determinatione,
2555 1095 2619 1134 ac
2665 1075 2998 1134 necessitate

1629 1175 1690 1216 se
1712 1157 1940 1216 habere.
2811 1159 2818 1164 ’

1704 1248 1831 1303 341.
1904 1249 1989 1303 Ex
2037 1248 2243 1320 quibus
2294 1247 2468 1305 etiam
2526 1247 2785 1321 rejicitur
2828 1245 2998 1301 tertia
3037 1254 3181 1298 Auem

1630 1327 2012 1400 quorumdam
2036 1328 2347 1401 responsio,
2371 1327 2470 1401 qui
2493 1330 2773 1394 asserunt,
2818 1326 2998 1381 Deum
3031 1312 3198 1396 roggin-

1633 1410 1697 1466 in
1744 1410 2012 1483 praedicta
2070 1410 2369 1485 hypothesi
2425 1426 2541 1467 non
2587 1424 2708 1466 esse
2749 1407 3000 1464 liberum

1632 1491 1977 1557 formaliter,
2009 1491 2130 1548 sore
2152 1495 2346 1548 tamen
2375 1490 2626 1547 liberum
2648 1489 2997 1552 eminentem

1586 1611 1591 1617 -
1631 1571 1765 1644 quia
1792 1577 1849 1627 et
1874 1576 2061 1627 actum
2085 1571 2334 1628 liberum
2375 1575 2630 1627 creatum
2658 1568 2996 1631 contineret,

1633 1658 1689 1709 et
1708 1650 1779 1709 ad
1828 1651 1999 1707 illum
2043 1656 2228 1724 posset
2276 1653 2631 1708 voluntatem
2674 1649 2961 1722 applicare
2986 1668 2999 1702 ε

1633 1731 1968 1789 sicutmodo
1996 1747 2111 1787 non
2133 1736 2216 1788 est
2236 1747 2404 1788 causa
2428 1730 2752 1788 formaliter
2773 1727 3004 1785 contin-

1633 1827 1772 1886 gens
1788 1835 1801 1879 ;
1818 1816 1876 1869 et
1902 1817 2094 1867 tamen
2115 1815 2200 1866 est
2225 1826 2394 1866 causa
2420 1810 2750 1866 eminenter
2773 1807 3004 1864 contin-

1634 1909 1792 1969 gens,
1823 1892 1958 1964 quia
2002 1890 2232 1948 effectus
2275 1891 2674 1965 contingentes
2726 1887 3000 1953 continet,

1635 1979 1692 2032 et
1720 1971 2003 2046 producit.

1711 2061 1846 2125 Hoc,
1879 2059 2136 2131 inquam,
2170 2061 2364 2114 manet
2391 2058 2686 2114 exclusum
2712 2071 2786 2112 ex
2811 2054 3004 2112 dictis:
3045 2069 3210 2120 Impug-

1638 2146 1759 2197 tum
1781 2140 1918 2213 quia
1932 2139 2072 2195 dum
2094 2139 2370 2196 asseritur
2387 2141 2595 2206 Deum,
2615 2153 2732 2194 non
2755 2134 3009 2192 liberum
3052 2122 3185 2160 '¹⁸¹⁰‘

1638 2221 1982 2291 formaliter,
2019 2220 2142 2277 fore
2199 2220 2450 2276 liberum
2498 2218 2847 2283 eminenter,
2877 2215 3012 2289 quia

1637 2300 1960 2358 contineret
1988 2304 2178 2357 actum
2208 2299 2464 2356 liberum
2511 2301 2786 2360 creatum,
2820 2293 3014 2350 mani-

1639 2382 1779 2438 feste
1801 2380 2016 2454 petitur
2046 2380 2399 2453 principium
2423 2404 2436 2446 ;
2460 2378 2597 2451 quia
2623 2376 2683 2432 id
2731 2375 3019 2449 praecipue

1638 2461 2141 2524 controvertimu'S,
2170 2476 2245 2515 an
2272 2460 2322 2515 si
2344 2463 2493 2516 Deus
2533 2473 2652 2514 non
2697 2462 2843 2514 esset
2894 2455 3015 2512 t'or-

1639 2542 1873 2599 maliter
1921 2540 2091 2609 liber,
2120 2539 2398 2597 darentur
2426 2543 2580 2595 actus
2617 2535 2788 2593 liberi
2818 2535 2882 2590 in
2912 2551 3018 2591 vo-

1641 2624 1861 2679 luntate
1889 2626 2080 2678 creata
2099 2623 2127 2677 ⁴?
2154 2621 2302 2675 Tum
2355 2619 2550 2685 etiam,
2582 2617 2718 2691 quia
2749 2616 2839 2672 vel
2867 2617 3016 2673 Deus

1624 2702 1704 2760 'in
1734 2702 2001 2776 praedicta
2030 2699 2352 2775 hypothesi,
2382 2716 2513 2755 cum
2538 2714 2655 2755 non
2679 2701 3012 2770 praemovet,

1641 2787 1822 2857 potest
1851 2780 2110 2838 absolute
2137 2795 2508 2854 praemovere,
2536 2778 2628 2834 vel
2670 2792 2788 2833 non
2836 2780 3019 2849 potest

1641 2863 2031 2936 praemovere?
2082 2859 2139 2915 Si
2192 2859 2490 2933 primum:
2522 2856 2657 2933 er'go
2698 2857 2846 2913 Deus
2898 2871 3017 2913 non

1641 2943 1761 3019 agit
1787 2958 1858 2999 ex
1901 2941 2236 2999 necessitate
2264 2944 2501 3008 naturae,
2533 2938 2631 2996 sed
2661 2953 2792 2994 cum
2836 2935 3017 2993 liber-

1651 3027 1766 3079 tate
1789 3021 2051 3079 formali:
2082 3022 2201 3078 haec
2219 3020 2431 3092 quippe
2452 3019 2648 3092 nequit
2677 3034 2794 3074 non
2822 3015 3018 3073 adesse

1642 3101 1706 3157 in
1744 3101 1870 3167 illo,
1896 3100 1997 3174 qui
2027 3100 2108 3156 ita
2134 3099 2368 3165 omittit,
2405 3103 2466 3154 ut
2492 3098 2667 3171 possit
2695 3113 2811 3154 non
2839 3095 3019 3154 omit-

1641 3187 1799 3239 tere:
1829 3187 1884 3240 et
1928 3181 2011 3238 sic
2031 3179 2347 3236 destruitur
2388 3178 2722 3252 suppositio,
2748 3182 2805 3234 et
2836 3181 3017 3233 status

1640 3263 1994 3336 quaestionis.
2045 3261 2103 3315 Si
2146 3259 2466 3318 secundum
2514 3280 2527 3313 ε
2568 3274 2704 3334 ergo
2748 3259 3017 3315 voluntas

1641 3346 1833 3399 creata
1854 3342 2129 3398 omittens
2157 3340 2358 3413 nequit
2383 3339 2639 3396 absolute
2666 3338 2728 3394 in
2757 3337 2860 3394 illo
2887 3337 3015 3393 ins-

1643 3422 1791 3480 tanti
1822 3421 2267 3497 agere;quippe
2293 3435 2419 3492 quas
2465 3434 2632 3493 agere
2678 3433 2794 3474 non
2839 3417 3010 3482 valet,

1643 3502 1757 3558 nisi
1793 3507 1854 3558 ut
1879 3500 2253 3558 subordinata
2286 3500 2398 3555 Deo
2422 3497 2637 3570 potenti
2661 3497 2846 3569 ipsam
2873 3510 3023 3567 prae-

1643 3598 1882 3639 movere
1935 3580 2005 3638 ad
2059 3578 2366 3654 agendum.
2419 3579 2701 3633 Recursus
2745 3590 2881 3648 ergo
2948 3572 3021 3630 ad

1645 3663 1972 3719 libertatem
2038 3660 2136 3716 Dei
2208 3657 2646 3715 eminentialem
2712 3655 2805 3711 vel
2873 3652 3023 3710 nihil

1644 3740 2010 3798 Adversariis
2057 3739 2232 3805 favet,
2282 3738 2374 3795 vel
2418 3735 2748 3809 quaestionis
2811 3738 3023 3789 statum

1643 3822 1869 3880 evertit.

1706 3905 1854 3966 Quas
1882 3897 2365 3973 impugnationes,
2401 3896 2559 3953 sicut
2602 3899 2659 3953 et
2703 3909 3243 3969 &gumen-mmm.

1644 3985 1767 4038 tum
1814 3995 1987 4052 supra
2017 3974 2250 4044 factum,
2299 3982 2534 4050 possunt
2572 3976 2826 4049 amplius
2850 3965 3229 4061 roho-{ge‘gffl

1647 4061 1757 4126 tari
1785 4076 1858 4118 ex
1887 4060 1977 4125 iis,
2008 4074 2134 4133 quae
2172 4057 2428 4114 diximus
2454 4063 2616 4112 tract.
2658 4056 2741 4122 10,
2771 4054 2915 4128 disp.
2945 4056 2981 4111 2
3005 4098 3022 4134 ².
3084 4065 3166 4110 nis.

1644 4141 1775 4197 dub.
1814 4143 1925 4211 μς
1967 4142 2023 4197 2.
2074 4138 2306 4195 Etenim
2352 4135 2589 4193 libertas
2635 4133 2912 4192 fundatur
2958 4135 3022 4191 in

1646 4221 1817 4280 modo
1839 4218 2318 4286 universalitatis,
2350 4233 2462 4290 quo
2485 4216 2737 4290 potentia
2753 4215 2935 4273 fertur
2961 4214 3024 4269 in

1647 4300 1880 4374 aliquod
1906 4299 2212 4376 objectum,
2249 4302 2524 4370 tanquam
2555 4296 2617 4352 in
2658 4293 2874 4352 bonum
2914 4292 3027 4349 sibi

1647 4385 2110 4457 inadaequatum3
2142 4397 2278 4437 nam
2308 4380 2411 4437 hoc
2432 4378 2555 4451 ipso
2583 4376 2793 4434 retinet
2813 4376 3026 4434 sorma-

1649 4466 1871 4523 litatem
1917 4461 1987 4519 ad
2016 4459 2371 4519 tendendum
2399 4458 2464 4514 in
2490 4460 2815 4514 extremum
2844 4457 3056 4529 oppo-'

1647 4548 1847 4615 situm,
1908 4549 2076 4617 atque
2125 4541 2256 4598 ideo
2306 4538 2562 4614 procedit
2612 4553 2743 4593 cum
2795 4535 3030 4593 indiffe-

1652 4627 1858 4692 rentia,
1891 4628 1948 4681 et
1973 4622 2236 4680 dominio
2264 4618 2334 4676 ad
2365 4616 2725 4675 utrumlibet.
2766 4614 2931 4673 Unde
2957 4619 3022 4673 D.

1650 4707 1856 4764 Thom.
1887 4718 2064 4776 supra
2084 4707 2263 4775 quast.
2303 4702 2386 4767 10,
2412 4706 2522 4755 art.
2560 4700 2617 4765 2,
2648 4697 3022 4770 investigans,
3040 4729 3247 4775 umm-

1650 4795 1707 4848 et
1720 4788 1985 4861 detegens
2002 4783 2250 4840 radicem
2267 4786 2476 4838 nostrae
2491 4780 2794 4846 libertatiS,
2813 4777 3025 4851 inquit:

1650 4871 1719 4930 Si
1761 4873 2104 4944 proponatur
2148 4864 2376 4942 aliquod
2419 4863 2683 4936 objectum
2727 4860 3023 4928 voluntati,

1652 4952 1795 5029 quod
1840 4952 1914 5005 sit
1959 4945 2347 5002 universaliter
2385 4944 2607 5011 bonum,
2661 4950 2712 4998 et
2735 4940 3065 5007 secundum·

1650 5048 1863 5089 omne-m
1905 5028 2412 5094 considerationem,
2466 5042 2538 5082 ex
2594 5024 2905 5081 necessitate
2929 5038 3036 5077 vo-
