3647 5753
90 3659 308 3710 Quartum
394 3637 526 3692 286.
588 3635 865 3710 Arguitur
916 3640 1120 3706 quarto
1172 3658 1184 3691 ε

128 3716 265 3758 tmu-

87 3761 304 3803 mentum.

1438 378 1616 434 DISP.
1662 378 1732 445 11,
1775 378 1940 436 DUB.
1985 380 2105 437 VII.

319 545 467 602 Addi
494 551 692 603 tamen
720 552 920 619 potest,
951 547 1098 621 quod
1126 548 1175 603 si
1200 548 1320 614 ille,
1350 550 1449 622 qui
1472 547 1684 607 accedit

319 626 390 685 ad
443 628 753 684 mulierem
800 644 928 683 cum
977 628 1305 704 ignorantia
1352 628 1682 687 invincibili

314 710 496 764 status
560 707 715 781 ejus,
759 714 815 763 et
862 714 985 780 post
1039 708 1335 782 probabile
1374 709 1677 783 judicium,

317 788 466 863 quod
492 790 921 864 consanguinea
948 806 1067 848 non
1099 796 1263 858 esset,
1295 790 1528 849 baberet
1553 809 1683 849 sus-

319 868 605 943 picionem
633 869 952 942 oppositam
982 871 1146 943 (quae
1172 886 1301 926 cum
1330 871 1435 927 illo
1467 870 1683 944 judicIo

316 949 603 1025 probabili
636 955 782 1008 recte
808 952 1075 1024 cohaeret)
1101 959 1155 1009 et
1181 951 1426 1011 diceret:
1455 952 1583 1011 Volo
1608 955 1683 1010 ad

314 1032 459 1088 hanc
478 1032 741 1099 accedere,
787 1035 837 1087 si
861 1032 1002 1105 forte
1028 1035 1434 1104 consanyuinea
1459 1041 1556 1101 est,
1588 1035 1683 1091 vel

315 1115 448 1190 quia
469 1113 609 1186 forte
633 1120 711 1168 est
732 1116 1157 1183 consanyuinea,
1185 1114 1275 1171 vel
1300 1115 1419 1169 licet
1447 1131 1684 1171 consan-

310 1198 512 1267 9uinea
533 1198 604 1250 sit
617 1214 635 1250 .·
649 1195 914 1262 minime,
943 1200 1130 1253 stante
1152 1197 1214 1252 in
1237 1212 1298 1253 re
1313 1197 1413 1253 tali
1434 1196 1685 1253 circuns-

312 1276 515 1342 tantia,
542 1280 908 1332 excusaretur
948 1281 1104 1333 actus
1133 1277 1340 1349 peccati
1384 1292 1417 1332 a
1457 1276 1684 1333 malitia

316 1356 585 1422 incestuS,
635 1355 771 1428 quia
811 1361 946 1412 tunc
975 1356 1239 1424 intentio,
1290 1361 1348 1413 et
1373 1361 1525 1413 actus
1554 1371 1685 1429 pec-

316 1438 500 1494 cantis
514 1437 844 1495 extenditur
866 1438 1057 1511 reipsa
1073 1438 1143 1495 ad
1166 1438 1515 1512 patrandum
1537 1435 1683 1494 illud

315 1520 564 1592 speciale
589 1520 831 1586 crimen,
862 1522 1087 1594 cognita
1131 1522 1254 1595 ejus
1282 1519 1678 1594 possibilitate,

318 1601 523 1656 saltem
565 1601 969 1674 metaphysica,
1010 1607 1070 1656 ut
1097 1602 1160 1659 in
1187 1602 1370 1657 simili
1398 1618 1530 1658 casu
1552 1618 1683 1658 cum

319 1680 543 1738 Thoma
563 1681 831 1748 Sanchez,
851 1686 907 1738 et
934 1682 1066 1737 aliis
1086 1681 1385 1739 docuimus
1405 1689 1570 1739 tract.
1596 1684 1678 1749 13,

320 1763 464 1837 disp.
508 1763 591 1829 13,
618 1762 743 1819 dub.
775 1764 829 1829 4,
879 1782 915 1819 α
957 1782 1107 1821 num.
1152 1766 1242 1821 97.
1294 1764 1459 1821 Unde
1500 1765 1685 1838 potius

320 1843 701 1904 confirmatur
738 1844 999 1902 doctrina
1050 1846 1314 1919 superius
1352 1846 1583 1912 tradita,
1625 1851 1685 1903 ut

320 1925 490 1983 facile
540 1924 926 1983 consideranti
972 1926 1269 1985 constabit.
1340 1926 1683 1985 Addendum

318 2005 566 2079 denique
629 2011 730 2073 est,
786 2005 1225 2063 circunstantias
1268 2023 1331 2064 se
1376 2012 1573 2064 tenere
1615 2023 1685 2065 ex

319 2091 480 2162 parte
522 2086 724 2161 obJecti
773 2082 1005 2156 dir‘ecte,
1052 2092 1105 2144 et
1147 2104 1249 2161 per
1290 2105 1351 2145 se
1378 2089 1581 2157 voliti;
1629 2094 1685 2146 et

317 2167 447 2225 ideo
472 2167 698 2241 exigere
738 2167 1017 2241 maiorem
1057 2167 1147 2223 sui
1174 2168 1585 2243 cognitionem,
1623 2173 1686 2224 ut

318 2245 729 2304 transfundant
746 2247 894 2303 actui
914 2248 1225 2305 malitiam.
1246 2249 1473 2307 Offensa
1493 2255 1684 2306 autem

320 2327 422 2383 Dei
450 2325 723 2382 fundatur
745 2326 808 2381 in
830 2328 1134 2384 aversione
1155 2325 1225 2383 ab
1248 2328 1372 2395 illo,
1403 2334 1459 2385 et
1485 2345 1685 2385 causa-

321 2411 417 2463 tur
439 2423 541 2480 per
575 2422 858 2463 recessum
887 2405 957 2463 ab
984 2407 1140 2480 ipso;
1183 2408 1280 2480 qui
1306 2424 1557 2467 recessus
1578 2410 1685 2467 ha-

320 2489 488 2547 betur
531 2490 752 2562 quoties
779 2489 950 2547 homo
983 2491 1342 2547 convertitur
1369 2491 1440 2548 ad
1464 2492 1685 2549 bonum

320 2568 728 2627 commutabile
764 2575 1035 2643 tanquam
1072 2569 1141 2628 ad
1182 2571 1455 2630 ultimum
1481 2572 1678 2631 finem.

323 2653 395 2706 Et
437 2650 571 2723 quia
616 2656 876 2708 creatura
917 2668 1017 2724 per
1044 2650 1278 2709 modum
1327 2654 1521 2711 ultimi
1550 2653 1684 2711 finis

322 2732 633 2806 opponitur
677 2736 790 2791 Deo
816 2735 1021 2792 ultimo
1068 2733 1188 2803 fini,
1220 2740 1276 2793 et
1323 2737 1596 2805 naturali,
1629 2741 1687 2794 et

317 2815 777 2890 supernaturali;
802 2815 938 2871 satis
964 2821 1065 2887 est,
1086 2816 1235 2892 quod
1257 2818 1430 2875 homo
1451 2835 1685 2876 conver-

313 2901 470 2954 tatur
518 2896 589 2953 ad
635 2903 980 2963 creaturam,
1030 2903 1090 2953 ut
1131 2897 1356 2955 dicatur
1390 2901 1572 2957 Deum
1624 2906 1684 2958 ut

313 2978 637 3044 authorem,
663 2982 718 3033 et
743 2975 920 3034 finem
944 2980 1292 3046 naturalem,
1323 2984 1378 3036 et
1397 2997 1684 3053 superna-

312 3063 564 3120 tui-alem
612 3059 923 3118 offendere.
984 3064 1055 3118 Et
1100 3063 1352 3135 profecto
1397 3065 1569 3122 homo
1621 3066 1685 3122 in

313 3145 476 3219 puris
521 3143 782 3201 conditus
829 3144 1122 3201 multoties
1170 3151 1425 3217 peccaret
1474 3146 1685 3221 absque

315 3227 523 3286 notitia
549 3224 818 3298 explicita
839 3227 938 3282 Dei
969 3226 1248 3294 authoris,
1273 3233 1329 3284 et
1355 3226 1490 3285 finis
1513 3236 1685 3287 natu-

318 3309 491 3376 ralis;
520 3305 617 3365 sed
659 3311 883 3362 tantum
923 3325 1052 3365 cum
1094 3308 1287 3382 aliqua
1327 3309 1686 3368 advertentia

316 3390 572 3456 confusa,
607 3393 667 3444 ut
693 3389 868 3445 etiam
899 3390 963 3445 in
998 3390 1104 3447 hoc
1128 3395 1278 3447 statu
1305 3392 1642 3464 experimur
1669 3414 1683 3448 1

318 3488 432 3544 quo
458 3476 651 3527 tamen
680 3487 797 3528 non
824 3469 1103 3538 obstante,
1130 3471 1319 3545 ipsum
1347 3473 1681 3540 offenderet,

319 3555 526 3611 saltem
549 3559 610 3610 ut
636 3554 962 3611 naturalem
986 3554 1302 3624 authorem,
1334 3561 1390 3612 et
1411 3556 1607 3615 finem.

1239 3637 1512 3710 quoniam
1558 3637 1687 3696 ideo

320 3718 494 3776 homo
517 3717 579 3774 in
604 3720 764 3793 puris
786 3716 1065 3786 conditus,
1092 3722 1148 3774 et
1172 3735 1405 3792 peccans
1424 3736 1554 3777 cum
1579 3737 1688 3778 no-

320 3799 450 3856 titia
465 3799 565 3855 Dei
595 3807 658 3857 ut
686 3798 967 3856 naturalis
983 3800 1261 3866 authoriS,
1285 3800 1474 3875 ipsum
1503 3802 1689 3858 offen-

319 3878 484 3937 deret
530 3894 646 3936 non
674 3881 861 3936 solum
892 3883 953 3933 ut
994 3880 1295 3937 authorem
1337 3882 1683 3950 naturalem,

322 3959 425 4017 sed
450 3958 626 4016 etiam
649 3965 710 4015 ut
733 3960 1253 4033 supernaturalem,
1285 3961 1420 4033 quia
1454 3963 1602 4018 Deus
1627 3966 1691 4016 ut

323 4039 611 4098 naturalis
658 4040 860 4096 author
888 4039 1302 4096 subordinatur
1346 4041 1459 4098 sibi
1501 4047 1564 4097 ut
1588 4058 1691 4098 su-

321 4119 685 4197 pernaturali
713 4120 962 4186 authori,
995 4124 1161 4193 atque
1191 4118 1320 4178 ideo
1345 4121 1519 4180 homo
1560 4138 1691 4196 pec-

321 4217 459 4260 cans
500 4200 779 4257 avertitur
814 4199 884 4256 ab
913 4200 1016 4258 illo
1042 4200 1359 4258 secundum
1387 4209 1692 4276 utramque

323 4282 611 4340 rationem
647 4302 659 4336 :
687 4280 786 4336 sed
812 4280 930 4338 haec
981 4280 1127 4338 ratio
1169 4286 1254 4337 est
1280 4283 1444 4339 nulla
1476 4304 1489 4339 ε
1522 4277 1686 4358 ergo,

320 4367 425 4421 etc.
485 4360 769 4417 Probatur
815 4362 1042 4429 minor,
1100 4363 1235 4434 quia
1287 4361 1576 4420 beatitudo
1627 4362 1691 4418 in

322 4441 662 4518 particulari
726 4441 1140 4499 subordinatur
1215 4442 1561 4501 beatitudini
1627 4443 1693 4500 in

321 4521 655 4583 communi;
682 4526 740 4578 et
778 4526 974 4578 tamen
1001 4537 1073 4578 ex
1098 4537 1184 4590 e0,
1230 4523 1380 4597 quod
1406 4523 1534 4596 quis
1560 4521 1693 4579 odio

323 4600 532 4658 habeat
577 4598 993 4658 beatitudinem
1041 4601 1106 4659 in
1165 4603 1521 4677 particulari,
1573 4618 1692 4659 non

322 4681 601 4754 sequitur,
634 4680 783 4755 quod
804 4681 937 4738 odio
963 4681 1171 4740 habeat
1190 4682 1607 4741 beatitudinem
1629 4684 1694 4740 in

320 4760 638 4819 communi.
672 4761 958 4818 Similiter
1002 4762 1106 4819 hoc
1134 4763 1482 4837 particulare
1524 4764 1694 4836 prin-

323 4842 589 4916 cipium:
632 4842 811 4900 Homo
858 4851 936 4900 est
980 4846 1227 4913 animal,
1282 4844 1694 4903 subordinatur

322 4924 459 4982 huic
486 4926 809 4984 universali
837 4947 851 4983 :
881 4925 1167 5001 Quodlibet
1185 4934 1280 4994 est,
1315 4926 1398 4983 vel
1437 4944 1547 4983 non
1571 4933 1649 4983 est
1676 4945 1696 4981 .·

321 5010 383 5064 et
427 5006 817 5065 nihilominus
843 5024 916 5066 ex
950 5025 1031 5081 eo,
1076 5006 1225 5085 quod
1272 5007 1482 5082 aliquis
1528 5010 1697 5082 neget

3067 382 3179 439 503

1815 549 1966 606 illud
2011 544 2190 624 priua,
2223 568 2339 610 non
2365 554 2643 627 sequitur,
2676 553 2828 626 quod
2869 552 3180 629 negetthoc

1817 634 2123 705 posterius.
2172 636 2319 709 Ergo
2365 637 2580 708 pariter
2627 637 2758 693 licet
2799 638 2945 694 Deus
2973 636 3180 693 author

1819 714 2101 771 naturalis
2129 713 2537 772 subordinetur
2557 715 2668 772 sibi
2691 718 2799 790 ipsi
2817 725 2878 774 ut
2897 734 2959 773 su
2968 733 3180 790 perna-

1817 794 1994 850 turali
2022 794 2270 861 authori,
2314 799 2367 851 et
2408 796 2619 870 aliqu'is
2646 804 2939 854 avertatur
2986 814 3019 854 a
3066 799 3181 855 Deo

1819 880 1880 930 ut
1927 876 2166 934 authore
2213 878 2485 944 naturali,
2538 894 2654 935 non
2706 881 2981 953 sequitur,
3032 879 3182 953 quod

1819 962 2112 1014 avertatur
2158 956 2234 1013 ab
2275 957 2397 1031 ipso
2441 962 2502 1013 ut
2546 959 2786 1017 authore
2831 966 3182 1032 supernatu-

1820 1037 1950 1093 rali.

1895 1111 2290 1184 Respondetur
2314 1113 2618 1180 rationem,
2645 1114 2717 1171 ob
2737 1130 2909 1186 quam
2933 1113 3053 1179 ille,
3079 1108 3372 1188 quisotuuo.

1819 1197 2006 1265 peccat
2033 1209 2162 1248 cum
2191 1193 2396 1250 notitia
2416 1195 2683 1267 explicita
2711 1196 2809 1251 Dei
2839 1201 2901 1250 ut
2922 1195 3180 1253 authoris

1820 1273 2126 1339 naturaliS,
2170 1273 2420 1331 offendat
2447 1275 2622 1333 etiam
2650 1292 2784 1332 eum
2812 1283 2875 1332 ut
2899 1294 3185 1351 superna·-

1820 1355 2068 1411 turalem
2097 1355 2416 1421 authorem,
2449 1373 2565 1414 non
2610 1357 2843 1414 fundari
2886 1360 2949 1415 in
2976 1359 3185 1418 subor-

1818 1434 2117 1491 dinatione
2199 1437 2489 1493 materiali
2565 1438 2737 1493 unius
2806 1440 3047 1496 rationis
3111 1440 3184 1498 ad

1820 1514 1999 1571 aliam
2015 1539 2029 1582 ;
2058 1513 2156 1571 sed
2183 1516 2247 1571 in
2267 1532 2352 1584 eo,
2378 1516 2528 1590 quod
2556 1519 2748 1575 omnis
2774 1520 3031 1593 graviter
3052 1537 3187 1593 pec-

1817 1611 1954 1652 cans
1980 1597 2333 1654 convertitur
2360 1596 2431 1654 ad
2457 1605 2781 1656 creaturam
2811 1606 3085 1674 tanquam
3116 1601 3185 1659 ad

1820 1675 2094 1731 ultimum
2135 1675 2353 1745 finem;
2393 1682 2448 1734 et
2485 1678 2603 1735 haec
2639 1680 2938 1737 conversio
2977 1685 3061 1738 est
3088 1681 3184 1738 in-

1819 1754 2238 1828 compossibilis
2284 1774 2413 1814 cum
2441 1757 2695 1830 quolibet
2723 1758 2893 1816 modo
2937 1776 3184 1818 conver-

1820 1835 2002 1893 sionis
2030 1836 2094 1893 in
2135 1839 2332 1905 Deum,
2366 1844 2640 1911 tanquam
2682 1840 2744 1895 in
2794 1841 3068 1911 ultimum
3111 1840 3185 1898 fi-

1823 1931 1957 1972 nem
1993 1938 2006 1973 :
2049 1922 2212 1991 atque
2238 1918 2366 1975 ideo
2413 1926 2703 1992 peccatum
2742 1936 2918 1993 grave
2957 1922 3110 1978 tollit
3150 1938 3183 1978 a

1821 1999 1937 2054 Deo
1962 2013 2195 2054 omnem
2225 1999 2507 2056 rationem
2550 1998 2683 2055 finis
2713 2000 2925 2070 ultimi,
2959 2007 3015 2058 et
3055 2002 3185 2060 des-

1820 2080 1964 2136 truit
1992 2079 2248 2136 affective
2277 2086 2455 2137 totum
2486 2082 2685 2149 Deum,
2714 2087 2880 2155 prout
2902 2090 2985 2140 cst
3012 2085 3075 2140 in
3100 2101 3180 2155 se,

1821 2165 1878 2217 et
1897 2160 2207 2217 secundum
2232 2167 2533 2234 utramque
2561 2162 2845 2219 rationem
2874 2166 3181 2232 naturalis,

1820 2245 1878 2297 et
1902 2242 2362 2314 supernaturalis
2395 2242 2671 2299 authoris.
2705 2244 2774 2298 Et
2801 2245 2863 2301 in
2891 2246 2994 2301 hoc
3013 2260 3184 2301 sensu

1820 2323 2183 2381 concedimus
2196 2324 2495 2398 majorem,
2512 2331 2569 2382 et
2579 2341 2855 2400 negamus
2869 2327 3180 2384 minorem.

1822 2404 1993 2478 CuJus
2020 2404 2382 2477 probationes
2411 2421 2528 2462 non
2559 2410 2762 2481 urgent
2780 2432 2794 2475 ;
2827 2407 2898 2463 ad
2933 2408 3186 2481 primam

1819 2486 1980 2541 enim
2029 2485 2422 2559 respondetur,
2461 2487 2727 2544 affectum
2773 2505 2910 2563 erga
2939 2487 3189 2546 beatitu-

1820 2566 2020 2624 dinem
2049 2568 2112 2623 in
2152 2568 2449 2624 communi
2474 2570 2693 2626 salvari
2729 2570 2794 2626 in
2823 2570 3024 2627 affectu
3052 2585 3188 2644 erga

1820 2650 2139 2722 quamlibet
2166 2647 2581 2707 beatitudinem
2630 2653 2692 2710 in
2736 2652 3091 2726 particulari,
3121 2668 3189 2709 eo

1822 2732 1972 2808 quod
2019 2730 2306 2789 beatitudo
2351 2733 2415 2790 in
2453 2736 2790 2808 particulari
2818 2739 2902 2793 est
2927 2733 3190 2808 quaedam

1825 2814 2207 2889 participatio,
2260 2817 2316 2870 et
2373 2813 2664 2874 inchoatio
2710 2815 3082 2873 beatitudinis
3127 2817 3190 2874 in

1822 2897 2117 2954 communi
2147 2918 2160 2952 ε
2206 2895 2356 2952 unde
2389 2912 2461 2954 ex
2500 2913 2583 2966 eo,
2627 2896 2777 2971 quod
2805 2898 2934 2971 quis
2962 2902 3192 2954 averta-

1822 2982 1918 3033 tur
1958 2975 2029 3033 ab
2076 2978 2179 3033 hac
2223 2976 2580 3035 beatitudine
2627 2978 2690 3033 in
2733 2979 3088 3051 particulari,
3135 2983 3193 3034 et

1821 3064 2189 3116 convertatur
2219 3059 2289 3115 ad
2331 3060 2507 3115 aliam
2549 3060 2957 3133 particularem
3006 3058 3192 3116 beati-

1822 3137 2086 3195 tudinem
2103 3138 2193 3194 illi
2212 3138 2395 3211 priori
2414 3139 2753 3211 oppositam,
2772 3155 2889 3196 non
2910 3139 3186 3212 sequitur,

1820 3220 1973 3294 quod
2023 3220 2154 3277 odio
2202 3220 2409 3277 habeat
2453 3219 2873 3277 beatitudinem
2918 3221 2982 3276 in
3042 3235 3194 3276 com-

1823 3301 2010 3367 muni,
2043 3299 2141 3358 sed
2181 3300 2369 3373 potius
2414 3316 2542 3356 eam
2586 3302 2947 3374 prosequitur
2990 3299 3193 3358 eodem

1825 3383 2047 3451 affectu,
2097 3398 2209 3456 quo
2258 3381 2452 3456 diligit
2504 3383 2911 3456 particularem
2953 3382 3195 3439 beatitu-

1822 3462 2044 3530 dinem,
2093 3463 2217 3519 sive
2245 3477 2465 3529 veram,
2498 3463 2622 3519 sive
2652 3463 2876 3518 falsam.
2910 3463 3194 3521 Similiter

1822 3561 2009 3612 error,
2059 3549 2115 3601 et
2171 3543 2462 3600 dissensus
2507 3543 2834 3600 intellectus
2886 3545 3036 3601 circa
3080 3544 3194 3601 ali-

1822 3625 1975 3699 quod
2023 3625 2370 3699 particulare
2414 3624 2790 3698 principium,
2837 3642 2954 3682 non
3005 3625 3189 3692 affert,

1823 3709 2030 3764 saltem
2078 3706 2417 3771 necessario,
2468 3712 2523 3763 et
2565 3705 2919 3775 immediate,
2969 3707 3198 3765 dissen-

1826 3805 1956 3845 sum
2001 3787 2150 3844 circa
2193 3786 2480 3861 principia
2526 3787 2914 3855 universalia;
2957 3789 3055 3845 sed
3102 3806 3199 3865 op-

1826 3869 1967 3925 time
2015 3867 2277 3933 cohaeret,
2328 3866 2478 3939 quod
2522 3867 2650 3940 quis
2698 3873 2852 3924 erret
2891 3867 3041 3926 circa
3068 3869 3191 3938 hoc,

1828 3954 1924 4005 aut
1974 3947 2121 4003 illud
2176 3947 2529 4021 principium
2582 3948 2947 4022 particulare,
3015 3954 3072 4006 et
3117 3951 3195 4007 sit

1828 4034 1978 4085 recte
2003 4027 2313 4100 dispositus
2334 4029 2484 4086 circa
2506 4028 2861 4085 universalia
2889 4029 3194 4102 principia,

1827 4116 1889 4165 ut
1911 4110 2034 4182 ipsa
2055 4110 2412 4182 experientia
2436 4111 2632 4184 liquet.
2649 4111 2717 4164 Et
2736 4110 2881 4167 ratio
2895 4115 2979 4166 est
2997 4109 3200 4167 eadem

1827 4192 2427 4267 proportionabiliter,
2454 4209 2515 4250 ac
2543 4194 2608 4249 in
2636 4191 2837 4249 affectu
2869 4192 3022 4248 circa
3062 4191 3203 4249 bea-

1828 4273 2138 4332 titudinem
2164 4275 2227 4330 in
2254 4276 2580 4343 communi;
2604 4275 2742 4347 quia
2763 4273 3028 4330 videlicet
3044 4275 3203 4332 veri-

1829 4362 1916 4413 tas
1958 4355 2382 4428 principiorum
2430 4355 2854 4413 universalium
2900 4355 3205 4430 attingitur

1831 4438 1896 4494 in
1924 4438 2166 4494 veritate
2181 4438 2484 4511 cujuslibet
2504 4436 2873 4510 particularis
2894 4438 3200 4513 principii;

1829 4522 1886 4576 et
1913 4517 2152 4575 aliunde
2177 4522 2262 4574 est
2290 4517 2686 4592 independens
2714 4516 2785 4575 ab
2813 4518 2941 4584 ist0,
2974 4525 3073 4575 aut
3098 4521 3205 4578 illo

1831 4599 2120 4673 principio
2168 4600 2528 4672 particulari.
2558 4601 2870 4656 Conversio
2897 4607 3088 4658 autem
3129 4603 3203 4660 ad

1831 4680 2050 4737 bonum
2095 4679 2526 4747 commutabile,
2585 4685 2859 4752 tanquam
2906 4680 2976 4736 ad
3021 4679 3201 4739 finem

1831 4762 2127 4828 ultimum,
2173 4778 2347 4835 quam
2388 4761 2553 4819 affert
2578 4759 2872 4834 quodlibet
2911 4766 3201 4833 peccatum

1829 4858 2023 4919 grave,
2045 4842 2298 4900 excludit
2318 4843 2754 4900 conversionem
2778 4841 2848 4899 ad
2870 4843 3051 4899 Deum
3078 4848 3202 4901 tan-

1834 4939 2008 4997 quam
2036 4922 2107 4979 ad
2154 4923 2428 4980 ultimum
2470 4922 2649 4981 finem
2695 4923 2801 4980 sub
2846 4939 3203 4998 quacumque

1835 5005 2079 5077 ratione,
2117 5011 2174 5064 et
2219 5007 2510 5082 postponit
2555 5009 2736 5065 Deum
2783 5012 3058 5066 creaturae
3078 5030 3096 5076 3
3146 5014 3204 5067 et
