3647 5753
359 585 628 660 praedicta
651 590 977 662 privatione
1000 594 1282 652 consistit.
1311 594 1593 652 Suadetur
1613 590 1722 649 mi-

357 681 465 724 nor
489 682 564 724 ex
602 667 805 737 dictis;
837 687 974 729 nam
1017 681 1304 747 peccatum
1327 675 1546 732 actuale
1571 688 1721 747 prae-

121 788 126 819 ,
354 747 594 804 teritum
637 764 757 806 non
785 751 954 810 afficit
981 753 1297 813 intrinsece
1346 758 1715 828 peccatorem,

355 830 419 883 ut
437 830 593 899 patet
612 826 676 884 in
703 832 982 902 parvuliS,
1013 833 1111 906 qui
1128 849 1246 891 non
1265 833 1721 892 denominantur

354 910 674 996 peccatores
699 896 771 965 ab
811 917 937 968 actu
978 912 1207 981 Adami,
1256 913 1357 970 sed
1403 913 1476 971 ab
1526 910 1719 986 aliquo

352 986 470 1042 alio
496 1001 561 1042 in
582 986 666 1044 eis
696 990 916 1049 relicto.
949 995 1072 1057 Qua
1112 993 1287 1050 etiam
1331 993 1555 1052 ratione
1577 1008 1718 1051 con-

352 1067 628 1137 vincitur,
656 1070 983 1143 praedictam
996 1074 1388 1133 conditionem
1412 1092 1531 1133 non
1557 1090 1719 1148 posse

350 1149 668 1208 convenire
710 1155 980 1211 carentiae
1022 1155 1445 1214 conformitatis
1479 1156 1719 1213 actualis

351 1227 424 1285 ad
454 1229 678 1302 legem;
703 1244 850 1288 nam
870 1234 989 1291 haec
1030 1235 1288 1292 carentia
1324 1235 1596 1294 coincidit
1621 1251 1718 1293 re-

353 1308 480 1380 ipsa
503 1323 638 1365 cum
681 1316 807 1368 actu
837 1315 1070 1386 peccati,
1103 1319 1166 1371 ut
1191 1332 1348 1371 num.
1374 1318 1412 1372 7
1437 1314 1711 1372 vidimus.

355 1387 575 1447 Deinde
626 1397 818 1450 reatus
864 1397 1127 1468 proxime
1169 1402 1426 1470 acceptus
1479 1412 1600 1455 non
1631 1401 1717 1455 est

355 1472 657 1545 primaria,
701 1482 759 1532 et
822 1476 1134 1535 habitualis
1200 1480 1366 1536 radix
1424 1481 1713 1537 malorum

353 1555 680 1625 peccatoris,
711 1555 810 1612 sed
836 1558 1016 1614 aliam
1047 1558 1297 1617 radicem
1324 1561 1710 1634 consequitur.

354 1634 642 1713 Praeterea
680 1639 982 1695 conversio
1029 1639 1340 1697 habitualis
1374 1639 1446 1698 ad
1496 1641 1713 1699 bonum

348 1715 778 1784 commutabile,
808 1724 1090 1791 quatenus
1131 1720 1463 1780 inordinata
1482 1728 1587 1788 est,
1608 1722 1713 1778 im·

353 1799 537 1866 portat
558 1811 664 1866 pro
683 1795 916 1853 formali
944 1799 1334 1871 privationem
1377 1801 1595 1875 gratiae,
1629 1801 1713 1857 si-

350 1878 443 1929 cut
466 1875 644 1931 etiam
683 1878 941 1934 carentia
963 1878 1381 1936 conformitatis
1402 1880 1712 1939 habitualis

351 1952 422 2008 ad
472 1955 657 2029 legem
707 1956 826 2021 Dei,
871 1963 927 2014 et
990 1964 1181 2015 reatus
1236 1959 1709 2017 fundamentalis.

352 2037 497 2110 Ergo
521 2037 882 2096 conditiones
910 2041 1159 2113 propriae
1201 2043 1411 2115 peccati
1441 2041 1711 2100 habitua-

352 2117 441 2183 lis,
464 2123 584 2174 tam
625 2119 950 2193 originaliS‚
996 2138 1169 2194 quam
1211 2124 1549 2195 personalis,
1599 2123 1708 2181 soli

348 2197 659 2268 privationi
697 2199 1043 2257 voluntariae
1069 2204 1274 2276 gratias
1297 2202 1710 2260 sanctificantis

346 2280 718 2338 conveniunt.
771 2283 899 2339 Haec
949 2284 1160 2356 quippe
1204 2283 1598 2352 habitualiter,
1653 2289 1711 2342 et

350 2361 656 2419 intrinsece
681 2361 851 2418 afficit
894 2370 1261 2436 peccatorem,
1314 2371 1372 2423 et
1394 2371 1482 2423 est
1520 2365 1709 2439 prima

351 2442 515 2498 radix
544 2443 833 2500 malorum
862 2447 1138 2517 peccatori
1185 2448 1658 2504 convenientium
1689 2471 1704 2516 ;

350 2521 498 2577 sicut
513 2521 698 2594 gratia
716 2523 1095 2592 sanctificans,
1134 2527 1224 2582 cui
1249 2526 1587 2585 immediate
1611 2544 1709 2601 op·

357 2601 608 2673 ponitur,
638 2605 722 2659 est
747 2605 935 2677 prima
964 2604 1132 2663 radix
1153 2605 1458 2675 bonorum,
1490 2612 1545 2665 et
1573 2623 1708 2681 per-

357 2682 685 2751 fectionum,
709 2703 832 2759 quae
851 2688 1003 2762 justo
1029 2689 1404 2747 conveniunt.
1702 2678 1709 2687 ’

950 2870 982 2939 ἓ
1022 2870 1090 2925 11.

347 3015 682 3089 Refer-untur
729 3019 1000 3074 sententiae
1040 3017 1344 3085 contraria,
1412 3022 1463 3070 et
1507 3033 1704 3073 earum

733 3101 956 3155 motivis
999 3101 1327 3155 occurritur.

162 3289 288 3331 pm„
423 3248 511 3304 10.
555 3247 753 3304 Prima
775 3246 1061 3305 sententia
1102 3246 1267 3303 nobis
1293 3246 1587 3304 contraria
1610 3261 1706 3303 as-

161 3336 295 3387 oninio
337 3329 503 3395 serit,
561 3334 852 3401 peccatum
904 3328 1198 3386 habituale
1249 3328 1535 3404 originale
1584 3343 1706 3386 esse

152 3391 300 3480 ὕῗῗξῗ·
334 3409 676 3481 qualitatem
701 3405 994 3482 quandam
1021 3408 1350 3466 morbidam
1392 3408 1465 3466 ab
1484 3408 1705 3465 Adamo

334 3493 650 3554 causatam,
675 3493 732 3545 et
757 3487 827 3545 ad
856 3504 963 3545 nos
985 3504 1085 3561 per
1113 3487 1487 3546 libidinosam
1527 3502 1706 3562 gene-

139 3582 291 3636 orogor.
336 3571 628 3628 rationem
670 3570 1012 3627 traductam.
1056 3572 1137 3627 Ita
1162 3570 1352 3628 docuit
1378 3573 1612 3644 Gregor.
1642 3570 1706 3624 in

332 3652 388 3717 2,
419 3651 554 3707 dist.
614 3651 706 3717 30,
739 3658 918 3724 quast.
964 3653 1019 3716 2,
1050 3657 1162 3706 art.
1198 3652 1253 3717 2,
1284 3665 1455 3723 quem
1481 3648 1704 3722 sequuti

332 3738 470 3789 sunt
499 3731 682 3805 aliqui
729 3748 802 3788 ex
852 3731 1273 3804 antiquioribus
1322 3730 1700 3789 Scholasticis.

183 3828 248 3869 se-
334 3816 378 3867 Α
406 3828 523 3885 qua
551 3810 829 3883 opinione
859 3827 976 3868 non
1005 3812 1255 3867 multum
1282 3810 1455 3867 distat
1478 3815 1705 3868 senten-

161 3876 290 3918 ’Μὴ
335 3894 411 3950 tia
446 3890 821 3966 quorundam
849 3892 1283 3957 Themistarum
1323 3891 1704 3948 asserentium

333 3979 653 4047 peccatum,
705 3978 822 4029 tam
852 3973 1171 4045 personale,
1219 3987 1392 4044 quam
1421 3972 1704 4047 originale

329 4054 654 4111 consistere
688 4051 751 4108 in
799 4051 999 4108 habitu
1039 4050 1362 4108 inclinante
1405 4052 1703 4109 hominem

330 4136 402 4193 ad
439 4134 667 4193 bonum
692 4132 1122 4200 commutabile,
1166 4138 1443 4206 tanquam
1470 4133 1542 4190 ad
1563 4134 1704 4191 ulti-

330 4232 499 4272 mum
521 4213 725 4280 finem,
754 4215 954 4271 relicto
977 4229 1050 4270 ex
1072 4214 1279 4270 actuali
1307 4220 1529 4286 peccato
1556 4229 1706 4288 prae-

127 4315 288 4402 „2233
330 4298 530 4355 terito.
544 4297 720 4434 ἔξω
740 4300 895 4433 tenet
923 4296 1235 4433 {fizgoi-ius
1253 4298 1539 4434 Maexrti‘iiez
1567 4298 1615 4364 l,
1643 4298 1701 4364 2,

277 4386 517 4453 ’φησει
589 4385 795 4443 ·,art.
875 4415 894 4443 ‚
1051 4420 1064 4434 .
1141 4395 1370 4443 ,conc.
1458 4383 1706 4450 ,etpro

131 4459 538 4517 serrem.eadem
565 4457 818 4515 refertur
846 4459 1097 4515 Herrera
1118 4459 1181 4514 in
1208 4459 1301 4515 lib.
1344 4459 1409 4515 de
1451 4467 1707 4533 conceptu

343 4541 620 4614 Vir-qim,
676 4559 800 4613 cap.
877 4543 963 4598 15.
1014 4541 1373 4616 Praecipuum
1410 4542 1708 4614 utriusque

137 4615 296 4710 2⁰02&ss
327 4621 638 4696 opinionis
660 4620 1107 4679 fundamentum
1133 4621 1458 4679 desumitur
1482 4638 1555 4680 ex
1594 4622 1706 4679 ali-

157 4713 289 4759 euius·
326 4705 542 4778 quibus
570 4702 922 4762 testimoniis
966 4705 1062 4760 SS.
1102 4706 1362 4771 Patrum,
1384 4705 1483 4778 qui
1510 4719 1705 4777 pecca-

177 4774 262 4818 m·
325 4793 456 4845 tum
485 4784 782 4859 originale
810 4785 1103 4859 appellant
1153 4786 1488 4856 lanquorem,
1531 4793 1582 4842 et
1615 4783 1706 4841 vi-

154 4876 291 4975 aar
325 4865 1500 5018 3315..z”.:.'5²22..¹{‘1&affinitatis
1514 4872 1705 5019 ’ἰξαῖζὲἴ

323 5030 422 5096 82,
449 5035 572 5085 art.
615 5028 662 5095 1,
686 5032 736 5081 et
762 5032 875 5082 art.
902 5028 956 5092 2,
982 5027 1044 5080 in
1061 5042 1201 5098 resp.
1220 5026 1297 5080 ad
1317 5028 1362 5092 l,
1398 5025 1494 5082 ubi
1524 5027 1704 5085 resol-

1521 422 1699 479 msP.
1744 421 1788 489 1,
1833 420 1999 477 DUB.
2042 421 2087 478 1.

3107 420 3219 475 305

1858 591 1941 649 vit
1980 596 2269 665 peccatum
2328 590 2615 666 originale
2667 605 2786 648 non
2837 605 2961 647 esse
3012 605 3218 662 puram

1854 671 2264 744 privationem,
2292 669 2393 729 sed
2420 670 2682 727 habitum
2708 674 3065 742 corruptum.

1927 750 2318 809 confirmatur
2337 766 2411 809 ex
2430 750 2630 809 eodem
2657 752 2713 807 S.
2740 752 2975 807 Doctore
2996 749 3061 805 in
3077 764 3222 823 prae-
3249 758 3405 817 consr-

1851 831 2002 888 senti
2045 839 2156 889 art.
2221 834 2267 900 1,
2319 831 2418 888 ubi
2475 831 2711 889 resolvit
2754 828 3220 903 justificationem
3259 814 3397 853 ΜΨ·

1852 913 2022 987 impii
2076 929 2195 972 non
2245 929 2368 971 esse
2430 913 2755 986 simplicem
2815 913 3214 976 mutationem,

1850 994 2014 1068 quasi
2066 1009 2100 1050 a
2146 994 2472 1068 privatione
2517 990 2587 1049 ad
2634 991 2906 1058 formam,
2955 990 3053 1047 sed
3098 1005 3221 1048 esse

1852 1079 2074 1133 motum
2119 1089 2153 1130 a
2191 1073 2484 1132 contrario
2523 1072 2588 1129 in
2627 1070 3003 1134 contrarium,
3054 1075 3220 1144 atque

1852 1154 1981 1213 ideo
2008 1171 2042 1212 a
2087 1156 2334 1229 positivo
2371 1154 2436 1210 in
2474 1153 2829 1228 positivum:
2870 1167 3000 1207 cum
3027 1156 3220 1208 autem

1852 1235 1970 1293 haec
1994 1236 2287 1294 contraria
2312 1234 2449 1300 sint,
2493 1238 2781 1307 peccatum
2822 1230 3133 1297 habituale,
3164 1236 3221 1289 et

1848 1316 2037 1391 gratia
2060 1340 2076 1383 ;
2103 1316 2382 1389 sequitur,
2419 1313 2568 1387 quod
2594 1314 2738 1371 sicut
2762 1311 2947 1386 gratia
2974 1315 3058 1368 est
3086 1311 3210 1385 qui·

1849 1396 1983 1454 dam
2026 1396 2253 1453 habitus
2280 1395 2580 1469 positivus,
2611 1393 2689 1450 ita
2716 1394 2893 1450 etiam
2924 1397 3214 1465 peccatum

1850 1475 2164 1533 habituale.

1921 1550 2030 1607 Sed
2058 1551 2161 1606 has
2187 1549 2490 1623 opiniones
2511 1548 2622 1604 late
2644 1546 3133 1621 impugnavimus,
3157 1550 3215 1602 et
3226 1566 3413 1617 „mmm

1847 1645 2050 1687 earum
2109 1629 2488 1686 fundamenta
2536 1626 2827 1684 diruimus
2891 1633 3051 1682 tract.
3124 1626 3206 1691 13,
3252 1622 3399 1667 ‘⁰⁰4²-

1846 1710 1988 1784 disp.
2024 1711 2106 1779 16,
2138 1709 2266 1765 dub.
2292 1711 2329 1765 2
2354 1716 2403 1764 et
2430 1710 2484 1775 3,
2516 1724 2628 1781 quo
2651 1706 3000 1762 remittimus
3028 1706 3215 1763 Lecto·
3228 1678 3420 1720 mentum.

1848 1804 1995 1847 rem.
2019 1788 2188 1846 Modo
2219 1787 2286 1845 ad
2311 1788 2664 1862 praecipuum
2690 1786 2983 1859 utriusque
3003 1784 3214 1841 funda-

1846 1874 2109 1925 mentum
2157 1868 2412 1926 breviter
2450 1867 2840 1939 respondetur,
2889 1867 2984 1922 SS.
3018 1867 3214 1922 Patres

1846 1950 2086 2008 nomine
2114 1951 2427 2025 languoris,
2459 1955 2517 2007 et
2541 1949 2671 2005 vitii
2699 1946 3047 2022 significasse
3072 1963 3211 2005 con-

1843 2030 2278 2103 cupiscentiam,
2331 2045 2449 2087 non
2498 2026 2810 2086 secundum
2855 2042 2935 2092 se,
2991 2026 3091 2084 sed
3148 2032 3211 2084 ut

1842 2108 2176 2167 destitutam
2194 2110 2400 2185 gratia,
2430 2114 2487 2167 et
2511 2107 2900 2183 gubernaculo
2922 2107 3164 2164 rationis
3194 2129 3207 2164 ε

1841 2207 1955 2266 quo
1981 2197 2140 2266 pacto
2161 2193 2318 2249 velut
2342 2192 2565 2264 privata
2588 2190 2753 2247 freno
2777 2187 2961 2245 tendit
2982 2187 3209 2244 inordi-

1844 2277 1978 2329 nate
2022 2273 2086 2328 in
2132 2288 2237 2329 sua
2280 2273 2514 2347 objecta.
2567 2274 2694 2343 Ipsa
2719 2270 2931 2343 quippe
2958 2268 3210 2342 privatio

1837 2352 2075 2428 justitia?
2119 2354 2329 2411 merito
2369 2353 2691 2426 appellatur
2737 2351 2965 2431 vitium,
2995 2355 3051 2406 et
3077 2351 3210 2407 lan-

1840 2449 1987 2509 guor
2010 2456 2025 2501 ;
2054 2434 2191 2506 quia
2215 2439 2302 2491 est
2329 2433 2541 2491 animae
2566 2432 3025 2496 disconveniens,
3056 2446 3210 2487 eam·

1840 2528 1950 2587 que
1970 2519 2380 2586 permanenter
2404 2512 2573 2570 afficit
2589 2512 2658 2569 ad
2675 2511 2910 2569 modum
2926 2510 3209 2584 languidae

1839 2593 2153 2665 qualitatis.
2205 2596 2288 2650 Ex
2338 2608 2452 2666 quo
2491 2591 2668 2648 etiam
2715 2595 2954 2647 manent
2991 2590 3206 2646 exclusi

1840 2674 2098 2741 Sectarii,
2149 2675 2246 2747 qui
2302 2678 2588 2747 peccatum
2635 2673 2920 2746 originale
2974 2673 3038 2728 in
3085 2672 3210 2744 ipsa

1839 2756 2296 2830 concupiscentia
2334 2756 2708 2822 constituunt,
2733 2771 2802 2823 eo
2830 2753 3226 2811 fundamento·

1838 2837 2010 2905 ducti,
2042 2836 2191 2911 quod
2214 2838 2427 2896 Paulus
2453 2837 2529 2896 ad
2552 2836 2786 2896 Roman.
2817 2838 2873 2902 7,
2905 2832 3271 2909 concupis-1),
3301 2856 3416 2902 rani.

1838 2920 2085 2978 centiam
2133 2915 2421 2992 peccatum
2461 2921 2751 2993 appellet:
2798 2917 2950 2985 Jam,
2998 2909 3344 2991 inquit,¹20¹¹¹·
3376 2909 3413 2950 ⁷·

1838 3016 1948 3057 non
1979 3018 2072 3072 eqo
2097 3018 2287 3074 operor
2314 3001 2474 3067 illud,
2499 3000 2591 3057 sed
2617 3000 2761 3078 quod
2793 2999 3013 3055 habitat
3041 3001 3102 3054 in
3128 3016 3211 3054 me

1831 3090 2135 3155 peccatum.
2184 3084 2318 3150 Hoc,
2366 3082 2621 3155 inquam,
2671 3082 2966 3139 exclusum
3015 3082 3211 3136 manet

1838 3168 1963 3218 tum
1989 3177 2061 3218 ex
2087 3162 2273 3229 dictis,
2304 3167 2429 3218 tum
2457 3177 2529 3219 ex
2557 3161 3033 3234 interpretatione
3054 3161 3207 3217 Con-

1838 3242 1961 3299 cilii
2001 3242 2263 3300 Trident.
2309 3260 2439 3299 sess.
2488 3243 2540 3310 5,
2587 3259 2711 3299 can.
2741 3243 2796 3307 5,
2829 3241 2928 3297 ubi
2955 3240 3164 3298 dicitur
3189 3231 3408 3325 :122²ssssssss

1840 3322 2005 3380 Hanc
2066 3324 2559 3395 concupiscentiam
2584 3364 2597 3387 ,
2666 3339 2834 3397 quam
2902 3321 3205 3398 aliquando

1803 3438 1813 3450 ·
1837 3404 2132 3478 Apostolus
2146 3415 2429 3480 peccatum
2449 3404 2708 3478 appellat,
2733 3411 2927 3460 sancta
2948 3402 3205 3474 Synodus

1837 3487 2100 3555 declarat,
2116 3487 2423 3544 Ecclesiam
2447 3485 2792 3545 Catholicam
2806 3501 3091 3562 nunquam
3110 3485 3204 3538 in—

1838 3570 2109 3626 tellcaeisse
2147 3577 2431 3642 peccatum
2471 3568 2764 3641 appellari,
2804 3566 2947 3644 quod
2984 3581 3124 3630 vere,
3156 3572 3203 3619 et

1831 3654 2055 3726 proprie
2093 3654 2155 3707 in
2181 3653 2390 3707 renatis
2415 3657 2696 3724 peccatum
2720 3650 2794 3704 sit
2809 3665 2828 3715 ,·
2858 3647 2951 3703 sed
2976 3648 3110 3725 quia
3132 3664 3205 3703 esc

1831 3740 2051 3806 peccato
2076 3739 2173 3800 est,
2203 3738 2253 3787 et
2279 3732 2353 3787 ad
2375 3737 2657 3804 peccatum
2684 3729 2938 3784 inclinat.
2973 3725 3203 3784 Funda-

1838 3817 2044 3885 turque
2070 3812 2187 3869 haec
2222 3810 2500 3884 expositio
2528 3810 2590 3865 in
2613 3807 2813 3866 eodem
2856 3810 3050 3879 Apost.
3075 3824 3198 3880 cap.
3242 3830 3385 3881 Αροςῑ,

1836 3896 1873 3950 8
1898 3912 2010 3974 seq.
2059 3893 2156 3950 ubi
2187 3893 2415 3966 inquitt
2455 3890 2621 3951 Nihil
2645 3890 3022 3946 damnationis
3045 3891 3202 3946 estin
3243 3881 3382 3932 ‘'P-⁸·

1837 3978 1944 4044 lais,
1987 3977 2084 4054 qui
2139 3982 2268 4031 sunt
2327 3974 2510 4030 renati
2548 3974 2607 4028 in
2655 3969 2877 4029 Christo
2927 3970 3092 4039 ,le-sm
3136 3970 3200 4026 in

1837 4056 2047 4129 quibus
2067 4060 2265 4113 tamen
2288 4055 2474 4112 adhuc
2495 4051 3205 4126 permanetconcupiscen-

1838 4139 1922 4196 tia
1946 4159 1961 4195 ε
1988 4137 2105 4194 haec
2126 4136 2305 4212 igitur
2328 4152 2447 4195 non
2467 4140 2552 4193 est
2572 4135 2894 4193 formaliter
2917 4136 3200 4207 peccatum

1837 4219 2141 4294 originale.
2172 4219 2492 4277 Videantur
2516 4216 2665 4275 dicta
2686 4218 2797 4274 loco
2817 4214 3197 4283 citat0,dub.4.

1832 4336 1838 4341 -
1913 4300 2001 4357 Ad
2027 4299 2442 4366 difficultatem,
2486 4316 2661 4374 quam
2689 4299 2872 4373 tangit
2893 4294 3202 4354 confirma·
3216 4311 3400 4355 solvitur

1838 4381 1939 4447 ti0,
1987 4380 2217 4454 plenius
2242 4379 2522 4439 constabit
2557 4396 2631 4437 ex
2674 4378 2930 4437 dicendis
2968 4378 3113 4450 dis-p.
3142 4378 3196 4445 4,
3242 4362 3390 4456 ffifflgj

1838 4461 1967 4518 dub.
2007 4463 2053 4516 l.
2098 4459 2269 4518 Modo
2316 4458 2746 4534 respondemus,
2778 4460 2841 4517 in
2879 4457 3132 4516 termino
3164 4474 3202 4512 a

1838 4559 1944 4616 quo
1989 4539 2415 4615 justificationis
2476 4556 2593 4598 non
2656 4542 2843 4599 solum
2897 4538 3199 4612 importari

1843 4628 2134 4697 peccatum
2180 4621 2491 4689 habituale,
2540 4622 2690 4695 quod
2729 4620 3063 4679 immediate
3101 4634 3204 4694 per

1838 4705 2091 4784 gratiam
2135 4703 2489 4776 expellitur;
2535 4702 2635 4761 sed
2689 4703 2979 4778 implicari
3028 4702 3204 4760 etiam

1840 4790 2131 4859 peccatum
2176 4785 2395 4841 actuale
2422 4785 2795 4856 praeteritum,
2827 4800 2861 4841 a
2898 4800 3010 4858 quo
3036 4782 3207 4840 habi-

1838 4867 1997 4924 tuale
2019 4869 2305 4923 causatur.
2353 4865 2511 4922 Sicut
2546 4868 2707 4924 enim
2742 4866 2952 4924 umbra
2985 4880 3104 4923 non
3123 4869 3205 4922 est

1840 4961 2004 5003 mera
2028 4943 2283 5002 carentia
2310 4943 2472 5010 lucis,
2503 4945 2601 5003 sed
2630 4947 2880 5020 privatio
2906 4946 3049 5003 lucis
3069 4960 3205 5002 cau-

1836 5032 1963 5086 sata
1997 5042 2070 5084 ex
2110 5025 2549 5100 interpositione
2585 5030 2843 5102 corporis
2874 5027 3033 5103 opaci
3068 5048 3081 5083 :
3125 5026 3205 5083 ita
