3647 5753
520 409 622 489 84'
1068 433 1073 437 ·
1547 428 1641 483 DE
1678 425 1949 482 GRATIA
1989 422 2330 480 EFFICACI.

531 626 557 656 (ι
599 601 785 660 videri
809 601 914 658 boc
936 606 1114 675 potest
1135 600 1349 657 dictum
1370 615 1511 667 esse,
1533 603 1591 656 et
1610 596 1818 672 putari.
1847 616 1874 648 »
1945 600 1956 647 Ι
2012 600 2555 662 determinationem
2597 596 2842 653 liberam
2873 593 2991 659 Dei,
3025 594 3116 649 vel
3143 598 3372 649 creatu-

527 682 691 741 Unde
732 689 792 739 ut
843 699 1019 756 supra
1058 683 1187 738 dub.
1244 684 1290 750 l,
1334 699 1486 738 num.
1519 683 1613 747 27,
1642 678 1878 736 Molinae

523 762 969 837 opponebamus,
1020 763 1373 837 Augustinus
1431 765 1627 835 aperte
1671 758 1881 816 fatetur

523 844 845 902 doctrinam
861 860 1024 900 suam
1040 843 1339 901 obscuram
1355 857 1495 909 esse,
1522 857 1626 898 nec
1638 839 1882 897 omnino

467 930 472 934 ’
528 927 753 999 placare
801 925 1120 997 inquietam
1171 924 1495 981 intellectus
1545 919 1883 994 inquisitio-

319 1074 330 1088 Ι
427 1033 431 1037 ·
526 1023 662 1065 nem
696 1028 710 1063 ι
739 1006 838 1063 sed
863 1011 1078 1071 monet,
1111 1011 1173 1061 ut
1196 1021 1325 1062 cum
1366 1004 1634 1078 Apostolo
1662 1002 1730 1059 ad
1756 1002 1882 1058 ins-

522 1086 828 1145 crutabilia
870 1086 967 1143 Dei
1002 1085 1218 1159 judicia
1262 1085 1678 1159 confugiamus.
1725 1084 1883 1138 Ean-

521 1169 766 1239 demque
780 1166 1167 1223 difficultatem
1185 1165 1384 1223 videru
1394 1171 1459 1221 nt
1479 1164 1700 1224 nobiles
1715 1161 1883 1218 Scho-

524 1247 728 1312 lastici,
771 1263 909 1320 quos
938 1246 1201 1303 dedimus
1241 1249 1273 1315 ξ
1310 1245 1712 1319 praeduram.
1755 1243 1878 1299 105.

487 1323 490 1330 ⁴
522 1328 630 1386 Sed
659 1328 1043 1385 nihilominus
1068 1327 1369 1401 Augustini
1398 1326 1720 1384 doctrinam
1746 1340 1884 1398 pro-

523 1409 737 1466 barunt
757 1407 1080 1473 Pontifices,
1112 1415 1168 1465 et
1193 1407 1504 1480 amplexati
1531 1411 1667 1462 sunt
1693 1405 1883 1463 caeteri

525 1492 723 1547 Patres
762 1490 1081 1564 Augustino
1129 1488 1488 1561 posteriores,
1520 1485 1883 1565 et'commu-
1929 1557 1935 1562 ‚

526 1571 679 1628 niter
705 1570 1052 1636 scholastici,
1082 1577 1143 1626 ut
1170 1574 1386 1627 constat
1407 1585 1478 1626 ex
1500 1569 1665 1626 dictis
1692 1573 1885 1641 §prm-

526 1651 637 1708 ced.
655 1658 705 1705 et
725 1659 904 1724 quaest.
939 1653 987 1717 l,
1005 1652 1338 1723 prooemiali,
1363 1667 1484 1722 cap.
1504 1653 1559 1705 7.
1589 1651 1661 1704 Ut
1677 1650 1885 1706 merito

529 1732 781 1796 Molinae,
826 1732 1055 1805 ejusque
1077 1729 1413 1804 'sequacibus
1438 1745 1566 1785 cum
1595 1728 1665 1787 de
1694 1730 1887 1786 facili-

532 1816 646 1867 tate
662 1812 906 1884 propriae
926 1811 1216 1884 opinionis
1237 1811 1583 1885 gloriantur,
1601 1811 1886 1882 possimus

317 1898 500 1941 vssorn.
531 1891 720 1948 dicere
747 1907 876 1947 cum
905 1894 968 1947 D.
997 1890 1273 1947 Bernard.
1305 1890 1468 1963 epist.
1510 1891 1649 1946 109:
1688 1912 1712 1943 α
1738 1889 1888 1963 Quid

531 1989 654 2044 erqo
674 1981 753 2042 tu,
785 1973 917 2051 quid
935 1974 1131 2028 melius
1150 1973 1326 2045 offers,
1357 1972 1491 2049 quid
1514 1972 1773 2028 subtilius
1793 1974 1887 2027 in-

533 2057 703 2123 venis,
747 2057 881 2133 quid
921 2063 1181 2113 secretum
1208 2056 1308 2112 tibi
1339 2057 1640 2112 revelatum
1677 2058 1882 2129 jactaS,

533 2136 676 2214 quod
716 2143 792 2192 tot
827 2139 1145 2210 praeterierit
1189 2136 1442 2205 Sancto&
1486 2139 1733 2209 effuyerit
1771 2136 1888 2194 Sa-

531 2219 780 2292 pientes?
805 2222 1015 2276 Omnes
1043 2220 1323 2283 videlicet‚
1357 2236 1390 2275 a
1423 2219 1630 2292 quibus
1668 2220 1890 2277 Molina

534 2304 794 2356 autumat
837 2299 1146 2356 admissam
1189 2300 1262 2356 iri
1309 2300 1487 2373 ipsius
1526 2301 1884 2373 opinionem,

535 2380 584 2435 si
605 2379 689 2435 eis
711 2379 1015 2452 proposita,
1048 2381 1461 2453 explanataque
1486 2396 1714 2454 semper
1741 2381 1889 2438 fuis-

533 2465 637 2517 set.

299 2570 505 2616 scicntia
619 2541 738 2596 123.
772 2542 1074 2604 Caeterum,
1118 2539 1371 2596 absolute
1417 2539 1721 2613 loquendo,
1767 2557 1891 2597 res-

345 2621 506 2715 nffi‘fffi
540 2619 820 2694 pondetur
861 2619 930 2675 ad
972 2625 1392 2693 argumentumv
1417 2620 1677 2694 negando
1705 2620 1890 2693 maio-

382 2720 458 2763 hac
539 2716 661 2758 rem
682 2724 696 2767 ;
719 2700 992 2773 quoniam
1010 2699 1140 2755 licet
1151 2697 1435 2754 sententia
1449 2700 1886 2773 Augustiniana,

332 2780 501 2873 ‹criffo-
536 2786 594 2838 et
611 2779 977 2842 Thomistica,
1012 2794 1184 2849 quam
1200 2778 1326 2834 dub.
1347 2795 1452 2856 seq.
1481 2793 1886 2852 proponemus,

375 2869 453 2914 nit.
539 2859 786 2917 difficilis
809 2859 905 2922 sit,
940 2863 996 2914 ut
1021 2857 1187 2932 hujus
1217 2860 1472 2916 materias
1498 2859 1891 2916 inscrutabilis

538 2939 779 2998 altitudo
819 2939 1025 3011 poscit;
1059 2938 1441 2995 nihilominus
1480 2940 1680 3012 opinio
1715 2943 1891 2999 Moli-

538 3020 760 3083 nistica,
791 3035 916 3090 quae
938 3019 1280 3075 suavissima
1307 3019 1425 3077 suis
1447 3021 1674 3077 asseclis
1714 3038 1892 3095 appa·-

539 3106 645 3175 ret,
678 3097 939 3170 pluribus
967 3098 1497 3172 incomparabiliter
1535 3109 1707 3159 scatet
1739 3103 1893 3160 disti-

529 3179 856 3246 cultatibuS,
899 3184 955 3236 et
998 3197 1121 3252 quae
1162 3178 1264 3236 nec
1303 3180 1457 3238 inter
1503 3198 1579 3250 se,
1625 3200 1727 3241 nec
1759 3202 1891 3243 curn

536 3261 779 3319 veritate
824 3261 1124 3319 conciliari
1169 3267 1423 3335 possunt,
1457 3268 1518 3320 ut
1561 3271 1779 3322 constat
1822 3283 1894 3324 ex

535 3342 631 3411 iis,
662 3358 785 3414 quae
813 3342 875 3398 in
904 3347 1018 3398 tota
1059 3343 1161 3398 hac
1200 3341 1584 3415 disputatione
1611 3344 1888 3405 diximus,

539 3424 609 3478 Et
634 3423 897 3495 quamvis
925 3422 1025 3478 illa
1048 3422 1321 3494 opinione
1340 3425 1629 3497 supposita
1649 3427 1895 3485 videan-

538 3508 635 3557 tur
660 3500 919 3574 quaedam
951 3501 1179 3567 inferri,
1205 3501 1411 3574 quibus
1431 3502 1676 3562 efficacia
1695 3508 1894 3580 gratiae

531 3582 890 3649 emolliatur,
923 3588 978 3638 et
1000 3581 1249 3639 libertati
1280 3587 1710 3656 attemperetur,
1740 3594 1896 3644 caete·
1942 3608 1943 3611 ¹

540 3679 715 3736 raque
729 3668 1067 3719 censeantur
1084 3663 1500 3736 componi,quae
1516 3665 1607 3722 hic
1622 3666 1895 3741 ingerunt

530 3743 927 3800 difficultatem
958 3764 970 3798 ι
1015 3742 1118 3799 hoc
1144 3750 1337 3800 tamen
1366 3742 1493 3801 ideo
1531 3750 1629 3812 est,
1662 3748 1798 3818 quia
1823 3763 1896 3805 ex

539 3825 683 3881 falso
707 3824 964 3896 sequitur
1002 3823 1313 3896 quodlibet,
1345 3830 1399 3879 et
1437 3824 1897 3886 innumerabiles

531 3905 953 3978 consequentiae
973 3910 1188 3977 queunt
1207 3920 1278 3960 ex
1300 3919 1415 3962 uno
1438 3905 1582 3962 falso
1611 3908 1897 3981 principio

539 3986 759 4051 deduci,
780 3991 894 4043 tam
914 4003 1080 4054 veras,
1101 4003 1274 4058 quam
1290 3986 1464 4043 falsae.
1486 3987 1652 4045 Unde
1675 3991 1896 4046 mirum

542 4083 660 4125 non
700 4073 801 4132 est,
832 4066 979 4139 quod
1019 4083 1090 4123 ex
1137 4068 1544 4140 praesupposita
1588 4070 1899 4127 existentia

535 4147 791 4204 scientiae
812 4146 1015 4203 mediae
1036 4150 1227 4219 (quam
1251 4146 1393 4203 falso
1416 4148 1592 4203 asseri
1618 4149 1899 4207 latissime

535 4228 896 4286 ostendimus
934 4236 1063 4284 tom.
1118 4231 1162 4294 l,
1195 4235 1356 4284 tract.
1389 4230 1446 4294 3,
1488 4230 1633 4303 disp.
1681 4220 1784 4301 10),Δ
1817 4235 1901 4289 tot

539 4308 632 4365 illi
666 4309 1003 4382 appendices
1032 4307 1354 4365 assuant-in
1377 4308 1481 4365 hac
1508 4312 1753 4367 materia
1779 4311 1900 4367 Ad-

541 4390 809 4446 versarii.
828 4389 937 4446 Sed
960 4405 1177 4456 revera,
1200 4389 1249 4444 si
1274 4389 1723 4462 introspiciatur,
1750 4392 1899 4448 nihil

545 4469 771 4543 prodest
796 4469 864 4526 ad
884 4486 979 4526 eas
1000 4468 1351 4542 superandas
1367 4467 1743 4537 difficultates,
1761 4488 1903 4545 quas

545 4556 948 4624 argumentum
991 4552 1278 4624 proponit,
1310 4557 1373 4607 ut
1410 4552 1667 4626 singulas
1711 4554 1903 4610 consi-

544 4633 801 4691 derando
828 4633 1145 4707 apparebit.

360 4747 507 4791 mun,
630 4718 752 4772 124.
795 4715 984 4773 Primo
1023 4716 1183 4772 enim
1226 4732 1342 4773 non
1371 4722 1521 4773 recte
1554 4715 1899 4783 declaratur,

332 4797 510 4891 offigi-
547 4798 793 4871 qualiter
834 4798 1020 4872 gratia
1058 4796 1252 4856 efficax
1277 4813 1349 4854 ex
1390 4797 1748 4870 praescientia
1785 4814 1905 4856 non

380 4902 483 4944 tem.
551 4879 877 4954 praejudicet
903 4879 1187 4947 libertati;
1219 4879 1401 4936 immo
1442 4895 1579 4937 vero
1627 4881 1790 4936 illam
1842 4880 1905 4935 in

541 4977 652 5017 sua
692 4960 880 5017 radice
897 4962 1151 5029 suffocat,
1182 4967 1237 5018 et
1262 4963 1563 5036 extinguit,
1590 4967 1649 5017 ut
1670 4966 1702 5032 g
1742 4964 1777 5017 3
1810 4979 1906 5019 os-

548 5040 860 5099 tendimus.
906 5046 1052 5099 Nam
1100 5042 1497 5100 antecedenter
1549 5042 1618 5099 ad
1671 5059 1903 5100 omnem

2013 701 2092 742 1·ae
2120 699 2323 742 verum
2363 681 2471 738 fuit
2497 696 2555 736 v.
2578 695 2635 748 g.
2658 676 2808 751 quod
2845 678 2897 732 si
2928 675 3108 733 ludas
3134 693 3192 731 eo
3233 683 3373 730 tem-

2009 785 2157 843 pore,
2182 774 2231 820 et
2251 762 2701 828 circumstantiiS,
2729 763 2790 815 in
2811 776 2935 837 quo,
2958 765 3010 813 et
3048 758 3148 813 sub
3175 757 3372 834 quibus

2012 849 2078 903 de
2101 849 2248 921 facto
2273 846 2404 918 fuit,
2443 848 2748 909 vocaretur,
2778 856 2890 896 non
2926 840 3223 912 poeniteret.
3257 839 3375 895 Hac

2016 934 2208 985 autem
2255 923 2546 997 supposita
2591 919 2967 994 praescientia,
3021 934 3139 975 non
3191 918 3376 991 potuit

2013 1009 2188 1066 Judas
2232 1023 2298 1065 eo
2344 1011 2620 1077 tempore,
2653 1008 2708 1060 et
2755 1001 2876 1057 illis
2921 1000 3374 1070 circumstantiis

2016 1088 2315 1161 poenitere,
2336 1085 2448 1142 nisi
2468 1084 2557 1140 vel
2575 1079 2927 1139 falsificando
2956 1079 3372 1153 praescientiam

2014 1167 2299 1233 divinam,
2321 1165 2411 1222 vel
2435 1180 2561 1220 eam
2585 1160 2930 1219 destruendo
2953 1184 2966 1227 ;
2990 1165 3046 1216 et
3068 1165 3375 1232 utrumque

2014 1254 2100 1306 est
2128 1244 2485 1322 impossibile
2519 1267 2532 1301 ε
2576 1243 2727 1300 unde
2754 1245 2946 1300 taliter
2974 1242 3373 1316 poenitentiam

2016 1330 2231 1396 omisit,
2274 1327 2422 1402 quod
2469 1327 2747 1401 poenitere
2787 1340 2904 1381 non
2958 1324 3158 1397 potuit,
3209 1328 3376 1395 atque

2016 1409 2145 1468 ideo
2172 1425 2288 1467 non
2318 1408 2496 1466 libere
2524 1406 2736 1463 omisit.
2771 1406 2855 1459 Et<
2880 1403 3093 1460 frustra
3139 1403 3371 1469 dicitur,

2017 1493 2432 1565 praescientiam
2458 1490 2621 1546 illam
2645 1485 2878 1543 fundari
2920 1486 2984 1541 in
3012 1486 3137 1559 ipso
3162 1491 3374 1543 eventu

2019 1570 2228 1636 futuro,
2273 1577 2328 1629 et
2365 1585 2487 1627 esse
2526 1566 2978 1640 suppositionem
3002 1581 3377 1638 *consequen-

2018 1657 2168 1717 tem,
2197 1651 2332 1724 quia
2356 1665 2577 1713 revera,
2609 1663 2738 1704 cum
2765 1651 3028 1703 creatura
3052 1647 3244 1719 primo
3272 1662 3377 1719 po-

2019 1733 2180 1789 nitur
2220 1733 2281 1788 in
2310 1745 2506 1787 rerum
2539 1735 2761 1792 natura,
2807 1726 3036 1783 invenit
3078 1726 3375 1799 praefuisse

2020 1812 2082 1868 in
2106 1816 2218 1869 Deo
2234 1811 2398 1868 illam
2418 1807 2853 1883 praescientiam,
2869 1812 2926 1863 et
2940 1822 3067 1863 eam
3082 1806 3376 1865 destruere

2020 1910 2136 1951 non
2165 1895 2316 1949 valet
2343 1913 2355 1948 :
2397 1897 2705 1964 antequam
2735 1905 2873 1946 vero
2900 1887 3260 1962 producatur,
3293 1895 3378 1946 est

2021 1973 2189 2040 nihil,
2215 1978 2271 2029 et
2290 1972 2487 2027 minus
2507 1972 2658 2026 valet
2679 1985 2805 2025 eam
2831 1969 3245 2041 praescientiam
3270 1969 3377 2023 im-

2022 2054 2217 2129 pedire
2243 2075 2255 2109 :
2288 2059 2453 2124 atque
2475 2050 2602 2108 ideo
2631 2051 2690 2106 in
2717 2064 3071 2122 quocumque
3091 2055 3238 2106 statu
3266 2064 3378 2106 res·

2023 2134 2157 2208 picit
2180 2135 2343 2190 illam
2364 2132 2816 2205 suppositionem
2839 2135 2901 2186 ut
2922 2129 3370 2194 antecedentem,

2020 2220 2077 2272 et
2103 2231 2134 2271 a
2163 2213 2397 2288 propria
2423 2211 2905 2269 determinatione
2933 2226 3050 2267 non
3077 2216 3283 2276 ortam,
3317 2217 3374 2266 ut

2020 2311 2195 2368 supra
2218 2296 2328 2349 loco
2349 2295 2444 2348 cit.
2468 2290 2842 2349 ostendimus,
3336 2337 3345 2342 ,

2094 2376 2363 2437 Secundo,
2401 2389 2522 2430 non
2552 2379 2698 2430 recte
2735 2371 3062 2445 exponitur,
3093 2372 3376 2446 quomodo
3390 2383 3602 2438 nonsat-

2021 2457 2265 2513 efficacia
2285 2456 2359 2510 sit
2384 2453 2520 2527 quid
2545 2454 2919 2510 intrinsecum
2964 2453 3025 2509 in
3053 2456 3289 2518 auxilio,
3322 2460 3377 2511 et
3413 2435 3577 2525 {3¹11ss-

2024 2552 2141 2592 non
2191 2536 2265 2591 sit
2337 2551 2479 2608 pura
2542 2534 2937 2590 denominatio
2990 2540 3247 2591 mutuata
3306 2531 3585 2591 ab⁰³¹¹¹9ffl·

2021 2623 2231 2674 eventu
2259 2619 2566 2690 :quoniam
2592 2616 2945 2690 praescientia
2968 2632 3085 2672 non
3110 2617 3378 2673 immutat
3400 2590 3590 2688 {3333-

2025 2699 2327 2772 praedicata
2374 2699 2688 2756 intrinseca
2739 2698 3110 2762 auxiliorum,
3161 2699 3257 2755 sed
3312 2716 3378 2756 ea
3441 2679 3532 2722 ¹¹¹⁵·

2025 2782 2312 2837 invariata
2355 2781 2630 2853 relinquit
2662 2801 2675 2835 :
2719 2777 2869 2834 unde
2912 2794 3042 2834 cum
3090 2781 3377 2836 auxilium

2022 2862 2218 2920 efficax
2257 2878 2327 2918 ex
2353 2878 2413 2918 se
2441 2876 2555 2918 non
2585 2859 2969 2933 distinguatur
2992 2875 3023 2914 a
3050 2859 3374 2925 sufficienti,

2026 2962 2128 3003 nec
2153 2946 2328 3003 etiam
2357 2944 2549 3001 differt
2569 2960 2638 3000 ex
2662 2942 3032 3016 praescientia,
3065 2942 3159 2999 sed
3190 2945 3379 2999 solum

2026 3028 2096 3086 ab
2116 3033 2346 3084 eventu.
2375 3025 2646 3082 Prae-vidit
2671 3024 2879 3098 quippe
2901 3027 3065 3090 DeuS,
3098 3025 3247 3099 quod
3276 3042 3383 3082 au-

2025 3109 2234 3166 xilium
2257 3124 2329 3164 ex
2353 3123 2413 3163 se
2432 3106 2731 3173 sufficiens,
2758 3111 2811 3162 et
2840 3104 3179 3161 indifferens
3201 3105 3383 3164 deter-

2025 3187 2345 3244 minabitur
2384 3203 2483 3258 per
2521 3186 2975 3258 cooperationem
3020 3184 3286 3254 arbitrii;
3328 3191 3384 3243 et

2025 3269 2106 3324 sic
2127 3266 2399 3324 transibit
2422 3266 2482 3322 in
2503 3265 2717 3330 efficax,
2749 3280 2846 3321 seu
2878 3265 3062 3338 potius
3082 3265 3331 3323 efficiens
3365 3288 3377 3322 :

2025 3349 2172 3424 quod
2199 3355 2283 3406 est
2301 3364 2422 3406 esse
2447 3347 2641 3405 efficax
2668 3346 2738 3404 ab
2767 3351 2995 3403 eventu.
3033 3348 3376 3411 l'raesertim‚

2026 3431 2160 3503 quia
2181 3429 2250 3486 ab
2276 3429 2489 3487 eisdem
2521 3427 2754 3495 auxiliis
2778 3426 3383 3499 dependet‘consensus

2027 3513 2410 3570 conditionate
2438 3512 2664 3567 futurus
2706 3510 2767 3565 in
2795 3516 2940 3565 statu
2968 3509 3377 3574 conditionato,

2029 3610 2091 3649 ac
2110 3609 2417 3649 consensus
2439 3591 2693 3648 absoluto
2718 3590 2942 3646 futurus
2973 3590 3034 3653 in
3055 3594 3200 3645 statu
3227 3589 3383 3646 abso·

2030 3677 2178 3742 luto;
2207 3690 2512 3732 consensus
2529 3680 2717 3730 autem
2742 3674 2805 3728 in
2824 3678 2972 3729 statu
2994 3671 3381 3730 conditionato

2028 3772 2146 3814 non
2161 3753 2442 3827 dependet
2457 3752 2526 3809 ab
2544 3753 2760 3809 auxilio
2774 3751 2979 3808 efficaci
2998 3768 3066 3808 ex
3084 3751 3382 3824 praescien·

2030 3840 2128 3903 tia,
2160 3828 2302 3893 a‘lias
2324 3834 2758 3908 procederemus
2787 3834 2849 3889 in
2880 3831 3175 3888 infinitum
3205 3854 3217 3888 :
3248 3849 3382 3907 ergo

2029 3934 2134 3976 nec
2161 3918 2222 3973 in
2249 3922 2394 3973 statu
2420 3914 2710 3981 absolut03
2736 3920 2902 3986 atque
2926 3912 3052 3969 ideo
3075 3914 3383 3986 praescien-

2031 4002 2111 4057 tia
2137 3999 2328 4057 media
2351 3999 2500 4054 nihil
2528 3997 2766 4061 confert,
2795 4001 2854 4050 ut
2883 3996 3099 4062 auxilia
3120 3994 3385 4052 dicantur

2030 4097 2185 4146 vere,
2215 4085 2271 4137 et
2304 4079 2612 4135 intrinsece
2646 4076 2907 4141 efficacia,
2942 4082 3002 4131 ut
3031 4076 3200 4131 latius
3227 4075 3385 4131 dixi-

2033 4164 2286 4231 musssl.

2115 4238 2234 4293 125.
2268 4235 2446 4292 Tertio
2468 4249 2764 4307 perperam
2783 4231 3105 4288 declaratur
3120 4230 3387 4287 differen·
3402 4245 3498 4286 non
3511 4244 3602 4286 sal-

2033 4320 2113 4375 tia
2154 4318 2305 4373 inter
2339 4316 2621 4373 auxilium
2661 4314 2875 4379 efficax,
2907 4319 2963 4371 et
2998 4313 3305 4378 sufficiens,
3337 4312 3385 4369 si
3401 4293 3617 4386 2332}

2006 4399 2211 4465 ‚semel
2250 4402 2384 4453 sunt
2410 4395 2563 4453 idem
2605 4395 2890 4451 auxilium
2923 4395 3175 4459 realiter,
3207 4399 3263 4450 et
3290 4394 3388 4449 in-
3421 4393 3589 4435 salvan-

2034 4480 2365 4537 differenter
2378 4483 2591 4551 queunt
2605 4493 2733 4534 cum
2756 4477 3107 4543 assensu‚vel
3127 4475 3385 4532 dissensu
3404 4442 3606 4534 agrum-i·

2034 4559 2325 4635 conjungi.
2355 4561 2501 4615 Nam
2528 4556 2677 4630 quod
2709 4559 2852 4615 Deus
2887 4556 3221 4629 praeviderit
3246 4572 3388 4612 con·
3407 4541 3613 4633 Ποᾟξᾞ·

2030 4640 2389 4716 jungendum
2409 4655 2531 4696 esse
2551 4638 2929 4695 determinate
2950 4654 3077 4695 cum
3102 4636 3383 4704 dissensu,
3447 4622 3557 4698 surh·

2038 4738 2156 4779 non
2181 4722 2371 4778 variat
2391 4719 2694 4787 auxilium,
2729 4735 2832 4775 nec
2853 4719 2941 4774 illi
2964 4717 3183 4774 confert
3204 4717 3387 4774 ullam
3431 4697 3563 4733 ‘'¹⁰⁰⁸’‘

2036 4803 2480 4867 connexionem;
2505 4800 2599 4858 sed
2631 4799 2905 4874 praevidet
2933 4803 3094 4865 Deus,
3121 4798 3269 4872 quod
3298 4815 3393 4856 vo·

2039 4885 2230 4941 luntas
2267 4888 2455 4940 creata
2485 4880 2895 4937 determinabit
2924 4880 3208 4936 auxilium
3235 4895 3306 4936 ex
3334 4894 3393 4934 se

2039 4962 2395 5030 indifferens,
2411 4962 2561 5019 etsic
2576 4959 2848 5017 transibit
2867 4959 2939 5017 ad
2964 4961 3246 5016 rationem
3269 4963 3391 5015 actu

2037 5044 2351 5101 efficientis,
2386 5043 2544 5109 Quod
2573 5043 2747 5101 etiam
2789 5041 3128 5115 quandoque
3167 5040 3395 5097 contin-

3214 5126 3393 5197 geret,
