3647 5753
1334 484 1511 540 DISP.
1557 475 1676 551 vn,
1723 484 1888 542 DUB.
1934 486 2027 542 IV.
3001 485 3105 542 195

255 662 482 723 reretur,
501 657 654 714 sicut
668 657 737 715 de
758 658 901 716 facto
919 659 1253 732 requiritur,
1275 657 1605 716 necessitate

253 738 416 796 medii
428 738 494 794 ad
509 741 756 796 salutem
771 740 1097 797 adultorum
1106 757 1195 808 ;eo
1208 742 1328 814 ipso
1346 744 1604 797 maneret

251 820 430 885 homo,
454 820 546 875 cui
571 818 734 878 fieret
755 820 1019 893 praedicta
1042 821 1337 888 revelati0,
1370 820 1603 893 simpli-

250 899 383 956 citer
405 899 695 971 impotens
738 899 809 956 ad
850 900 1305 975 consequendam
1331 903 1596 958 salutem.

252 980 406 1036 Ratio
442 985 636 1037 autem
679 980 847 1054 hujus
873 981 1146 1038 doctrinae
1172 985 1276 1046 est,
1325 981 1601 1054 quoniam

248 1063 376 1134 Spes
394 1060 732 1135 Theologica
760 1061 990 1134 respicit
1017 1062 1453 1128 beatitudinem,
1484 1078 1603 1119 non

248 1142 347 1198 sub
372 1143 602 1216 praecisa
645 1144 867 1200 ratione
896 1143 1201 1216 possibilis,
1232 1143 1330 1201 sed
1369 1142 1475 1200 sub
1506 1160 1603 1200 ra-

249 1226 395 1282 tione
415 1223 641 1281 futurae:
666 1240 804 1282 nam
829 1231 889 1281 ut
907 1226 1295 1283 communiter
1315 1224 1604 1282 definiunt

246 1304 544 1378 Theologi:
587 1304 692 1361 Est
729 1306 951 1362 habitus
997 1325 1095 1380 per
1144 1325 1301 1384 quem
1347 1307 1604 1362 voluntas

245 1388 468 1459 firmiter
507 1386 681 1440 tendit
722 1388 783 1440 in
822 1387 998 1443 Deum
1042 1394 1105 1443 ut
1147 1390 1209 1442 in
1258 1387 1457 1442 bonum
1501 1405 1602 1443 ar-

245 1469 407 1523 duum
426 1468 707 1540 saturum,
745 1471 995 1546 consequi
1017 1470 1272 1544 possibile
1296 1472 1471 1541 ipsius
1497 1468 1605 1525 Dei

244 1548 454 1604 auxilio
531 1549 612 1603 Eo
650 1552 842 1604 autem
892 1550 1032 1621 ipso,
1082 1549 1233 1623 quod
1284 1549 1410 1622 quis
1447 1554 1603 1607 certo

241 1631 599 1703 cognosceret
649 1630 829 1685 Deum
871 1628 982 1685 sibi
1034 1631 1293 1687 revelare
1345 1629 1602 1686 futuram

239 1709 694 1776 damnationem,
722 1725 837 1766 non
867 1716 1051 1783 posset
1077 1711 1330 1768 formare
1356 1710 1604 1785 prudens

233 1789 650 1865 judicium,quo
669 1806 786 1846 suae
803 1791 1082 1846 voluntati
1108 1797 1451 1863 proponeret
1477 1790 1604 1848 bea·

240 1870 544 1926 titudinem
575 1875 637 1924 ut
660 1869 919 1926 futuram
941 1895 955 1938 ;
980 1871 1114 1943 quia
1157 1873 1288 1927 licet
1314 1871 1604 1943 supposita

241 1954 336 2008 illa
364 1951 743 2020 revelatione,
783 1958 968 2024 posset
996 1953 1251 2010 formare
1277 1954 1602 2026 oppositum

230 2031 505 2105 judicium
535 2030 602 2085 in
622 2045 792 2086 sensu
814 2029 1023 2089 diviso:
1049 2033 1434 2089 nihilominus
1456 2032 1603 2088 illud

228 2112 500 2186 judicium
561 2125 679 2166 non
725 2116 871 2168 esset
918 2111 1187 2184 prudens,
1225 2112 1322 2170 sed
1350 2118 1604 2170 temera-

234 2193 400 2256 rium,
455 2197 660 2264 utpote
704 2193 1063 2249 contrarium
1117 2194 1453 2251 authoritati
1500 2194 1601 2251 Dei

235 2272 565 2330 revelantis.
615 2270 701 2325 Ad
730 2276 916 2328 actum
959 2277 1150 2330 autem
1186 2275 1317 2347 Spei
1358 2275 1604 2332 Theolo-

233 2356 362 2429 gicae
391 2371 508 2410 non
550 2353 762 2410 sufficit
788 2354 1080 2427 quodlibet
1121 2355 1403 2430 judicium
1435 2373 1604 2431 regu-

237 2438 376 2498 lans,
420 2434 521 2490 sed
553 2434 877 2505 requiritur
918 2435 1198 2509 judicium
1246 2436 1516 2509 prudens,
1549 2442 1606 2493 et

234 2520 395 2590 quale
433 2516 597 2573 decet
648 2521 835 2572 actum
904 2518 1247 2590 regulatum.
1313 2518 1476 2576 Unde
1535 2519 1607 2577 de

236 2598 418 2669 primo
445 2596 516 2652 ad
549 2595 829 2651 ultimum
876 2597 1067 2663 homo,
1118 2598 1209 2654 cui
1256 2603 1410 2655 certo
1458 2601 1606 2656 Deus

235 2679 510 2733 revelaret
532 2692 707 2731 suam
730 2674 1185 2747 (lamnationem,
1214 2685 1476 2736 maneret
1499 2680 1606 2735 im-

232 2764 426 2830 potens
455 2756 527 2814 ad
572 2763 768 2812 actum
798 2758 925 2829 Spei
967 2759 1337 2832 Theologicae,
1366 2776 1482 2818 non
1511 2776 1606 2817 so-

231 2840 351 2896 lum
373 2840 636 2896 insensu
665 2839 996 2911 composite,
1028 2844 1084 2897 et
1106 2839 1445 2914 impotentia
1467 2856 1607 2900 con-

232 2922 523 2996 sequenti3
549 2920 659 2978 sed
680 2921 857 2977 etiam
886 2921 948 2976 in
975 2938 1142 2978 seusu
1171 2922 1377 2991 diviso,
1409 2931 1465 2981 et
1491 2926 1608 2981 im·-

231 3004 481 3076 potentia
523 3001 912 3060 antecedenti.
945 3005 1013 3058 Et
1039 3010 1448 3077 consequenter
1491 3022 1607 3064 non

228 3090 369 3142 esset
393 3083 752 3157 simpliciter
798 3088 995 3155 potens
1020 3083 1091 3141 ad
1112 3085 1328 3154 omnia,
1373 3102 1499 3159 quae
1537 3085 1610 3144 de

226 3161 369 3221 tacto
387 3164 459 3221 ad
482 3165 744 3219 salutem
768 3161 1188 3221 desiderantur.
1221 3164 1607 3229 Quamobrem

227 3244 316 3300 vel
340 3243 668 3300 dicendum
690 3249 856 3310 esset,
889 3249 1077 3300 actum
1106 3246 1234 3318 Spei
1257 3246 1609 3320 Theologicae

227 3341 339 3383 non
365 3342 491 3383 esse
520 3327 586 3381 in
611 3340 686 3380 eo
712 3341 845 3381 casu
881 3325 1137 3382 medium
1177 3326 1515 3399 requisitum
1538 3327 1610 3385 ad

221 3408 464 3463 salutem
502 3406 852 3463 adultorum
878 3429 892 3472 ;
918 3407 1008 3462 vel
1033 3407 1353 3464 necessario
1378 3407 1608 3465 concedi

222 3486 453 3545 deberet
475 3486 831 3561 praedictum
861 3487 1155 3545 hominem
1179 3504 1296 3545 non
1320 3505 1481 3562 posse
1504 3489 1609 3546 ab-

216 3569 400 3625 solute
423 3566 715 3640 consequi
739 3567 1002 3623 salutem.
1032 3569 1473 3642 Desumiturque
1495 3570 1611 3627 haec

48 3645 191 3690 ¹³·Th0·
220 3648 480 3707 doctrina
501 3666 577 3706 ex
601 3652 676 3705 D.
702 3649 909 3705 Thom.
938 3656 1117 3721 quast.
1142 3651 1232 3718 23,
1252 3651 1316 3705 de
1355 3649 1604 3719 Ver-itate,

218 3737 324 3786 ort.
356 3733 392 3786 8
439 3731 520 3785 ad
565 3732 629 3797 2,
684 3726 783 3783 ubi
833 3728 913 3783 ait
963 3750 976 3784 ε
1026 3750 1050 3780 ιι
1080 3729 1416 3797 Dicendum,
1462 3730 1610 3804 quod

226 3834 248 3861 α
290 3812 567 3885 quamvis
589 3810 670 3866 de
699 3809 956 3882 potentia
983 3809 1239 3867 absoluta
1264 3813 1407 3867 Deus
1429 3818 1612 3885 posset

227 3915 250 3943 α
293 3894 562 3950 revelare
589 3908 765 3948 suam
795 3889 1226 3948 damnationem
1254 3892 1442 3954 alicui.
1494 3910 1609 3950 non

224 3995 247 4025 α
289 3979 489 4030 tamen
541 3973 658 4031 hoc
687 3976 870 4043 potest
899 3969 1024 4027 steri
1053 3969 1122 4027 de
1151 3972 1404 4045 potentia
1443 3973 1606 4029 ordi-

226 4075 250 4103 «
294 4054 505 4121 naria;
556 4054 704 4126 quia
754 4052 885 4108 talis
914 4052 1187 4109 revelatio
1213 4058 1436 4127 cogeret
1477 4069 1610 4110 eum

225 4155 249 4185 α
287 4132 624 4209 desperare.
664 4154 691 4184 υ
742 4131 902 4197 Quod
941 4149 1012 4189 ex
1060 4133 1314 4203 professo
1341 4132 1608 4191 ostende-

220 4229 345 4269 mus
365 4222 529 4272 tomo
551 4212 846 4286 sequenti,
877 4220 1038 4268 tract.
1074 4214 1156 4279 18,
1186 4213 1327 4287 disp,
1347 4214 1398 4280 5,
1417 4213 1608 4270 dub.2.

220 4293 344 4352 Haec
381 4301 584 4352 autem
618 4293 773 4349 ratio
821 4307 938 4349 non
985 4292 1201 4348 militat
1248 4293 1308 4350 in
1355 4294 1611 4350 carentia

217 4377 421 4433 auxilii
468 4374 730 4433 efficacis
758 4373 1019 4448 requisiti
1047 4374 1114 4430 ad
1146 4376 1398 4448 aliquam
1423 4376 1612 4449 parti-

215 4456 471 4512 cularem
493 4454 936 4528 operationem;
959 4454 1094 4526 quia
1119 4455 1387 4527 praedicta
1406 4471 1612 4512 caren-

215 4535 290 4594 tia
317 4553 424 4594 nec
443 4536 702 4599 directe,
746 4550 846 4591 nec
874 4534 1152 4592 indirecte
1178 4535 1366 4592 aufert
1407 4541 1612 4609 poten-

212 4618 352 4673 tiam
380 4616 751 4690 simpliciter
774 4615 1129 4687 requisitam,
1162 4622 1217 4673 et
1235 4616 1609 4674 sufficientem

210 4697 280 4756 ad
302 4697 661 4773 praedictam
689 4696 1082 4769 operationem
1113 4698 1175 4753 in
1200 4714 1369 4754 sensu
1399 4697 1605 4767 divise,

211 4784 271 4835 ut
303 4786 533 4837 constat
561 4795 642 4835 ex
697 4778 970 4833 hactenus
994 4778 1181 4835 dictis.
1214 4782 1400 4836 Immo
1425 4796 1612 4853 quan-

209 4862 297 4919 vis
321 4865 478 4919 Deus
506 4859 701 4918 alicui
731 4861 1017 4917 revelaret
1040 4877 1101 4918 se
1127 4868 1468 4937 negaturum
1500 4864 1610 4937 ipsi

208 4944 331 5002 fore
364 4942 680 4999 auxilium
722 4955 793 4996 ex
820 4956 881 4996 se
908 4939 1120 5009 efficax,
1154 4940 1494 5017 requisitum
1539 4944 1610 5002 ad

207 5022 560 5080 exercitium
627 5019 996 5092 operationis
1051 5023 1208 5094 (quae
1266 5029 1423 5079 actus
1479 5024 1610 5097 Spei

209 5101 581 5177 Theologiae
611 5114 742 5156 non
763 5102 932 5171 esset)
953 5099 1134 5159 adhuc
1156 5103 1328 5163 homo
1349 5104 1451 5162 ille
1479 5119 1610 5177 pos-

1735 663 1839 726 set,
1872 664 1927 716 et
1955 664 2248 718 teneretur
2274 661 2667 733 operationem
2691 659 2926 726 elicere;
2969 658 3107 730 qnia

1735 739 1841 795 illa
1888 741 2162 797 revelatio
2186 741 2374 796 solum
2421 741 2675 797 auferret
2715 738 3001 813 judicium
3035 736 3107 793 de

1735 818 2101 889 futuritione,
2147 836 2265 877 non
2292 836 2428 877 vero
2454 820 2526 877 de
2552 819 2930 893 possibilitate
2968 832 3107 891 ope-

1737 901 1979 958 rationis
2010 923 2023 957 :
2048 908 2215 976 atque
2240 900 2369 958 ideo
2390 901 2573 957 adhuc
2599 901 2663 956 in
2689 915 2859 955 sensu
2880 912 3108 970 compo-

1734 982 1864 1049 sito,
1913 986 1971 1039 et
2009 983 2071 1038 in
2116 981 2507 1054 suppositione
2551 980 2684 1037 talis
2732 975 3108 1035 revelationis

1738 1067 1923 1134 posset
1966 1063 2139 1119 homo
2185 1061 2441 1117 absolute
2487 1060 2652 1116 illam
2705 1057 3103 1132 operationem

1734 1142 1971 1211 elicere;
2002 1141 2268 1214 quamvis
2288 1140 2531 1197 omnino
2557 1143 2743 1195 certus
2765 1139 2929 1205 soret,
2955 1133 3106 1209 quod

1734 1238 1864 1280 eam
1886 1239 2004 1280 non
2028 1229 2173 1279 esset
2198 1222 2514 1278 eliciturus.
2548 1220 2831 1284 Diximus,
2858 1234 2971 1294 que
2996 1232 3107 1272 non

1734 1311 1866 1359 esset
1891 1310 2049 1359 actus
2065 1301 2198 1376 Spei
2224 1302 2545 1373 Theoloyicoe
2564 1321 2583 1369 ‚·
2605 1317 2741 1356 nam
2765 1298 2858 1355 hic
2883 1296 3105 1369 specia-

1737 1385 1870 1442 liter
1897 1386 2073 1458 poscit
2113 1384 2510 1458 repraesentari
2536 1398 2652 1439 non
2673 1382 2861 1438 solum
2900 1383 2961 1434 ut
2982 1394 3106 1451 pos-

1734 1465 1943 1535 sibilis,
1992 1465 2091 1523 sed
2136 1467 2311 1523 etiam
2356 1474 2416 1523 ut
2464 1466 2711 1529 futurus,
2761 1462 2853 1518 vel
2900 1460 3102 1516 saltem

1735 1546 1886 1621 quod
1909 1562 2025 1604 non
2046 1552 2417 1621 cognoscatur
2438 1549 2590 1603 certo
2611 1545 2732 1618 ejus
2757 1557 2873 1599 non
2901 1541 3106 1598 futuri-

1735 1628 1835 1695 tio,
1862 1625 1933 1683 ob
1956 1627 2237 1684 rationem
2268 1626 2530 1698 proxime
2556 1623 2849 1680 traditam.

1808 1704 1897 1760 Ad
1926 1706 2177 1778 primam
2204 1702 2703 1761 confirmationem
2734 1698 2994 1776 neganda
3020 1704 3103 1756 est
3117 1705 3301 1756 Respon-

1736 1785 1954 1842 minor.
1980 1787 2049 1841 Et
2071 1786 2141 1841 ad
2168 1786 2290 1858 ejus
2307 1782 2703 1857 probationem
2728 1778 3102 1854 respondetur
3114 1753 3295 1846 5ἰέοῆᾖέ

1735 1866 2140 1941 distinguendo
2166 1866 2464 1938 majorem,
2498 1881 2605 1918 non
2639 1864 2876 1936 pertinet
2916 1861 2991 1916 ad
3013 1877 3103 1916 ac·
3148 1851 3293 1946 ffigff·

1736 1955 1853 2003 tum
1874 1951 2135 2022 primum,
2166 1952 2265 2000 etc.
2291 1945 2352 2000 in
2368 1961 2436 2001 eo
2453 1945 2549 2018 qui
2573 1943 2922 2000 memoriam
2952 1941 3101 1998 reci-

1737 2028 2046 2086 tandorum
2070 2026 2257 2091 habet,
2284 2024 2667 2090 concedimus;
2696 2025 2756 2079 in
2777 2038 2843 2079 eo
2864 2021 2961 2095 qui
2988 2037 3105 2079 non

1737 2108 1926 2174 habet,
1960 2123 2254 2181 negamus.
2281 2107 2348 2160 Et
2369 2102 2574 2160 deinde
2596 2100 3001 2176 distinguenda
3021 2104 3107 2157 est

1737 2191 1950 2253 minor,
1989 2194 2045 2246 et
2065 2185 2422 2244 concedenda
2449 2185 2616 2251 ineo,
2648 2184 2746 2255 qui
2788 2182 2969 2238 solius
2988 2195 3108 2237 me-

1737 2271 1941 2328 moriae
1964 2267 2246 2342 adjutorio
2266 2267 2370 2322 scit
2392 2265 2631 2321 recitare
2651 2287 2669 2330 ;.
2684 2267 2738 2319 et
2762 2260 3021 2336 negando
3042 2261 3107 2317 in

1737 2368 1823 2420 eo,
1848 2352 1945 2426 qui
1968 2351 2048 2407 sic
2091 2349 2329 2406 recitare
2356 2347 2551 2402 nescit.
2583 2347 2648 2399 Et
2675 2358 2948 2417 negamus
2968 2356 3107 2399 con-

1736 2433 2088 2507 sequentiam
2121 2430 2393 2486 absolute.
2441 2430 2629 2498 Itaque
2669 2423 2921 2499 potentia
2961 2424 3111 2481 reci-

1739 2516 1914 2573 tativa
1957 2529 2073 2570 non
2100 2512 2357 2570 consistit
2386 2508 2673 2581 adaequate
2704 2508 2765 2562 in
2786 2508 2908 2563 solo
2928 2506 3109 2563 intel-

1739 2598 1905 2662 lectu,
1937 2600 1993 2650 et
2014 2592 2266 2667 potentia
2294 2589 2562 2663 loquendi
2596 2613 2608 2656 ;
2640 2586 2738 2643 sed
2792 2585 3111 2643 necessario

1738 2678 1914 2734 etiam
1936 2674 2187 2748 exposcit
2207 2671 2276 2728 ad
2298 2687 2467 2726 suum
2491 2675 2677 2726 actum
2703 2668 2958 2741 primum
2982 2680 3110 2740 pro-

1739 2759 1987 2827 ximum,
2038 2762 2094 2813 et
2144 2754 2501 2828 adaequatum
2546 2752 2809 2808 notitiam
2853 2748 3108 2821 aliquam

1740 2857 1962 2907 eorum,
2024 2854 2149 2913 quie
2207 2835 2557 2902 referuntur,
2620 2834 2711 2891 vel
2768 2831 3102 2890 recitantur.

1741 2921 1900 2989 Quod
1922 2921 2423 2993 complementum,
2452 2932 2553 2990 per
2575 2931 2636 2972 se
2654 2913 2953 2988 loquendo,
2978 2910 3105 2969 fieri

1741 3003 1973 3061 deberet
1994 2999 2201 3058 mediis
2221 2997 2514 3072 speciebus
2532 2992 2996 3070 intelligibilibus
3017 2993 3110 3051 de·

1741 3081 2193 3142 terminantibus
2237 3080 2609 3147 intellectum,
2658 3083 2714 3134 et
2759 3075 3112 3134 coordinatis

1743 3166 1814 3224 ad
1852 3168 2024 3223 talem
2055 3163 2466 3221 recitationem.
2500 3158 2607 3217 Sed
2639 3159 2774 3232 quia
2801 3160 2994 3232 plures
3014 3157 3107 3216 vel

1743 3248 1864 3303 illis
1883 3245 2174 3321 speciebus
2195 3246 2411 3309 carent,
2440 3243 2530 3298 vel
2555 3256 2671 3297 non
2693 3240 2772 3295 sic
2803 3239 3108 3299 coordina-

1743 3334 1828 3385 tas
1850 3328 2080 3396 habent,
2112 3341 2312 3383 earum
2337 3324 2457 3380 vice
2482 3321 2849 3379 substituitur
2877 3319 3111 3378 brevia-

1745 3411 1920 3477 rium,
1971 3406 2120 3481 quod
2180 3421 2381 3463 earum
2427 3403 2707 3460 defectum
2746 3402 3025 3475 suppleat,
3056 3405 3112 3458 et

1745 3508 1836 3549 res
1864 3488 2183 3548 recitandas
2207 3486 2627 3543 subministret.
2660 3482 2822 3540 Unde
2848 3484 2947 3557 qui
2992 3489 3110 3539 tam

1743 3570 2034 3645 speciebus
2071 3566 2438 3635 coordinatis,
2470 3581 2642 3639 quam
2684 3563 2974 3620 breviario
3014 3578 3112 3619 ca-

1746 3656 1852 3718 ret,
1896 3667 1965 3708 eo
2011 3651 2133 3722 ipso
2160 3652 2245 3705 est
2269 3646 2613 3718 simpliciter
2646 3645 2931 3716 impotens
2974 3642 3114 3700 reci-

1744 3736 1868 3787 tare
1900 3754 1914 3787 2
1941 3727 2093 3784 unde
2134 3726 2204 3783 ob
2235 3725 2511 3781 breviarii
2540 3723 2857 3779 carentiam
2885 3738 3117 3779 excusa·

1745 3817 1841 3869 tur
1868 3828 1900 3867 a
1924 3809 2257 3867 recitatione
2284 3828 2297 3862 ε
2329 3809 2480 3863 caret
2525 3805 2735 3877 quippe
2770 3820 2889 3861 non
2924 3804 3117 3860 solum

1748 3891 2022 3965 requisito
2044 3887 2116 3946 ad
2138 3888 2478 3945 exercitium
2499 3884 2794 3951 recitandi,
2816 3884 2915 3942 sed
2937 3884 3113 3943 etiam

1747 3973 2003 4046 potentia
2030 3970 2297 4045 proxima
2341 3968 2412 4025 ad
2437 3967 2816 4025 recitandum.
2851 3967 2966 4025 Hoc
3004 3982 3110 4023 au-

1745 4062 1862 4113 tem
1910 4071 2028 4113 non
2075 4052 2275 4111 accidit
2321 4051 2385 4107 in
2430 4067 2512 4115 eo,
2542 4050 2640 4123 qui
2682 4048 2852 4106 habet
2891 4049 3112 4105 auxilia

1744 4133 2087 4192 sufficientia
2113 4131 2181 4190 ad
2206 4130 2583 4206 operandum,
2608 4135 2663 4187 et
2690 4135 2841 4187 caret
2865 4130 2987 4187 solo
3018 4145 3115 4185 au-

1746 4216 1892 4273 xilio
1911 4214 2118 4273 efficaci
2142 4213 2330 4286 ipsum
2358 4211 2663 4269 reducente
2680 4209 2747 4268 ad
2769 4208 3116 4267 exercitium

1746 4294 1993 4373 agendi;
2039 4310 2176 4351 nam
2204 4310 2272 4352 eo
2314 4295 2456 4366 ipso,
2508 4291 2659 4366 quod
2705 4290 2874 4348 habet
2914 4290 3112 4347 omnia

1747 4376 1969 4434 auxilia
2015 4374 2375 4440 sufficientia,
2422 4372 2593 4429 habet
2638 4386 2869 4428 omnem
2918 4374 3112 4441 poten·
3222 4430 3225 4433 ,

1747 4457 1890 4514 tiam
1923 4456 2256 4529 requisitam
2284 4470 2355 4511 ex
2405 4458 2565 4526 parte
2592 4457 2745 4508 actus
2775 4450 2982 4524 primi;
3033 4453 3112 4506 at-

1744 4553 1855 4610 que
1876 4535 2004 4594 ideo
2032 4536 2226 4603 taliter
2249 4534 2479 4601 omittit,
2510 4532 2656 4606 quod
2683 4532 2856 4605 possit
2875 4531 3110 4603 simpli-

1743 4619 1887 4675 citer
1908 4633 2077 4693 agere
2103 4639 2114 4674 :
2143 4633 2244 4673 nec
2267 4615 2427 4689 valet
2440 4630 2511 4671 ex
2533 4614 2637 4670 hoc
2651 4612 2834 4685 capite
2847 4611 3107 4669 excusari

1746 4714 1779 4756 a
1801 4699 2257 4775 transgressione
2281 4696 2562 4771 praecepti.

1821 4780 1907 4836 Ad
1935 4780 2243 4837 secundam
2272 4776 2772 4836 confirmationem
2801 4774 3105 4834 dicendum
3121 4793 3319 4839 occurri-

1744 4864 1845 4927 est,
1869 4860 2235 4917 existentiam
2259 4860 2337 4916 ita
2359 4873 2480 4915 esse
2500 4863 2662 4914 extra
2681 4857 2991 4914 essentiam
3011 4874 3077 4915 ac
3136 4851 3296 4940 {¹323}ss

1745 4947 1838 4996 tus
1865 4940 2062 5014 primi,
2114 4946 2177 4995 ut
2222 4939 2609 4996 nihilominus
2636 4938 2716 4993 sit
2760 4936 3011 4994 conditio
3036 4954 3108 4996 ex

1745 5027 1907 5096 parte
1934 5022 2116 5096 ipsius
2161 5027 2316 5078 actus
2361 5021 2538 5095 primi
2576 5019 3108 5093 indispensabiliter

1746 5103 2022 5177 requisita
2047 5126 2062 5170 ;
2107 5116 2246 5158 nam
2292 5100 2442 5176 quod
2470 5117 2587 5159 non
2614 5100 2828 5170 existit,
2857 5104 2943 5159 est
2979 5107 3104 5159 actu
