3647 5753
1452 325 1644 385 mse.
1688 328 1784 395 111,
1831 327 1994 384 nUss.
2040 329 2134 385 111.
2179 286 2184 299 ’
3069 342 3171 399 571

326 500 559 556 realiter
582 498 841 556 accidens
871 514 970 570 per
998 497 1378 565 identitatem,
1406 496 1505 555 sed
1551 502 1687 554 tan-

322 589 446 638 tum
502 597 604 653 per
650 580 1112 646 successionem3
1165 580 1320 636 calor
1358 578 1569 652 quippe
1626 584 1689 635 ut

322 668 561 734 septem,
606 660 704 734 qui
747 660 1001 732 disponit
1028 667 1160 716 ante
1189 660 1413 716 instans
1439 674 1687 733 genera-

325 743 520 807 tioniS‚
576 742 768 798 differt
817 743 1067 807 realiter,
1106 746 1164 798 et
1190 741 1486 798 numerice
1520 757 1553 797 a
1590 757 1687 797 ca-

328 830 449 885 lore
474 833 532 882 ut
560 831 700 891 octo,
726 825 824 898 qui
854 825 917 879 in
942 823 1064 897 ipso
1092 823 1332 879 instanti
1359 823 1689 897 generatio-

324 913 420 981 nis
450 909 703 982 disponit
728 933 743 976 3
786 908 920 981 quia
951 907 1306 980 recipiuntur
1351 906 1415 961 in
1443 906 1689 963 diversis

329 993 615 1068 subjectiS,
641 996 705 1047 ut
724 991 895 1048 modo
941 990 1321 1063 supponimus
1346 1006 1418 1046 ex
1444 1004 1600 1052 vera,
1634 992 1690 1045 et

327 1073 624 1131 communi
652 1072 1083 1128 Thomistarum
1110 1070 1411 1129 sententia.
1444 1069 1552 1126 Sed
1573 1074 1691 1126 tota

331 1157 615 1224 alteratio,
648 1170 770 1228 qum
799 1154 1147 1219 terminatur
1190 1157 1306 1209 tam
1338 1151 1408 1209 ad
1435 1152 1687 1208 calorem

332 1244 394 1291 ut
436 1244 675 1309 septem,
720 1252 892 1308 quam
940 1236 1189 1291 calorem
1222 1237 1282 1287 ut
1307 1238 1445 1297 oct0,
1482 1237 1538 1289 et
1565 1247 1690 1303 quae

334 1324 465 1375 ante
486 1318 917 1392 generationem
944 1320 1067 1373 erat
1087 1318 1276 1372 motus
1297 1314 1685 1386 imperfectus,

332 1408 389 1458 et
440 1400 727 1464 informis,
780 1400 1078 1466 formatur,
1129 1403 1183 1456 et
1244 1396 1538 1470 perficitur
1589 1414 1691 1470 per

340 1484 585 1539 formam
611 1484 672 1538 in
695 1481 1353 1556 instantigenerationis.
1378 1479 1533 1536 Idem
1556 1495 1692 1555 ergo

340 1562 906 1636 proportionabiliter
948 1561 1251 1619 dicendum
1291 1566 1375 1617 est
1418 1560 1489 1617 de
1532 1565 1690 1617 motu

336 1644 770 1711 liberiarbitrii,
793 1649 961 1717 prout
983 1643 1375 1716 complectitur
1403 1647 1558 1699 actus
1580 1642 1694 1699 dis-

334 1731 610 1798 ponentes
637 1731 753 1781 tam
796 1723 1212 1789 antecedenter,
1257 1740 1429 1797 quam
1460 1723 1687 1780 ultimo.
1756 1748 1759 1751 ¹

335 1808 401 1862 Et
429 1808 532 1864 hac
576 1807 796 1863 ratione
842 1821 960 1863 non
1014 1805 1342 1862 nominavit
1386 1806 1450 1861 D.
1482 1806 1687 1862 Thom.

334 1895 553 1946 motum
582 1888 966 1954 contritionis,
1011 1887 1109 1945 sed
1157 1887 1304 1944 dixit
1344 1886 1481 1944 :Ita
1525 1889 1693 1942 etiam

332 1981 407 2027 est
434 1971 498 2026 de
520 1978 668 2025 motu
691 1970 848 2025 liberi
868 1971 1093 2026 arbitrii
1101 1988 1121 2037 ,·
1139 1971 1189 2024 si
1210 1977 1392 2024 tamen
1409 1971 1695 2024 continua-

333 2064 423 2109 ms
446 2055 503 2107 in
529 2055 633 2123 fine
657 2052 1095 2125 perficiaturper
1118 2052 1310 2121 qratiae
1336 2050 1689 2121 infusionem.

338 2139 417 2190 lix
446 2134 651 2207 quibus
674 2133 859 2205 potius
883 2132 1144 2198 habetur,
1178 2131 1327 2205 quod
1355 2133 1484 2189 licet
1506 2136 1696 2188 motus

335 2216 649 2272 attritionis
680 2231 794 2270 non
841 2213 1159 2288 dependeat
1206 2228 1239 2268 a
1278 2213 1464 2287 gratia
1490 2211 1637 2269 sicut
1664 2228 1697 2268 a

341 2297 622 2370 principio
656 2297 930 2361 elicitivo‚
963 2294 1059 2352 secl
1089 2296 1275 2352 solum
1304 2295 1450 2350 sicut
1488 2293 1559 2350 ab
1600 2294 1696 2350 in-

340 2380 643 2441 formante,
676 2384 729 2433 et
774 2376 1134 2449 perficiente;
1184 2376 1455 2433 contritio
1502 2380 1697 2431 tamen

341 2456 658 2531 dependeat
677 2473 704 2513 a
728 2458 914 2530 gratia
927 2473 1042 2514 non
1058 2458 1245 2513 solum
1264 2464 1322 2512 ut
1347 2454 1693 2529 perficiente,

344 2541 442 2598 sed
489 2541 663 2596 etiam
710 2545 770 2594 ut
816 2540 1097 2604 eliciente,
1142 2544 1197 2595 et
1238 2544 1299 2594 ut
1337 2556 1371 2594 a
1413 2538 1699 2611 principio

342 2621 684 2694 simpliciter
714 2620 1134 2693 praesupposit·o‚
1167 2624 1222 2674 et
1268 2619 1447 2691 prius,
1479 2635 1543 2675 ac
1583 2618 1701 2674 im·-

345 2703 650 2760 mediatius
677 2702 748 2759 ab
775 2708 974 2776 agente
1002 2701 1292 2775 producto,
1324 2701 1476 2757 Sicut
1504 2701 1565 2756 in
1594 2717 1701 2757 na-

343 2784 625 2842 turalibus
696 2784 958 2857 quamvis
1016 2783 1312 2856 dispositio
1364 2782 1703 2839 antecedens

346 2883 459 2924 non
500 2864 813 2939 dependeat
855 2882 886 2920 a
933 2864 1118 2922 forma
1164 2862 1512 2939 generanda,
1572 2869 1705 2919 tan-

342 2966 515 3021 quam
538 2967 569 3005 a
600 2948 884 3022 principio
905 2947 1183 3004 efficiente
1225 2963 1325 3020 per
1352 2945 1705 3003 dimanatio-

346 3047 477 3088 nem
506 3055 519 3098 3
551 3029 934 3087 nihilominus
985 3029 1285 3103 dispositio
1328 3029 1538 3084 ultima
1563 3031 1707 3101 (quae

344 3120 428 3174 est
450 3113 769 3178 necessitaS,
808 3119 866 3167 ut
888 3114 1144 3184 loquitur
1167 3115 1231 3167 D.
1247 3111 1477 3180 Thom.)
1500 3112 1708 3184 depen-

345 3196 438 3252 det
468 3213 498 3251 a
529 3195 799 3267 praedicta
826 3193 1014 3250 forma
1060 3201 1333 3266 tanquam
1366 3208 1397 3248 a
1427 3192 1710 3265 principio

345 3276 618 3334 efficiente
642 3292 743 3348 per
765 3275 1222 3331 dimanationem
1245 3298 1260 3340 ;
1290 3273 1368 3329 ita
1388 3273 1538 3345 quod
1568 3272 1712 3330 actio

352 3358 569 3430 agentis
617 3357 797 3427 priuS,
847 3357 969 3413 sive
1022 3354 1418 3411 immediatius
1484 3353 1714 3427 attingit

356 3441 622 3502 formam,
643 3442 696 3491 et
717 3453 784 3492 ea
812 3437 1101 3493 mediante
1128 3437 1358 3511 attingit
1379 3435 1709 3504 accidentia,

356 3537 480 3594 quae
503 3518 570 3575 ad
596 3519 778 3590 ipsam
801 3519 1046 3576 formam
1072 3520 1282 3576 ultimo
1301 3518 1633 3591 disponunt,
1656 3523 1717 3573 ut

360 3602 517 3658 infra
537 3601 709 3657 latius
731 3600 1165 3673 explicabimus.

142 3714 348 3757 corform-
434 3683 529 3736 60.
571 3680 854 3737 Doctrinae
884 3680 1170 3752 hucusque
1192 3696 1223 3736 a
1251 3677 1315 3737 D.
1360 3681 1569 3737 Thom.
1598 3684 1719 3735 tra-

147 3769 259 3855 ‘311¹‘
285 3763 494 3818 ea-ditae
546 3761 788 3817 omnino
837 3767 1107 3817 consonat
1150 3761 1420 3819 resolutio
1466 3760 1718 3834 ejusdem

173 3823 334 3906 s‘essiiffis'
366 3847 419 3898 S.
450 3845 602 3898 Doct.
633 3847 816 3919 quoest.
848 3843 930 3908 18,
983 3842 1046 3896 de
1095 3840 1259 3897 Verit.
1304 3849 1413 3897 art.
1453 3841 1506 3907 8,
1552 3847 1721 3912 qu'em

145 3912 335 4003 ss'qllssg‘)
367 3925 553 3980 locum
584 3920 818 3994 quidam
845 3937 914 3977 ex
954 3921 1316 3978 Adversariis
1359 3919 1524 3978 nobis
1575 3920 1723 3995 obji-

365 4006 544 4060 ciunt.
573 4002 736 4058 L'nde
775 4003 1031 4059 consulto
1061 4003 1177 4058 alia
1218 4001 1549 4058 testimonia
1580 4017 1727 4073 prae-

366 4086 650 4153 misimus,
685 4091 747 4140 ut
775 4086 870 4158 huj
881 4103 943 4141 us
965 4102 1166 4141 sensus
1188 4084 1514 4142 evidentius
1540 4084 1729 4140 eluce-

369 4172 473 4222 ret.
526 4166 720 4222 Refert
764 4181 899 4239 ergo
951 4166 1166 4223 ibidem
1218 4168 1281 4222 D.
1332 4165 1536 4221 Thom.
1589 4163 1730 4219 duas

366 4248 697 4312 sententiaS,
731 4263 976 4319 quarum
1008 4247 1199 4319 prima
1226 4245 1567 4311 affirmabat,
1602 4260 1730 4301 mo-

368 4338 491 4385 tum
515 4328 685 4384 liberi
716 4329 947 4385 arbitrii
979 4328 1298 4401 praecedere
1327 4326 1582 4383 absolute
1606 4343 1732 4400 gra-

372 4412 532 4476 tiam,
558 4416 613 4467 et
634 4410 703 4466 ab
725 4426 791 4467 ea
812 4427 929 4467 non
951 4410 1271 4483 dependere
1292 4432 1305 4476 ;
1330 4407 1576 4465 secunda
1599 4423 1733 4465 vero

370 4491 609 4556 dicebat,
646 4491 979 4563 praedictum
1029 4497 1251 4547 motum
1295 4488 1561 4560 subsequi
1588 4490 1733 4544 sim-

374 4573 601 4645 pliciter
626 4571 694 4627 ad
716 4572 984 4645 gratiam,
1016 4577 1072 4628 et
1095 4568 1410 4643 praecedere
1440 4569 1733 4626 remissio-

375 4670 509 4710 nem
562 4653 761 4725 culpae‚
813 4653 975 4724 quasi
1023 4653 1209 4726 gratia
1256 4666 1356 4722 per
1409 4649 1734 4722 hujusmodi

378 4741 599 4790 motum
631 4734 1035 4791 remissionem
1057 4733 1237 4804 culpae
1264 4734 1550 4802 operetur.
1581 4729 1739 4793 Quod

377 4816 592 4873 refutat
615 4817 670 4871 S.
706 4817 857 4871 Doct.
886 4814 1163 4887 quoniam
1195 4811 1381 4886 gratia
1407 4810 1593 4882 seipsa
1622 4812 1740 4867 for—

378 4897 612 4954 maliter
639 4898 868 4969 culpam
904 4895 1161 4968 expellit,
1187 4899 1243 4950 et
1289 4892 1483 4949 statim
1511 4892 1741 4948 conclu-

378 4979 464 5035 dit
523 5000 535 5034 :
592 5001 618 5033 «
674 4981 908 5051 Oportet
952 4976 1130 5051 igitur
1184 4974 1374 5032 dicere
1431 4971 1742 5031 secundum

154 4865 208 4905 D.
227 4863 332 4905 Tho.

1830 521 1854 551 α
1885 501 2062 556 aliam
2102 503 2458 575 opinionem,
2507 506 2655 580 quod
2699 509 2952 581 praedicti
2993 516 3181 568 motus

1829 601 1853 633 «
1884 581 2084 639 eodem
2105 583 2310 643 ordine
2326 602 2384 642 se
2414 587 2745 646 habeantad
2765 596 3088 665 utrumque,
3118 600 3183 650 ut

1831 685 1857 718 α
1886 665 2306 737 quodammodo
2324 670 2661 742 praecedant,
2683 680 2738 731 et
2760 675 3181 747 quodammodo

1831 767 1856 799 α
1883 754 2196 820 sequantur
2236 750 2442 808 ordine
2478 760 2719 812 naturae.
2750 759 2897 813 Nam
2945 759 2992 813 si
3041 759 3181 817 ordo

1831 848 1857 881 α
1887 833 2107 884 naturae
2146 831 2475 888 attendatur
2526 835 2838 892 secundum
2893 839 3176 896 rationem

1829 931 1856 961 α
1886 926 2067 967 causae
2107 913 2444 979 materialis,
2496 915 2575 970 sic
2602 922 2790 973 motus
2820 919 2988 975 liberi
3013 920 3174 977 arbi-

1832 1010 1857 1041 «
1889 990 1989 1046 trii
2037 991 2304 1064 praecedit
2332 997 2671 1053 naturaliter
2698 1000 2897 1072 gratiae
2922 1001 3170 1059 infusio-

1832 1092 1858 1123 «
1889 1087 2043 1138 nem,
2061 1074 2206 1130 sicut
2226 1073 2520 1148 dispositio
2549 1081 2868 1155 materialis
2890 1082 3162 1140 formam.

1832 1174 1858 1205 «
1889 1153 1947 1207 Si
1989 1160 2180 1211 autem
2226 1156 2555 1213 attendatur
2617 1161 2929 1217 secundum
2998 1164 3178 1220 ratio-

1833 1255 1858 1286 «
1889 1248 2023 1289 nem
2046 1250 2229 1292 causae
2252 1235 2533 1303 formaliS,
2554 1247 2637 1295 est
2651 1258 2682 1297 e
2697 1256 2988 1300 converso.
3013 1246 3080 1298 Et
3100 1250 3182 1301 est

1834 1337 1860 1369 «
1889 1317 2082 1374 simile
2111 1319 2174 1374 in
2217 1318 2385 1375 rebus
2413 1323 2775 1379 naturalibus
2815 1323 2885 1381 de
2935 1325 3182 1400 disposi-

1834 1418 1860 1450 «
1890 1398 2064 1463 tione,
2091 1415 2214 1471 quae
2233 1406 2318 1457 est
2339 1403 2640 1460 necessitas
2667 1403 2736 1460 ad
2759 1405 3027 1475 formam,
3060 1426 3184 1483 quae

1836 1500 1861 1532 «
1890 1479 2312 1551 quodammodo
2341 1484 2608 1557 praecedit
2634 1486 2882 1545 formam
2914 1491 3184 1549 substan-

1835 1583 1861 1614 «
1887 1562 2105 1626 tialem,
2127 1563 2341 1621 scilicet
2360 1565 2673 1623 secundum
2698 1570 2978 1627 rationem
3006 1589 3186 1630 causae

1836 1664 1862 1697 α
1892 1644 2212 1701 materialis
2243 1669 2258 1712 ς
2308 1645 2603 1722 dispositio
2656 1651 2813 1707 enim
2861 1655 3184 1712 materialis

1836 1747 1862 1779 «
1890 1742 1962 1782 ex
1989 1731 2149 1798 parte
2176 1729 2429 1785 materiae
2447 1746 2507 1786 se
2527 1736 2702 1788 tenet.
2726 1733 2831 1789 Sed
2856 1736 2969 1792 alio
2991 1736 3179 1805 modo,

1837 1826 1863 1858 α
1892 1804 2105 1861 scilicet
2119 1821 2190 1862 ex
2203 1813 2362 1880 parte
2382 1825 2560 1866 causae
2572 1811 2833 1868 formalis
2849 1815 3036 1872 forma
3057 1816 3186 1873 sub·

1837 1907 1863 1938 «
1892 1886 2180 1942 stantialis
2218 1893 2302 1945 est
2342 1890 2520 1961 prior,
2566 1891 2630 1947 in
2657 1899 2934 1965 quantum
2969 1895 3185 1969 perficit

1838 1989 1864 2019 «
1893 1973 1948 2023 et
1975 1969 2296 2037 materiam,
2345 1976 2402 2027 et
2440 1972 2751 2031 accidentia
2774 1978 3117 2034 materialia.
3153 1999 3180 2030 »

1832 2049 1972 2102 Cum
2001 2062 2136 2121 ergo
2162 2064 2232 2105 ex
2251 2052 2538 2108 sententia
2562 2054 2619 2108 S.
2654 2056 2805 2111 Doct.
2853 2057 2971 2113 loco
3012 2074 3186 2130 supra

1831 2130 2001 2187 citato
2025 2147 2096 2184 ea:
2115 2132 2150 2185 4
2176 2130 2329 2189 Sent.
2357 2133 2564 2200 forma,
2594 2141 2648 2191 et
2669 2136 2916 2193 efficiens
2939 2139 3187 2196 habeant

1831 2209 2073 2267 eandem
2092 2212 2524 2284 praecedentiam
2554 2223 2807 2289 respectu
2827 2218 3073 2286 effectus,
3088 2221 3186 2294 qui

1834 2294 1968 2346 tunc
1993 2290 2315 2355 efficicitur;
2340 2296 2614 2367 sequitur,
2647 2297 2794 2370 quod
2833 2299 2977 2355 sicut
3003 2300 3188 2375 gratia

1836 2369 2101 2442 praecedit
2117 2377 2271 2427 actus
2291 2375 2495 2433 ultimo
2517 2376 2883 2448 disponentes
2906 2380 2965 2434 in
2978 2396 3188 2454 genere

1833 2466 2016 2507 causae
2044 2450 2324 2518 formalis,
2376 2454 2454 2511 ita
2482 2455 2682 2513 debeat
2711 2457 2840 2513 illos
2877 2460 3097 2515 anteire
3125 2460 3189 2517 in

1834 2546 2044 2605 genere
2084 2547 2263 2588 causae
2309 2534 2620 2592 efficientis,
2663 2536 2925 2593 Diximus
2953 2549 3191 2612 respectu

1835 2613 2068 2684 effectu&
2086 2615 2181 2689 qui
2196 2622 2325 2669 tunc
2339 2617 2590 2689 efficitur,
2612 2624 2670 2672 ut
2684 2619 3050 2677 excludamus
3069 2627 3189 2679 tum

1838 2693 2161 2760 materiam,
2195 2710 2317 2768 quae
2345 2700 2826 2772 praesupponitur,
2871 2708 3036 2774 atque
3065 2703 3193 2763 ideo

1841 2777 2037 2849 nequit
2062 2776 2262 2834 cadere
2283 2779 2389 2834 sub
2417 2779 2641 2838 influxu
2669 2783 2928 2841 effectivo
2953 2785 3152 2845 sormae
3177 2812 3192 2856 ;

1839 2862 1959 2914 tum
1989 2860 2388 2931 compositum,
2440 2862 2588 2935 quod
2634 2881 2764 2922 cum
2810 2869 3081 2925 coalescat
3127 2887 3197 2927 ex

1843 2938 2047 3005 forma,
2083 2942 2276 3012 nequit
2299 2942 2368 2997 ab
2398 2943 2500 2999 illa
2529 2944 2781 3015 produci.
2814 2951 2982 3004 Actus
3006 2955 3197 3007 autem

1844 3021 2049 3077 ultimo
2077 3021 2444 3094 disponentes
2485 3025 2552 3080 ad
2575 3026 2842 3098 gratiam,
2870 3036 3200 3102 supponunt

1844 3101 2183 3173 simpliciter
2208 3102 2455 3174 gratiam
2496 3105 2560 3160 in
2587 3121 2794 3179 genere
2847 3126 3026 3165 causae
3081 3109 3197 3167 ior-

1846 3181 2036 3246 mali5‚
2072 3186 2132 3236 ut
2160 3182 2362 3238 asserit
2385 3185 2446 3240 D.
2495 3186 2697 3243 Thom.
2730 3194 2784 3244 et
2806 3189 3039 3246 aliunde
3068 3206 3199 3263 pos—

1846 3268 1978 3319 sunt
2001 3262 2217 3334 optime
2243 3263 2443 3322 cadere
2469 3266 2573 3321 sub
2599 3268 2720 3341 ejus
2744 3270 2964 3328 influxu
2990 3273 3194 3342 active,

1847 3359 1976 3400 cum
2006 3342 2076 3398 ab
2103 3359 2169 3399 ea
2195 3345 2536 3417 simpliciter
2574 3347 2862 3414 differant,
2908 3358 2962 3409 et
2991 3354 3051 3409 in
3081 3353 3202 3427 ejus

1851 3425 2063 3481 virtute
2117 3427 2657 3497 praecontineantur.
2711 3431 2874 3488 L'nde
2915 3435 3077 3492 nulla
3122 3441 3207 3492 est

1853 3506 2018 3570 ratio,
2051 3504 2123 3561 ob
2162 3522 2335 3579 quam
2363 3507 2446 3563 eis
2472 3506 2784 3583 denegetur
2826 3512 3207 3586 dependentia

1854 3604 1885 3644 a
1911 3589 2094 3661 gratia
2125 3588 2185 3642 in
2212 3603 2421 3661 genere
2443 3606 2622 3647 causae
2647 3592 2960 3653 efficientis.
2996 3600 3064 3652 Et
3105 3599 3210 3655 hoc

1853 3668 2145 3725 convincit
2189 3671 2538 3742 exemplum,
2570 3673 2718 3744 quod
2758 3676 2923 3732 toties
2963 3677 3209 3736 inculcat

1856 3756 1921 3809 D.
1947 3753 2150 3809 Thom.
2185 3768 2319 3808 nam
2349 3753 2682 3824 accidentia,
2715 3775 2840 3830 qnae
2870 3761 3075 3819 ultimo
3100 3763 3213 3819 dis·

1860 3839 2080 3907 ponunt
2121 3831 2189 3888 ad
2219 3834 2468 3891 formam
2508 3836 2963 3907 substantialem,
3000 3860 3214 3917 suppo-

1860 3922 2010 3971 nunt
2061 3916 2224 3971 illam
2271 3931 2389 3972 non
2436 3918 2624 3973 solum
2673 3919 2735 3975 in
2781 3937 2991 3994 genere
3037 3941 3216 3982 causae

1862 3996 2145 4061 formalis,
2175 3995 2275 4052 sed
2315 3997 2492 4053 etiam
2534 3999 2597 4054 in
2636 4016 2845 4073 genere
2884 4019 3064 4061 causae
3093 4006 3216 4062 effi-

1862 4077 2192 4149 cientisvper
2220 4076 2692 4148 dimanationem,
2741 4089 2801 4137 ut
2828 4100 2956 4139 cum
2999 4087 3052 4141 S.
3089 4088 3221 4143 Doc-

1865 4164 1986 4215 tore
2005 4160 2392 4216 communiter
2418 4159 2618 4218 docent
2637 4164 2686 4237 ej
2698 4180 2759 4218 us
2780 4164 3067 4237 discipuli.

1938 4244 2029 4298 61.
2058 4245 2125 4297 Et
2147 4242 2280 4299 hinc
2301 4244 2577 4301 evertitur
2599 4249 2921 4303 communis
2944 4249 3220 4307 Adversa·
3237 4265 3412 4310 uereni-

1868 4325 2089 4381 riorum
2116 4327 2429 4397 responsio,
2464 4343 2670 4400 nempe
2700 4332 2763 4386 D.
2797 4331 3000 4388 Thom.
3032 4332 3218 4389 solum
3237 4315 3440 4409 ᾆξὲξΐῗῇ.

1868 4404 2186 4472 intendere,
2218 4407 2366 4478 quod
2397 4414 2550 4463 actus
2577 4410 2958 4479 contritionis,
3000 4419 3061 4468 ut
3100 4412 3218 4470 for·
3239 4424 3417 4470 ruturcs-

1870 4491 2057 4540 matus
2082 4492 2364 4558 supponat
2387 4488 2654 4560 gratiam,
2699 4495 2976 4561 quatenus
3005 4492 3226 4549 coexis-
3256 4472 3417 4517 ”⁰¹²⁹sp

1868 4565 2042 4622 tendo
2061 4568 2256 4640 gratiae
2284 4566 2348 4622 fit
2393 4569 2602 4641 dignus
2646 4571 2762 4627 vita
2809 4580 3052 4639 τοίω-ηας
3083 4589 3230 4646 quo-

1875 4650 2033 4704 niam
2062 4651 2115 4705 S.
2150 4653 2302 4706 Doct.
2336 4653 2395 4705 in
2425 4669 2564 4726 resp.
2587 4653 2660 4708 ad
2708 4655 2742 4708 3
2762 4658 2973 4727 prioris
2993 4656 3227 4720 ordIniS,

1875 4729 2099 4802 inquit:
2165 4752 2188 4782 «
2239 4732 2520 4790 Contritio
2567 4731 2636 4789 ab
2680 4736 2974 4792 attritione
3021 4752 3233 4808 praece-

1884 4835 1906 4862 «
1939 4811 2097 4867 denti
2120 4828 2237 4868 non
2264 4812 2455 4870 differt
2476 4817 2664 4871 solum
2693 4817 3006 4874 secundum
3038 4818 3238 4875 inten-

1884 4916 1910 4946 «
1939 4892 2162 4950 sionem
2209 4892 2443 4961 doloriS,
2474 4897 2573 4953 sed
2607 4898 2921 4955 secundum
2950 4899 3239 4957 informa-

1886 4998 1910 5028 «
1944 4975 2158 5032 tionem
2209 4975 2408 5047 gratiae
2453 5000 2468 5044 ;
2517 4982 2572 5035 et
2620 4979 2698 5034 ita
2747 4980 3016 5040 contritio
3069 4979 3245 5041 habet
