3647 5753
1427 408 1607 463 DISP.
1651 410 1720 474 11,
1765 408 1928 464 DUB.
1975 409 2072 463 111.
2995 395 3105 452 365

161 592 180 607 ·
240 583 357 636 tate
378 578 636 636 rationis.
665 580 733 634 Et
759 577 1097 635 antecedens
1119 577 1348 635 videtur
1367 594 1606 652 expres-

36 681 196 724 ωηο,
237 677 370 718 sum
395 664 459 718 D.
485 661 687 718 Thom.
733 666 917 735 quast.
947 661 1019 717 28
1044 661 1109 715 de
1147 660 1402 728 Ver-itate,
1428 667 1539 718 art.
1569 662 1606 716 2

236 741 394 808 ad9,
445 740 544 797 ubi
593 741 708 797 haec
754 739 970 797 habet:
1020 762 1045 792 α
1089 739 1405 798 Dicendum
1457 739 1606 813 quod

243 845 271 876 α
311 823 516 898 gratia,
546 839 670 897 quae
690 826 791 887 est,
817 827 874 879 et
900 822 1067 888 inest,
1087 822 1328 895 expellit
1352 822 1603 895 culpam,

121 938 134 948 -
240 925 269 956 α
311 919 430 961 non
454 919 583 960 eam
604 919 728 976 quae
752 907 854 967 est,
880 900 979 959 sed
1000 917 1128 975 quae
1153 917 1271 959 non
1306 907 1410 968 est,
1445 901 1609 974 prius

238 1006 266 1036 α
310 989 502 1042 autem
565 991 706 1042 erat.
777 986 906 1066 Non
970 983 1131 1039 enim
1189 983 1429 1056 expellit
1491 983 1609 1038 cul-

240 1088 262 1115 u
312 1080 444 1138 pam
493 1080 594 1137 per
641 1061 880 1121 modum
924 1078 1108 1120 causae
1160 1062 1457 1119 efficientis
1506 1062 1609 1128 (sic

242 1168 271 1199 a
313 1146 472 1202 enim
500 1149 807 1216 oporteret,
839 1142 987 1217 quod
1035 1148 1228 1218 ageret
1267 1144 1332 1200 in
1376 1143 1607 1215 culpam

243 1248 272 1279 α
313 1226 652 1282 existentem
681 1224 752 1281 ad
793 1224 976 1298 ipsius
1018 1225 1439 1297 expulsionem,
1463 1223 1612 1280 sicut

245 1331 273 1360 a
317 1307 469 1382 ignis
495 1306 611 1381 agit
651 1307 715 1362 in
740 1323 934 1364 aerem
981 1306 1321 1363 existentem
1371 1305 1442 1362 ad
1487 1305 1611 1379 ejus

243 1412 271 1443 α
314 1390 762 1462 expulsionem);
790 1388 891 1445 sed
919 1388 1161 1461 expellit
1202 1389 1436 1461 culpam
1482 1386 1610 1445 for-

245 1493 272 1525 «
318 1470 571 1527 maliter.
599 1472 680 1527 Ex
707 1470 812 1527 hoc
843 1470 1003 1527 enim
1049 1470 1192 1543 ips0,
1222 1467 1373 1542 quod
1421 1468 1611 1526 infor-

247 1575 276 1606 α
318 1557 439 1609 mat
464 1549 800 1625 subjectum,
829 1551 1091 1624 sequitur
1136 1551 1286 1624 quod
1325 1550 1495 1622 culpa
1546 1548 1611 1605 in

249 1656 275 1688 α
316 1633 567 1707 subjecto
594 1649 712 1691 non
738 1634 844 1701 sit;
868 1633 1015 1690 sicut
1052 1639 1206 1706 patet
1250 1632 1319 1690 de
1345 1631 1608 1699 sanitate,

250 1739 278 1770 α
317 1719 375 1774 et
400 1715 762 1773 infirmitate.
805 1736 831 1766 ι)
867 1714 1023 1772 Idem
1046 1715 1300 1787 apertius
1319 1712 1482 1772 docet
1495 1722 1607 1771 art.

244 1798 280 1850 8
301 1798 362 1851 in
387 1814 416 1852 c
523 1839 536 1852 .

54 1884 172 1929 Prior
321 1814 713 1943 Resoffgndetur
742 1868 1004 1943 negando
1024 1869 1383 1927 antecedens,
1409 1867 1497 1923 Ad
1517 1885 1614 1925 cu·

39 1942 209 2028 “213⁰‘'
240 1952 334 2026 jus
356 1949 750 2024 probationem
776 1948 1082 2007 dicendum
1103 1955 1207 2016 est,
1235 1948 1385 2022 quod
1412 1947 1611 2022 dupli-

245 2031 386 2088 citer
412 2034 594 2104 potest
609 2028 824 2103 aliquid
846 2028 1102 2087 effective
1115 2030 1406 2101 expellere
1427 2028 1610 2085 aliud.

250 2112 377 2168 Uno
403 2109 572 2167 modo
611 2124 713 2181 per
749 2108 987 2167 modum
1026 2109 1426 2177 successivum,
1471 2108 1618 2165 sicut

250 2191 399 2265 ignis
419 2191 534 2266 agit
553 2191 624 2247 ad
661 2189 1107 2249 destructionem
1154 2191 1305 2248 aeris
1333 2212 1346 2246 ε
1378 2194 1435 2247 et
1456 2187 1609 2263 quod

250 2274 354 2331 hoc
379 2280 539 2348 pacto
558 2273 814 2346 expellit,
845 2272 1011 2330 debet
1037 2273 1350 2332 coexistere
1379 2271 1464 2329 rei
1491 2271 1616 2328 des-

247 2356 537 2422 truendae3
567 2357 702 2429 quia
735 2373 864 2413 cum
888 2361 1077 2414 motus
1121 2355 1198 2411 sit
1233 2354 1605 2420 successivus,

250 2451 370 2493 non
394 2436 589 2492 statim
635 2437 870 2508 expellit
905 2453 1027 2495 rem
1055 2434 1483 2501 destruendam,
1515 2432 1613 2491 sed

247 2534 381 2575 cum
408 2517 615 2573 ultimo
633 2520 963 2591 completur.
995 2519 1126 2576 Alio
1151 2516 1321 2576 modo
1347 2534 1450 2591 per
1472 2533 1615 2573 mu—

251 2599 529 2656 tationem
577 2599 1020 2675 instantaueam,
1051 2599 1199 2656 sicut
1237 2600 1333 2657 Sol
1383 2598 1619 2671 expellit

252 2678 561 2736 tenebras:
609 2683 666 2735 et
702 2678 848 2751 quod
896 2681 998 2737 hoc
1025 2686 1184 2754 pacto
1209 2678 1468 2752 expellit,
1502 2693 1619 2736 non

251 2758 417 2816 debet
438 2759 755 2817 necessario
774 2760 1085 2818 coexistere
1116 2759 1198 2816 rei
1221 2758 1617 2826 destruendae5

247 2839 346 2899 sed
375 2839 500 2898 fieri
527 2840 740 2915 optime
761 2846 958 2914 potest,
990 2840 1139 2916 quod
1168 2841 1230 2898 in
1270 2838 1472 2899 eodem
1494 2841 1620 2898 ins-

247 2923 395 2980 tanti
443 2939 615 2997 agens
644 2923 883 2996 incipiat
919 2939 1060 2989 esse,
1118 2929 1175 2981 et
1218 2939 1404 2997 agere,
1431 2929 1488 2981 et
1531 2940 1623 2980 res

245 3004 591 3062 destruenda
605 3002 832 3062 desinat
852 3019 993 3071 esse,
1016 3009 1325 3077 utapparet
1340 3005 1403 3061 in
1424 3020 1621 3062 exem-

248 3088 344 3158 plo
373 3102 556 3159 nuper
578 3085 838 3143 adducto.
856 3087 1005 3142 Nam
1027 3087 1091 3143 in
1117 3085 1318 3143 eodem
1347 3086 1612 3153 instanti,

250 3167 315 3224 in
341 3184 452 3240 quo
500 3165 830 3223 verificatur
875 3168 1065 3225 Solem
1119 3166 1309 3239 primo
1347 3167 1614 3233 existere,

252 3246 581 3305 verificatur
602 3248 778 3306 etiam
800 3247 990 3304 Solem
1021 3246 1381 3313 illuminare,
1401 3252 1459 3304 et
1476 3247 1618 3304 illu-

251 3326 529 3386 minando
573 3329 864 3401 expellere
914 3325 1206 3396 tenebraS,
1235 3328 1379 3400 quin
1419 3328 1535 3395 Sol,
1565 3332 1622 3386 et

250 3406 499 3466 tenebrae
543 3409 721 3464 simul
774 3407 1159 3465 coextiterint.
1205 3406 1444 3473 Quando
1487 3422 1624 3482 ergo

47 3491 214 3535 D-Tho·
252 3491 314 3546 D.
347 3488 550 3546 Thom.
576 3489 840 3556 asseruit,
865 3486 1013 3562 quod
1035 3488 1084 3542 si
1111 3488 1296 3562 gratia
1311 3489 1624 3561 expelleret

248 3569 503 3627 effective
545 3574 834 3642 peccatum
861 3611 875 3635 ,
929 3572 1122 3641 ageret
1162 3570 1225 3625 in
1271 3571 1522 3642 culpam,
1566 3573 1624 3626 et

251 3655 659 3722 consequenter
712 3650 824 3722 ipsi
877 3649 1232 3716 coexisteret,
1284 3649 1623 3724 loquebatur

252 3730 322 3788 de
339 3731 524 3805 gratia
545 3736 609 3787 ut
634 3736 835 3805 agente
855 3731 1037 3804 priori
1066 3730 1255 3797 modo,
1283 3748 1402 3789 non
1429 3737 1621 3790 autem

255 3818 313 3871 ut
339 3814 617 3872 efficiente
638 3815 938 3886 posteriori
951 3814 1139 3871 modo.
1158 3819 1305 3871 Nam
1334 3815 1466 3871 licet
1495 3831 1626 3889 gra-

257 3896 335 3952 tia
362 3895 676 3967 expelleret
713 3894 966 3952 effective
993 3900 1309 3968 peccatum;
1345 3893 1395 3950 si
1425 3900 1623 3952 tamen

249 3974 567 4047 expelleret
599 3973 978 4052 instantanee,
1000 3974 1245 4032 minime
1272 3980 1496 4046 peccato
1528 3991 1626 4031 co-

253 4054 542 4120 existeret‚
559 4054 691 4126 quia
716 4055 967 4126 primum
984 4070 1105 4112 esse
1123 4054 1324 4130 gratiae
1340 4060 1488 4112 esset
1510 4054 1625 4128 pri-

260 4150 422 4191 mum
463 4149 630 4213 agere
669 4135 855 4203 illius;
884 4142 940 4193 et
985 4136 1242 4209 primum
1282 4137 1406 4211 ejus
1450 4151 1620 4210 agere

259 4222 406 4275 esset
447 4217 700 4289 primum
728 4234 845 4275 non
884 4234 1005 4275 esse
1033 4218 1263 4291 peccati,
1302 4224 1364 4274 ut
1401 4222 1624 4275 constat

254 4299 526 4372 exemplo
540 4298 684 4355 Solis
700 4301 961 4372 proxime
988 4300 1246 4358 adduct0.
1267 4303 1460 4374 Neque
1486 4299 1626 4357 hinc

254 4380 537 4452 sequitur,
565 4380 712 4453 quod
735 4383 922 4456 gratia
959 4383 1040 4439 sic
1064 4383 1315 4455 expellat
1338 4387 1624 4454 peccatum

257 4461 429 4534 (quod
449 4478 714 4536 expresse
744 4471 912 4539 negat
947 4467 1013 4522 D.
1044 4466 1297 4535 Thom.),
1325 4479 1463 4519 nam
1493 4479 1625 4520 cum

254 4543 445 4617 gratia
469 4543 545 4599 sit
572 4542 758 4602 forma
781 4544 1265 4619 incompossibilis
1308 4559 1379 4601 ex
1417 4548 1628 4601 natura

255 4642 362 4682 sua
388 4641 517 4682 cum
542 4632 780 4697 peccato,
800 4628 988 4701 seipsa
1009 4626 1155 4683 illud
1172 4625 1499 4684 formaliter
1521 4641 1626 4682 ex-

260 4706 441 4779 pellit,
467 4709 610 4780 quin
637 4708 707 4765 ad
754 4709 859 4766 hoc
880 4708 1272 4782 praestandum
1310 4714 1473 4782 egeat
1510 4706 1628 4764 alia

253 4790 595 4847 causalitate
637 4784 913 4860 effectiva,
963 4797 1025 4846 ut
1061 4789 1199 4848 dicit
1224 4791 1279 4845 S.
1315 4790 1517 4846 Doctor
1563 4791 1626 4845 in

261 4870 488 4927 ultimis
515 4869 708 4927 verbis
760 4870 922 4926 illius
967 4869 1305 4928 testimonii.
1350 4868 1627 4926 Videatur

253 4951 438 5009 etiam
487 4952 609 5009 loco
646 4951 817 5008 citato
868 4954 929 5008 in
980 4969 1218 5025 respons.
1274 4949 1350 5005 acl
1396 4950 1480 5014 10,
1528 4949 1625 5006 ubi

257 5039 457 5118 aperte
484 5034 692 5092 refutat
737 5035 1064 5092 doctrinam
1089 5037 1300 5100 Lorcae,
1344 5037 1402 5090 et
1431 5048 1629 5089 recur-

1735 593 1869 634 sum
1898 577 1969 634 ad
2010 577 2284 634 instantia
2335 577 2439 632 illa
2483 574 2726 630 discreta
2767 569 2997 633 refellit,
3040 582 3104 624 ac

1737 658 1970 716 tandem
2016 658 2303 716 concludit
2336 678 2348 714 :
2387 680 2412 711 α
2456 656 2675 712 Infusio
2713 652 2929 728 gratiae,
2972 663 3106 704 cum

1744 762 1771 793 «
1811 740 1887 796 sit
1928 738 1991 795 in
2043 739 2302 803 instanti,
2347 744 2431 795 est
2480 736 2767 794 terminus
2811 728 3107 805 enjusdam

1745 844 1771 875 «
1812 824 2003 877 motus
2024 820 2505 891 continui,utpote
2525 822 2679 874 actus
2710 808 3103 873 mediationiS,

1745 923 1771 954 α
1814 915 1915 974 per
1935 915 2103 973 quem
2145 899 2375 957 affectus
2419 898 2746 969 disponitur
2786 891 2854 949 ad
2900 889 3101 964 gratiae

1746 1004 1772 1035 α
1814 982 2239 1055 susceptionem
2268 1005 2281 1049 ;
2310 986 2366 1037 et
2404 977 2656 1054 ejusdem
2684 980 2871 1033 motus
2898 970 3106 1029 termi-

1746 1086 1772 1117 «
1813 1069 2021 1120 nusest
2044 1064 2309 1120 remissio
2355 1060 2715 1134 culpae,quia
2760 1073 2832 1113 ex
2862 1056 2965 1111 hoc
2985 1052 3109 1124 ipso

1746 1168 1773 1200 α
1812 1147 1979 1218 culpa
2003 1146 2335 1211 remittitur,
2361 1143 2509 1217 quod
2547 1142 2735 1217 gratia
2755 1135 3105 1196 infunditur.

1747 1249 1773 1280 α
1817 1228 1882 1283 ln
1911 1227 2015 1284 illo
2039 1243 2177 1302 ergo
2228 1225 2469 1283 instanti
2496 1230 2580 1282 est
2609 1223 2798 1296 primo
2825 1217 3111 1277 terminus

1747 1330 1774 1360 α
1817 1307 2181 1365 remissionis
2218 1308 2416 1379 culpas,
2468 1305 2683 1361 scilicet
2734 1316 2851 1359 non
2898 1298 3109 1355 habere

1748 1410 1774 1439 α
1815 1388 2044 1460 culpam
2071 1411 2085 1453 ;
2115 1391 2172 1444 et
2192 1385 2502 1443 infusionis
2522 1384 2740 1458 gratiae,
2770 1379 2986 1436 scilicet
3013 1377 3112 1434 ha-

1749 1490 1776 1521 «
1817 1466 1953 1525 bere
1971 1467 2240 1543 gratiam.
2269 1469 2335 1522 In
2363 1470 2478 1523 toto
2524 1480 2659 1538 ergo
2684 1469 2940 1534 tempore
2963 1475 3079 1532 prm

1749 1576 1775 1605 α
1816 1552 2059 1617 cedenti,
2091 1549 2240 1625 quod
2275 1550 2622 1606 terminatur
2645 1546 2716 1604 ad
2738 1546 2842 1601 hoc
2863 1544 3107 1601 instanS.

1750 1655 1777 1686 α
1815 1648 1928 1705 quo
1951 1637 2204 1703 tempore
2225 1629 2669 1688 mensurabatur
2689 1632 2876 1683 motus
2891 1622 3116 1680 media-

1749 1735 1774 1765 «
1818 1711 1993 1768 tionis
2016 1710 2316 1784 praedictae,
2345 1710 2726 1782 fuitpeccator
2745 1704 2963 1762 habens
2997 1704 3115 1759 cul-

1751 1816 1778 1848 «
1820 1809 1974 1867 pam,
2016 1796 2072 1849 et
2099 1807 2216 1849 non
2261 1791 2477 1849 habens
2521 1789 2790 1866 gratiam,
2823 1778 2935 1842 nisi
2984 1789 3119 1842 tan-

1751 1896 1777 1927 α
1821 1871 2122 1930 tummodo
2150 1872 2213 1927 in
2260 1872 2466 1929 ultimo
2493 1868 2754 1933 instanti,
2787 1872 2851 1923 ut
2895 1865 3111 1923 dictum

1752 1978 1778 2008 a
1818 1958 1924 2011 est.
1983 1952 2091 2010 Sed
2162 1957 2296 2009 ante
2347 1952 2621 2008 ultimum
2669 1950 2892 2005 instans
2942 1947 3117 2021 hujus

1753 2058 1778 2088 α
1820 2034 2097 2107 temporis
2127 2048 2246 2090 non
2291 2038 2377 2090 est
2416 2033 2666 2105 accipere
2701 2029 2858 2087 aliud
2901 2029 3118 2085 imme-

1754 2140 1779 2171 «
1821 2116 1975 2174 diate
1996 2114 2360 2189 proximum3
2398 2114 2534 2186 quia
2559 2112 2950 2186 quodcumque
2991 2109 3118 2164 ins-

1754 2221 1780 2252 «
1822 2203 1950 2255 tans
1971 2196 2283 2269 accipiatur
2309 2193 2468 2251 aliud
2490 2193 2562 2251 ab
2600 2192 2823 2259 ultimo,
2850 2192 3003 2247 inter
3038 2189 3118 2244 il-

1753 2302 1778 2332 α
1825 2279 1944 2347 lud,
1974 2283 2032 2336 et
2060 2277 2331 2334 ultimum
2376 2281 2549 2332 erunt
2577 2272 2809 2330 infinita
2836 2270 3115 2329 instantia

1756 2383 1782 2413 α
1822 2359 2032 2418 media.
2065 2359 2135 2414 Et
2157 2358 2238 2415 sic
2261 2361 2430 2430 patet,
2446 2353 2595 2429 quod
2624 2359 2846 2434 non-est
2867 2352 3122 2424 accipere

1756 2466 1782 2496 α
1826 2443 2098 2499 ultimum
2145 2441 2386 2505 instanS,
2420 2440 2484 2495 in
2522 2454 2633 2512 quo
2661 2435 3001 2512 justificatus
3047 2432 3122 2488 sit

1756 2546 1782 2577 ιι
1823 2522 2041 2580 habens
2066 2522 2390 2595 culpam‚et
2411 2534 2527 2577 non
2568 2517 2784 2575 habens
2823 2515 3073 2591 gratiam
3102 2537 3117 2579 ς

1757 2626 1783 2657 α
1825 2608 1909 2660 est
1941 2607 2133 2659 autem
2180 2601 2433 2673 accipere
2470 2601 2727 2673 primum
2768 2598 3011 2659 instans,
3055 2594 3119 2650 in

1758 2706 1784 2736 α
1826 2698 1939 2756 quo
1965 2680 2135 2739 habet
2158 2681 2428 2755 gratiam,
2459 2684 2516 2737 et
2538 2695 2653 2736 non
2676 2677 2844 2735 habet
2864 2677 3111 2748 culpam.

1755 2787 1780 2817 a
1829 2768 1898 2821 Et
1950 2765 2066 2821 haec
2103 2762 2312 2821 solutio
2352 2766 2531 2835 potest
2580 2760 2755 2834 accipi
2807 2775 2879 2816 ex
2923 2756 3118 2815 verbis

1758 2868 1784 2901 α
1829 2844 2163 2919 Philosophi
2212 2844 2276 2901 in
2316 2844 2350 2900 8
2380 2841 2605 2918 Physic.
2656 2863 2680 2894 n
2717 2843 2826 2898 Per
2851 2856 2975 2914 qua:
2999 2855 3114 2897 non

1754 2945 1959 3004 parum
1983 2927 2330 2986 roborantur
2350 2927 2638 2999 hucusque
2664 2924 2834 2982 dicta.

1830 3011 1921 3066 95.
1947 3009 2222 3077 Secundo,
2252 3012 2308 3065 et
2334 3007 2545 3064 melius
2567 3004 2962 3078 respondetur,
2992 3021 3119 3063 me-
3156 3018 3311 3074 melior

1755 3093 1867 3149 rito
1895 3093 1960 3148 D.
1992 3091 2195 3148 Thom.
2222 3089 2531 3147 asseruisse
2558 3088 2723 3144 illam
2750 3086 3116 3145 conditiona-
3141 3069 3309 3161 sfiffigj

1754 3173 1889 3238 lem,
1932 3171 2082 3245 quod
2110 3173 2160 3227 si
2194 3172 2384 3241 qratia
2409 3168 2695 3243 expelleret
2716 3175 2997 3241 peccatum
3019 3186 3118 3243 per

1753 3253 1974 3310 modum
1992 3270 2166 3308 causta
2184 3253 2483 3326 efficientia,
2515 3251 2828 3305 coexisteret
2854 3266 2979 3304 cum
3000 3248 3119 3313 inm

1752 3336 1927 3393 etiam
1964 3331 2352 3391 abstrahendo
2379 3331 2449 3388 ab
2477 3331 2595 3397 hoc,
2625 3331 2774 3403 quod
2800 3335 2989 3405 ageret
3017 3346 3117 3403 per

1753 3421 1977 3472 motum
2023 3414 2423 3476 successivum,
2460 3411 2549 3467 vel
2595 3426 2697 3483 per
2736 3411 3115 3467 mutationem

1754 3497 2203 3553 instantaneam.
2253 3491 2537 3558 Quoniam
2584 3507 2712 3547 cum
2766 3491 2950 3565 gratia
3002 3504 3119 3545 non

1752 3581 2120 3634 connectatur
2140 3573 2524 3632 essentialiter
2547 3588 2674 3628 cum
2697 3572 2891 3645 aliqua
2917 3586 2988 3626 ex
3001 3569 3122 3624 suis

1753 3654 2204 3731 operationibus,
2238 3653 2520 3728 possitque
2550 3653 2726 3708 etiam
2755 3651 2825 3708 de
2871 3652 2993 3725 lege
3020 3663 3120 3707 or-

1755 3738 1983 3795 dinaria
2008 3735 2079 3793 ab
2100 3736 2261 3793 omni
2283 3733 2615 3806 operatione
2635 3730 2927 3805 suspendi,
2949 3731 3122 3803 plane

1756 3820 2090 3884 inferretur,
2114 3815 2264 3890 quod
2286 3815 2334 3871 si
2362 3815 2550 3871 solum
2573 3812 2791 3888 agendo
2810 3812 3121 3884 expelleret

1757 3907 2067 3977 peccatum,
2122 3902 2308 3972 posset
2350 3895 2578 3971 quando
2618 3911 2736 3952 non
2777 3898 2986 3969 ageret,
3018 3910 3116 3950 se-

1755 3982 2008 4042 cundum
2029 3987 2206 4040 totam
2227 3994 2392 4035 suam
2420 3978 2719 4036 entitatem
2741 3992 2870 4033 cum
2902 3979 3124 4048 peccato

1756 4063 2042 4137 componi,
2086 4067 2159 4120 et
2185 4059 2333 4135 quod
2361 4060 2432 4117 de
2472 4061 2617 4116 facto
2662 4060 3120 4130 componeretur.

1757 4149 1826 4203 Et
1850 4146 1998 4202 hanc
2013 4144 2136 4201 vim
2159 4141 2373 4199 habent
2394 4139 2565 4198 verba
2589 4143 2654 4195 D.
2678 4140 2883 4195 Thom.
2910 4138 3031 4194 loco
3059 4135 3124 4191 in

1756 4225 2076 4301 objectione
2099 4223 2268 4280 citato
2300 4243 2314 4278 z
2344 4243 2370 4273 α
2400 4220 2559 4286 Quod
2597 4220 2645 4276 si
2686 4218 2870 4294 gratia
2899 4232 2999 4289 per
3028 4230 3126 4272 ac-

1763 4328 1789 4360 «
1819 4311 1943 4362 tum
1970 4301 2348 4369 contritionis,
2377 4306 2432 4359 et
2460 4300 2589 4357 fidei
2621 4299 2883 4356 formata}
2912 4294 3125 4352 remis-

1764 4408 1789 4438 a
1817 4385 2043 4443 sionem
2071 4382 2250 4454 culpae
2274 4380 2545 4446 causabit,
2576 4376 2831 4436 causabit
2862 4391 2990 4433 eam
3020 4390 3123 4447 per

1763 4487 1789 4519 «
1818 4463 2056 4522 modum
2084 4477 2265 4520 causae
2311 4459 2623 4518 efficientis.
2655 4455 2815 4523 Quod
2853 4471 2975 4512 esse
3004 4470 3121 4512 non

1763 4568 1790 4600 α
1820 4549 2034 4619 potest;
2066 4559 2203 4600 nam
2229 4558 2397 4600 causa
2415 4539 2672 4598 effective
2692 4537 2991 4594 destruens
3019 4537 3124 4593 ali-

1764 4649 1790 4680 α
1817 4625 1977 4700 quid,
2009 4625 2167 4697 prius
2189 4624 2423 4697 ponitur
2445 4623 2508 4679 in
2534 4636 2675 4686 esse,
2700 4634 2867 4691 qaam
2893 4617 2951 4673 id
2971 4616 3123 4690 quod

1764 4729 1790 4760 α
1819 4704 2081 4770 destruit,
2106 4704 2182 4760 sit
2207 4704 2272 4759 in
2301 4718 2417 4760 non
2443 4716 2566 4772 esse
2589 4721 2613 4752 »
2647 4697 2935 4772 (praecedit
2960 4697 3123 4754 enim

1756 4791 2037 4861 quantum
2064 4789 2150 4842 est
2167 4783 2239 4840 de
2258 4799 2339 4849 se,
2365 4788 2592 4849 natura,
2624 4787 2681 4838 et
2698 4786 2956 4852 tempore
2983 4795 3125 4850 ope-

1760 4869 2063 4934 rationem,
2089 4880 2373 4938 perquam
2394 4869 2587 4920 causat
2609 4879 2724 4920 non
2745 4876 2868 4919 esse
2888 4863 2926 4930 5)
2954 4882 2979 4911 «
3004 4874 3123 4916 non

1763 4972 1790 5002 α
1819 4950 1979 5008 enim
2014 4951 2204 5023 ageret
2229 4945 2299 5003 ad
2326 4947 2448 5022 ejus
2475 4944 2940 5007 destructionem,
2971 4942 3121 5014 quod

1765 5053 1791 5083 «
1817 5031 1938 5106 iam
1968 5044 2085 5088 non
2109 5036 2215 5087 est.
2240 5027 2403 5086 Unde
2426 5032 2596 5101 patet,
2620 5025 2768 5100 quod
2793 5023 2976 5098 gratia
3002 5039 3123 5081 non
