3647 5753
396 435 501 491 '94
1455 449 1550 504 DE
1588 446 1860 503 GRATIA
1897 446 2243 502 EFFICACI.

428 609 635 681 majori
663 610 934 685 indagine
973 613 1231 688 judicare
1252 620 1492 677 eandem
1514 635 1635 677 esse
1653 635 1790 675 sen-

430 689 671 744 tentiam
701 692 1071 765 Praeceptoris
1095 700 1373 772 Angelici.
1401 704 1534 766 Quae
1559 700 1790 758 consul-

428 768 501 823 tis
545 770 719 826 etiam
761 773 883 846 ejus
907 775 1132 849 scriptis
1171 785 1255 836 est
1300 780 1440 839 adeo
1484 774 1698 849 nostra,
1729 785 1787 836 ut

427 851 506 906 M.
535 852 737 907 Petrus
764 852 834 910 de
861 857 1036 913 Lorca
1060 860 1200 932 disp.
1228 864 1318 929 21,
1349 862 1413 917 de
1429 865 1637 934 qratia,
1665 865 1789 935 post

425 929 732 1020 secundam
780 937 1205 996 conclusionem
1234 943 1442 999 merito
1460 943 1781 1008 asseruerit,

424 1009 663 1066 evidens
731 1028 871 1081 esse,
943 1018 1092 1088 quod
1172 1028 1367 1078 nostra
1420 1024 1655 1080 assertio
1710 1023 1785 1078 sit

423 1091 483 1145 S.
525 1092 758 1150 Thomae
778 1094 1056 1155 doctrina.
1079 1100 1413 1158 Adversarii
1443 1109 1635 1159 tamen
1663 1108 1787 1159 tan·

426 1177 482 1227 ta
523 1172 645 1229 luce
668 1190 782 1231 non
822 1179 1076 1249 oppressi
1106 1182 1211 1239 hoc
1264 1182 1595 1255 praesidium
1620 1182 1785 1239 nobis

424 1257 736 1327 praeripere
762 1260 1103 1328 moliuntur,
1130 1269 1187 1320 et
1224 1264 1294 1320 ad
1325 1266 1570 1338 propriae
1605 1281 1784 1322 causae

422 1335 742 1394 subsidium
763 1341 983 1398 servire
1007 1351 1231 1417 cogunt,
1262 1361 1379 1402 non
1403 1345 1612 1418 absque
1639 1347 1783 1421 legi-

424 1418 699 1476 timorum
739 1420 1151 1495 discipulorum
1180 1426 1394 1493 dolore,
1427 1433 1482 1484 et
1509 1427 1783 1502 indigna-

422 1498 576 1557 tione
603 1525 616 1567 ;
642 1519 776 1559 nam
803 1505 1159 1563 tolerabilius
1185 1514 1436 1576 censent,
1468 1515 1523 1565 et
1550 1510 1776 1575 merito,

420 1583 692 1654 quosdam
717 1589 906 1658 palam
926 1591 990 1644 D.
1007 1591 1240 1648 Thomae
1267 1592 1582 1659 adversari,
1609 1609 1780 1665 quam

422 1664 566 1720 alios
589 1666 696 1738 ipsi
730 1673 1032 1726 extraneas
1076 1673 1401 1744 opinione5‚
1435 1678 1494 1730 et
1509 1689 1658 1746 saepe
1679 1674 1781 1730 illo

420 1745 688 1819 indignas
714 1749 998 1825 affingere.

223 1847 283 1889 re
355 1848 391 1891 ῑ.
495 1826 652 1890 Quod
704 1846 836 1905 ergo
888 1834 945 1888 S.
995 1836 1197 1892 Doctor
1258 1837 1486 1901 sentiat,
1535 1836 1779 1909 gratiam

206 1906 401 1991 150⁰30fa
421 1905 699 1965 efficacem
728 1928 849 1969 esse
876 1915 1048 1971 talem
1070 1932 1140 1973 ex
1167 1934 1246 1985 se,
1272 1923 1327 1974 et
1349 1917 1418 1974 ab
1441 1917 1774 1983 intrinsec0,

206 1997 391 2056 testimo-
423 1989 696 2060 probatur
733 2008 803 2048 ex
845 1995 1106 2066 pluribus
1149 1997 1328 2070 ipsius
1386 1997 1774 2055 testimoniis:

258 2059 343 2091 ²¹¹³·
424 2085 560 2126 nam
596 2074 656 2127 in
699 2075 803 2130 Ιιαο
839 2077 884 2142 l,
910 2078 965 2142 2,
1010 2087 1194 2154 quoest.
1255 2081 1336 2151 lO,
1363 2088 1473 2136 art.
1524 2081 1558 2133 4
1600 2079 1675 2133 acl
1719 2078 1773 2143 3,

419 2152 610 2226 inquit
637 2177 650 2210 :
680 2157 780 2212 «Si
809 2159 956 2215 Deus
976 2167 1167 2218 movet
1193 2164 1549 2219 voluntatem
1574 2161 1643 2218 ad
1667 2159 1777 2216 ali-

422 2234 627 2305 «quid,
656 2237 1009 2310 impossibile
1056 2249 1160 2309 est,
1206 2242 1356 2315 quod
1403 2243 1666 2299 voluntas
1706 2239 1777 2296 ad

424 2335 450 2365 «
480 2314 624 2372 illud
690 2334 806 2375 non
845 2327 1145 2377 moveatur
1204 2345 1218 2389 3
1273 2340 1390 2380 non
1446 2329 1641 2379 tamen
1694 2327 1779 2378 est

419 2418 446 2447 «
477 2396 832 2469 impossibile
851 2402 1193 2474 simpliciter
1219 2426 1232 2460 ε
1262 2405 1415 2460 unde
1444 2420 1560 2460 non
1582 2403 1777 2475 sequi-

419 2496 444 2528 «
474 2481 588 2543 tur,
619 2479 767 2551 quod
808 2482 1073 2538 voluntas
1121 2498 1152 2538 a
1183 2485 1295 2539 Deo
1346 2500 1417 2540 ex
1446 2483 1776 2540 necessitate

419 2579 444 2609 α
476 2568 791 2618 moveatur.
825 2583 850 2613 »
882 2563 990 2620 L'bi
1012 2565 1185 2620 simul
1216 2564 1375 2621 docet
1401 2565 1773 2621 assertionem

414 2645 668 2696 nostram
717 2644 1015 2702 statuendo
1060 2645 1438 2702 infallibilem
1460 2644 1775 2702 connexio-

415 2737 549 2777 nem
573 2723 724 2780 inter
749 2727 1061 2783 motionem
1076 2729 1336 2799 Dei,quae
1357 2734 1440 2784 est
1462 2727 1767 2794 auxilium,

405 2806 460 2860 et
491 2804 805 2862 motionem
845 2809 1176 2876 voluntatiS,
1210 2825 1335 2882 quae
1381 2815 1465 2864 est
1490 2810 1609 2884 ejus
1635 2824 1773 2882 ope-

405 2886 556 2942 ratio
587 2909 598 2942 :
629 2894 682 2944 et
704 2890 948 2945 occurrit
987 2892 1266 2963 praecipue
1291 2891 1771 2949 Adversariorum

407 2968 646 3034 motiv0,
715 2969 1058 3029 declarando
1105 2972 1254 3028 hanc
1300 2972 1607 3029 efficaciam
1653 2989 1771 3030 non

407 3045 627 3103 inferre
676 3050 1063 3107 necessitatem
1122 3050 1439 3108 absolutam
1488 3052 1768 3108 voluntati

404 3128 774 3184 contrariam.
809 3132 930 3194 Qua
954 3131 1323 3203 responsione
1346 3147 1462 3188 non
1486 3131 1772 3205 indigeret

403 3209 457 3263 S.
487 3210 704 3274 Doctor,
725 3210 773 3266 si
805 3212 1132 3285 loqueretur
1152 3212 1222 3270 de
1244 3212 1487 3270 efficacia
1507 3212 1770 3286 desump-

405 3292 463 3343 ta
516 3289 586 3345 ab
650 3291 868 3359 ellectu,
933 3295 1026 3350 vel
1100 3309 1169 3350 ex
1206 3294 1566 3367 praescientia
1593 3318 1608 3360 ;
1652 3295 1768 3350 haec

406 3370 635 3443 quippe,
671 3382 728 3427 ut
759 3374 880 3447 ejus
903 3376 1128 3446 patroni
1167 3376 1499 3448 loquuntur,
1533 3392 1634 3431 nec
1664 3391 1768 3448 ap-

408 3460 707 3525 parentem
760 3459 1151 3515 necessitatem
1200 3458 1439 3523 inducit,
1488 3474 1618 3514 cum
1649 3474 1765 3515 non

406 3535 483 3590 sit
508 3537 863 3604 antecedens,
895 3538 993 3596 sed
1016 3557 1363 3613 consequens
1386 3540 1630 3597 liberam
1659 3556 1766 3596 vo-

408 3614 646 3672 luntatis
672 3624 874 3676 creatae
915 3619 1475 3677 determinationem.
1509 3620 1764 3677 Eandem

405 3701 750 3756 sententiam
775 3703 977 3774 repetit
1012 3703 1168 3760 infra
1195 3711 1376 3779 quaest.
1418 3704 1537 3769 112,
1562 3711 1671 3759 art.
1704 3704 1758 3770 3,

403 3776 503 3834 ubi
526 3781 605 3835 ait
633 3802 646 3836 z
677 3805 700 3833 a
718 3783 1067 3854 Praeparatio
1090 3784 1158 3841 ad
1179 3784 1426 3858 gratiam
1448 3783 1761 3841 secundum

306 3860 308 3863 ’
408 3858 612 3930 «quod
638 3867 723 3917 est
768 3879 799 3919 a
828 3866 941 3920 Deo
988 3870 1271 3929 movente,
1306 3863 1474 3920 habet
1515 3864 1762 3921 necessi—

407 3962 433 3989 «
462 3946 636 3997 tatem
678 3941 748 3998 ad
794 3942 873 4011 id,
906 3942 974 4000 ad
1028 3943 1178 4017 quod
1199 3944 1503 4001 ordinatur
1542 3961 1575 4000 a
1604 3947 1758 4011 Deo;

407 4046 434 4075 «
466 4039 582 4080 non
628 4024 858 4097 quidem
893 4027 1217 4094 coactioniS,
1278 4026 1376 4084 sed
1424 4026 1761 4082 infallibili-

405 4127 430 4156 «
463 4106 612 4172 tatis,
651 4107 784 4178 quia
814 4109 1056 4167 intentio
1092 4110 1190 4166 Dei
1232 4108 1472 4166 deficere
1511 4122 1629 4164 non
1656 4124 1760 4180 po-

246 4226 339 4260 uam
406 4190 588 4243 «test.
641 4208 667 4239 2>
710 4188 820 4244 Ubi
868 4206 985 4246 non
1043 4189 1245 4246 fundat
1283 4187 1759 4245 infallibilitatem

207 4266 351 4364 3333·-
397 4266 627 4324 effectus
673 4286 846 4342 supra
875 4270 1289 4343 praescientiam
1315 4271 1436 4344 ejus
1457 4274 1519 4323 ut
1558 4268 1759 4326 condi-

211 4363 362 4422 annac
402 4347 615 4405 tionate
642 4349 819 4406 futuri
853 4374 866 4418 ;
891 4351 987 4407 sed
1009 4368 1071 4406 su
1081 4367 1182 4424 pra
1204 4351 1516 4406 motionem
1533 4348 1752 4423 gratiae,

197 4413 370 4506 {2222}ss
399 4427 713 4485 secundum
761 4429 909 4504 quod
937 4437 1020 4488 est
1048 4447 1079 4487 a
1125 4434 1257 4498 Deo,
1287 4435 1343 4487 et
1370 4429 1636 4503 provenit
1684 4444 1756 4486 ex

219 4512 327 4562 pun.
395 4509 517 4582 ejus
562 4511 880 4570 intentione
922 4512 1148 4570 efficaci.
1174 4516 1294 4578 Quo
1345 4513 1492 4569 nihil
1521 4527 1756 4585 expres-

395 4589 517 4644 sius
555 4590 668 4648 dici
696 4594 876 4665 potuit
910 4593 980 4650 ad
1008 4592 1373 4651 asserendam
1407 4594 1656 4667 gratiam
1682 4608 1754 4649 ex

393 4683 456 4724 se
475 4669 771 4739 efficacem,
802 4679 857 4730 et
901 4689 935 4731 a
972 4680 1245 4731 creaturae
1272 4673 1755 4732 determinatione

400 4747 903 4822 independentem.
951 4753 1107 4811 Idem
1153 4754 1313 4811 docet
1349 4754 1404 4819 2,
1460 4755 1514 4820 2,
1565 4761 1747 4831 quoest.

394 4827 488 4894 24,
538 4838 646 4886 art.
686 4833 769 4898 11,
803 4833 893 4889 his
919 4833 1112 4891 verbis
1144 4856 1158 4890 ε
1207 4856 1232 4887 α
1261 4833 1457 4890 Virtus
1503 4833 1752 4906 Spiritus

402 4927 428 4959 α
450 4910 633 4964 sancti
655 4910 781 4981 (hoc
799 4918 884 4969 est
897 4915 1094 4981 motio,
1120 4915 1211 4972 vel
1228 4914 1509 4971 auxilium
1531 4912 1602 4971 ab
1620 4913 1752 4986 Spi-

398 4987 513 5044 ritu
536 4997 728 5050 sancto
756 4995 1120 5069 impressum)
1146 5021 1172 5049 α
1196 4995 1588 5053 infallibiliter
1613 5012 1751 5069 ope-

402 5091 427 5121 «
462 5077 621 5128 ratur
640 5076 1107 5154 quandocumque
1155 5080 1401 5137 voluerit
1428 5078 1610 5136 :unde
1644 5080 1750 5136 im-

1929 640 1955 671 «
1988 617 2257 690 possibile
2302 623 2386 674 est
2430 618 2547 674 haec
2585 616 2697 674 duo
2736 616 2912 672 simul
2964 629 3086 670 esse
3120 629 3276 679 vera,

1929 721 1955 752 α
1983 700 2130 773 quod
2168 700 2416 773 Spiritus
2460 705 2687 755 sanctus
2714 698 2853 754 velit
2879 697 3129 768 aliquem
3152 710 3279 751 mo-

1927 802 1954 833 «
1985 797 2120 839 vere
2171 781 2240 838 ad
2279 787 2467 838 actum
2513 781 2826 845 charitatis,
2873 784 2929 835 et
2972 776 3122 851 quod
3159 778 3285 848 ipse

1927 885 1952 915 α
1981 864 2320 921 charitatem
2338 862 2565 920 omittat
2586 860 2921 936 peccando.»
2951 862 3019 915 Et
3037 858 3273 939 quodlib.

1928 947 2011 1012 12,
2044 954 2152 1002 art.
2204 946 2258 1011 3,
2303 945 2494 1019 inquit
2527 965 2540 1001 z
2577 966 2601 998 α
2634 943 3068 1001 Praedestinatio
3109 939 3279 997 habet

1926 1049 1951 1079 «
1979 1026 2385 1084 certitudinem
2419 1043 2489 1083 ex
2513 1031 2672 1099 parte
2705 1023 3018 1081 voluntatis
3038 1021 3271 1088 divinae,

1925 1131 1950 1163 «
1979 1109 2071 1165 cui
2113 1125 2230 1166 non
2255 1113 2435 1181 potest
2465 1107 2683 1181 aliquid
2713 1107 3000 1165 resistere.
3033 1125 3058 1157 »
3086 1105 3144 1160 Si
3167 1119 3276 1160 au—

1918 1194 2033 1245 tem
2076 1189 2359 1245 auxilium
2384 1206 2500 1248 non
2520 1195 2666 1246 esset
2689 1206 2760 1245 ex
2803 1204 2862 1244 se
2900 1185 3114 1249 efficax,
3155 1198 3275 1240 non

1919 1268 2154 1326 haberet
2175 1269 2597 1342 praedestinatio
2628 1267 3028 1326 certitudinem
3055 1282 3123 1322 ex
3148 1279 3276 1336 par-

1918 1353 1972 1405 te
2016 1350 2328 1407 voluntatis
2372 1350 2604 1416 divinae,
2635 1349 2732 1407 sed
2762 1348 2946 1421 potius
2994 1362 3066 1403 ex
3114 1350 3276 1417 parte

1919 1430 2305 1500 praescientiae,
2330 1447 2502 1503 quam
2543 1430 2745 1486 divina
2771 1429 3037 1484 voluntas
3063 1441 3276 1496 suppo-

1917 1516 2097 1579 neret,
2123 1517 2184 1567 ut
2207 1511 2539 1569 Adversarii
2568 1510 2915 1566 discurrunt.
2950 1510 3020 1563 Et
3045 1506 3276 1563 tandem

1916 1599 2094 1664 quaest.
2143 1595 2199 1660 6,
2246 1594 2310 1648 de
2355 1593 2529 1658 Male,
2581 1599 2689 1647 art.
2725 1593 2885 1646 unico
2925 1589 2998 1643 ad
3041 1590 3095 1654 3,
3147 1590 3273 1644 ait:

1922 1693 1948 1725 «
1979 1675 2123 1729 Deus
2167 1680 2358 1731 movet
2412 1675 2765 1731 voluntatem
2809 1669 3270 1737 immutabiliter,

1922 1759 2209 1826 «propter
2254 1754 2560 1811 efficaciam
2608 1753 2920 1810 voluntatis
2967 1751 3285 1816 moventis,

1922 1856 1947 1886 «
1976 1850 2098 1906 quae
2117 1834 2358 1892 deficere
2384 1850 2500 1891 non
2546 1840 2725 1907 potest
2756 1832 2889 1890 :sed
2913 1838 3141 1905 propter
3167 1848 3274 1888 na—

1921 1939 1945 1967 «
1977 1921 2166 1971 turam
2185 1917 2496 1973 voluntatis
2518 1923 2705 1984 motae,
2730 1931 2855 1987 quae
2875 1914 3276 1971 indifferenter

1920 2016 1944 2046 (ι
1975 2011 2035 2051 se
2061 1994 2231 2052 habet
2250 1995 2319 2052 ad
2348 1994 2590 2062 diversa,
2614 2006 2730 2052 non
2760 1994 3050 2051 inducitur
3079 2009 3274 2050 neces-

1920 2099 1946 2130 «
1975 2077 2131 2144 sitaS,
2163 2078 2259 2134 sed
2297 2083 2492 2134 manet
2545 2077 2798 2133 libertas.
2833 2097 2858 2127 »
2894 2076 3022 2142 Ubi,
3049 2077 3192 2132 sicut
3219 2081 3275 2132 et

1914 2158 1977 2213 in
2026 2161 2217 2229 primo
2256 2159 2586 2215 testimonio
2635 2174 2810 2230 supra
2866 2158 3063 2221 relato,
3120 2157 3273 2213 mira

1913 2236 2211 2305 brevitate,
2251 2255 2313 2295 ac
2340 2238 2730 2311 profunditate
2773 2238 2970 2293 statuit
3014 2243 3271 2293 nostram

1912 2320 2308 2387 assertionem,
2337 2318 2524 2391 posuit
2562 2320 2681 2393 ejus
2708 2317 3170 2381 fundamentum,
3215 2322 3271 2373 et

1911 2402 2150 2457 exclusit
2176 2402 2459 2457 motivum
2488 2401 2756 2458 adversae.

1995 2482 2113 2537 140.
2158 2481 2523 2553 Respondent
2579 2480 2929 2546 Adversarii,
3005 2479 3154 2535 nibil
3204 2479 3267 2534 in
3325 2491 3433 2546 anu-

1911 2561 2257 2617 testimoniis
2276 2562 2580 2627 contineri,
2613 2560 2761 2634 quod
2783 2577 2983 2618 eorum
3005 2559 3265 2631 opinioni
3307 2548 3435 2591 ⁸¹⁰¹*

1911 2647 2188 2716 repugnet
2218 2666 2232 2709 ;
2264 2658 2398 2697 nam
2445 2643 2836 2708 verissimum,
2870 2640 3159 2713 inquiunt,
3184 2645 3270 2696 est

1908 2725 2263 2781 voluntatem
2326 2724 2645 2782 absolutam
2712 2725 2812 2782 Dei
2859 2723 3096 2781 deficere
3149 2740 3268 2780 non

1909 2822 2088 2880 posse,
2146 2813 2202 2863 et
2268 2807 2490 2881 assequi
2564 2807 2959 2863 infallibiliter
3016 2805 3264 2874 effectuS,

1905 2903 2046 2959 quos
2074 2889 2345 2959 intendit.
2370 2894 2448 2961 ,At
2476 2892 2622 2945 Deus
2662 2906 2781 2946 non
2809 2889 2976 2946 habet
2998 2889 3268 2945 volunta-

1905 2974 2022 3024 tem
2046 2968 2364 3027 absolutam
2409 2970 2557 3026 circa
2579 2977 2733 3025 actus
2761 2969 2971 3025 liberos
3000 2969 3266 3025 volunta-

1906 3048 1980 3103 tis
2000 3056 2219 3116 creatae,
2245 3051 2361 3106 nisi
2391 3050 2553 3124 prius
2588 3051 2863 3123 exploret,
2896 3048 3032 3123 quid
3055 3051 3266 3106 volun-

1904 3133 1991 3183 tas
2030 3130 2152 3201 ipsa
2175 3130 2392 3186 factura
2420 3131 2511 3186 sit.
2544 3130 2843 3202 Supposita
2878 3134 3065 3185 autem
3091 3146 3266 3201 praes-

1903 3210 2114 3268 cientia
2140 3216 2378 3268 eventus
2418 3212 2804 3269 conditionate
2850 3210 3050 3278 futuri,
3083 3218 3269 3284 potest

1904 3291 2052 3347 Deus
2074 3291 2243 3347 illum
2267 3292 2523 3349 absolute
2543 3292 2859 3355 intendere,
2886 3297 2939 3348 et
2963 3291 3264 3350 tunceffec·

1902 3377 1993 3427 tus
2032 3372 2442 3441 infallibiliter,
2481 3380 2537 3430 et
2589 3374 2906 3430 necessario
2933 3374 3265 3430 necessitate

1901 3455 2311 3527 suppositionis
2336 3458 2446 3512 erit
2473 3472 2617 3523 ;non
2629 3456 2857 3527 quidem
2872 3456 3263 3528 suppositione

1902 3533 2139 3590 fundata
2181 3535 2244 3597 in
2271 3536 2544 3608 qualitate
2571 3536 2792 3600 auxilii,
2824 3551 2935 3607 quo
2964 3538 3108 3591 Deus
3132 3551 3259 3592 mo-

1900 3620 2012 3683 vet,
2042 3616 2141 3673 sed
2169 3616 2453 3673 innitente
2483 3616 2791 3674 intentioni
2823 3617 2918 3673 Dei
2955 3618 3255 3688 praescien—

1900 3698 1973 3753 tis
1996 3698 2255 3754 futurum
2276 3704 2566 3755 eventum.
2590 3697 2648 3751 Si
2664 3698 2821 3752 enim
2840 3698 3257 3771 hacpraescien-

1899 3779 1978 3835 tia
2001 3795 2118 3835 non
2142 3779 2567 3853 praesupposita,
2614 3780 2758 3834 Deus
2787 3778 3041 3836 absolute
3061 3779 3256 3836 inten-

1898 3858 2077 3927 deret,
2102 3866 2158 3918 et
2177 3865 2453 3927 moveret,
2482 3861 2570 3915 vel
2599 3865 2981 3933 exponeretur
3003 3860 3256 3932 periculo

1898 3939 2214 3997 frustrandi
2241 3957 2404 3998 suam
2441 3942 2812 4008 voluntatem,
2829 3941 2920 3996 vel
2938 3940 3254 3996 destrueret

1897 4022 2141 4080 liberam
2163 4024 2703 4081 determinationem
2729 4029 3021 4079 creaturae.

1968 4104 2075 4162 Sed
2099 4106 2218 4162 haec
2241 4106 2532 4178 responsio
2555 4104 2876 4163 voluntaria
2898 4109 2998 4169 est,
3029 4107 3084 4159 et
3112 4103 3248 4158 nul·
3276 4129 3461 4174 prm-,12,

1895 4185 2018 4241 lum
2040 4186 2479 4244 fundamentum
2502 4186 2667 4243 habet
2689 4187 2747 4242 in
2778 4184 2972 4242 relatis
3001 4186 3064 4241 D.
3091 4184 3250 4242 Tho·
3292 4177 3419 4223 ‘¹³1⁰‘-

1893 4282 2003 4323 mae
2028 4268 2376 4325 testimoniis
2406 4285 2420 4320 t
2453 4284 2586 4324 nam
2609 4268 2665 4322 S.
2698 4268 2897 4323 Doctor
2925 4265 3004 4322 ita
3045 4267 3253 4323 asserit

1893 4348 2209 4404 motionem
2237 4348 2337 4406 Dei
2360 4346 2751 4404 infallibiliter
2774 4344 3042 4404 inducere
3071 4352 3246 4416 actus,

1890 4431 1983 4486 vel
2022 4430 2270 4498 effectus,
2316 4429 2385 4487 ad
2412 4446 2551 4504 quos
2590 4435 2777 4487 movet
2815 4436 3158 4497 creaturam,
3189 4438 3250 4487 ut

1892 4526 1996 4567 nec
2015 4511 2265 4568 minimo
2285 4510 2461 4569 verbo
2482 4512 2737 4569 insinuet
2759 4528 3051 4569 recursum
3075 4510 3145 4567 ad
3175 4511 3253 4568 il-

1889 4594 2008 4649 lam
2045 4593 2461 4666 praescientiam
2491 4592 2760 4650 mediam.
2794 4596 2977 4650 lmmo
3004 4594 3248 4666 apertis-

1885 4673 2035 4731 simo
2057 4688 2343 4740 sermone,
2373 4674 2464 4730 cui
2488 4674 2601 4730 nisi
2631 4679 2894 4747 proterve
2916 4674 3148 4731 obviam
3169 4674 3245 4730 iri

1884 4771 2002 4812 non
2048 4761 2246 4830 potest,
2282 4755 2438 4813 docet
2480 4756 2962 4815 infallibilitatem
3006 4762 3249 4814 eventus

1881 4851 1915 4892 a
1943 4837 2056 4892 Deo
2084 4835 2293 4892 intenti
2317 4835 2551 4893 fundari
2576 4838 2638 4893 in
2660 4837 2921 4906 efficacia,
2953 4843 3008 4894 et
3034 4838 3254 4896 virtute

1881 4917 2186 4983 moventiS,
2219 4917 2308 4973 cui
2352 4918 2538 4974 resisti
2588 4934 2703 4975 non
2742 4919 2910 4976 valet.
2966 4921 3247 4975 Caeterum

1884 4999 1981 5072 qui
2002 5000 2181 5056 semel
2196 5000 2460 5056 animum
2476 4999 2878 5068 affirmarunt,
2913 5016 2985 5059 ne
2996 5003 3243 5076 gratiam

1884 5096 1954 5136 ex
1973 5096 2035 5137 se
2057 5079 2336 5138 efficacem
2361 5082 2698 5156 reciperent,
2725 5086 2886 5141 nullo
2908 5084 3245 5157 particulari

2879 5164 3235 5232 testimonio,
