3647 5753
1367 452 1546 509 DISP.
1588 452 1710 521 vn,
1754 451 1922 507 DUB.
1964 451 2061 508 IV.
3015 448 3088 503 95

191 619 580 684 testimonio,
639 622 1062 694 quantumlibet
1104 624 1377 693 evidenti,
1421 640 1594 700 urge-

195 697 470 765 buntur,
520 699 612 756 cui
648 716 764 757 non
791 704 1139 761 contendant
1174 706 1448 762 adhibere
1470 721 1594 762 res-

198 782 593 853 pensionem.
639 782 801 840 Unde
844 786 1027 859 magis
1053 792 1275 859 oportet
1294 786 1594 844 ostendere

193 876 434 918 eorum
492 861 834 932 doctrinam,
900 872 957 921 et
1012 867 1359 924 solutionem
1408 884 1592 940 nuper

195 939 425 999 datam
457 958 794 1017 repugnare,
816 960 934 1001 non
956 952 1181 1003 tantum
1203 948 1354 1015 huic,
1381 954 1478 1005 aut
1499 948 1589 1005 illi

192 1026 262 1079 S.
329 1026 596 1081 Doctoris
653 1026 999 1094 testimonio,
1058 1029 1157 1086 sed
1225 1029 1592 1105 generalibus

192 1104 338 1178 ejus
387 1106 712 1179 principiis,
742 1112 797 1164 et
845 1109 945 1164 toti
979 1125 1217 1167 suorum
1243 1112 1588 1184 scriptorum

194 1186 541 1242 contextui.

145 1322 162 1359 t
293 1268 429 1323 141.
476 1269 689 1325 Cuncta
716 1269 892 1343 igitur
915 1287 1041 1344 quaa
1083 1270 1319 1344 praedita
1349 1289 1592 1346 respon-

119 1380 146 1410 „
197 1346 296 1405 sio
327 1348 608 1416 involvit,
634 1350 929 1409 adversari
952 1352 1229 1411 doctrinae
1254 1356 1313 1410 D.
1356 1355 1590 1412 Thomae

118 1434 167 1508 sd
199 1428 552 1485 ostenditur
594 1434 775 1504 primo
815 1451 834 1485 .·
887 1451 1021 1492 nam
1072 1437 1276 1492 Doctor
1327 1436 1584 1503 Sanctus,

118 1526 163 1558 ο·
199 1514 271 1564 nt
292 1517 617 1583 componat
646 1510 966 1570 libertatem
1004 1520 1333 1571 nostrorum
1357 1521 1587 1571 actuum

119 1579 167 1609 ω’
197 1607 343 1647 cum
376 1590 625 1647 efficacia
647 1590 861 1650 divinae
887 1595 1283 1665 voluntatis,et
1311 1597 1586 1653 motionis

196 1669 275 1726 ab
303 1687 380 1727 ea
412 1670 710 1739 derivatae,
746 1676 988 1730 recurrit
1009 1674 1078 1731 ad
1107 1676 1584 1749 omnipotentiam

199 1752 332 1816 Dei,
391 1758 450 1808 et
480 1752 552 1809 ad
582 1754 1073 1813 universalitatem
1102 1756 1287 1813 divini
1332 1756 1586 1813 influxus

194 1849 329 1890 sese
355 1833 726 1891 extendentis
755 1842 871 1892 tam
891 1836 960 1893 ad
987 1838 1386 1907 substantiam,
1411 1854 1583 1910 quam

199 1916 276 1973 ad
329 1916 546 1974 modos
600 1925 927 1975 nostrarum
975 1920 1396 1993 operationum,
1443 1916 1585 1993 qui'n

203 1999 329 2055 ullo
356 1998 546 2055 verbo
566 1999 636 2055 ad
664 2000 961 2058 scientiam
990 2001 1244 2059 mediam
1266 2001 1578 2076 confugiat.

198 2082 293 2137 Sic
325 2083 387 2136 in
412 2089 600 2159 quast.
627 2085 718 2148 23,
749 2084 813 2137 de
841 2086 997 2139 verit.
1027 2092 1138 2141 art.
1172 2086 1224 2149 ὖ,
1252 2087 1335 2138 ait
1361 2103 1378 2137 .·
1413 2107 1437 2136 «
1469 2086 1583 2142 Vo-

207 2186 232 2214 «ι
281 2162 489 2218 luntas
540 2160 740 2219 divina
792 2170 876 2220 est
922 2180 1093 2237 agens
1139 2163 1522 2221 fortissimum
1566 2188 1579 2222 ε

207 2268 230 2294 α
280 2242 444 2299 unde
473 2248 695 2315 oportet
738 2244 860 2317 ejus
908 2244 1169 2302 effectum
1221 2246 1274 2301 ei
1315 2246 1584 2302 omnibus

208 2352 232 2375 a
279 2325 482 2382 modis
509 2325 841 2387 assimilari.
874 2333 934 2382 ut
976 2343 1094 2383 non
1138 2329 1327 2385 solum
1379 2327 1479 2384 fiat
1525 2327 1582 2383 id

207 2430 233 2458 α
275 2406 439 2479 quod
472 2407 616 2461 Deus
651 2407 771 2461 vult
800 2406 946 2475 fieri,
973 2406 1121 2480 quod
1147 2413 1232 2464 est
1270 2409 1582 2468 assimilari

207 2510 233 2537 a
277 2486 611 2543 secundum
638 2488 884 2559 speciem
916 2512 929 2553 ;
960 2488 1055 2544 sed
1086 2495 1145 2544 ut
1173 2488 1270 2545 fiat
1295 2506 1360 2546 eo
1390 2490 1578 2556 mod0,

210 2593 236 2619 α
280 2586 398 2642 quo
421 2572 576 2625 Deus
601 2571 726 2624 vult
756 2570 898 2625 illud
929 2568 1074 2630 fieri.
1110 2570 1166 2625 id
1187 2577 1290 2638 est,
1323 2588 1583 2628 necessa-

211 2676 236 2703 «
283 2652 505 2717 rio,vel
526 2652 938 2724 contingenter,
969 2653 1098 2717 cit0‚
1130 2654 1219 2709 vel
1249 2653 1426 2709 tarde.
1455 2674 1479 2703 »
1516 2654 1584 2707 Et

205 2750 392 2804 opusc.
416 2734 478 2797 2,
504 2750 624 2803 cap.
652 2733 772 2799 140,
794 2732 906 2787 ait:
938 2756 964 2784 α
988 2732 1073 2788 Ad
1096 2733 1404 2791 efficaciam
1427 2732 1583 2789 divi-

211 2837 234 2864 «
281 2830 376 2869 nae
407 2813 729 2870 voluntatis
758 2814 1022 2886 pertinet,
1054 2819 1112 2868 ut
1137 2829 1252 2871 non
1274 2815 1463 2871 solum
1487 2812 1582 2869 fiat

212 2920 237 2949 a
278 2897 436 2970 quod
470 2899 616 2953 Deus
640 2897 779 2963 vult,
810 2896 909 2953 sed
949 2903 1102 2954 uteo
1125 2897 1294 2955 modo
1322 2896 1439 2963 fiat,
1470 2911 1583 2969 quo

213 3001 238 3029 ε(
281 2978 341 3033 id
381 2977 524 3034 fieri
553 2979 676 3032 vult
709 3002 722 3034 ι
772 2979 896 3033 vult
949 2984 1138 3035 autem
1166 2978 1426 3051 quaedam
1455 2977 1579 3036 fieri

213 3081 237 3108 α
282 3058 633 3122 necessario,
653 3061 706 3113 et
727 3055 987 3129 quaedam
1013 3059 1432 3133 contingenter,
1448 3060 1583 3133 quia

214 3160 239 3188 a
282 3143 603 3210 utrumque
632 3138 947 3209 requiritur
975 3138 1042 3195 ad
1084 3140 1433 3211 completum
1462 3154 1584 3196 esse

215 3243 239 3272 a
281 3220 555 3277 universi
601 3242 614 3275 ε
662 3226 724 3276 ut
768 3221 946 3294 igitur
995 3237 1085 3278 res
1130 3226 1369 3294 utroque
1414 3222 1583 3279 modo

218 3322 241 3351 a
282 3300 687 3372 provenirent,
736 3299 1077 3373 quibusdam
1120 3300 1348 3373 adaptat
1388 3317 1583 3358 causas

219 3404 242 3432 «
286 3382 661 3448 necessarias,
710 3381 1053 3454 quibusdam
1103 3385 1575 3458 contingentes.»

213 3461 358 3524 Quid
405 3467 603 3517 autem
655 3461 748 3527 sit,
804 3466 984 3518 Deum
1033 3460 1304 3535 adaptare
1349 3479 1580 3519 causam

216 3540 466 3598 liberam
493 3540 562 3597 ad
589 3541 965 3613 operandum,
1016 3540 1264 3599 declarat
1316 3541 1470 3600 idem
1520 3545 1578 3599 S.

215 3622 415 3677 Doctor
440 3638 606 3694 super
624 3623 783 3693 epist.
824 3622 900 3676 ad
928 3620 1063 3678 Heb.
1090 3640 1212 3694 cap.
1252 3624 1334 3688 12,
1380 3622 1450 3678 ad
1479 3623 1581 3678 illa

221 3700 388 3756 verba
415 3721 428 3756 ε
456 3699 604 3756 Deus
628 3709 812 3756 autem
832 3704 991 3774 pacis
1029 3709 1174 3774 aptet
1220 3720 1313 3757 vos
1341 3705 1399 3757 in
1431 3704 1583 3757 omni

219 3779 367 3846 bono,
393 3780 492 3856 ubi
515 3782 632 3836 lect.
665 3783 720 3847 3,
754 3782 941 3853 inquit
974 3803 986 3837 :
1023 3804 1048 3835 «
1080 3783 1392 3855 Dupliciter
1419 3788 1580 3855 apta-

230 3883 252 3911 «
292 3867 383 3917 tur
412 3861 585 3918 homo
631 3861 702 3918 ad
731 3861 1224 3931 benefaciendum,
1271 3878 1385 3920 uno
1413 3862 1582 3920 modo

231 3966 255 3993 α
293 3944 544 4000 exterius
589 3944 882 4017 operando
912 3970 928 4013 ;
993 3951 1049 4002 et
1099 3945 1179 4001 sic
1218 3962 1372 4002 unus
1409 3945 1582 4002 homo

232 4045 256 4073 α
294 4029 449 4096 aptat
488 4025 668 4080 alium
723 4023 1119 4097 persuadendo
1182 4026 1275 4082 vel
1335 4026 1573 4083 commi·

234 4126 257 4152 ι
298 4104 527 4161 nando:
575 4105 691 4162 alio
737 4104 908 4162 modo
949 4105 1170 4178 aliquid
1218 4107 1465 4162 interius
1491 4123 1583 4163 ex·

235 4205 258 4232 α
297 4184 565 4253 hibendo‘,
620 4191 676 4242 et
733 4186 815 4242 sic
869 4187 1023 4243 solus
1075 4189 1240 4243 Deus.
1280 4192 1433 4260 aptat
1478 4202 1583 4243 vo-

237 4286 259 4314 «
299 4266 600 4332 luntatem,
649 4266 750 4338 qui
802 4266 957 4322 solus
1010 4267 1194 4339 ipsam
1248 4272 1429 4339 potest
1466 4267 1580 4322 im-

237 4366 260 4394 «
298 4351 539 4410 mutare,
582 4344 898 4401 secundum
944 4344 1090 4402 illud
1137 4346 1410 4404 Proverb.
1459 4349 1525 4403 21
1567 4368 1580 4402 z

237 4448 260 4476 ε
287 4429 406 4484 Cor
447 4429 594 4502 regis
636 4428 699 4482 in
735 4443 911 4483 manu
952 4428 1205 4495 Domini,
1229 4443 1585 4502 quocumque

239 4531 262 4558 ι
299 4511 562 4575 voluerit,
595 4514 780 4566 vertet
806 4508 971 4565 illud.
1006 4529 1031 4561 n
1085 4509 1341 4567 Eandem
1369 4510 1584 4568 doctri-

237 4604 363 4646 nam
390 4591 563 4648 tradit
592 4593 609 4647 1
644 4599 794 4663 part.
817 4598 998 4667 quast.
1028 4592 1110 4658 19,
1126 4599 1239 4648 art.
1266 4593 1378 4659 8,et
1398 4600 1580 4671 quoest.

236 4671 321 4738 22,
348 4680 456 4728 art.
475 4675 534 4738 4,
560 4680 609 4727 et
629 4679 814 4749 quaest.
842 4674 935 4738 23,
966 4680 1079 4728 art.
1109 4674 1166 4741 6,
1195 4680 1244 4729 et
1273 4681 1454 4751 quoest.
1485 4676 1579 4744 83,

239 4760 340 4807 art.
377 4754 395 4808 l
451 4754 524 4808 ad
549 4754 605 4818 3,
648 4760 698 4807 et
738 4755 798 4808 in
822 4753 928 4808 hac
962 4754 1007 4820 l,
1032 4756 1089 4818 2,
1121 4761 1301 4831 quaest.
1343 4755 1425 4822 10,
1469 4763 1579 4813 art.

241 4835 272 4886 4
310 4834 380 4888 ad
414 4835 460 4901 1,
482 4842 530 4890 et
558 4837 619 4889 in
648 4834 782 4901 l‚ad
800 4833 1104 4892 Annibald.
1125 4835 1258 4891 dist.
1279 4836 1371 4902 47,
1396 4844 1579 4913 quam.

251 4917 474 4982 l,are.4
506 4917 583 4971 ad
608 4917 667 4981 4,
696 4923 743 4971 et
798 4917 816 4971 l
870 4914 1169 4973 Pernen-m.
1198 4917 1314 4973 lect.
1348 4918 1431 4985 14,
1465 4925 1517 4973 et
1550 4919 1586 4973 6

245 4995 605 5071 Memphlect.
637 4997 672 5051 3
691 5004 739 5052 et
768 4999 814 5063 l,
832 5005 1020 5054 contra
1037 5006 1235 5069 yeme-³,
1260 5016 1381 5072 cap.
1409 5000 1500 5067 55,
1532 5005 1588 5057 et

248 5078 376 5135 alibi
420 5093 587 5151 saepe.
623 5077 739 5134 Hoc
777 5083 964 5135 autem
991 5079 1341 5153 principium
1393 5080 1588 5137 conci-

1729 623 1865 679 liari
1912 639 2029 680 non
2077 627 2255 696 potest
2298 638 2429 679 cum
2476 619 2864 693 responsione,
2913 634 3085 690 quam

1729 706 2136 780 impugnamus
2169 729 2182 773 ;
2215 720 2350 760 nam
2387 704 2548 778 juxta
2588 703 2754 759 illam
2798 717 2913 757 non
2961 700 3089 758 ideo

1728 787 1907 845 motio
1957 784 2158 843 divina
2210 785 2385 841 infert
2432 782 2828 840 infallibiliter
2876 786 3083 847 actum,

1726 869 1863 941 quia
1891 871 2037 925 Deus
2056 874 2140 925 est
2166 868 2548 940 omnipotenS,
2575 872 2631 922 et
2658 865 2900 938 applicat
2922 879 3087 925 suam

1729 949 2002 1005 virtutem
2027 948 2096 1004 ad
2111 948 2359 1013 effectuS‚
2384 964 2524 1020 quos
2541 946 2795 1003 absolute
2813 942 3083 1003 intendit.

1725 1035 1783 1087 et
1800 1028 2028 1105 subJ'icit
2044 1029 2154 1085 sibi
2168 1030 2527 1102 operationes
2543 1034 2757 1085 creatas
2770 1032 2886 1083 tam
2903 1023 3085 1098 quoad

1725 1111 2123 1177 substantiam,
2173 1128 2345 1183 quam
2391 1110 2575 1183 quoad
2628 1109 2864 1167 modum
2918 1132 2930 1174 3
2987 1104 3086 1163 sed

1728 1191 1913 1264 potius
1939 1192 2134 1250 omnia
2166 1192 2285 1246 vice
2328 1207 2491 1246 versa
2530 1190 2901 1263 contingunt;
2947 1201 3084 1241 nam

1723 1272 1980 1344 sequitur
2012 1271 2398 1327 infallibiliter
2440 1276 2612 1336 actus,
2644 1270 2778 1342 quia
2819 1269 3086 1325 voluntas

1724 1357 1913 1409 creata
1937 1352 2283 1409 determinat
2311 1352 2623 1408 motionem
2668 1350 2764 1407 Dei
2792 1366 2863 1407 ex
2889 1364 2948 1405 se
2989 1349 3085 1404 in-

1725 1431 2086 1490 differentem
2124 1455 2136 1488 ε
2183 1432 2333 1489 unde
2361 1434 2478 1489 tota
2518 1430 2907 1487 infallibilitas
2956 1431 3086 1485 sun-

1723 1515 1893 1571 datur
1928 1516 2129 1572 nonin
2152 1516 2383 1580 virtute,
2430 1516 2521 1571 vel
2551 1514 2805 1571 motione
2834 1512 2953 1577 Dei,
2986 1509 3083 1567 sed

1723 1598 1787 1654 in
1826 1600 2216 1671 suppositione
2256 1596 2610 1663 accidentali,
2637 1595 2789 1668 quod
2816 1596 3084 1651 voluntas

1722 1687 1909 1737 creata
1937 1680 2177 1754 praevisa
2203 1686 2288 1738 est
2344 1686 2648 1753 operatura
2692 1680 2752 1734 in
2797 1678 2895 1733 tali
2934 1692 3085 1733 occa-

1721 1779 1904 1819 sione.

1804 1839 1923 1892 142.
1957 1836 2205 1895 Secundo
2231 1836 2529 1909 Angelicus
2550 1839 2749 1892 Doctor
2778 1839 3083 1905 perpetuus
3134 1845 3265 1916 1³:³9¹st

1720 1924 1806 1977 est
1833 1921 1894 1976 in
1910 1918 2214 1976 asserendo
2243 1922 2419 1975 Deum
2446 1918 2663 1974 efficere
2688 1922 2907 1973 nostros
2930 1921 3082 1972 actus
3098 1894 3272 1986 ᾱξῖιξῇξζζ

1724 2000 1955 2067 liberOS,
1986 2015 2103 2057 non
2124 2000 2312 2056 solum
2334 1999 2468 2072 quia
2488 1998 2642 2053 dedit
2662 2000 2931 2054 virtutem
2956 2014 3083 2070 ope·
3120 1994 3265 2084 ἳΰξξῑῗῐ

1725 2079 1911 2146 randi,
1943 2081 2034 2135 vel
2062 2080 2194 2151 quia
2211 2080 2383 2134 simul
2409 2078 2703 2135 nobiscum
2730 2078 2929 2134 influat
2950 2102 2960 2141 ;
2985 2076 3080 2134 sed
3096 2056 3136 2134 ei
3144 2052 3285 2181 2552·

1721 2162 1857 2235 quia
1885 2176 1987 2216 nos
2009 2161 2252 2233 applicat
2275 2159 2344 2215 ad
2363 2158 2667 2234 agendum.
2699 2158 2860 2214 l'nde
2883 2156 3082 2213 adver·
3122 2153 3252 2233 3¹33·-

1715 2258 1816 2296 sus
1846 2242 1977 2297 illos
2001 2241 2097 2312 qui
2129 2241 2229 2296 hoc
2254 2240 2536 2314 negabant
2563 2243 2674 2312 (ne,
2709 2245 2768 2293 ut
2813 2238 2917 2310 ipsi
2946 2254 3083 2293 cen-

1719 2320 1939 2386 sebant,
1975 2319 2278 2376 laederetur
2308 2320 2540 2376 libertas
2575 2319 2843 2387 arbitrii),
2899 2316 3086 2388 inquit

1721 2402 1820 2458 lib.
1874 2403 1928 2465 3,
1978 2406 2176 2457 contra
2220 2406 2434 2473 genteS,
2480 2417 2601 2473 cap.
2650 2402 2722 2452 89
2756 2420 2767 2453 :
2800 2422 2824 2449 «
2868 2396 3086 2461 Quibus

1726 2505 1751 2535 «
1792 2482 2025 2555 quidem
2070 2480 2511 2537 authoritatibus
2556 2496 2728 2536 sacra)
2780 2478 3086 2550 Scripturae

1725 2590 1750 2619 α
1795 2565 2085 2621 resistitur
2112 2564 2409 2620 evidenter
2448 2587 2460 2630 ;
2490 2562 2701 2618 dicitur
2740 2562 2899 2618 enim
2928 2559 3086 2617 lsaiae

1727 2668 1751 2698 «
1784 2647 1868 2716 26
1900 2666 1912 2701 ε
1944 2646 2155 2701 Omnia
2207 2660 2381 2717 opera
2442 2649 2635 2700 nostra
2686 2648 2950 2716 operatus
3002 2656 3079 2709 es,

1726 2751 1752 2781 «
1795 2728 2056 2784 Domine.
2094 2726 2256 2783 Unde
2298 2743 2415 2783 non
2445 2726 2630 2782 solum
2661 2726 2935 2781 virtutem
2982 2739 3086 2779 vo-

1726 2833 1752 2864 «
1797 2810 1952 2866 lendi
1999 2826 2031 2865 a
2068 2813 2180 2867 Deo
2221 2808 2518 2871 habemus,
2574 2807 2672 2864 sed
2724 2807 2900 2864 etiam
2949 2821 3085 2879 ope-

1727 2914 1752 2944 «
1797 2891 2100 2947 rationem.
2153 2893 2431 2947 Praeterea
2500 2889 2603 2946 hoc
2671 2889 2879 2961 ipsum,
2936 2885 3085 2960 quod

1727 2995 1752 3025 «
1795 2973 2066 3029 Salomon
2106 2971 2243 3028 dicit
2272 2970 2544 3028 Proverb.
2577 2972 2641 3025 21
2678 2991 2690 3025 z
2720 2973 3086 3040 Quocumque

1727 3076 1752 3107 «
1794 3054 2060 3117 voluerit,
2108 3058 2291 3109 vertet
2337 3052 2505 3118 illud,
2535 3049 2783 3108 ostendit
2822 3050 3085 3106 divinam

1727 3157 1752 3188 α
1794 3134 2185 3190 causalitatem
2212 3149 2328 3189 non
2344 3135 2529 3190 solum
2552 3131 2782 3189 extendi
2802 3130 2870 3186 ad
2894 3136 3087 3202 poten·

1726 3238 1752 3267 ι(
1794 3215 1938 3271 tiam
1979 3214 2310 3279 voluntatis,
2337 3212 2434 3271 sed
2470 3214 2643 3270 etiam
2668 3211 2737 3268 ad
2780 3219 2965 3268 actum
2997 3213 3087 3285 ip-

1727 3319 1752 3350 «
1794 3297 1932 3353 siuS.
1966 3298 2106 3352 Item
2132 3298 2278 3352 Deus
2308 3310 2421 3351 non
2450 3297 2637 3352 solum
2667 3295 2760 3350 dat
2789 3295 3083 3359 virtutem,

1727 3403 1752 3432 «
1792 3377 1891 3436 sed
1917 3378 2092 3434 etiam
2124 3379 2285 3433 nulla
2310 3393 2398 3432 res
2423 3384 2600 3450 potest
2622 3378 2853 3450 propria
2876 3377 3089 3431 virtute

1725 3483 1751 3512 «
1792 3475 1981 3534 agere,
2042 3459 2155 3514 nisi
2218 3464 2346 3531 agat
2408 3459 2470 3514 in
2522 3459 2736 3514 virtute
2779 3458 2977 3529 ipsiuS,
3027 3460 3089 3510 ut

1726 3561 1752 3592 α
1792 3555 1967 3611 supra
2018 3541 2309 3594 ostensum
2368 3543 2470 3595 est.
2538 3539 2685 3611 Ergo
2742 3536 2913 3592 homo
2968 3549 3085 3590 non

1726 3645 1752 3674 «
1802 3624 1982 3693 potest
2024 3621 2236 3676 virtute
2288 3618 2601 3676 voluntatis
2647 3617 2757 3673 sibi
2801 3616 2931 3672 data
2979 3616 3081 3682 uti,

1725 3725 1751 3756 α
1794 3702 1907 3758 nisi
1961 3702 2025 3756 in
2085 3707 2362 3772 quantum
2417 3701 2533 3774 agit
2584 3701 2646 3755 in
2700 3700 2912 3755 virtute
2960 3698 3077 3754 Dei.

1726 3805 1751 3836 «
1790 3780 1937 3839 Illud
1966 3786 2155 3837 autem
2185 3782 2247 3837 in
2289 3781 2445 3854 cujus
2485 3781 2697 3836 virtute
2723 3796 2896 3854 agens
2942 3779 3076 3853 agit,

1726 3886 1751 3917 α
1794 3867 1879 3920 est
1910 3878 2079 3918 causa
2106 3879 2223 3920 non
2262 3863 2450 3918 solum
2494 3862 2741 3930 virtutiS,
2769 3860 2865 3918 sed
2907 3861 3084 3918 etiam

1725 3966 1751 3997 «
1796 3948 1969 4000 actus.
2002 3942 2160 4008 Quod
2190 3943 2251 3999 in
2294 3941 2512 4000 artifice
2540 3950 2793 4016 apparet.
2843 3943 2905 3998 in
2928 3942 3089 4016 cujus

1726 4047 1751 4076 «
1793 4024 2008 4081 virtute
2055 4024 2170 4098 agit
2217 4025 2691 4086 instrumentum.
2724 4023 2898 4079 etiam
2940 4023 3089 4095 quod

1726 4129 1752 4160 (ι
1794 4105 1866 4163 ab
1911 4106 2015 4163 hoc
2061 4105 2280 4164 artifice
2326 4107 2623 4179 propriam
2678 4106 2926 4163 sormam
2973 4121 3089 4161 non

1726 4210 1752 4240 t(
1796 4187 2024 4260 accepit.
2055 4189 2201 4244 Deus
2228 4203 2364 4261 ergo
2392 4192 2474 4243 est
2499 4203 2667 4244 causa
2693 4186 2753 4242 in
2784 4184 2949 4242 nobis
2973 4200 3090 4241 non

1726 4292 1752 4323 α
1795 4271 1984 4327 solum
2012 4268 2345 4334 voluntatis,
2394 4269 2493 4327 sed
2535 4269 2710 4325 etiam
2761 4267 3015 4325 volendi.
3059 4287 3084 4316 2>

1721 4351 1878 4409 Idem
1908 4351 2081 4408 tradit
2110 4359 2294 4428 quast.
2317 4352 2371 4419 3,
2398 4353 2462 4407 de
2482 4353 2750 4424 potentia,
2775 4352 2956 4413 art.7,
2993 4347 3090 4403 ubi

1718 4432 2003 4489 concludit
2022 4453 2072 4487 z«
2103 4431 2193 4487 Sic
2218 4447 2353 4506 ergo
2380 4435 2524 4489 Deus
2550 4436 2634 4487 est
2658 4446 2825 4487 causa
2850 4429 3093 4502 cujusli-

1727 4535 1753 4566 «
1791 4512 1902 4579 bet,
1948 4513 2011 4568 in
2037 4518 2318 4584 quantum
2341 4511 2438 4568 dat
2466 4512 2739 4568 virtutem
2763 4509 2988 4584 agendi,
3039 4515 3095 4567 et

1727 4617 1753 4647 α
1798 4595 1863 4651 in
1889 4600 2170 4667 quantum
2210 4610 2486 4651 conserva
2510 4609 2596 4658 ea,
2635 4599 2691 4650 et
2719 4593 2780 4648 in
2807 4598 3090 4664 quantum

1727 4698 1754 4728 α
1797 4675 2047 4748 applicat
2069 4675 2296 4732 actioni.
2352 4695 2376 4726 ι)
2413 4674 2567 4731 Idem
2616 4674 2821 4747 repetit
2858 4677 2874 4729 1
2931 4682 3085 4746 part.

1720 4763 1904 4831 quaest.
1946 4757 2028 4822 19,
2059 4762 2168 4812 art.
2219 4757 2254 4811 3
2294 4755 2442 4820 ad5,
2471 4762 2521 4809 et
2550 4762 2731 4832 quast.
2762 4756 2853 4816 83,
2886 4762 2998 4812 art.
3064 4758 3081 4811 l

1721 4836 1796 4891 ad
1822 4837 1877 4903 3,
1894 4841 1957 4912 „et
1998 4843 2180 4913 qamt.
2224 4837 2342 4902 105,
2388 4841 2498 4891 art.
2531 4837 2567 4888 ὃ
2600 4835 2675 4890 ad
2725 4836 2780 4900 3,
2828 4844 2877 4890 et
2922 4853 3087 4908 super

1722 4917 1877 4990 epist.
1920 4916 1997 4970 ad
2021 4916 2176 4973 Rom.
2206 4934 2330 4990 cap.
2361 4916 2415 4981 9,
2447 4915 2566 4971 lect.
2594 4917 2648 4982 3,
2681 4923 2731 4971 et
2751 4933 2912 4989 supe-r
2962 4918 2979 4971 l
3014 4917 3090 4972 ad

1725 4996 1980 5054 Corinth.
2010 5014 2130 5070 cap.
2149 4998 2231 5062 15,
2264 4997 2442 5060 tecm.
2473 5003 2523 5050 ct
2552 4996 2645 5053 lib.
2672 4998 2707 5051 2
2732 4996 3085 5069 Physic.lect.

1723 5081 1778 5148 8,
1808 5086 1858 5135 et
1880 5081 1941 5135 in
1964 5081 2071 5136 hac
2107 5082 2153 5148 1,
2191 5081 2246 5147 2,
2280 5085 2462 5157 quassi.
2496 5080 2550 5145 6,
2582 5085 2691 5135 art.
2747 5081 2791 5146 l,
2821 5086 2873 5134 et
2907 5086 3089 5156 qamt.
