3647 5753
1422 394 1598 450 mse.
1644 395 1711 461 11,
1758 393 1924 449 DUB.
1969 396 2036 451 11.
3006 401 3116 455 345

249 585 562 629 commune
589 574 714 625 erat
747 574 864 625 tam
887 568 1085 642 gratiae
1114 567 1414 633 habituali,
1445 583 1616 640 quam

253 652 480 717 virtuti,
517 667 629 723 qua
659 651 839 705 Deum
886 648 1205 723 diligimus,
1246 650 1392 702 Usus
1425 653 1617 705 tamen

252 733 677 806 Theologorum
720 729 871 794 fecit,
907 733 967 784 ut
1011 728 1308 786 charitatis
1335 744 1446 786 vox
1487 743 1618 801 spe-

249 813 480 869 cialiter
526 809 941 868 attribueretur
986 808 1229 874 virtuti,
1286 824 1395 881 qua
1437 810 1617 865 Deum

250 893 570 966 diligimus
622 896 684 945 ut
715 890 794 945 sic
827 888 1032 963 majori
1080 889 1336 945 claritate
1389 889 1452 944 in
1499 888 1618 945 suis

251 969 739 1046 disputationibus
765 968 1153 1042 procederent.

52 1058 238 1114 Avvlica-
328 1052 499 1110 Unde
519 1067 650 1108 cum
680 1050 741 1105 in
764 1048 1076 1122 Scriptura,
1103 1054 1159 1104 et
1187 1047 1452 1105 Patribus
1472 1048 1617 1105 anti·

52 1112 229 1201 {fflffi‘s
252 1135 382 1208 quis
403 1132 594 1206 aliqua
608 1130 679 1187 de
697 1130 976 1186 charitate
995 1128 1282 1196 dicuntur,
1312 1129 1617 1201 inspicien-

73 1205 187 1298 „⁶3ssss
254 1214 396 1270 dum
435 1218 536 1279 est,
569 1210 705 1285 quid
735 1210 845 1283 ipsi
873 1208 1213 1274 attribuant,
1247 1215 1307 1264 ut
1335 1216 1437 1266 hoc
1458 1213 1617 1282 pacto

192 1288 200 1298 '
254 1294 586 1369 dignoscere
636 1292 939 1365 possimuS‚
992 1289 1062 1346 de
1088 1306 1197 1363 qua
1224 1290 1501 1346 charitate
1528 1291 1617 1346 lo-

255 1380 525 1448 quantur.
558 1374 697 1430 Cum
718 1372 879 1428 enim
908 1371 1016 1444 ipsi
1046 1369 1369 1426 attribuunt
1397 1370 1615 1442 perfec-

260 1457 464 1522 tiones
496 1470 618 1527 quae
646 1454 706 1509 in
735 1453 933 1510 anima
961 1451 1293 1508 immediate
1316 1452 1489 1525 recipi
1511 1468 1614 1509 ex-

257 1538 513 1609 poscunt,
565 1533 813 1606 profecto
858 1534 1173 1605 loquuntur
1221 1531 1290 1589 de
1340 1532 1616 1590 charitate

254 1615 514 1681 rediculi,
540 1630 638 1670 seu
667 1612 738 1670 de
756 1614 942 1687 gratia
971 1612 1271 1679 habituali,
1296 1615 1383 1688 cuj
1394 1613 1614 1670 usmodi

63 1698 333 1755 ¹¹¹0an·³·est
358 1697 504 1754 illud
536 1699 580 1762 1,
607 1697 771 1753 Joan.
797 1696 832 1750 3
859 1720 872 1753 =
910 1695 1092 1754 Videte
1120 1698 1336 1774 qualem
1364 1697 1616 1752 charita-

252 1786 357 1834 tem
381 1777 526 1833 dedit
555 1776 709 1832 nobis
749 1775 934 1844 Pater,
976 1785 1036 1833 ut
1069 1778 1176 1848 filii
1223 1777 1325 1833 Dei
1364 1779 1615 1832 nomine-

253 1877 390 1925 mur,
416 1868 466 1914 et
490 1861 684 1914 simus.
717 1861 859 1913 Cum
900 1859 1060 1914 enim
1103 1859 1218 1914 haec
1245 1856 1449 1915 filiatio
1491 1876 1614 1931 pos-

250 1940 388 1997 tulet
410 1939 762 1996 consortium
792 1943 1011 1994 naturae
1037 1936 1270 2006 divinae,
1327 1944 1382 1994 et
1409 1946 1614 1996 natura

249 2019 322 2074 sit
368 2020 559 2093 prima
603 2017 768 2075 radix
814 2034 1035 2084 eorum,
1068 2033 1192 2091 qum
1237 2018 1298 2074 in
1345 2020 1615 2091 potentiis

253 2099 626 2172 recipiuntur,
657 2103 714 2155 et
757 2096 967 2154 debent
994 2098 1252 2154 animam
1283 2098 1615 2156 immediate

252 2178 500 2246 afficere;
532 2177 906 2252 proculdubio
933 2193 998 2234 eo
1024 2178 1146 2234 loco
1172 2177 1466 2234 charitatis
1481 2194 1615 2235 voce

253 2275 368 2315 non
389 2260 736 2334 intelligitur
757 2259 943 2315 virtus
971 2262 1191 2330 recepta
1213 2258 1274 2313 in
1297 2260 1608 2328 voluntate,

251 2339 349 2397 sed
392 2340 576 2414 gratia
624 2339 935 2396 habitualis
965 2338 1314 2404 ¹immediate
1353 2341 1611 2398 animam

47 2448 211 2496 August.
254 2421 518 2478 afficiens.
551 2423 620 2477 Et
659 2421 722 2477 in
749 2420 950 2478 eodem
977 2437 1147 2479 sensu
1194 2421 1340 2478 dixit
1376 2424 1606 2496 August

254 2506 395 2559 tom.
437 2504 520 2568 10,
545 2518 718 2559 serm.
749 2504 795 2569 l,
829 2502 893 2558 in
935 2502 1218 2559 Dominic.
1247 2504 1302 2569 2,
1331 2510 1453 2576 post
1475 2506 1613 2578 Epi·-

257 2583 415 2654 phan
434 2628 447 2641 .
493 2586 650 2642 Sicut
695 2585 866 2641 radim
916 2587 1160 2641 omnium
1214 2587 1488 2642 malorum
1535 2595 1611 2642 est

257 2664 548 2736 cupidita&
563 2667 643 2720 ica
658 2665 827 2721 rad-ix
845 2667 1092 2721 omnium
1107 2665 1369 2722 bonorum
1390 2674 1467 2723 est
1487 2667 1613 2723 cha·

252 2746 413 2800 ritas,
444 2744 700 2802 Charitas
738 2746 948 2818 quippe
974 2746 1035 2801 in
1070 2747 1363 2803 voluntate
1390 2752 1614 2820 recepta

252 2840 372 2884 non
399 2825 566 2884 habet
609 2827 888 2885 rationem
932 2826 1154 2885 radicis·
1187 2834 1439 2901 respectu
1482 2845 1611 2887 om-

249 2908 414 2964 nium
442 2908 726 2966 donorum
753 2910 1300 2982 supernaturalium,
1330 2928 1458 2967 cum
1490 2912 1611 2985 ipsa

247 2988 435 3060 potius
488 2987 773 3045 radicetur
802 2988 863 3044 in
908 2990 1094 3063 gratia
1133 3005 1193 3045 se
1239 2990 1483 3048 habente
1511 3007 1613 3064 per

242 3067 483 3125 modum
509 3073 754 3125 naturae.
785 3068 1025 3133 Quando
1051 3085 1190 3127 vero
1234 3070 1498 3127 charitati
1521 3076 1611 3127 at-

243 3148 513 3205 tribuunt
540 3148 916 3221 perfectiones
945 3150 1216 3222 proprias,
1233 3152 1466 3207 virtutis
1485 3168 1612 3224 pro·

240 3228 406 3286 xime
457 3229 799 3302 operativae,
856 3231 1169 3302 loquuntur
1214 3230 1284 3288 de
1333 3232 1612 3290 charitate

239 3310 584 3382 particulari
613 3311 847 3377 virtute,
877 3327 1000 3384 quae
1043 3311 1253 3369 residet
1279 3312 1611 3372 immediate

235 3387 301 3445 in
320 3389 789 3447 voluntate.Cum
807 3406 941 3465 ergo
957 3391 1215 3448 animam
1236 3392 1607 3462 sanctificare,

230 3468 575 3543 justificare,
598 3468 799 3528 *delere
826 3477 1066 3543 peccata,
1099 3477 1205 3528 etc.
1233 3472 1351 3528 sint
1391 3474 1611 3546 perfec-

233 3551 427 3609 tiones
472 3552 719 3626 propriae
745 3559 967 3610 naturae
991 3553 1206 3609 divinas
1233 3569 1334 3626 per
1374 3554 1610 3627 partici-

230 3632 557 3703 pationem,
583 3648 694 3704 qua
724 3632 914 3704 primo
937 3632 1284 3700 radicaliter,
1309 3641 1366 3691 et
1379 3635 1609 3708 simpli-

229 3712 377 3770 citer
422 3726 797 3780 renovamur,
853 3719 909 3769 et
945 3729 1056 3786 qua
1104 3715 1512 3784 ‚constituimur
1545 3715 1610 3772 in

227 3808 355 3849 esse
371 3793 637 3849 filiorum
661 3792 760 3849 Dei
777 3816 791 3860 ;
814 3795 1090 3867 sequitur,
1116 3793 1264 3867 quod
1281 3794 1611 3853 testimonia

229 3872 576 3945 Scripturae,
603 3877 660 3928 et
682 3873 938 3941 Patrum,
963 3890 1087 3947 quae
1112 3874 1214 3930 has
1236 3874 1611 3946 perfectiones

225 3952 511 4010 charitati
560 3952 987 4010 accommodant
1012 3996 1025 4019 ,
1073 3953 1322 4027 intelligi
1367 3953 1610 4012 debeant

225 4050 356 4091 non
385 4034 463 4092 de
486 4033 687 4090 habitu
713 4035 946 4107 speciali
974 4035 1269 4093 charitatis
1292 4042 1512 4108 recepto
1543 4038 1608 4093 in

223 4117 543 4172 voluntate
563 4115 849 4187 (quamvis
865 4131 966 4175 nec
988 4114 1046 4170 id
1062 4116 1368 4175 concedere
1383 4117 1611 4190 prodes·

223 4201 313 4254 set
363 4195 613 4268 Vasquii
666 4197 949 4269 opinioni)
993 4201 1048 4253 et
1092 4199 1278 4258 multo
1304 4200 1500 4255 minus
1538 4199 1610 4257 de

226 4276 581 4349 operatione
591 4277 860 4350 praedicto
874 4276 1095 4334 habitui
1106 4279 1606 4352 correspondente:

222 4355 327 4413 sed
349 4355 705 4429 exponenda
724 4361 858 4413 sunt
880 4355 952 4414 de
968 4358 1154 4432 gratia
1176 4357 1471 4428 habituali,
1485 4375 1610 4433 quas

228 4442 317 4494 est
359 4438 565 4511 prima
591 4438 859 4507 charitaS,
891 4454 953 4494 ac
983 4440 1344 4510 pulchritudo
1371 4441 1603 4509 animas,

226 4524 284 4577 et
307 4519 628 4593 participat
650 4524 920 4576 naturam
943 4521 1042 4577 Dei
1071 4521 1177 4578 sub
1202 4527 1471 4595 conceptu
1502 4539 1609 4580 na-

224 4606 396 4658 turae.
446 4602 895 4675 Desumiturque
941 4603 1058 4658 haec
1096 4602 1356 4661 doctrina
1390 4620 1462 4661 ex
1486 4607 1609 4661 Au-

25 4686 183 4739 *nsusn
221 4687 378 4755 gust.
434 4684 684 4739 concion.
716 4684 807 4748 28,
863 4685 923 4738 in
967 4684 1175 4756 psalm.
1229 4686 1349 4753 118,
1394 4685 1465 4742 ad
1507 4686 1609 4741 illa

221 4761 418 4820 verba
454 4782 470 4818 :
507 4784 533 4814 α
558 4762 682 4820 Feci
708 4761 1009 4838 iudicium,
1042 4769 1099 4820 et
1117 4764 1421 4835 justitiam,
1452 4786 1479 4818 »
1510 4764 1609 4822 ubi

219 4842 305 4900 ait
332 4864 347 4900 ε
409 4865 437 4895 α
464 4842 712 4900 Justitias
733 4843 972 4900 nomine
993 4845 1056 4901 in
1076 4845 1322 4902 hocloco
1348 4860 1464 4903 non
1487 4845 1610 4920 ipsa

224 4947 250 4976 a
299 4923 526 4993 virtus,
577 4923 675 4981 sed
718 4940 861 4998 opus
906 4925 1029 4998 ejus
1072 4924 1456 4999 significatum
1501 4930 1604 4983 est.

226 5029 253 5057 α
299 5007 453 5073 Quis
475 5005 638 5063 enim
668 5006 801 5063 fecit
822 5005 884 5062 in
911 5006 1148 5064 homine
1164 5008 1467 5082 justitiam,
1493 5008 1607 5066 nisi

389 5085 689 5166 Salmant.
718 5084 882 5146 Curs.
908 5088 1128 5161 the-0109.
1155 5097 1285 5147 tom.
1318 5088 1388 5148 X.

1760 589 1784 619 «
1827 569 1924 640 qui
1947 569 2218 642 Justiflcat
2246 571 2490 644 impium
2520 573 2545 626 Ῥ
2575 573 2725 627 Fecit
2764 588 2899 645 ergo
2943 571 3112 644 justi-

1757 670 1792 720 ιιῚ
1829 649 1988 713 tiam,
2021 649 2166 707 idest
2189 668 2330 723 opus
2352 652 2606 725 justitias,
2642 652 2738 723 qui
2770 652 2939 708 habet
2966 651 3026 707 in
3055 667 3117 706 se

1756 750 1782 780 a
1819 730 2127 803 justitiam.
2145 753 2169 782 υ
2203 731 2418 796 Quibus
2442 733 2632 789 verbis
2651 732 2921 789 distinxit
2941 733 3114 808 justi-

1752 809 1913 876 tiam,
1943 827 2055 884 qua
2078 810 2478 884 justificamur,
2512 812 2582 868 ab
2610 812 2768 868 omni
2796 829 2967 884 opere
2993 814 3116 868 vir-

1752 892 1906 960 tutis,
1952 898 2009 950 et
2033 893 2210 949 simul
2236 893 2426 950 docuit
2451 895 2700 966 qualiter
2739 895 3116 966 intelligenda

1749 977 1884 1027 sunt
1917 973 2262 1038 testimonia,
2293 989 2418 1046 quae
2445 980 2709 1029 asserunt
2730 973 2958 1045 aliquod
2987 974 3115 1029 cha-

1754 1050 1958 1118 ritatis,
1989 1052 2080 1109 vel
2109 1052 2346 1108 alterius
2391 1052 2621 1108 virtutis
2648 1068 2789 1123 opus
2828 1068 2949 1107 esse
2979 1069 3114 1110 nos-

1751 1137 1901 1189 tram
1925 1133 2554 1206 justitiam.Videantur
2576 1150 2700 1206 quae
2714 1134 2971 1189 diximus
2996 1135 3115 1191 loco

1749 1229 1924 1284 supra
1944 1213 2133 1278 citato,
2165 1219 2197 1284 ς
2219 1217 2273 1270 5.

1821 1294 1915 1349 68.
1946 1293 2222 1368 Arguitur
2260 1295 2508 1352 secundo
2538 1294 2760 1351 ratione
2795 1315 2808 1349 :
2837 1294 3110 1367 quoniam
3151 1308 3302 1348 seeun-
3379 1328 3402 1339 -.

1750 1377 1906 1429 actus
1926 1372 2142 1429 amoris
2163 1374 2282 1440 Dei,
2316 1376 2406 1431 vel
2441 1374 2807 1431 contritionis
2835 1374 3005 1431 habet
3043 1373 3113 1430 de
3128 1354 3310 1456 ‘¹31ss22ss

1749 1451 1895 1509 facto
1921 1468 2122 1510 omnes
2147 1452 2503 1511 conditiones
2527 1454 2846 1526 requisitas,
2875 1460 2944 1516 ,ut
2991 1454 3113 1510 for-
3177 1457 3274 1495 ¹⁰¹⁰·

1748 1534 1982 1591 maliter
2002 1533 2271 1607 justificet
2305 1556 2318 1590 :
2347 1550 2483 1608 ergo
2517 1540 2600 1591 est
2639 1534 2708 1592 de
2751 1535 2895 1592 facto
2925 1535 3112 1592 forma

1743 1614 2078 1688 justificans,
2104 1617 2197 1673 vel
2223 1617 2428 1673 saltem
2458 1615 2626 1673 habet
2645 1633 2716 1672 ex
2746 1624 2953 1674 natura
2984 1634 3106 1682 sua,

1747 1696 1898 1770 quod
1959 1703 2141 1771 posset
2193 1698 2515 1755 formaliter
2569 1698 2886 1772 justificare
2910 1742 2924 1765 ,
3000 1700 3111 1755 nisi

1749 1776 1985 1834 aliunde
2007 1776 2402 1849 impediretur.
2424 1780 2843 1850 Consequentia
2865 1786 2950 1835 est
2971 1781 3114 1853 legi-

1748 1858 1909 1922 tima,
1961 1863 2017 1915 et
2067 1857 2506 1931 quaeinductive
2553 1864 2734 1929 potest
2783 1860 3005 1916 ostendi
3051 1862 3114 1917 in

1747 1938 2017 1995 omnibus
2070 1940 2201 1995 aliis
2238 1939 2424 1994 causis
2464 1939 2804 1995 formalibus
2838 1964 2849 2006 ;
2906 1942 3116 2014 quippe

1747 2035 1872 2091 quae
1892 2018 2018 2075 ideo
2031 2023 2166 2074 sunt
2180 2018 2336 2084 tales,
2354 2018 2488 2090 quia
2505 2019 2719 2075 habent
2732 2020 3108 2090 conditiones,

1748 2105 1808 2154 ut
1829 2099 2152 2157 formaliter
2170 2103 2437 2171 praestent
2456 2098 2740 2154 effectum.
2760 2101 3114 2157 Antecedens

1747 2185 1938 2236 autem
1963 2177 2234 2235 suadetur
2264 2179 2463 2250 prime,
2494 2179 2630 2251 quia
2658 2180 2760 2235 illa
2785 2180 2969 2236 forma
2988 2181 3112 2253 jus-

1747 2258 1923 2315 tificat
1976 2258 2320 2324 formaliter,
2369 2274 2494 2331 quae
2540 2259 2797 2314 animam
2828 2276 2956 2315 cum
3001 2263 3113 2317 Deo

1746 2339 2089 2404 formaliter,
2133 2345 2188 2395 et
2229 2338 2434 2395 intime
2464 2339 2631 2393 unit:
2681 2339 2969 2396 sed‘amor
3012 2342 3110 2398 Dei

1741 2436 1917 2493 super
1940 2420 2139 2477 omnia
2160 2419 2386 2485 intime,
2412 2424 2467 2474 et
2495 2418 2819 2475 formaliter
2837 2421 2963 2476 unit
2990 2421 3111 2477 ani·

1747 2517 1905 2557 mam
1950 2516 2080 2557 cum
2128 2503 2281 2566 Deo;
2328 2500 2424 2571 qui
2454 2500 2612 2555 enim
2662 2515 2732 2555 ex
2784 2507 2898 2558 toto
2942 2501 3111 2557 corde

1745 2582 1937 2656 diligit
1963 2585 2163 2648 Deum,
2188 2581 2298 2653 ipsi
2325 2581 2568 2654 perfecte
2590 2580 2841 2638 adhaeret
2874 2606 2886 2648 ;
2935 2584 3108 2655 etqui

1745 2664 1997 2720 adhaeret
2030 2667 2160 2727 Dee,
2202 2678 2349 2718 unus
2369 2662 2607 2735 spiritus
2627 2661 2692 2717 fit
2716 2680 2843 2718 cum
2874 2664 2994 2731 illo,
3048 2670 3108 2720 ut

1744 2743 1955 2801 dicitur
1984 2745 2028 2809 l,
2061 2743 2135 2797 ad
2170 2741 2421 2800 Corinth.
2453 2744 2508 2797 6.
2540 2741 2720 2798 Habet
2744 2743 2921 2816 igitur
2944 2760 3106 2801 amor
3130 2774 3315 2817 tauro.-

1745 2825 1846 2882 Dei
1866 2840 2038 2898 super
2058 2823 2256 2882 omnia
2297 2823 2443 2879 hanc
2466 2822 2810 2896 praecipuam
2833 2825 3106 2883 conditio·
3199 2827 3237 2867 8-

1745 2921 1880 2963 nem
1903 2906 2104 2962 formae
2120 2902 2507 2977 justificantis.
2529 2903 2800 2970 Secumio,
2834 2922 2968 2962 nam
2998 2907 3106 2964 for-

1699 2986 1706 2993 ‘
1744 3000 1842 3041 ma
1880 2983 2200 3059 J'ustificans
2232 2983 2521 3040 constituit
2550 2983 2872 3042 formaliter
2914 2987 3107 3043 homi-

1745 3081 1879 3122 nem
1900 3066 2182 3140 objectum
2211 3081 2529 3139 congruum
2576 3068 2796 3123 amoris
2824 3069 2922 3124 Dei
2970 3085 3109 3143 erga

1745 3145 1936 3219 ipsum
1959 3169 1971 3203 ε
2000 3146 2099 3204 sed
2120 3163 2284 3204 amor
2305 3147 2619 3214 charitatiS,
2651 3165 2762 3220 quo
2785 3149 2956 3207 homo
2977 3151 3109 3208 dili-

1742 3227 1826 3301 git
1852 3229 2032 3284 Deum
2058 3242 2230 3299 super
2252 3226 2470 3293 omnia,
2494 3228 2788 3283 constituit
2809 3230 3111 3288 hominem

1743 3306 2025 3381 objectum
2042 3322 2358 3381 congruum
2386 3309 2601 3364 amoris
2616 3309 2715 3364 Dei
2732 3325 2866 3383 erga
2894 3311 3106 3383 ipsum:

1743 3402 1878 3461 ergo
1921 3386 2075 3443 idem
2121 3385 2269 3458 quod
2318 3387 2496 3458 prius.
2549 3387 2832 3445 Probatur
2878 3391 3109 3453 minor·,

1745 3483 1882 3524 nam
1924 3469 2072 3525 Deus
2100 3468 2297 3539 nequit
2318 3467 2505 3525 odisse
2532 3468 2828 3526 hominem
2857 3470 3110 3545 diligen—

1744 3554 1861 3606 tem
1901 3563 1982 3616 se,
2016 3563 2117 3604 nec
2145 3547 2360 3619 patitur
2386 3547 2457 3603 ab
2497 3549 2689 3621 aliquo
2733 3549 2918 3623 diligi,
2967 3551 3109 3624 quin
3207 3606 3214 3613 ,

1743 3631 1933 3703 ipsum
1956 3628 2178 3702 diligat,
2198 3629 2363 3701 juxta
2400 3629 2548 3684 illud
2575 3632 2740 3687 Joan.
2777 3633 2862 3687 152
2891 3632 2960 3688 Si
2986 3636 3108 3710 quis
3126 3660 3331 3704 mm,

1742 3711 1925 3781 diliqit
1965 3728 2065 3777 me,
2118 3709 2288 3766 Pater
2324 3728 2475 3765 meus
2525 3712 2712 3781 diliyct
2771 3730 2912 3770 curn.
2961 3717 3025 3770 Et
3084 3719 3100 3771 l
3132 3711 3334 3753 ¹³⁰³ss04·

1742 3796 1906 3851 Joan.
1953 3794 1988 3848 4
2017 3813 2030 3847 2
2058 3791 2203 3848 Deus
2242 3791 2489 3847 charitas
2513 3800 2609 3859 cst,
2641 3802 2689 3848 ec
2716 3797 2813 3872 qui
2838 3804 3022 3852 nannet
3052 3800 3108 3854 in

1742 3877 2033 3943 charitate,
2067 3877 2127 3929 in
2149 3874 2261 3931 Deo
2282 3882 2484 3943 manet,
2509 3882 2558 3930 ct
2588 3874 2734 3931 Deus
2766 3880 2823 3931 in
2849 3896 2927 3934 ee.
2960 3881 3107 3937 Turn

1745 3962 2038 4029 praeterea,
2090 3954 2225 4027 quia
2266 3970 2430 4011 amor
2475 3956 2771 4013 charitatis
2808 3963 2892 4013 est
2946 3975 3109 4017 amor

1743 4038 2032 4096 amicitias:
2057 4035 2156 4093 sed
2179 4036 2433 4092 amicitia
2456 4038 2595 4110 petit
2617 4038 3067 4098 reclamationem
3098 4066 3110 4098 ε

1741 4134 1879 4193 ergo
1901 4119 2006 4176 hoc
2027 4118 2164 4192 ipSO,
2183 4115 2332 4190 quod
2354 4118 2482 4189 quis
2495 4117 2697 4193 diligat
2716 4121 2890 4177 Deum
2915 4138 3111 4179 amore

1741 4199 2057 4266 charitatis,
2087 4198 2418 4256 redamatur
2445 4197 2517 4254 ab
2552 4199 2674 4265 illo,
2707 4208 2767 4256 ut
2808 4201 3019 4260 dicitur
3046 4205 3110 4261 in

1743 4279 2092 4339 testimoniis
2137 4277 2309 4336 modo
2350 4278 2591 4346 relatis;
2648 4286 2814 4353 atque
2860 4284 2989 4341 ideo
3049 4285 3109 4340 fit

1741 4360 2026 4434 objectum
2053 4374 2368 4432 congruum
2398 4357 2586 4415 divini
2621 4362 2858 4419 amoris.
3092 4411 3097 4414 ,

1816 4440 2206 4500 confirmatur
2258 4438 2465 4512 prime,
2516 4440 2649 4511 quia
2670 4442 3000 4513 justificatio
3047 4447 3299 4519 {limonar-

1744 4538 1847 4595 per
1895 4520 2287 4578 voluntariam
2333 4521 2748 4592 susceptionem
2792 4526 3018 4596 gratim,
3051 4535 3107 4585 et
3153 4528 3281 4579 ”¹3¹¹OE

1740 4601 2048 4665 donorum,
2081 4605 2141 4655 ut
2189 4598 2442 4670 loquitur
2471 4600 2791 4657 Concilium
2840 4606 3099 4664 Trident.
3138 4582 3292 4687 ¹3:¹31

1740 4698 1868 4736 sess.
1892 4683 1947 4746 6,
1992 4681 2208 4752 cap.7;
2238 4676 2337 4734 sed
2385 4683 2540 4734 actus
2586 4681 2969 4753 contritionis,
3014 4689 3106 4744 vel
3135 4677 3328 4736 Trici-ni.

1739 4761 2039 4820 charitatis
2065 4763 2151 4818 est
2196 4760 2461 4817 formalis
2487 4763 2767 4835 susceptio
2807 4769 3026 4839 gratiae,
3051 4777 3108 4826 et

1740 4843 2047 4911 donorum,
2073 4847 2131 4900 et
2146 4840 2359 4921 absque
2385 4841 2488 4898 illo
2516 4858 2633 4900 non
2668 4842 2841 4903 datur
2858 4848 2977 4905 haic
3004 4868 3108 4908 vo-

1741 4926 2000 4983 luntaria
2045 4923 2327 4996 susceptio
2377 4944 2390 4980 :
2432 4938 2569 4998 ergo
2616 4926 2915 4997 praedictus
2955 4938 3108 4989 actus

1737 5005 2011 5085 justificat
2032 5004 2376 5063 formaliter.

2886 5093 2958 5147 23
