3647 5753
480 492 594 549 748

492 687 518 718 α
548 660 735 736 magis
770 656 1112 715 meritorius
1158 659 1413 729 respectu
1451 650 1676 725 praemii
1702 648 1851 706 acci-

488 768 514 799 «
547 743 816 808 dentalis,
842 739 991 814 quod
1020 738 1250 811 respicit
1273 737 1462 810 ipsum
1485 741 1709 801 actum;
1752 728 1851 788 sed

492 851 519 883 α
547 828 742 885 minus
768 827 1021 897 respectu
1047 820 1270 895 praemii
1311 817 1655 883 essentialis,
1699 810 1850 888 quod

493 934 520 966 α
551 908 784 983 respicit
814 905 1203 978 capacitatem,
1243 918 1367 975 quae
1411 907 1496 958 est
1539 915 1610 957 ex
1651 897 1850 955 habitu

493 1014 519 1046 α
547 988 859 1048 charitatis.
889 1008 912 1037 ι)
941 989 1208 1043 Nostram
1237 984 1413 1040 etiam
1451 980 1846 1045 assertionem,

491 1076 695 1133 saltem
745 1070 929 1145 quoad
972 1069 1225 1141 primam
1266 1072 1488 1140 partem
1527 1064 1599 1121 de
1643 1061 1853 1118 merito

495 1161 748 1229 respectu
778 1151 1003 1227 praemii
1030 1150 1374 1214 essentialis,
1395 1152 1713 1220 sequuntur
1727 1145 1854 1199 Me-

278 1250 466 1299 nedina.
492 1240 631 1296 dina
671 1239 732 1294 in
774 1233 1036 1310 praesenti
1081 1240 1192 1289 art.
1245 1234 1300 1298 8,
1372 1228 1568 1288 Zumel
1620 1232 1729 1283 art.
1792 1227 1848 1294 2,

299 1302 460 1347 ²¹¹¹¹²⁰¹·
493 1319 620 1377 dub.
647 1321 701 1385 3,
729 1315 984 1374 referens
1006 1315 1340 1372 Gersonem.
1372 1317 1429 1368 et
1450 1313 1688 1376 Canum,
1754 1308 1855 1363 Ca-

284 1357 463 1398 Gel'SOn.

284 1403 456 1495 00311113·
496 1403 666 1462 breta
693 1401 727 1455 3
747 1405 899 1471 part.
932 1401 1112 1473 quaest.
1148 1396 1195 1460 l,
1220 1394 1364 1466 disp.
1387 1394 1441 1460 4,
1468 1407 1621 1445 num.
1639 1390 1735 1457 41,
1754 1386 1855 1443 ubi

298 1451 673 1546 fiffifffimca
715 1481 855 1552 disp.
900 1479 955 1543 6,
1007 1476 1262 1548 vasquez
1306 1475 1449 1547 disp.
1478 1474 1536 1538 6,
1567 1487 1687 1544 cap.
1712 1470 1768 1536 4,
1799 1473 1856 1526 et

309 1553 453 1645 {335
496 1567 599 1623 alii
630 1566 843 1639 plures,
888 1563 945 1616 et
966 1556 1144 1614 refert
1190 1573 1294 1630 pro
1339 1571 1407 1613 ea
1452 1554 1672 1626 aliquos
1698 1551 1855 1644 T.¹¹⁰·

319 1648 457 1703 (ΝΟΜ
496 1647 718 1704 mistas.
768 1641 1165 1713 probaturque
1214 1636 1439 1694 ratione
1500 1635 1616 1690 haec
1664 1647 1858 1706 pruna

289 1709 470 1800 {affl
499 1747 661 1805 pars;
691 1726 965 1800 quoniam
990 1723 1221 1779 habitus
1236 1735 1355 1777 non
1370 1717 1725 1775 constituunt
1745 1716 1855 1773 for-

497 1811 733 1869 maliter
761 1806 1057 1868 meritum,
1085 1818 1268 1876 neque
1295 1815 1355 1856 se
1391 1797 1606 1854 habent
1643 1798 1858 1854 imme-

501 1892 653 1950 diate
669 1888 738 1946 ad
753 1884 920 1951 illud,
941 1883 1037 1941 sed
1060 1883 1268 1941 mediis
1291 1879 1508 1937 actibus
1522 1902 1537 1945 ;
1558 1894 1676 1935 non
1695 1878 1857 1935 enim

499 1968 790 2032 habitibus
818 1981 1133 2032 meremur,
1185 1968 1284 2021 aut
1327 1961 1715 2027 demeremur,
1757 1959 1857 2016 sed

499 2055 735 2121 actibus,
787 2055 853 2106 'ut
898 2053 982 2106 est
1020 2049 1261 2122 vulgare
1290 2043 1655 2118 proloquium
1685 2057 1858 2114 :ergo

498 2139 871 2212 augmentum
919 2130 1154 2204 praecise
1181 2126 1473 2185 habituale
1509 2123 1726 2197 gratiae,
1760 2121 1858 2178 ubi

499 2224 654 2278 actus
682 2217 845 2275 nullo
873 2212 1043 2269 modo
1067 2215 1326 2287 augetur,
1355 2223 1473 2265 non
1506 2204 1707 2262 efficiet
1727 2202 1889 2261 mei-⁸

493 2301 589 2375 jus
609 2299 905 2358 meritum.

572 2379 1003 2442 confirmatur,
1046 2373 1179 2446 quia
1228 2371 1424 2428 nullus
1461 2367 1531 2425 de
1575 2366 1858 2441 condigno

499 2467 756 2521 meretur
805 2458 991 2531 majus
1020 2453 1343 2528 praemium,
1367 2467 1540 2525 quam
1568 2449 1643 2505 sit
1668 2449 1853 2515 valor,

497 2560 597 2602 seu
622 2542 892 2615 pretium,
920 2536 1063 2612 quod
1096 2552 1198 2609 pro
1221 2535 1321 2592 tali
1345 2534 1582 2607 praemio
1603 2530 1855 2597 exhibet,

499 2642 630 2684 cum
685 2625 866 2697 pretio
918 2637 1167 2694 namque
1204 2616 1490 2690 adaequari
1518 2615 1682 2672 debet
1711 2628 1859 2687 prae-

498 2708 708 2771 mium,
742 2706 790 2760 si
829 2704 903 2759 sit
944 2702 1013 2759 de
1050 2700 1372 2774 condigno:
1401 2697 1501 2754 sed
1528 2696 1859 2772 hujusmodi

500 2790 750 2864 pretium
771 2792 854 2844 est
883 2791 1037 2842 actus
1058 2783 1411 2846 meritorius,
1445 2796 1560 2837 non
1582 2795 1720 2837 vero
1752 2779 1859 2835 ha-

502 2870 654 2930 bitus
689 2882 864 2940 :ergo
912 2865 1108 2922 nullus
1151 2864 1407 2920 meretur
1472 2860 1659 2935 majus
1718 2874 1861 2932 prae-

499 2953 707 3016 mium,
740 2962 914 3021 quam
941 2947 1018 3002 sit
1042 2947 1207 3013 valor
1235 2944 1400 3000 istius
1428 2948 1605 2999 actuS.

575 3032 965 3092 confirmatur
1003 3026 1267 3095 secundo,
1325 3026 1462 3098 quia
1511 3023 1859 3081 demeritum

500 3132 619 3174 non
660 3118 898 3188 augetur
938 3128 1010 3168 ex
1042 3111 1164 3168 solo
1208 3111 1516 3182 augmento
1554 3105 1859 3161 habituum

499 3199 798 3264 vitiorum,
829 3191 925 3249 sed
947 3209 1019 3249 ex
1055 3196 1361 3266 augmento
1390 3192 1746 3261 peccatorum
1775 3202 1861 3241 ac·

498 3278 745 3335 tualium
773 3300 787 3342 ;
843 3274 993 3330 nulli
1048 3272 1230 3338 enim,
1303 3267 1677 3343 quantumvis
1716 3266 1861 3322 alias

496 3361 741 3417 vitiosus
760 3357 852 3423 sit,
887 3355 1073 3428 major
1101 3369 1269 3427 poena
1295 3350 1553 3416 debetur,
1585 3363 1758 3422 quam
1785 3349 1861 3403 sit

496 3441 722 3499 malitia
763 3439 853 3494 sui
882 3441 1038 3494 actus
1060 3432 1437 3508 peccaminosi
1472 3453 1484 3487 :
1520 3446 1657 3505 ergo
1678 3445 1862 3503 neque

496 3523 672 3579 etiam
695 3519 971 3575 meritum
996 3513 1298 3590 augebitur
1317 3529 1387 3569 ex
1408 3513 1530 3569 solo
1553 3514 1862 3585 augmento

497 3603 801 3661 habituum
832 3599 1140 3661 bonorum,
1174 3610 1277 3652 nec
1298 3592 1469 3650 alicui
1501 3590 1770 3648 reddetur
1790 3590 1862 3647 de

300 2399 487 2457 confir--

310 2453 459 2550 5³32.

337 3036 436 3081 Alia

313 3088 463 3131 conflr-

308 3142 451 3182 mauo-

499 3683 781 3756 condigno
810 3680 998 3753 majus
1027 3676 1353 3750 praemium,
1385 3688 1558 3746 quam
1585 3672 1662 3728 sit
1688 3670 1861 3728 boni-

386 3754 391 3759 ’
498 3768 606 3832 tas,
637 3768 693 3820 et
713 3761 880 3818 valor
905 3758 997 3815 sui
1024 3762 1202 3814 actus.

575 3842 752 3911 Adde,
773 3840 921 3914 quod
934 3840 1096 3913 juxta
1107 3850 1326 3892 sacram
1342 3834 1697 3906 scripturam
1713 3834 1862 3889 Deus

504 3925 811 3997 unicuique
859 3920 1058 3977 reddet
1103 3918 1267 3991 juxta
1311 3932 1485 3988 opera
1534 3930 1683 3971 sua:
1725 3930 1862 3989 ergo

500 4006 776 4063 meritum
821 4000 1038 4076 gloriae,
1071 3998 1162 4054 vel
1183 3995 1453 4069 supplicii
1492 4011 1863 4053 commensu-

504 4088 623 4145 rari
653 4085 817 4142 debet
842 4097 971 4140 cum
1000 4080 1272 4144 bonitate,
1303 4077 1395 4133 vel
1435 4077 1660 4133 malitia
1682 4084 1857 4144 actus,

502 4184 622 4225 non
646 4163 977 4221 immediate
1004 4176 1135 4216 cum
1160 4156 1451 4214 habitibus
1475 4172 1488 4208 ε
1520 4172 1655 4232 ergo
1674 4175 1862 4230 quan-

501 4249 724 4306 tumvis
762 4244 990 4301 habitus
1035 4242 1108 4296 sit
1148 4241 1428 4304 intensuS,
1479 4237 1577 4294 ubi
1603 4243 1758 4295 actus
1777 4246 1865 4296 est

508 4332 800 4392 remissus,
826 4342 946 4382 non
971 4323 1082 4380 erit
1108 4321 1345 4395 maJ'oris
1374 4321 1601 4392 praemii
1632 4322 1863 4379 merito·

509 4416 652 4479 riuS,
702 4427 874 4484 quam
896 4409 946 4463 si
973 4407 1095 4480 ipse
1115 4404 1290 4462 etiam
1320 4402 1546 4459 habitus
1588 4404 1863 4461 remissus

506 4503 866 4625 esssiobatur
900 4562 1108 4620 deinde
1133 4559 1377 4617 secunda
1400 4575 1532 4632 pars
1558 4559 1628 4617 de
1653 4561 1863 4618 merito

508 4651 733 4728 praemii
783 4646 1179 4706 accidentalis;
1230 4642 1366 4716 quia
1410 4641 1480 4697 ad
1533 4642 1862 4716 hujusmodi

509 4733 817 4808 praemium
845 4732 1056 4802 spectat
1082 4721 1376 4800 gaudium,
1408 4722 1557 4794 quod
1582 4723 1653 4781 de
1678 4726 1865 4797 operi-

510 4816 615 4872 bus
642 4815 705 4869 in
728 4811 911 4886 gratia
934 4808 1095 4865 factis
1117 4804 1348 4862 habebit
1367 4804 1604 4860 Beatus:
1627 4805 1724 4862 sed
1746 4821 1864 4863 ma-

508 4898 596 4971 gis
621 4891 889 4970 gaudebit
927 4887 997 4947 de
1036 4885 1304 4960 operibus
1349 4884 1511 4941 factis
1550 4886 1614 4942 in
1656 4887 1864 4962 majori

506 4977 708 5052 gratia,
758 4977 813 5030 et
864 4969 1072 5044 maJ'ori
1124 4966 1378 5024 amicitia
1420 4966 1538 5034 Dei,
1577 4983 1748 5039 quam
1794 4969 1866 5026 de

506 5054 775 5129 operibus
822 5049 983 5107 factis
1028 5048 1092 5103 in
1139 5046 1375 5113 minori,
1401 5046 1665 5117 quamvis
1691 5063 1865 5120 opera

506 5138 630 5210 ipsa
656 5136 773 5190 sint
800 5129 1065 5203 aequalia;
1093 5125 1360 5202 gaudebit
1382 5140 1628 5199 namque
1655 5125 1725 5184 de
1740 5128 1860 5186 illis

332 4569 459 4614 Ratio

338 4619 474 4673 quoad

321 4680 467 4713 secun·

348 4720 443 4762 dam

296 4773 475 4818 nartem.

1412 483 1504 538 DE
1548 477 1873 535 INFLUXU
1915 474 2369 531 CHARITATIS.

1983 643 2296 719 prioribus,
2348 644 2484 718 quia
2529 644 2680 710 fecit,
2722 623 2782 701 et
2825 643 2959 717 quia
3005 646 3131 698 erat
3177 641 3350 699 valde

1982 729 2201 785 amicus
2237 726 2466 801 quando
2507 726 2642 785 fecit
2673 748 2687 783 ε
2716 743 2853 801 ergo
2878 724 3346 798 correspondebit

1984 808 2102 864 illis
2130 808 2256 880 plus
2278 807 2445 881 hujus
2472 807 2687 883 gaudii,
2721 813 2887 880 atque
2905 805 3045 863 adeo
3069 806 3200 878 plus
3228 822 3349 862 mo·

1956 959 1963 968 ⁴
1985 889 2084 946 riti
2113 887 2501 945 accidentalis.

2057 971 2148 1026 59.
2195 972 2309 1026 Nec
2354 969 2532 1027 refert
2572 969 2621 1025 si
2670 968 2923 1043 objicias,
2975 968 3126 1043 quod
3165 969 3545 1039 etiamen-fain

1985 1050 2287 1124 praemium
2342 1050 2686 1108 accidentale
2747 1066 3043 1108 meremur
3102 1049 3340 1115 actibus,
3357 1028 3530 1075 ‘²³⁸³'

1985 1149 2104 1191 non
2162 1132 2491 1189 habitibus:
2559 1149 2695 1208 ergo
2734 1149 2850 1191 nec
2879 1139 3133 1206 respectu
3174 1132 3345 1208 hujus

1987 1217 2212 1291 praemii
2239 1217 2541 1290 augebitur
2586 1217 2868 1274 meritum
2916 1233 2987 1273 ex
3038 1225 3347 1292 augmento

1983 1299 2172 1355 solum
2195 1298 2508 1355 habitualis
2533 1300 2746 1373 gratias.

2060 1378 2458 1452 Respondetur
2510 1380 2787 1436 meritum
2839 1380 2942 1436 hoc
3002 1379 3348 1437 accidentale

1988 1475 2107 1517 non
2146 1460 2273 1518 ideo
2293 1475 2542 1518 crescere
2568 1476 2638 1518 ex
2667 1461 2874 1534 majori
2902 1462 3091 1534 gratia
3118 1462 3351 1532 praecise

1986 1541 2289 1607 habituali,
2316 1542 2477 1614 quasi
2505 1542 2627 1614 ipsa
2655 1543 2844 1617 gratia
2868 1543 3197 1600 formaliter
3222 1557 3353 1598 me·

1990 1639 2256 1690 reamur;
2279 1622 2378 1679 sed
2404 1623 2539 1696 quia
2564 1640 2632 1681 eo
2654 1625 2798 1698 ipso,
2821 1624 2970 1697 quod
2987 1625 3197 1698 aliquis
3217 1641 3351 1682 cum

1987 1706 2196 1781 majori
2242 1704 2429 1778 gratia
2468 1705 2662 1762 eliciat
2702 1711 2893 1764 actum
2941 1707 3077 1763 vitas
3120 1711 3356 1762 aeternae

1988 1788 2376 1854 meritorium,
2411 1788 2534 1860 ipso
2561 1794 2684 1845 actu
2715 1795 2972 1846 meretur
3002 1792 3127 1862 plus
3169 1788 3243 1846 de
3284 1805 3357 1847 eo

1987 1869 2240 1944 gaudere
2287 1869 2351 1924 in
2399 1869 2631 1936 Patria;
2694 1870 2826 1942 plus
2874 1870 3036 1928 enim
3080 1870 3358 1944 gaudebit

1988 1952 2224 2022 (caeteris
2248 1950 2503 2024 paribus)
2527 1967 2597 2008 ex
2619 1958 2781 2024 parte
2814 1959 2969 2010 actus
3005 1954 3105 2025 qui
3133 1956 3359 2011 meruit

1989 2033 2052 2088 in
2075 2034 2281 2107 majori
2302 2032 2506 2107 gratia,
2541 2038 2598 2089 et
2617 2034 2874 2090 amicitia
2896 2034 3015 2099 Dei,
3047 2051 3224 2107 quam
3251 2038 3357 2108 qui

1990 2114 2205 2170 meruit
2230 2113 2295 2169 in
2316 2112 2532 2171 minori
2556 2138 2571 2181 ;
2613 2121 2670 2171 et
2696 2115 2801 2172 hoc
2837 2115 3112 2190 gaudium
3139 2121 3361 2190 spectat

1990 2195 2061 2252 ad
2086 2196 2393 2269 praemium
2423 2196 2787 2254 accidentale.

2063 2276 2223 2333 Adde
2255 2279 2332 2347 (et
2369 2278 2753 2350 explicabitur
2781 2279 2985 2352 magis)
3004 2279 3153 2351 quod
3173 2279 3361 2338 etiam

1991 2358 2266 2414 meritum
2316 2360 2540 2432 praemii
2588 2360 2910 2417 essentialis
2964 2360 3026 2415 in
3074 2361 3197 2428 illo,
3255 2363 3361 2436 qui

1990 2438 2159 2496 habet
2185 2440 2464 2513 majorem
2511 2442 2781 2514 gratiam,
2812 2444 2897 2496 est
2922 2440 3163 2509 (caeteris
3190 2443 3362 2514 pari-

1991 2518 2116 2590 bus)
2144 2519 2466 2592 perfectius,
2500 2537 2618 2577 non
2651 2537 2723 2578 ex
2764 2525 2930 2594 parte
2974 2522 3226 2592 praemii,
3258 2529 3365 2579 aut

1989 2601 2125 2674 quia
2152 2603 2278 2675 plus
2307 2602 2532 2675 praemii
2554 2603 2877 2659 essentialis
2905 2609 3221 2671 mereatur,
3255 2605 3362 2662 sed

1989 2683 2125 2755 quia
2154 2682 2479 2755 perfectiori
2507 2682 2695 2750 modo,
2724 2689 2782 2739 et
2817 2684 3091 2741 strictiori
3115 2686 3252 2759 jure
3279 2686 3364 2742 il-

1993 2764 2089 2820 lud
2119 2772 2393 2831 meretur,
2424 2770 2489 2822 ut
2511 2783 2667 2821 num.
2697 2767 2770 2821 62
2823 2767 3007 2839 magis
3033 2767 3364 2839 explicabi-

1991 2861 2133 2903 mus
2170 2847 2335 2905 Unde
2359 2847 2495 2921 quia
2522 2846 2617 2903 hic
2664 2846 2969 2919 perfectior
2997 2846 3205 2905 modus
3230 2864 3365 2907 me-

1993 2930 2158 2988 rendi
2184 2936 2271 2988 est
2307 2932 2368 2988 in
2407 2936 2667 2989 merente
2694 2947 2861 2988 cansa
2890 2933 3130 3005 majoris
3155 2933 3364 3007 gaudii

1993 3012 2378 3080 accidentalis,
2404 3018 2569 3088 auget
2591 3013 2653 3070 in
2674 3029 2741 3070 eo
2755 3014 2854 3087 qui
2883 3013 3361 3088 habetmajorem

1989 3096 2240 3170 gratiam
2282 3096 2555 3152 meritum
2603 3096 2769 3152 istius
2794 3096 3012 3170 gaudii.
3065 3099 3177 3154 Per
3201 3098 3362 3170 quod

1991 3177 2163 3313 tatlntta
2188 3175 2445 3251 objectio,
2476 3195 2602 3253 quaa
2642 3180 2735 3236 hic
2761 3177 2890 3236 fieri
2920 3185 3125 3253 posset,
3155 3187 3363 3238 manet

1990 3273 2055 3314 so
2080 3273 2115 3312 u
2144 3273 2194 3313 a.

2599 3433 2630 3499 s
2671 3430 2740 3485 11.

2091 3584 2354 3644 Rationes
2375 3588 2436 3641 in
2464 3587 2770 3659 oppositum
2788 3593 3191 3660 proponuntur,
3212 3595 3267 3643 et

2512 3668 2827 3724 diluuntur.

2067 3822 2159 3876 60.
2187 3822 2516 3894 Oppositam
2544 3823 2894 3880 sententiam
2917 3824 3096 3881 refert
3119 3820 3362 3880 Medius
3393 3838 3526 3892 Opinio

1995 3902 2247 3960 tenuisse
2275 3903 2496 3976 aliquos
2522 3906 2850 3962 Thomistas
2890 3910 3209 3963 asserentes
3234 3918 3362 3962 esse
3388 3894 3531 3946 ΦΨ·

1995 3981 2270 4049 absolute,
2315 4001 2413 4041 seu
2458 3990 2710 4058 respectu
2761 3986 2984 4059 praemii
3031 3984 3362 4042 essentialis

1994 4065 2177 4138 magis
2194 4065 2560 4123 meritorium
2582 4067 2819 4136 (caeteris
2837 4066 3089 4140 paribus,
3107 4082 3181 4124 ex
3194 4071 3362 4138 parte

1994 4146 2206 4217 operis)
2234 4151 2421 4202 actum
2445 4147 2623 4212 iuius,
2654 4148 2752 4219 qui
2779 4163 2907 4203 cum
2938 4147 3144 4220 majori
3167 4147 3360 4221 gratia

1995 4227 2295 4297 habituali,
2348 4231 2441 4286 vel
2494 4229 2774 4287 charitate
2831 4237 3106 4286 meretur.
3169 4232 3359 4293 Quam

1994 4310 2169 4366 etiam
2216 4310 2530 4368 defendunt
2577 4312 2771 4383 plures
2812 4311 3176 4376 recentioreS,
3215 4327 3360 4383 quos

1977 4390 2190 4467 refert,
2217 4397 2273 4447 et
2286 4392 2545 4462 sequitur
2566 4389 2810 4462 Ripalda
2824 4392 2888 4446 de
2902 4390 2956 4447 E
2959 4398 3046 4445 nte
3065 4399 3354 4462 super-nat.
3371 4426 3556 4479 mmm·

1994 4470 2134 4544 disp.
2167 4474 2258 4539 81,
2290 4474 2484 4545 eisque
2506 4471 2700 4527 favere
2720 4471 2951 4528 videtur
2973 4473 3034 4526 D.
3063 4471 3273 4529 Thom.
3299 4475 3359 4527 in
3389 4478 3546 4520 mm·

1996 4552 2049 4617 3,
2075 4553 2151 4607 ad
2176 4551 2581 4619 Annibaldum,
2620 4552 2747 4608 dist.
2774 4553 2867 4616 30,
2909 4559 3018 4607 art.
3051 4553 3086 4606 4
3113 4553 3191 4607 αα
3214 4554 3360 4608 um-
3373 4531 3545 4620 ⁰¹3²?

1995 4650 2164 4693 mum,
2194 4633 2292 4689 ubi
2315 4635 2551 4707 loquens
2576 4633 2646 4690 de
2667 4634 2878 4690 merito
2899 4632 3128 4705 praemii
3157 4648 3362 4692 essen-
3384 4626 3549 4669 Tm·

1976 4713 2154 4769 .tialis
2174 4713 2331 4782 dicit,
2349 4714 2495 4788 quod
2513 4717 2797 4793 quantitas
2809 4716 2926 4786 ejus
2939 4716 3161 4786 respicit
3182 4732 3362 4792 quan-

1997 4801 2210 4854 titatem
2255 4799 2476 4854 habitus
2527 4800 2821 4854 charitatis
2841 4816 2859 4850 :
2909 4812 3048 4871 ergo
3102 4814 3176 4854 ex
3234 4800 3362 4856 sola

1996 4880 2205 4953 maj0ri
2235 4880 2561 4937 intensione
2586 4881 2750 4936 istius
2773 4877 3003 4935 habitus
3028 4877 3142 4934 erit
3170 4880 3362 4953 majus

1997 4961 2335 5033 praedictum
2360 4961 2653 5018 meritum.

2071 5044 2138 5098 Et
2168 5043 2388 5100 ratione
2416 5042 2520 5099 hoc
2546 5040 2837 5115 probatur,
2867 5040 3145 5113 quoniam
3180 5039 3357 5097 homo
3408 5068 3548 5121 Argu·

1993 5129 2254 5181 meretur
2275 5121 2424 5195 apud
2453 5124 2631 5179 Deum
2674 5120 2981 5194 praemium
3023 5118 3352 5187 essentiale,
3369 5125 3575 5162 matum.

3071 5203 3358 5272 quatenus

3565 5556 3596 5645 *A
