3647 5753
69 3469 270 3522 comptu-

102 3552 263 3613 mum?

76 3619 180 3672 plex
201 3627 265 3661 re-

110 3666 240 3722 plica.

1411 355 1587 411 mse.
1636 356 1734 431 tv,

293 527 482 585 solum
525 531 707 597 potest
734 525 797 581 in
826 524 1249 597 perfectiorem,
1272 530 1329 582 et
1350 525 1656 598 perfectio-

296 624 421 665 rem
450 624 629 680 usque
655 607 719 662 in
746 605 1046 662 infinitum
1068 622 1171 684 per
1195 613 1385 679 partes
1413 622 1659 681 propor-

294 688 558 755 tionaleS,
590 703 689 744 seu
730 686 887 743 infra
926 694 1147 746 certum
1190 687 1456 763 gradum,
1507 686 1657 760 quod

295 776 521 827 tantum
548 775 636 826 est
682 769 745 824 in
774 767 1072 825 infinitum
1115 769 1656 844 syncathegorema-

295 852 402 910 tice
426 849 743 908 secundum
767 849 925 923 quid.

367 930 627 988 Secundo
641 929 711 985 ad
726 929 970 986 eandem
985 928 1485 988 confirmationem
1499 929 1656 1003 prin-

292 1012 492 1086 cipalis
538 1010 871 1085 objectionis
912 1011 1291 1083 respondetur
1330 1026 1452 1068 esse
1486 1010 1655 1068 valde

293 1092 611 1167 probabile,
638 1096 692 1148 et
714 1092 1020 1164 principiis
1046 1095 1105 1148 D.
1139 1093 1345 1150 Thom.
1376 1097 1545 1166 atque
1567 1108 1655 1148 ra·

293 1176 439 1233 tioni
467 1189 804 1238 consonum,
859 1190 1158 1246 nunquam
1195 1174 1394 1248 augeri
1421 1173 1654 1229 bonita-

293 1262 409 1314 tem
450 1261 624 1319 actuS,
657 1271 711 1311 v.
743 1272 799 1328 g.
831 1254 1196 1322 humilitatis,
1221 1255 1395 1312 etiam
1436 1271 1510 1311 ex
1535 1254 1653 1311 cir-

293 1339 674 1404 cumstantiiS‚
694 1337 764 1395 de
778 1337 985 1410 quibus
1003 1338 1065 1394 in
1087 1339 1193 1395 hac
1211 1336 1655 1395 confirmatione

292 1419 358 1476 fit
381 1436 592 1484 sermo,
624 1420 767 1491 quin
795 1425 1068 1493 augeatur
1097 1419 1424 1488 formaliter
1449 1416 1653 1476 modus

292 1500 607 1567 charitatiS,
627 1516 659 1556 a
679 1516 791 1572 quo
813 1500 1198 1567 informatur;
1225 1516 1342 1557 non
1366 1500 1653 1557 intensive

293 1581 619 1638 intensione
641 1581 872 1653 proprie
899 1581 1067 1646 dicta,
1103 1583 1237 1654 quia
1260 1579 1509 1637 intensio
1538 1579 1655 1637 haec

289 1663 550 1735 sequitur
573 1662 961 1718 intensionem
998 1668 1172 1727 actus,
1205 1668 1268 1717 ut
1286 1661 1502 1718 dictum
1529 1665 1611 1717 est
1634 1684 1649 1728 ς

290 1742 389 1801 sed
413 1742 596 1816 magis
621 1742 935 1810 extensive,
967 1743 1090 1800 sive
1110 1743 1245 1817 quia
1270 1742 1494 1815 quoties
1516 1757 1655 1813 prae-

291 1823 441 1880 dicta
464 1822 688 1880 bonitas
706 1823 1052 1878 humilitatis
1073 1828 1329 1898 augetur,
1348 1821 1655 1880 exhibetur

295 1913 329 1961 a
373 1904 650 1961 charitate
679 1919 861 1959 novus
889 1901 1094 1959 modus
1140 1902 1459 1960 secundum
1487 1917 1654 1960 suam

296 1982 584 2042 modalem
625 1984 933 2040 essentiam
959 1983 1278 2055 perfectior,
1305 1983 1403 2057 qui
1429 1999 1532 2056 pro
1552 1998 1655 2038 sua

296 2065 504 2138 majori
521 2064 867 2137 perfectione
882 2063 1103 2138 perficit
1120 2063 1303 2137 magis
1319 2063 1653 2136 praedictum

294 2151 484 2205 actum
511 2146 879 2212 humilitatiS,
907 2145 1113 2218 datque
1141 2145 1231 2201 illi
1260 2146 1540 2221 majorem
1561 2144 1654 2200 di-

294 2230 678 2305 gnitatem-in
725 2229 929 2287 ordine
968 2228 1038 2285 ad
1087 2229 1383 2294 meritum,
1415 2225 1650 2301 dignifi-

295 2312 478 2370 cando
527 2329 601 2368 ex
626 2327 692 2368 eo
720 2312 913 2383 plures
939 2310 1151 2386 gradus
1197 2309 1491 2368 bonitatis.
1523 2310 1656 2366 Sive

295 2397 433 2469 quia
457 2393 645 2452 eidem
668 2394 837 2451 modo
864 2394 1160 2451 charitatis
1183 2394 1382 2450 minus
1409 2392 1655 2465 perfecto

295 2476 528 2534 additur
541 2493 691 2534 nova
712 2474 968 2548 quaedam
985 2475 1243 2533 extensio
1264 2473 1421 2530 intra
1438 2473 1655 2531 lineam

295 2558 552 2632 ejusdem
592 2557 750 2616 modi
794 2557 1090 2614 charitatis
1116 2572 1187 2613 ex
1236 2561 1444 2612 natura
1474 2555 1556 2612 rei
1586 2553 1655 2612 ab

273 2658 363 2700 >eo
388 2640 679 2706 distincta,
712 2655 812 2713 per
838 2656 1011 2711 quam
1062 2639 1243 2714 magis
1288 2636 1567 2694 dilatatur
1590 2637 1655 2694 in

294 2722 704 2798 dignificando,
735 2720 1176 2794 extenditurque
1221 2719 1294 2777 ad
1322 2720 1656 2778 informan-

293 2802 394 2861 dos
423 2805 618 2876 plures
661 2802 872 2879 gradus
901 2801 1193 2866 bonitatis,
1224 2815 1396 2874 quam
1446 2800 1656 2874 absque

292 2885 623 2961 hujusmodi
684 2886 1023 2943 dilatatione
1078 2883 1483 2942 extenderetur
1503 2926 1518 2951 ,
1582 2882 1655 2940 ad

292 2985 427 3026 eum
455 2969 948 3043 proportionalem
995 2967 1254 3034 modum,
1285 2982 1396 3040 quo
1424 2965 1653 3022 habitus

293 3049 640 3107 scientificus
663 3066 764 3123 per
792 3049 1146 3107 additionem
1169 3049 1464 3123 cujusdam
1495 3046 1652 3105 modi

293 3132 534 3207 majoris
559 3132 915 3188 extensionis
940 3130 1273 3187 extenditur
1318 3130 1388 3186 ad
1415 3144 1654 3203 cognos-

292 3214 532 3272 cendam
593 3230 805 3271 novam
865 3212 1315 3280 conclusionem,
1361 3212 1432 3269 ad
1493 3211 1653 3284 cujus

292 3295 683 3369 cognitionem
728 3294 856 3350 sine
902 3291 1170 3365 praedicta
1215 3291 1509 3349 additione
1536 3306 1653 3349 non

293 3375 721 3441 extenderetur,
747 3375 909 3449 juxta
936 3390 1004 3431 ea
1025 3389 1150 3446 quae
1169 3371 1374 3430 docent
1393 3376 1463 3429 N.
1483 3374 1654 3429 Com-

299 3456 443 3529 plut.
467 3457 528 3509 in
556 3454 648 3509 lib.
673 3456 736 3510 de
757 3464 997 3526 qenerat.
1024 3457 1165 3527 disp.
1192 3454 1247 3519 4,
1273 3459 1454 3531 quast.
1490 3455 1574 3509 ll.

370 3536 464 3590 50.
495 3534 554 3588 Si
582 3536 820 3607 replices
839 3536 1017 3592 etiam
1039 3536 1315 3592 adversus
1335 3534 1486 3591 hanc
1503 3533 1654 3591 solu·

297 3618 515 3675 tionem
550 3638 562 3672 :
592 3614 804 3683 Primo,
853 3617 1003 3690 quod
1047 3618 1227 3692 gratis
1263 3617 1533 3691 ponimus
1560 3616 1653 3681 di-

295 3698 629 3755 versitatem
682 3698 851 3753 istam
897 3698 960 3753 in
1013 3698 1202 3756 modis
1247 3697 1567 3762 charitatis»,
1598 3702 1653 3754 et

298 3778 481 3835 alium
535 3777 651 3834 alio
698 3777 1022 3835 formaliter
1053 3776 1451 3853 perfectiorem
1472 3802 1488 3844 ;
1518 3794 1649 3834 cum

298 3876 483 3933 neque
508 3877 579 3917 ex
607 3859 974 3925 authoritate,
1008 3875 1191 3933 neque
1217 3876 1290 3917 ex
1318 3859 1541 3916 ratione
1583 3857 1653 3917 ad

293 3941 354 3998 id
384 3941 736 4014 praebeamus
778 3941 1240 3998 fundamentum.
1272 3940 1492 4007 Deinde,
1518 3940 1654 4014 quia

292 4025 386 4080 vel
427 4023 583 4082 modi
630 4024 727 4079 isti
765 4024 889 4080 solo
918 4038 1163 4080 numero
1212 4021 1511 4088 differunt,
1561 4024 1655 4079 vel

290 4106 518 4178 specie?
561 4110 689 4164 Non
732 4106 989 4179 primum
1013 4129 1029 4173 ;
1073 4121 1211 4161 nam
1256 4120 1325 4161 ea
1369 4120 1494 4179 quae
1531 4105 1655 4164 solo

291 4188 569 4247 differunt
597 4205 862 4257 numero,
916 4192 1209 4261 nequeunt
1233 4187 1421 4247 dicere
1467 4189 1655 4262 majo-

294 4285 417 4328 rem
442 4273 852 4344 perfectionem
881 4270 1190 4327 formalem
1224 4290 1237 4326 ε
1267 4285 1452 4343 neque
1476 4269 1655 4325 etiam

291 4352 629 4421 secundum,
699 4351 984 4426 siquidem
1032 4367 1234 4408 omnes
1296 4356 1432 4406 sunt
1496 4349 1655 4406 intra

293 4433 537 4491 eandem
558 4437 804 4507 speciem
832 4434 1129 4493 charitatis
1166 4449 1354 4508 :ergm
1381 4440 1489 4491 etc.
1513 4431 1658 4490 Ρω-

293 4522 459 4582 terea,
485 4516 621 4589 quia
646 4515 875 4588 quando
903 4515 1057 4573 idem
1087 4530 1332 4572 numero
1359 4519 1515 4572 actus
1541 4512 1657 4569 hu-

295 4596 563 4653 militatis
628 4595 845 4653 hahens
903 4596 1222 4653 honitatem
1272 4602 1333 4650 ut
1392 4602 1651 4672 quatuor,

293 4675 495 4733 crescit
535 4675 600 4731 in
627 4676 733 4732 illa
760 4691 936 4749 usque
962 4677 1037 4731 ad
1062 4693 1179 4741 sex,
1225 4691 1344 4732 non
1371 4677 1457 4731 est
1484 4691 1517 4730 a
1543 4691 1655 4747 quo

294 4771 501 4821 novuS,
545 4761 643 4812 aut
690 4755 994 4828 perfectior
1040 4755 1245 4813 modus
1272 4753 1653 4828 producatur;

294 4850 415 4894 non
434 4836 594 4894 enim
617 4836 951 4912 producitur
972 4835 1043 4893 ab
1066 4834 1265 4893 habitu
1281 4834 1652 4903 humilitatis,

291 4917 392 4992 qui
419 4919 619 4977 eodem
668 4933 902 4992 prorsus
941 4915 1113 4974 modo
1160 4916 1355 4973 influit
1391 4916 1455 4974 in
1483 4916 1658 4973 illum

292 5006 505 5070 actum,
533 5002 680 5059 sicut
701 5007 870 5058 antea
889 5000 1291 5074 (supponimus
1310 5005 1502 5058 autem
1525 5014 1658 5074 aug-

1783 356 1950 412 DUB.
2001 357 2096 412 111.
3036 362 3151 418 743

1789 533 2053 584 mentum
2100 529 2204 587 hoc
2231 545 2350 588 non
2396 531 2706 603 provenire
2749 547 2820 588 ex
2863 546 2948 597 eo,
2994 529 3144 604 quod

1788 613 1946 666 actus
1972 610 2321 668 humilitatis
2354 612 2539 686 magis
2566 611 2925 679 intendatur,
2951 612 3050 669 sed
3076 628 3149 669 ex

1789 691 1922 746 aliis
1940 693 2279 749 extrinsecis
2293 693 2763 765 circumstantiis)
2776 708 2959 767 neque
2972 693 3148 750 etiam
3223 691 3226 696 ’

1787 769 1861 827 ab
1889 778 2034 838 actu,
2067 773 2163 829 vel
2202 772 2276 830 ab
2304 773 2503 831 habitu
2533 774 2851 840 charitatis,
2900 772 3038 847 quia
3085 773 3147 829 hi

1787 866 1909 907 non
1947 852 2205 910 influunt
2246 855 2603 921 immediate,
2652 860 2710 911 et
2746 854 3020 921 elicitive,
3046 852 3147 911 sed

1787 932 2151 1005 imperative,
2185 935 2477 992 mediante
2523 934 2723 992 habitu
2771 934 3143 992 humilitatis.

1788 1013 2055 1092 Denique,
2073 1017 2209 1088 quia
2236 1017 2582 1074 adveniente
2604 1016 2927 1090 perfectiori
2952 1015 3142 1083 mod0‚

1788 1111 1972 1169 neque
1986 1103 2118 1154 esta
2136 1114 2248 1170 quo
2271 1100 2599 1157 destruatur
2621 1101 2818 1155 minus
2840 1099 3141 1171 perfectus,

1788 1191 1972 1249 neque
2016 1187 2252 1251 apparet
2296 1180 2600 1253 quomod0,
2658 1181 2708 1236 si
2749 1179 2921 1237 ambo
2965 1179 3145 1235 simul

1786 1256 1852 1312 in
1864 1256 2066 1314 eodem
2082 1265 2207 1322 actu
2227 1265 2624 1332 permaneant,
2657 1260 2811 1316 inter
2835 1273 2897 1315 se
2935 1259 3144 1315 unian-

1786 1342 1883 1393 tur
1915 1357 1929 1393 t
1957 1354 2112 1414 ergo,
2142 1347 2247 1397 etc.

1866 1420 2260 1492 Respondetur
2289 1421 2358 1480 ad
2382 1420 2659 1493 primum,
2688 1436 2806 1477 non
2827 1421 3027 1495 gratis,
3045 1417 3145 1476 sed
3159 1432 3347 1492 Respon-

1785 1516 1918 1557 cum
1938 1501 2242 1559 sufficienti
2270 1501 2647 1558 fundamento
2673 1501 2943 1559 constitui
2971 1516 3004 1557 a
3038 1516 3147 1557 no-
3170 1487 3355 1585 333&

1784 1580 1877 1637 bis
1898 1581 2225 1655 praedictam
2254 1583 2321 1640 in
2350 1581 2536 1639 modis
2563 1583 2864 1640 charitatis
2896 1580 3148 1639 diversi-

1786 1668 1984 1720 tatem.
2028 1666 2175 1721 Tum
2202 1667 2339 1739 quia
2380 1666 2460 1723 ita
2485 1665 2664 1740 exigit
2692 1671 2902 1722 natura
2943 1665 3050 1729 rei,
3077 1662 3148 1721 de

1786 1763 1901 1820 qua
1937 1747 2181 1822 agimuS,
2228 1753 2291 1804 ut
2343 1747 2592 1805 intuenti
2639 1747 2941 1805 constabit.
2996 1749 3148 1804 Tum

1785 1827 1985 1896 etiam,
2034 1827 2171 1900 quia
2199 1834 2259 1883 ut
2304 1831 2373 1884 D.
2403 1830 2611 1886 Thom.
2659 1829 2722 1884 in
2762 1830 2817 1894 3,
2867 1828 3002 1885 dist.
3048 1830 3145 1895 27,
3163 1850 3215 1890 n,
3234 1850 3337 1894 Tuo.

1787 1917 1972 1983 quaest.
2001 1911 2055 1978 2,
2106 1917 2219 1966 art.
2251 1913 2306 1976 4,
2334 1913 2647 1988 quaestiunc.
2692 1912 2728 1967 3
2782 1912 2857 1966 ad
2882 1913 2939 1976 5,
2978 1925 3150 1984 agens

1787 1988 1859 2046 de
1887 1990 1990 2046 hoc
2010 1989 2136 2062 ipso
2162 1990 2352 2056 modo,
2384 1994 2443 2048 et
2481 1991 2924 2064 participatione
2951 1990 3149 2047 chari-

1787 2071 1940 2137 tatis,
1965 2087 2092 2144 quae
2118 2078 2202 2129 est
2225 2074 2287 2129 in
2316 2071 2533 2129 actibus
2556 2074 2810 2130 aliarum
2838 2073 3144 2138 virtutum,

1788 2158 1940 2207 recte
1981 2151 2169 2225 inquit
2203 2173 2216 2208 ε
2246 2153 2528 2228 Inferior-a
2565 2155 2912 2228 participant
2936 2155 3150 2227 perfec-

1788 2236 1961 2289 tiones
1985 2237 2330 2308 superiorum
2373 2237 2670 2291 secundum
2707 2235 2930 2290 modum
2954 2254 3150 2304 summ

1786 2323 1838 2371 et
1859 2317 1975 2371 ideo
2013 2318 2469 2390 participationes
2494 2318 2934 2373 determinantur
2959 2335 3032 2372 ex
3051 2336 3150 2373 ca-

1782 2400 2044 2471 pacitate,
2074 2406 2125 2453 et
2153 2406 2360 2455 natura
2380 2401 2870 2473 participantium,
2908 2406 3007 2456 etc.
3037 2402 3153 2458 Pro

1788 2479 2037 2536 diversis
2081 2479 2261 2555 igitur
2301 2481 2552 2537 aliarum
2606 2482 2891 2536 virtutum
2934 2481 3153 2539 actibus

1791 2562 2270 2636 participantibus
2310 2562 2674 2628 charitatem,
2717 2561 2961 2621 diversae
2999 2565 3154 2638 ejus-

1788 2644 1922 2701 dem
1968 2643 2266 2701 charitatis
2304 2644 2791 2716 participationes,
2823 2644 3153 2719 diversique

1786 2724 1911 2799 ejus
1938 2724 2096 2781 modi
2123 2724 2406 2798 assignari
2434 2723 2644 2781 debent
2672 2725 2875 2798 magis,
2908 2727 3000 2783 vel
3033 2727 3151 2783 mi-

1789 2821 1900 2862 nus
1928 2806 2181 2880 perfecti,
2208 2806 2374 2881 juxta
2408 2808 2708 2883 majorem,
2735 2807 2829 2863 vel
2857 2807 3148 2867 minorem

1789 2887 2219 2961 perfectionem,
2290 2889 2626 2963 pluresque,
2690 2894 2790 2944 aut
2853 2890 3149 2960 pauciores

1786 2970 1998 3046 gradus
2025 2971 2299 3029 bonitatis
2325 2971 2640 3028 eorundem
2669 2976 2920 3027 actuum.

1861 3051 1948 3107 Ad
1993 3052 2307 3109 secundum
2339 3050 2737 3123 respondetur,
2770 3049 3148 3123 quemadmo-
3183 3067 3250 3109 Ad
3275 3077 3338 3111 se·

1786 3130 1928 3186 dum
1956 3131 2113 3186 intra
2144 3132 2358 3187 lineam
2402 3128 2686 3186 albedinis
2714 3129 2928 3186 dantur
2957 3129 3149 3201 plures
3171 3116 3362 3160 cunctam.

1787 3210 1946 3268 modi
1995 3211 2254 3285 maj0ris,
2298 3214 2356 3265 et
2389 3209 2630 3282 majoris
2672 3207 3048 3265 radicationis
3085 3209 3150 3265 in

1785 3289 2038 3365 subjecto
2051 3290 2236 3363 specie
2252 3288 2467 3346 modali
2485 3288 2837 3355 differentes,
2861 3290 3153 3362 pertinen·

1786 3376 1872 3427 tes
1894 3369 2186 3427 reductive
2207 3368 2276 3426 ad
2302 3369 2545 3426 eandem
2571 3369 2858 3427 albedinis
2877 3372 3145 3443 speciem,

1788 3457 1851 3508 ut
1888 3452 2093 3510 docent
2118 3456 2188 3509 N.
2239 3452 2525 3524 Complut.
2583 3452 2705 3509 loco
2752 3467 2940 3525 nuper
2977 3454 3366 3527 citatooompnm,

1787 3554 1841 3615 q.
1866 3536 1921 3600 9,
1955 3535 2034 3591 ita
2056 3534 2234 3592 etiam
2261 3534 2421 3589 intra
2441 3533 2741 3590 charitatis
2777 3534 2995 3590 lineam
3021 3534 3149 3591 dari

1788 3620 2057 3691 poterunt
2129 3615 2324 3687 plures
2369 3614 2493 3688 ejus
2545 3614 3033 3688 participationeS,
3095 3622 3152 3673 et

1788 3697 1966 3763 modi,
1999 3712 2118 3753 non
2149 3695 2339 3751 solum
2368 3695 2608 3770 majoris
2636 3694 3026 3762 radicationis,
3051 3696 3152 3754 sed

1786 3778 1964 3835 etiam
2017 3775 2257 3849 maJ'oris
2296 3774 2671 3842 extensionis,
2722 3776 2910 3848 specie
2931 3776 3150 3833 modali

1786 3856 2066 3922 distincti,
2099 3855 2410 3928 magisque,
2435 3852 2747 3909 autminus
2769 3856 3026 3927 perfecti,
3056 3872 3152 3913 re·

1786 3939 2016 3996 ductive
2038 3935 2392 4011 pertinentes
2414 3933 2482 3991 ad
2498 3933 2741 3992 eandem
2757 3938 3007 4009 speciem
3019 3937 3151 3994 cha-

1787 4021 2002 4078 ritatis:

1862 4101 1949 4158 Ad
1976 4100 2213 4158 tertium
2236 4095 2667 4170 respondemus,
2701 4099 2939 4156 modum
2963 4100 3148 4175 magis
3169 4121 3236 4165 Ad
3258 4126 3338 4166 mr.

1790 4183 2104 4256 perfectum
2133 4179 2263 4237 fieri
2289 4178 2560 4247 elicitive,
2611 4184 2666 4236 et
2712 4180 3052 4239 immediate
3077 4181 3148 4240 ab
3185 4170 3296 4215 ‘¹²³'-

1787 4264 1989 4322 eodem
2034 4260 2340 4336 principio,
2383 4276 2416 4315 a
2462 4275 2574 4333 quo
2603 4258 2666 4316 fit
2705 4276 2889 4318 novus
2938 4262 3150 4337 gradus

1790 4346 2084 4414 bonitatis,
2115 4345 2215 4418 qui
2260 4342 2430 4407 actui,
2476 4342 2540 4397 in
2583 4357 2696 4414 quo
2719 4347 2805 4399 est
2850 4343 3152 4416 praedictus

1789 4427 2014 4494 moduS,
2034 4432 2171 4482 tunc
2188 4421 2616 4497 superadditur,
2638 4422 2701 4477 in
2723 4422 2937 4482 virtute
2956 4429 3152 4483 tamen

1787 4507 2086 4566 charitatis
2109 4531 2124 4574 3
2154 4510 2323 4578 atque
2363 4502 2503 4561 adeo
2532 4502 2796 4571 mediate,
2818 4510 2876 4562 et
2896 4506 3156 4581 impera-

1790 4591 1909 4647 tive
1935 4588 2063 4646 fieri
2093 4605 2126 4645 a
2145 4586 2443 4645 charitate.
2478 4587 2592 4643 Nec
2614 4592 2797 4658 potest
2822 4602 2945 4647 esse
2966 4590 3154 4665 major

1790 4670 2094 4728 difficultas
2139 4668 2292 4724 circa
2342 4665 2778 4739 productionem
2828 4670 2966 4725 novi
2995 4670 3153 4727 modi

1787 4752 2109 4817 charitatis,
2141 4754 2519 4822 permanente
2568 4748 2772 4806 eadem
2825 4750 3155 4811 intensione

1791 4839 1950 4891 actus
1979 4832 2043 4888 in
2070 4847 2182 4904 quo
2202 4834 2306 4897 est,
2337 4845 2509 4902 quam
2536 4828 2687 4886 circa
2715 4829 3154 4903 productionem

1793 4914 1931 4972 novi
1955 4910 2167 4988 gradus
2190 4910 2464 4968 bonitatis
2483 4909 2740 4984 ejusdem
2769 4915 2945 4968 actus.

1866 4995 1954 5052 Ad
1982 4994 2257 5051 ultimum
2297 4992 2545 5066 denique
2574 4992 2971 5065 respondetur,
3003 4996 3156 5067 quod
