3647 5753
470 365 572 420 188
1221 369 1232 378 ⁶
1485 356 1577 410 DE
1617 354 1888 410 GRATIA
1928 352 2271 408 EFFICACI.

243 533 608 592 1).Anse1.hanc
634 548 756 590 esse
794 536 1050 588 mentem
1087 529 1345 587 Anselmi
1365 529 1568 604 prime,
1600 526 1735 600 quia
1759 526 1815 582 S.

457 614 661 670 Doctor
689 613 781 669 h‘b.
801 615 869 668 2:
895 611 1014 670 Cur
1043 613 1186 668 Deus
1203 612 1380 676 homo,
1406 607 1616 665 diffinit
1636 621 1821 663 neces-

455 695 683 751 sitatem
712 699 1153 767 consequentem
1182 707 1322 760 esse,
1358 709 1526 770 quam
1563 690 1702 763 facit
1728 691 1820 761 ip-

451 782 614 830 semet
636 792 886 848 operans.
909 776 976 829 Et
995 773 1166 830 tibae
1183 769 1819 842 Concordia,oap.1,lo-

452 870 634 926 quens
674 855 745 912 de
789 853 989 911 eadem
1029 852 1377 918 necessitate,
1409 851 1645 923 inquit:
1689 848 1818 906 Ideo

451 937 599 990 enirn
643 937 774 1013 quia
817 942 1100 1007 ponuntur
1145 950 1230 988 res
1274 948 1403 999 esse,
1448 931 1710 987 dicuntur
1745 947 1819 986 ex

453 1020 765 1073 necessitate
790 1034 918 1074 esse.
966 1015 1073 1073 Sed
1120 1014 1426 1072 necessitas
1471 1029 1645 1086 quam
1683 1011 1818 1068 facit

455 1096 697 1169 ipsemet
715 1112 975 1170 operans,
995 1101 1188 1168 etquae
1201 1094 1456 1165 sequitur
1473 1092 1815 1166 positionem

453 1180 535 1235 rei
585 1179 647 1234 in
685 1195 822 1247 esse,
864 1176 1229 1250 subsequitur
1272 1175 1814 1233 determinationem

449 1261 741 1333 operantis
793 1259 1048 1317 habitam
1095 1258 1419 1315 formaliter
1468 1258 1532 1314 in
1569 1258 1754 1331 seipsa
1797 1277 1811 1313 ε

447 1355 585 1414 ergo
618 1339 934 1396 secundum
963 1338 1305 1393 Anselmum
1335 1339 1467 1395 talis
1508 1336 1673 1394 debet
1694 1352 1815 1393 esse

448 1421 757 1477 necessitas
777 1434 1146 1492 consequenS,
1172 1435 1298 1491 quae
1344 1434 1460 1475 non
1485 1417 1816 1491 praejudicat

449 1499 733 1567 libertati;
765 1505 822 1556 et
859 1500 1052 1555 omnis
1074 1499 1191 1554 alia
1220 1498 1541 1565 necessitas,
1566 1513 1691 1570 quae
1710 1496 1814 1554 de-

448 1581 922 1638 terminationem
947 1579 1251 1636 formalem
1274 1578 1495 1653 agentis
1524 1577 1807 1651 praecedit,

448 1667 533 1719 est
577 1661 916 1735 simpliciter
956 1658 1313 1716 antecedens.
1365 1659 1632 1727 Secunde,
1678 1658 1814 1732 quia

451 1741 606 1798 idem
647 1741 953 1797 Anselmus
973 1739 1278 1814 distinguit
1302 1740 1456 1795 inter
1488 1745 1674 1796 actum
1701 1739 1814 1796 eli-

447 1822 624 1879 citum
657 1839 690 1878 a
718 1822 1030 1886 voluntate,
1054 1825 1109 1876 et
1142 1824 1330 1876 actum
1359 1818 1430 1876 ab
1464 1835 1530 1876 ea
1555 1820 1813 1893 impera-

448 1907 592 1970 tum,
624 1907 679 1959 et
705 1901 1000 1958 constituit
1039 1899 1426 1958 differentiam
1456 1899 1518 1955 in
1545 1916 1631 1967 eo,
1658 1899 1809 1974 quod

447 1983 676 2041 elicitus
726 1984 912 2039 solum
954 1987 1040 2038 est
1080 1981 1434 2038 necessarius
1482 1976 1812 2040 necessitate

447 2065 844 2139 consequentis
878 2086 890 2120 :
915 2063 1082 2137 Quia,
1103 2063 1310 2135 inquit,
1331 2062 1472 2136 quod
1497 2063 1612 2119 vult
1641 2064 1811 2121 libera

451 2147 726 2212 voluntas,
758 2152 927 2218 potest
964 2161 1074 2200 non
1098 2144 1248 2210 velle,
1278 2151 1327 2199 et
1349 2160 1551 2199 necesse
1584 2152 1660 2200 est
1689 2164 1811 2202 eam

450 2229 604 2293 velle,
650 2245 774 2283 cum
819 2226 959 2282 vult.
990 2228 1063 2280 At
1109 2240 1246 2282 vero
1272 2228 1427 2281 actus
1473 2224 1805 2298 imperatus,

452 2309 640 2381 qualis
683 2313 767 2364 est
813 2312 1000 2364 motus
1046 2321 1271 2372 manuS,
1327 2309 1413 2362 est
1458 2307 1812 2364 necessarius

452 2388 784 2444 necessitate
811 2385 1179 2452 antecedenti,
1211 2387 1345 2458 quia
1390 2386 1659 2458 supponit
1694 2388 1809 2443 im-

450 2469 678 2541 perium
700 2467 1110 2534 voluntati3,ad
1124 2467 1273 2541 quod
1295 2468 1612 2525 necessario
1628 2469 1811 2542 sequi-

450 2554 544 2604 tur
579 2570 591 2603 :
623 2549 930 2623 Bisariam,
982 2548 1079 2617 ait,
1112 2565 1222 2604 esse
1261 2550 1646 2615 necessarium,
1678 2552 1809 2623 quia

444 2638 494 2685 et
535 2632 813 2686 voluntate
853 2632 1063 2700 coyitur
1099 2629 1240 2696 fieri,
1285 2637 1332 2684 et
1380 2630 1521 2702 quod
1563 2635 1648 2696 tit,
1700 2649 1810 2686 non

439 2717 613 2783 potest
632 2711 802 2765 simul
822 2728 929 2766 non
956 2727 1086 2766 esse.
1116 2711 1174 2766 Si
1201 2726 1338 2784 ergo
1366 2710 1679 2783 imperium
1702 2728 1809 2768 vo-

451 2791 709 2856 luntatis,
752 2791 888 2864 quia
916 2790 1196 2848 antecedit
1235 2792 1551 2848 motionem
1581 2808 1804 2861 manuS,

450 2880 507 2931 et
532 2889 660 2930 eam
691 2872 1079 2931 infallibiliter
1109 2872 1304 2940 infert,
1339 2873 1671 2932 redditeam
1701 2891 1807 2933 ne-

448 2956 754 3013 cessariam
784 2956 1114 3013 necessitate
1141 2955 1516 3021 antecedenti,
1547 2962 1603 3014 et
1629 2974 1808 3031 oppo-

447 3036 557 3092 sita
597 3034 881 3102 libertati;
933 3036 1237 3092 manifeste
1275 3036 1449 3093 sentit
1475 3038 1801 3107 AnselmuS,

446 3119 628 3175 solam
676 3117 840 3173 illam
882 3118 1274 3175 necessitatem
1319 3133 1441 3192 esse
1466 3134 1809 3192 consequen-

446 3203 583 3265 tem,
632 3213 756 3269 quae
802 3197 871 3257 ad
918 3196 1460 3255 determinationem
1501 3198 1805 3258 formalem

446 3277 738 3350 operantis
780 3278 1058 3350 sequitur,
1087 3282 1143 3334 et
1186 3294 1359 3351 quam
1411 3294 1656 3352 operans
1694 3279 1805 3337 sibi

450 3357 719 3430 imponit.

487 3452 496 3459 ·
526 3436 721 3506 Tertio,
751 3437 883 3510 quia
909 3438 1212 3494 Anselmus
1234 3439 1297 3495 in
1326 3438 1475 3497 libro
1515 3438 1633 3497 Cur
1657 3440 1808 3498 Deus

442 3518 624 3585 homo,
650 3537 771 3592 cap.
806 3521 888 3584 Π,
915 3516 1076 3575 docet
1104 3521 1282 3575 Deum
1302 3519 1541 3577 nihilex
1556 3522 1805 3578 necessi-

447 3604 559 3656 tate
579 3600 918 3672 simpliciter
945 3599 1131 3657 facere
1162 3621 1175 3656 z
1204 3601 1481 3674 quoniam
1525 3602 1687 3658 nulla
1710 3617 1805 3659 ne-

444 3680 674 3736 cessitas
703 3677 964 3752 praecedit
991 3679 1113 3753 ejus
1133 3679 1302 3747 velle,
1335 3678 1432 3736 sed
1456 3679 1526 3737 ab
1552 3681 1673 3755 ejus
1700 3697 1807 3738 vo-

447 3759 667 3816 luntate
711 3759 1028 3816 derivatur.
1070 3758 1178 3816 Sed
1222 3763 1398 3834 capite
1433 3762 1495 3818 18
1541 3764 1800 3840 sequenti,

443 3839 644 3898 eodem
667 3839 836 3897 modo
859 3840 1108 3913 loquitur
1129 3839 1199 3896 de
1218 3842 1514 3899 voluntate
1526 3842 1798 3908 humana,

442 3925 500 3977 et
549 3920 795 3993 explicat
846 3920 1236 3976 necessitatem
1290 3927 1731 3994 consequentem
1786 3943 1799 3978 z

444 4016 580 4074 ergo
601 4001 743 4057 sicut
764 4000 1068 4057 necessitas
1092 4005 1312 4072 reperta
1341 4001 1404 4057 in
1444 4000 1647 4071 divina
1668 4018 1804 4058 cau-

444 4084 671 4140 salitate
698 4097 815 4139 non
836 4082 1023 4138 oritur
1052 4098 1122 4138 ex
1150 4083 1361 4156 aliquo,
1395 4083 1544 4156 quod
1572 4084 1671 4141 Dei
1700 4084 1802 4142 de-

446 4162 917 4220 terminationem
945 4160 1256 4228 antecedat,
1286 4162 1365 4218 ita
1394 4165 1696 4222 necessitas
1719 4181 1804 4222 re-

447 4249 608 4317 perta
636 4244 697 4299 in
740 4240 954 4305 actibus
974 4243 1197 4309 creatis,
1225 4259 1297 4300 ne
1315 4258 1518 4300 eorum
1549 4242 1800 4302 libertati

445 4323 613 4391 obsit,
638 4322 804 4382 debet
828 4321 898 4380 ad
927 4323 1079 4396 ipsos
1116 4323 1295 4397 sequi,
1326 4329 1382 4381 et
1412 4338 1528 4380 non
1557 4325 1703 4382 oriri
1732 4324 1802 4382 ab

446 4406 656 4479 aliquo,
680 4403 830 4478 quod
856 4402 1083 4461 eosdem
1112 4409 1267 4461 actus
1292 4404 1604 4462 antecedat.
1623 4405 1804 4479 Quar-

444 4495 518 4553 to,
569 4502 703 4558 nam
762 4484 912 4558 quod
958 4485 1258 4543 necessitas
1316 4485 1582 4544 eliciendi
1648 4491 1802 4544 actus

442 4571 659 4624 creatos
677 4571 1053 4639 consequatur
1073 4565 1143 4623 ad
1184 4564 1427 4624 liberam
1447 4565 1801 4625 determina-

444 4648 662 4705 tionem
686 4647 783 4704 Dei
803 4647 1266 4720 praecontinentis
1287 4646 1611 4705 libertatem
1640 4664 1801 4706 crea-

373 4784 384 4795 ,
443 4733 586 4794 tam,
619 4728 767 4783 nihil
791 4727 939 4795 facit,
965 4732 1028 4784 ut
1056 4731 1211 4785 actus
1235 4727 1422 4785 'creati
1465 4727 1636 4786 liberi
1659 4728 1796 4796 sint,

443 4815 507 4864 ut
528 4814 677 4883 patet
704 4809 766 4865 in
794 4825 991 4867 amore
1015 4806 1275 4867 beatifico
1312 4809 1410 4883 qui
1437 4811 1802 4884 consequitur

441 4904 514 4946 ex
544 4888 727 4947 libera
763 4891 866 4948 Dei
911 4891 1411 4960 determinatione,
1461 4896 1518 4949 et
1555 4891 1802 4950 causali-

445 4973 593 5037 tate;
640 4976 694 5028 et
738 4975 935 5030 tamen
961 4972 1112 5031 liber
1139 4987 1258 5031 non
1283 4977 1386 5044 est,
1412 4973 1507 5032 sed
1542 4986 1802 5032 necessa·

1882 527 1894 547 ⁰
1957 524 2098 588 rius,
2129 524 2263 597 quia
2292 539 2409 581 non
2434 523 2800 597 consequitur
2829 521 3091 588 liberam,
3121 526 3176 577 et
3204 521 3318 579 for-

1953 607 2166 663 malem
2192 606 2737 664 determinationem
2786 603 2930 661 beati
2975 605 3163 677 ipsum
3203 604 3316 661 eli-

1950 688 2155 744 cientis
2204 709 2218 743 2
2271 704 2408 763 ergo
2457 694 2520 744 ut
2571 686 2875 743 necessitas
2919 685 2993 740 sit
3058 682 3320 741 absolute

1917 783 2316 840 *consequens
2365 773 2421 824 et
2474 783 2589 824 non
2634 764 3009 840 praeiudicans
3061 763 3315 821 libertati

1950 852 2179 915 nostrae,
2210 848 2455 904 minime
2478 846 2700 914 sufficit,
2732 844 2883 918 quod
2922 850 3192 917 sequatur
3236 844 3315 900 li-

1952 927 2148 999 beram
2176 930 2722 988 determinationem
2750 928 2869 995 Dei,
2904 933 3160 999 utsupra
3189 941 3313 983 res-

1950 1009 2257 1082 pondimus
2272 1035 2287 1079 ;
2317 1010 2414 1067 sed
2439 1009 2771 1083 requiritur,
2800 1013 2860 1063 ut
2880 1013 3149 1080 sequatur
3172 1004 3312 1062 libe·

1950 1107 2075 1147 ram
2139 1091 2682 1148 determinationem
2750 1095 3023 1145 nostram.
3077 1086 3304 1160 Quinto,

1948 1171 2082 1243 quia
2109 1173 2352 1229 Anselus
2374 1172 2466 1227 lib.
2497 1173 2593 1228 cit.
2623 1171 2688 1225 de
2718 1169 3046 1235 Concordia,
3071 1168 3178 1224 sub
3206 1183 3314 1225 ne-

1947 1253 2204 1310 cessitate
2225 1252 2580 1311 antecedenti
2605 1251 2854 1308 libertati
2873 1250 3129 1324 opposita
3152 1265 3313 1308 com-

1949 1332 2254 1405 prehendit
2300 1332 2843 1390 determinationem
2873 1335 3060 1387 ortam
3091 1345 3124 1385 a
3152 1331 3264 1385 Deo
3295 1348 3309 1385 ε

1946 1419 2002 1470 et
2023 1412 2128 1469 hac
2157 1414 2379 1472 ratione
2399 1418 2548 1470 totus
2569 1417 2655 1468 est
2676 1412 2740 1467 in
2762 1408 3110 1467 declarando
3129 1408 3311 1466 scien-

1947 1492 2107 1560 tiam,
2140 1498 2196 1550 et
2226 1492 2743 1567 praedefinitionem
2792 1493 2890 1547 Dei
2923 1489 3215 1563 pertinere
3239 1489 3312 1545 ad

1948 1574 2343 1632 necessitatem
2387 1577 2847 1645 consequentem,
2880 1571 3016 1643 quia
3043 1568 3314 1626 videlicet

1944 1661 2292 1727 supponunt,
2314 1656 2405 1712 vel
2426 1654 2736 1711 involvunt
2763 1654 2944 1724 ipsam
2962 1649 3314 1707 determina—

1947 1737 2162 1794 tionem
2187 1736 2357 1794 liberi
2378 1736 2624 1803 arbitrii,
2643 1737 2847 1792 saltem
2864 1733 2967 1790 sub
2981 1731 3312 1790 conditione

1945 1818 2202 1875 futuram
2236 1840 2249 1876 ε
2278 1824 2334 1876 et
2361 1820 2440 1875 sic
2466 1819 2653 1875 salvat
2673 1819 3033 1875 voluntatem
3064 1815 3164 1873 Dei
3191 1828 3308 1870 non

1946 1899 2215 1957 inducere
2241 1900 2631 1957 necessitatem
2660 1895 3085 1955 antecedentem
3114 1917 3127 1952 t
3156 1895 3307 1968 Quia
3322 1925 3365 1968 1)
3383 1925 3543 1969 Ausci.

1945 1980 2150 2053 inquit,
2172 1998 2280 2037 non
2296 1982 2664 2054 praedestinat,
2681 1981 2792 2034 nisi
2811 1981 2955 2033 sicut
2970 1985 3046 2033 est
3062 1980 3123 2033 in
3136 1994 3309 2050 praes-

1944 2065 2166 2119 cie-ntia.
2180 2062 2382 2118 Omnis
2396 2077 2531 2135 ergo
2554 2061 2876 2124 necessitaS,
2894 2076 3020 2132 quae
3041 2058 3313 2115 determi-

1946 2144 2238 2200 nationem
2257 2147 2512 2200 nostram
2537 2141 2821 2215 praecedit,
2843 2145 2897 2195 et
2914 2140 3311 2197 infallibiliter

1945 2223 2141 2292 infert,
2164 2230 2247 2282 est
2267 2224 2578 2281 secundum
2602 2222 2942 2278 Anselmum
2960 2220 3307 2295 simpliciter

1945 2305 2300 2372 antecedens,
2344 2320 2693 2378 quamquam
2741 2304 3044 2376 proveniat
3084 2318 3117 2359 a
3157 2304 3304 2369 Deo,

1943 2392 2000 2442 et
2019 2387 2099 2443 sic
2128 2385 2281 2443 laedit
2306 2385 2655 2442 libertatem.

2018 2468 2102 2525 Ad
2131 2470 2247 2526 haec
2273 2490 2285 2525 :
2312 2468 2514 2524 Plures
2553 2469 2647 2525 SS.
2694 2469 2906 2526 Patres,
2937 2472 2998 2521 ut
3025 2465 3303 2541 chrysos·
3319 2479 3551 2537 augmen·

1945 2554 2081 2606 tom.
2108 2550 2253 2605 hom.
2272 2550 2344 2604 26
2363 2550 2421 2603 in
2434 2547 2600 2604 Joan.
2635 2547 2990 2621 Epiphanius
3003 2548 3189 2602 haeresi
3217 2528 3550 2622 16,{,',¹,'1¹,¹,‘{;{¹{·

1941 2631 2333 2688 Tertullianus
2355 2631 2447 2688 tib.
2478 2632 2534 2696 2,
2567 2636 2759 2686 contra
2785 2630 3143 2698 Marcionem,
3176 2649 3303 2704 cap.

1941 2715 1996 2780 6,
2039 2717 2095 2770 et
2133 2712 2233 2769 alii
2276 2712 2596 2786 inquirunt,
2647 2729 2746 2769 cur
2788 2713 2933 2769 Deus
2974 2713 3310 2785 permiserit

1941 2792 2257 2860 hominem,
2289 2808 2459 2866 quem
2475 2798 2787 2860 creaverat,
2806 2797 3070 2865 peccare?
3092 2794 3159 2848 Et
3182 2809 3308 2850 res-

1942 2874 2210 2950 pondent,
2245 2875 2424 2931 Deum
2466 2875 2544 2932 ita
2582 2891 2642 2932 se
2666 2876 2919 2950 gessisse,
2957 2893 3027 2933 ne
3062 2878 3311 2934 violaret

1940 2957 2196 3014 hominis
2242 2957 2584 3015 libertatem.
2637 2956 2744 3013 Sed
2790 2958 2906 3015 haec
2952 2960 3099 3017 ratio
3143 2959 3309 3015 nulla

1940 3038 2106 3106 foret,
2159 3040 2207 3094 si
2239 3040 2384 3096 Deus
2414 3044 2596 3112 posset
2623 3054 2726 3096 suo
2773 3041 2992 3097 auxilio
3027 3040 3310 3097 determi-

1942 3137 2083 3180 nare
2105 3122 2401 3181 hominem
2432 3122 2503 3179 ad
2531 3122 2766 3192 bonum,
2798 3124 2940 3197 quin
2978 3122 3308 3182 libertatem

1943 3202 2186 3261 violaret
2215 3223 2226 3255 :
2259 3208 2391 3260 tunc
2418 3203 2628 3277 quippe
2655 3204 2863 3277 absque
2892 3204 3176 3261 libertatis
3204 3206 3311 3261 lae-

1940 3286 2120 3349 sione,
2143 3288 2234 3343 vel
2258 3285 2572 3342 violatione
2595 3285 2974 3359 impediretur
2997 3293 3304 3360 peccatum,

1942 3370 2003 3422 ut
2030 3365 2366 3423 discurrunt
2391 3366 2718 3424 Thomistae.
2753 3369 2899 3442 Ergo
2927 3384 2998 3424 ex
3023 3368 3311 3425 sententia

1941 3448 2181 3507 istorum
2225 3447 2907 3506 Patrumdeterminatio
2936 3450 3036 3506 Dei
3079 3455 3309 3507 antece-

1938 3527 2081 3587 dens
2107 3535 2363 3586 nostram
2387 3527 2928 3586 determinationem
2960 3530 3030 3587 ad
3068 3529 3302 3597 bonum,

1939 3624 2059 3667 non
2103 3614 2213 3666 stat
2257 3608 2466 3681 absque
2515 3609 2746 3675 laesione
2793 3608 3073 3667 libertatis
3120 3633 3132 3668 ε
3164 3626 3300 3686 ergo

1940 3691 2245 3750 necessitas
2271 3694 2397 3746 orta
2422 3705 2493 3746 ex
2525 3688 2791 3762 praedicta
2818 3690 3305 3749 determinatione

1936 3783 2022 3834 est
2041 3770 2382 3845 simpliciter
2405 3770 2760 3838 antecedenS,
2793 3778 2847 3828 et
2890 3772 3139 3830 libertati
3162 3789 3301 3831 con—

1938 3853 2141 3911 traria.

2010 3935 2140 3991 268.
2174 3929 2282 3987 Sed
2309 3930 2436 3996 ista,
2465 3935 2525 3986 ut
2553 3930 2826 3998 diximuS,
2862 3932 3027 3990 facile
3067 3948 3138 3991 ex
3164 3933 3297 3991 doc-
3312 3941 3539 3997 Respo„-

1938 4015 2091 4072 trina
2111 4027 2285 4083 supra
2313 4009 2523 4067 tradita
2564 4009 2888 4067 diluuntur.
2920 4012 3006 4067 Ad
3048 3993 3561 4091 primamssffiggfig.

1936 4092 2311 4170 obJ‘ectionem
2350 4089 2755 4165 distinguenda
2795 4096 2878 4148 est
2920 4093 3138 4167 maJ’or:
3168 4092 3301 4151 Non
3358 4099 3487 4136 ”effl-

1935 4181 2011 4230 est
2039 4174 2224 4228 minus
2242 4171 2459 4244 efficaae,
2485 4177 2533 4224 et
2559 4170 2739 4248 eodgm
2769 4171 2946 4235 vitoda,
2975 4187 3250 4248 negamus
3281 4195 3296 4231 :

1934 4272 2044 4309 non
2070 4258 2146 4307 est
2186 4256 2372 4308 minus
2397 4252 2615 4325 efficax,
2641 4259 2691 4306 et
2711 4252 2926 4310 diverso
2952 4255 3127 4322 mode,
3159 4269 3301 4311 con-

1934 4333 2221 4397 cedimus;
2275 4336 2515 4402 utraque
2562 4330 2722 4387 enim
2768 4334 2967 4399 moti0,
2999 4337 3057 4390 et
3095 4332 3301 4408 objecti

1934 4410 2231 4486 adaequati,
2264 4416 2320 4468 et
2347 4410 2553 4467 auxilii
2580 4411 2803 4484 praevii,
2830 4411 3026 4469 efficax
3050 4417 3134 4470 est
3167 4411 3302 4470 :sed

1934 4495 2039 4552 illa
2061 4491 2131 4550 ad
2160 4489 2641 4558 necessitandum,
2669 4491 2789 4549 haec
2809 4509 2946 4551 vero
2968 4492 3039 4550 ad
3060 4508 3303 4566 operan-

1932 4573 2074 4631 dum
2121 4571 2327 4630 libere.
2376 4573 2446 4626 Et
2493 4570 2703 4628 deinde
2747 4587 3010 4630 concessa
3051 4574 3294 4641 minori,

1935 4669 2212 4730 negamus
2273 4652 2739 4724 consequentiam
2800 4653 3073 4711 absolute.
3131 4654 3303 4713 Ratio

1934 4740 2123 4790 autem
2171 4730 2527 4804 disparitatis
2564 4735 2667 4796 est,
2699 4732 2977 4803 quoniam
3016 4729 3303 4804 obiectum

1934 4813 2291 4887 adaequatum
2331 4811 2645 4870 voluntatis
2683 4811 2765 4868 ita
2795 4817 3029 4885 apparet
3056 4810 3300 4880 bonum,

1932 4893 2082 4968 quod
2110 4894 2173 4950 in
2221 4893 2345 4966 ipso
2391 4893 2554 4948 nulla
2583 4891 2732 4949 ratio
2760 4892 2920 4958 mali,
2947 4893 3042 4949 vel
3066 4891 3302 4950 discon-

1933 4974 2243 5035 venientiae
2270 4974 2519 5032 reluceat
2530 4996 2547 5042 ς
2588 4978 2646 5031 et
2683 4971 2812 5031 ideo
2840 4978 3177 5047 non-potest
3202 4974 3302 5031 in-

3039 5055 3303 5114 tellectus
