3647 5753
65 3028 232 3072 Eveni-

59 3083 130 3122 tur
141 3088 229 3121 am·

68 3129 195 3180 plius.

1370 418 1375 423 ’
1427 406 1604 463 DISP.
1647 407 1716 474 11,

262 566 350 621 est
372 562 719 638 simpliciter
740 569 873 626 talis
892 569 957 628 in
977 586 1100 630 esse
1120 575 1349 641 morali,
1375 579 1432 633 et
1452 580 1634 635 atten-

266 644 341 700 tis
384 646 659 704 omnibus
690 668 704 705 ι
740 649 842 707 sed
880 667 1012 708 cum
1058 653 1388 728 hujusmodi
1434 672 1632 715 amore

267 740 388 783 non
431 728 696 797 cohaeret,
727 729 878 804 quod
916 730 1197 808 objectum
1235 735 1385 793 illud
1428 739 1633 796 termi-

267 822 435 875 nans,
486 824 697 884 nempe
723 812 916 883 bomo,
947 816 1022 871 sit
1050 815 1114 872 in
1141 807 1382 890 pecc'ato,
1416 824 1479 874 ut
1508 836 1632 877 res-

268 890 472 963 ponsio
492 908 679 967 nuper
703 893 838 953 data
863 895 1138 977 concedit,
1162 904 1219 955 et
1242 901 1384 957 satis
1411 905 1632 959 constat

266 985 340 1028 ex
364 970 529 1030 dictis
549 992 704 1033 num.
734 978 865 1041 123;
888 992 1024 1052 ergo
1048 994 1116 1037 eo
1143 980 1285 1053 ipso,
1310 981 1460 1054 quod
1483 984 1633 1040 Deus

268 1056 651 1114 communicet
670 1058 896 1116 homini
916 1061 1186 1135 gratiam,
1217 1062 1336 1120 desi
1346 1065 1432 1120 nit
1457 1064 1631 1123 homo

201 1156 216 1167 ·
266 1151 390 1194 esse
413 1138 478 1194 in
497 1145 722 1212 peccato
753 1162 768 1198 ε
797 1147 966 1216 atque
991 1144 1122 1201 ideo
1146 1147 1475 1220 conjunctio
1497 1163 1631 1220 pec-

267 1218 399 1286 cati,
439 1224 497 1276 et
538 1222 739 1295 gratiae
775 1228 861 1280 est
899 1225 1294 1298 impossibilis.
1328 1229 1532 1303 Maj0r,
1565 1228 1632 1286 in

266 1314 382 1373 qua
407 1305 630 1374 poterat
665 1320 786 1362 esse
810 1304 1131 1376 difficultas,
1155 1309 1462 1377 suadetur;
1493 1311 1632 1383 quia

270 1395 437 1437 amor
480 1383 545 1438 in
589 1385 800 1442 morali
824 1388 1202 1446 aestimatione
1242 1392 1442 1447 crescit
1463 1391 1630 1465 juxta

267 1462 731 1536 magnitudinem
753 1466 910 1536 boni,
942 1470 1091 1543 quod
1119 1471 1357 1537 confert,
1385 1478 1442 1529 et
1462 1474 1629 1546 juxta

266 1542 773 1604 aestimabilitatem
789 1547 950 1606 illius
964 1552 1278 1608 secundum
1298 1558 1510 1609 rectam
1531 1568 1629 1608 ra-

265 1623 503 1692 tionem,
537 1628 683 1685 utin
709 1629 979 1687 omnibus
1007 1632 1299 1691 beneficiis
1323 1640 1502 1707 potest
1530 1633 1629 1690 in-

264 1704 491 1765 ductive
510 1707 732 1765 ostendi
762 1730 775 1764 =
803 1710 904 1767 secl
925 1712 1223 1771 hominem
1248 1713 1375 1771 fieri
1405 1715 1628 1771 forma-

267 1787 400 1845 liter
426 1789 761 1864 participem
792 1791 1014 1851 naturae
1041 1795 1276 1860 divinae,
1309 1795 1521 1852 habere
1563 1795 1627 1851 in

263 1882 326 1925 se
351 1869 619 1939 radicale,
650 1875 707 1928 et
729 1876 1106 1933 connaturale
1149 1876 1502 1948 principium
1532 1875 1627 1930 vi-

263 1946 435 2006 dendi
459 1952 637 2008 Deum
661 1951 723 2008 in
744 1952 948 2026 seipso,
971 1955 1032 2010 in
1049 1972 1160 2027 quo
1178 1973 1409 2012 summa
1432 1956 1626 2013 homi-

267 2028 360 2086 nis
395 2030 637 2088 felicitas
655 2033 930 2103 consistit,
963 2036 1283 2092 aestimatur
1308 2035 1623 2092 secundum

269 2116 478 2179 rectam
501 2113 782 2170 rationem
804 2129 926 2172 esse
945 2115 1163 2173 bonum
1185 2118 1624 2189 supernaturale

263 2192 621 2266 simpliciter,
660 2195 842 2254 immo
879 2214 1176 2253 summum
1211 2197 1425 2255 bonum
1468 2200 1623 2255 inter

261 2273 413 2332 dona
432 2280 654 2341 creata;
682 2281 739 2333 et
761 2277 860 2349 qui
890 2278 1087 2334 minus
1114 2278 1260 2334 illud
1287 2280 1619 2345 aestimaret,

171 2366 189 2389 ⁶
260 2372 561 2429 perperam
602 2356 672 2415 de
696 2359 817 2432 ejus
851 2359 1132 2433 dignitate
1159 2367 1416 2417 censeret
1443 2383 1456 2417 :
1485 2378 1622 2436 ergo

254 2451 322 2495 eo
343 2437 486 2510 ipso,
517 2436 665 2510 quod
695 2440 841 2495 Deus
863 2446 1091 2513 praestet
1119 2441 1347 2497 homini
1378 2442 1621 2515 praedic-

264 2525 390 2575 tum
416 2518 635 2576 bonum
655 2522 910 2591 (praestat
937 2526 1126 2579 autem
1148 2539 1278 2579 cum
1301 2525 1623 2580 communi·

264 2606 355 2659 cat
397 2602 664 2675 gratiam,
714 2619 749 2659 a
791 2617 901 2674 qua
931 2603 1179 2676 praedicti
1213 2606 1441 2663 effectus
1487 2612 1624 2662 sunt

263 2682 549 2738 divinitus
594 2682 1028 2755 inseparabiles)
1077 2685 1271 2759 diligit
1322 2687 1621 2742 hominem

261 2762 609 2835 simpliciter
649 2763 711 2819 in
755 2779 876 2835 esse
921 2765 1152 2831 morali,
1196 2772 1251 2822 et
1293 2766 1617 2834 dilectione,

261 2861 386 2920 quae
414 2845 477 2903 in
505 2846 711 2904 morali
740 2846 945 2906 ordine
971 2854 1059 2905 est
1087 2849 1220 2905 talis
1253 2848 1616 2922 simpliciter,

259 2932 318 2985 et
337 2929 572 2985 attentis
597 2927 888 2985 omnibus.
1373 2942 1378 2947 ’

336 3007 745 3076 confirmatur,
777 3011 917 3082 quia
942 3012 1128 3067 amori
1157 3027 1267 3083 quo
1295 3014 1441 3067 Deus
1461 3027 1622 3068 com-

260 3091 518 3147 municat
561 3091 832 3165 gratiam,
879 3090 1121 3148 debetur
1167 3107 1284 3150 non
1327 3093 1514 3149 solum
1550 3108 1621 3150 ex

259 3174 382 3246 lege
410 3172 508 3229 Dei
529 3173 869 3239 extrinseca,
894 3171 992 3229 sed
1013 3172 1189 3230 etiam
1210 3188 1279 3230 ex
1303 3178 1513 3230 natura
1537 3174 1638 3230 rei¹

259 3269 423 3311 amor
448 3269 560 3326 quo
588 3254 842 3311 remittat
881 3252 1179 3320 offensam,
1211 3254 1294 3310 ita
1319 3259 1381 3309 ut
1410 3255 1622 3311 remis-

258 3335 345 3392 sio
367 3336 552 3392 activa
578 3335 787 3408 peccati
815 3335 891 3392 sit
910 3350 982 3391 ex
1008 3339 1218 3392 natura
1241 3335 1324 3392 rei
1354 3336 1621 3410 proprie-

260 3422 365 3482 tas,
415 3418 508 3474 vel
554 3417 813 3474 extensio
854 3418 1070 3474 amoris
1097 3417 1446 3475 conferentis
1485 3433 1623 3492 gra-

259 3499 402 3555 tiam
448 3520 462 3554 :
506 3515 641 3573 ergo
682 3515 846 3556 amor
893 3501 1329 3557 communicans
1373 3501 1621 3574 gratiam

260 3581 492 3654 praecise
508 3589 786 3655 sumptus,
806 3586 862 3638 et
877 3581 1191 3638 abstractus
1207 3581 1277 3638 ab
1293 3582 1408 3639 alio
1423 3583 1623 3639 favore

257 3665 344 3718 est
386 3661 613 3740 dilectio
639 3662 1000 3734 simpliciter,
1044 3678 1163 3719 non
1190 3664 1380 3719 solum
1411 3663 1472 3718 in
1500 3677 1623 3719 esse

260 3742 512 3818 physico,
543 3743 642 3800 sed
669 3744 844 3801 etiam
875 3743 936 3800 in
961 3760 1084 3801 esse
1118 3745 1348 3802 morali.
1379 3747 1623 3802 Antece-

256 3824 399 3881 dens
425 3830 827 3882 concesserunt
850 3827 1043 3897 plures
1069 3840 1140 3881 ex
1169 3826 1536 3892 adversariis,
1566 3830 1625 3882 et

258 3907 426 3963 facile
447 3922 517 3965 ex
539 3905 705 3963 dictis
728 3907 1088 3975 ostenditur;
1117 3907 1254 3980 quia
1276 3907 1346 3964 ad
1372 3909 1620 3982 gratiam

256 3987 516 4059 sequitur
539 3986 843 4045 destructio
873 3987 1080 4062 peccati
1107 4030 1120 4054 ,
1153 3994 1426 4060 tanquam
1452 3987 1623 4045 effec-

259 4075 349 4126 tus
393 4069 515 4142 ejus
560 4069 954 4138 secundarius,
998 4070 1178 4143 etqui
1205 4087 1275 4127 ex
1298 4075 1508 4126 natura
1537 4068 1621 4127 rei

257 4152 459 4224 nequit
483 4152 682 4225 gratiae
707 4152 1012 4227 denegari,
1065 4151 1327 4225 alioquin
1368 4151 1478 4208 ista
1505 4167 1622 4208 non

256 4237 405 4290 esset
432 4231 623 4288 forma
644 4232 981 4305 justificanS,
1009 4237 1071 4288 ut
1097 4233 1304 4305 saepius
1336 4230 1623 4304 pondera-

258 4313 452 4370 vimus
478 4335 491 4370 ε
515 4328 651 4389 ergo
672 4316 857 4371 amori
886 4314 1343 4372 communicanti
1370 4314 1621 4388 gratiam

256 4394 498 4452 debetur
541 4411 705 4453 amor
747 4396 1046 4452 remittens
1073 4399 1362 4468 peccatum
1388 4437 1401 4460 ‚
1453 4394 1534 4451 ita
1560 4398 1622 4450 ut

259 4476 526 4536 remissio
571 4478 756 4533 activa
801 4476 1010 4549 peccati
1055 4476 1129 4531 sit
1157 4475 1496 4548 proprietas,
1527 4474 1621 4530 vel

253 4556 513 4614 extensio
542 4556 759 4613 amoris
784 4555 1134 4613 conferentis
1158 4555 1440 4629 gratiamz
1478 4569 1622 4612 ean-

253 4638 387 4695 dem
409 4640 621 4711 quippe
650 4636 1101 4709 propositionem
1123 4635 1433 4694 observant
1455 4634 1624 4692 actio·

255 4734 359 4776 nes
388 4721 544 4776 inter
569 4734 650 4784 se,
683 4733 747 4773 ac
768 4718 1007 4774 illarum
1037 4717 1297 4783 termini,
1329 4717 1417 4774 vel
1452 4715 1623 4774 effec-

255 4805 367 4856 tus.
400 4799 824 4871 Consequentia
863 4815 1002 4857 vero
1041 4797 1319 4872 probatur
1338 4821 1353 4866 ς
1384 4813 1522 4854 nam
1555 4814 1623 4855 eo

258 4883 402 4955 ipso,
433 4880 585 4954 quod
615 4880 880 4938 remissio
910 4880 1098 4937 activa
1137 4879 1347 4951 peccati
1374 4878 1449 4933 sit
1487 4896 1624 4952 pro-

259 4964 493 5039 prietas,
526 4965 620 5021 vel
663 4963 921 5020 extensio
949 4960 1404 5019 connaturaliter
1433 4958 1623 5019 debita

258 5046 445 5105 amori
488 5044 940 5104 communicanti
980 5040 1248 5118 gratiam,
1279 5039 1622 5099 debetemi-

1761 409 1925 466 DUB.
1971 413 2066 471 iv,
2412 402 2418 407 ’
2548 382 2556 391 ’
3020 428 3131 483 385

1767 587 1973 641 uenter
1995 586 2313 657 praehaberi
2336 591 2400 647 in
2429 609 2628 652 amore
2664 596 3130 655 communicante

1764 665 2012 755 gratiam
2033 690 2048 734 ς
2072 669 2218 726 sicut
2243 670 2372 728 alias
2394 676 2790 747 proprietates,
2821 684 2879 735 et
2922 684 3125 735 exten-

1765 761 1957 804 siones
2005 751 2367 811 continenter
2409 756 2737 816 eminenter
2776 760 2839 816 in
2879 776 2983 829 9ο,
3035 762 3125 819 cui

1763 831 2219 889 connaturaliter
2237 833 2521 895 debentur
2547 839 2683 896 :sed
2710 840 2789 906 id,
2814 841 2965 913 quod
2984 843 3128 899 emi-

1765 912 1974 965 nenter
1997 902 2255 970 continet
2279 915 2438 972 aliud
2465 960 2481 985 ,
2512 923 2600 974 est
2626 921 2988 990 praestantius
3033 938 3121 987 9ο,

1766 988 1859 1046 vel
1882 990 2086 1048 saltem
2114 1008 2233 1051 non
2271 1002 2357 1052 est
2384 999 2582 1055 minus
2610 1004 2910 1072 praestans,-
2950 1019 3125 1075 quam

1764 1066 1911 1124 illud
1943 1090 1957 1125 ε
1988 1086 2125 1145 ergo
2170 1090 2336 1132 amor
2383 1077 2686 1135 conferens
2747 1082 3001 1154 gratiam
3041 1088 3128 1139 est

1765 1153 2146 1223 praestantior,
2165 1157 2257 1211 vel
2274 1172 2433 1229 aeque
2449 1164 2745 1230 praestans,
2762 1178 2935 1235 quam
2956 1179 3139 1220 amor-

1765 1229 2066 1301 remittens
2087 1240 2410 1305 peccatum3
2441 1243 2608 1311 atque
2634 1239 2761 1297 ideo
2788 1241 2934 1297 sicut
2956 1257 3122 1299 amor

1765 1313 2064 1372 remittens
2115 1317 2340 1375 homini
2394 1327 2682 1392 peccatum
2738 1328 2823 1379 est
2890 1324 3123 1382 dilectio

1761 1392 2102 1467 simpliciter
2148 1397 2249 1455 Dei
2281 1414 2418 1473 erga
2452 1400 2769 1470 homiuem,
2815 1404 3125 1479 inconjun-

1759 1474 1956 1549 gibilis
1979 1493 2110 1534 cum
2139 1478 2269 1536 odio
2298 1482 2397 1539 Dei
2424 1497 2559 1556 erga
2581 1484 2771 1557 ipsum
2794 1485 3115 1543 hominem:

1759 1557 1843 1694 {lta
1858 1557 1930 1615 de
1949 1572 2147 1616 amore
2164 1560 2494 1619 conferente
2526 1564 2617 1620 illi
2637 1565 2890 1640 gratiam
2920 1566 3122 1625 dicen-

1803 1653 1901 1693 um
1926 1643 2028 1695 est.

1843 1720 1962 1775 126.
1996 1721 2109 1776 Nec
2130 1720 2359 1778 tandem
2373 1721 2664 1791 satisfacit,
2688 1725 2837 1797 quod
2854 1728 3116 1794 SuariuS,
3148 1743 3299 1845 rga}

1759 1884 1875 1939 Deo
1911 1888 2157 1957 gratum,
2190 1890 2247 1941 et
2274 1886 2591 1943 terminare
2618 1887 2984 1946 dilectionem
3015 1891 3116 1948 Dei
3134 1852 3305 1985 83ἶῇἕῶ

1759 1805 1819 1856 et
1838 1801 2029 1858 Curiel
2051 1801 2414 1874 respondent,
2437 1804 2651 1862 scilicet
2672 1807 2969 1864 hominem
2992 1807 3118 1865 fieri

1758 1964 2101 2037 simpliciter
2140 1967 2314 2045 talem
2338 2010 2354 2034 ,
2404 1983 2527 2025 esse
2570 1970 2803 2044 quidem
2855 1971 3119 2028 effectum

1758 2045 1978 2119 gratiae,
2006 2045 2107 2102 sed
2144 2045 2570 2114 secundarium,
2609 2056 2775 2122 atque
2802 2049 2931 2107 ideo
2959 2067 3120 2123 posse

1757 2126 2005 2201 gratiam
2033 2125 2316 2183 divinitus
2343 2128 2613 2202 praedicto
2634 2130 2836 2187 effectu
2872 2133 3113 2204 privari,

1757 2214 1814 2264 et
1842 2206 2062 2263 afficere
2100 2207 2397 2264 hominem
2422 2250 2436 2276 ,
2466 2208 2610 2280 quin
2638 2211 2808 2267 illum
2845 2213 2957 2269 Deo
2981 2226 3118 2286 gra-

1759 2292 1903 2353 tum,
1933 2293 1991 2344 et
2017 2287 2088 2344 ab
2125 2302 2193 2345 eo
2218 2288 2562 2360 simpliciter
2587 2290 2860 2348 dilectum
2901 2292 3117 2349 consti-

1758 2374 1881 2427 tuat
1896 2393 1911 2438 3
1941 2375 1996 2427 et
2016 2377 2424 2443 consequenter
2444 2369 2573 2429 fieri
2596 2378 2794 2445 potest,
2819 2374 2970 2446 quod
2994 2380 3115 2448 post

1757 2450 2108 2521 infusionem
2134 2452 2334 2525 gratim
2356 2452 2556 2510 odium
2584 2454 2686 2509 Dei
2716 2470 2833 2511 non
2857 2455 3114 2527 depona-

1758 2536 1867 2599 tur,
1891 2530 1988 2589 sed
2011 2536 2335 2604 perseveret
2355 2537 2679 2604 peccatum,

1833 2615 1968 2679 Hoc,
1994 2613 2251 2686 inquam,
2278 2628 2395 2670 non
2414 2614 2709 2681 satisfacit,
2732 2615 2832 2672 sed
2861 2616 3119 2690 rejicitur

1755 2711 1826 2752 ex
1848 2693 2034 2751 dictis.
2067 2694 2276 2761 Primo,
2299 2694 2433 2767 quia
2450 2699 2573 2752 esto
2594 2696 2912 2754 terminare
2937 2697 3117 2755 dilec-
3142 2753 3147 2757 ,

1756 2776 1975 2833 tionem
2005 2776 2105 2832 Dei
2131 2775 2484 2848 simpliciter
2513 2778 2687 2833 talem
2712 2784 2860 2835 esset
2886 2779 3118 2837 effectus

1755 2856 2126 2915 secundarius
2151 2857 2369 2931 gratim,
2401 2857 2789 2915 nihilominus
2809 2860 2995 2934 gratia
3016 2861 3116 2921 de-

1757 2937 1851 2994 bet
1878 2939 2290 3011 praecontinere
2311 2938 2374 2994 in
2392 2939 2581 3011 seipsa
2602 2939 2935 3012 praedictum
2958 2941 3121 2999 effec-

1758 3025 1880 3074 tum
1905 3062 1918 3085 ‚
1968 3018 2113 3075 sicut
2157 3019 2567 3076 universaliter
2617 3035 2786 3076 causa
2850 3021 3120 3079 formalis

1759 3099 2048 3174 praehabet
2073 3100 2138 3157 in
2163 3116 2224 3158 se
2249 3117 2382 3159 suos
2418 3100 2647 3158 effectus
2677 3101 2987 3174 primarios
3013 3147 3026 3168 ‚
3061 3110 3118 3162 et

1753 3181 2124 3239 secundarios
2151 3197 2323 3257 :ergo
2349 3198 2515 3239 amor
2538 3182 2640 3238 Dei
2660 3182 2961 3239 conferens
2978 3201 3122 3258 gra-

1752 3263 1893 3318 tiam
1935 3261 2189 3318 continet
2231 3261 2560 3318 eminenter
2600 3261 2967 3321 dilectionem
3011 3266 3113 3321 Dei

1752 3341 2113 3413 simpliciter,
2134 3356 2259 3413 quae
2275 3341 2338 3396 in
2352 3341 2552 3398 effectu
2573 3343 2913 3400 secundario
2929 3344 3121 3402 eluce-

1759 3428 1884 3480 ret:
1912 3422 2012 3479 sed
2056 3437 2124 3479 eo
2175 3422 2297 3494 ipso
2337 3437 2501 3478 amor
2528 3422 2630 3479 Dei
2657 3424 2958 3481 conserens
2979 3441 3117 3498 gra-

1758 3506 1899 3561 tiam
1927 3509 2013 3562 est
2037 3503 2265 3561 dilectio
2284 3503 2626 3576 simpliciter
2663 3505 2811 3570 talis,
2846 3510 2906 3560 ut
2932 3522 3117 3579 nuper

1756 3584 2136 3658 expendimus
2167 3603 2181 3639 ε
2217 3599 2353 3658 ergo
2400 3583 2528 3640 fieri
2576 3600 2693 3640 non
2740 3585 2911 3650 valet,
2967 3587 3116 3658 quod

1759 3669 1904 3722 Deus
1923 3663 2307 3722 communicet
2326 3663 2552 3721 homini
2592 3664 2861 3737 gratiam,
2887 3669 2944 3721 et
2967 3665 3116 3738 quod

1758 3748 1946 3820 ipsum
1965 3760 2082 3803 non
2097 3745 2299 3820 diligat
2312 3743 2670 3817 simpliciter.
2691 3744 2960 3812 Secundo,
2979 3747 3115 3818 quia

1756 3835 1992 3885 eatenus
2010 3827 2121 3883 diei
2148 3830 2345 3900 potest,
2363 3826 2512 3899 quod
2525 3827 2773 3901 gratiam
2797 3829 3118 3887 terminare

1755 3910 2121 3967 dilectionem
2144 3906 2244 3964 Dei
2263 3907 2625 3980 simpliciter,
2646 3913 2730 3963 est
2750 3908 2979 3965 effectus
2993 3909 3116 3983 ejus

1753 3989 2145 4055 secundarius,
2174 3994 2454 4061 quatenus
2479 3988 2667 4063 gratia
2695 3988 2759 4044 in
2787 3988 2892 4045 hoc
2912 3989 3111 4047 effectu

1755 4074 2029 4146 importat
2068 4076 2388 4144 respectum
2429 4068 2499 4126 ad
2554 4069 2785 4142 aliquod
2830 4071 3118 4128 extrinse-

1752 4170 1917 4210 cum:
1945 4154 2093 4209 sicut
2116 4154 2400 4228 Angelum
2447 4155 2635 4224 petere
2665 4149 2790 4207 fieri
2836 4167 2936 4223 per
2955 4167 3105 4209 crea-

1756 4236 1992 4301 tionem,
2023 4234 2235 4292 dicitur
2261 4249 2385 4291 esse
2403 4232 2666 4290 effectum
2687 4233 3112 4300 secundarium,

1757 4317 1848 4373 vel
1877 4316 2246 4390 praedicatum
2270 4329 2388 4372 non
2412 4313 2746 4380 essentiale;
2774 4314 2911 4386 quia
2932 4330 3003 4371 ex
3023 4330 3110 4382 9ο,

1755 4397 1905 4471 quod
1927 4397 2131 4455 habeat
2151 4398 2325 4454 talem
2346 4396 2677 4462 essentiam,
2704 4411 2913 4469 nempe
2936 4414 3036 4469 per
3055 4413 3117 4455 se

1753 4477 2180 4546 subsistentem,
2214 4477 2461 4550 postulat
2505 4477 2682 4532 talem
2726 4476 3117 4548 productionis

1756 4557 1992 4615 modum
2025 4581 2039 4616 ε
2070 4559 2176 4616 hoc
2201 4563 2394 4615 autem
2424 4572 2542 4615 non
2568 4555 2791 4625 sufficit,
2828 4561 2889 4612 ut
2926 4558 3117 4633 gratia

1757 4638 1935 4712 possit
1960 4639 2063 4696 illo
2093 4638 2291 4696 effectu
2321 4637 2563 4710 privari,
2596 4641 2661 4691 ut
2687 4642 2840 4709 patet
2865 4651 2936 4693 ex
2965 4653 3117 4709 prae-

1756 4721 1905 4778 dicto
1930 4722 2196 4795 exemplo
2227 4742 2242 4776 2
2269 4736 2425 4795 erge,
2456 4723 2562 4777 etc.
2600 4717 2799 4786 Tertio,
2831 4718 2969 4791 quia
2996 4720 3118 4793 plu-

1758 4817 1849 4859 res
1889 4808 2027 4859 sunt
2068 4803 2299 4860 effectus
2335 4800 2703 4870 secundarii,
2737 4799 2866 4856 sine
2911 4799 3118 4873 quibus

1756 4897 1875 4939 non
1920 4887 2336 4941 conservantur
2359 4925 2374 4950 ,
2405 4898 2509 4940 nec
2553 4881 2839 4937 divinitus
2882 4897 3117 4939 conser-

1756 4964 1884 5021 vari
1905 4965 2101 5023 valent
2122 4980 2317 5022 rerum
2338 4963 2630 5030 essentiae3
2653 4963 2735 5020 sic
2753 4962 2912 5020 enim
2934 4979 3131 5037 quan--

1755 5045 1891 5101 titas
1924 5044 2051 5102 dari
2094 5044 2292 5117 nequit
2337 5043 2548 5118 absque
2599 5042 2999 5101 divisibilitate
3046 5045 3109 5102 in

3148 2622 3268 2666 Bere!
3278 2623 3326 2666 Ιί-

3179 2676 3260 2716 tur.
