3647 5753
495 295 607 350 664
1203 291 1296 346 DE
1335 289 1777 374 QUIDDITATE
1815 290 2424 380 JUSTIFICATIONIS
2463 294 2670 349 IMPII.

458 499 461 504 -
497 459 633 533 quia
652 460 799 515 sicut
820 459 1091 517 formatio
1120 458 1328 516 Adami
1350 458 1421 517 de
1448 463 1624 526 terra,
1656 465 1712 515 et
1739 458 1864 516 for-

497 542 677 597 matio
700 543 832 598 Evae
860 558 931 598 ex
956 547 1109 598 costa
1152 540 1361 597 Adami
1400 541 1637 597 fuerunt
1684 555 1860 616 opera

497 622 862 687 miraculosa,
897 622 1027 679 licet
1065 623 1452 695 spectaverint
1491 621 1561 678 ad
1608 622 1864 694 primam

498 717 695 758 rerum
718 703 1106 760 conditionem
1142 723 1155 758 :
1186 704 1267 759 ita
1290 701 1864 776 proportionabiliter

497 791 680 857 posset
708 785 986 844 affirmari
1035 785 1106 843 de
1156 785 1365 842 Adami
1418 783 1865 841 sanctificatione

496 867 561 923 in
610 869 802 941 primo
849 885 968 925 suas
1019 867 1411 942 productionis
1450 868 1711 924 instanti.
1751 869 1866 925 Nec

192 969 198 975 ·
284 963 338 1005 1).
359 963 463 1016 Aug.
501 951 566 1008 D.
621 957 860 1026 August.
917 951 1165 1008 intendit
1227 951 1652 1018 universaliter,
1715 949 1864 1023 quod

499 1032 729 1089 nullum
752 1033 1100 1089 miraculum
1127 1033 1191 1088 in
1216 1033 1411 1105 prima
1435 1048 1633 1089 rerum
1661 1030 1864 1089 condi-

500 1116 656 1172 tione
683 1114 1101 1181 intervenerit;
1129 1113 1227 1172 sed
1274 1115 1424 1189 quod
1477 1117 1866 1173 communiter

498 1212 618 1254 non
639 1195 947 1254 debeamus
968 1195 1038 1253 ad
1060 1195 1361 1263 miracula,
1395 1196 1519 1252 sive
1538 1195 1867 1253 extraordi-

499 1280 729 1336 nariam
777 1279 1202 1354 providentiam
1259 1294 1577 1337 recurrere.
1611 1282 1867 1335 Praeser-

500 1362 628 1430 tim,
677 1363 813 1436 quia
864 1362 1078 1419 dictum
1126 1364 1433 1438 Augustini
1497 1362 1751 1435 procedit
1803 1361 1868 1417 in

500 1442 770 1515 operibus
791 1443 1172 1511 naturalibus,
1200 1460 1318 1501 non
1346 1451 1538 1501 autem
1568 1445 1632 1501 in
1659 1442 1868 1501 effecti-

499 1521 606 1581 bus
633 1526 848 1599 gratias.

486 1643 497 1654 .
574 1601 972 1674 Respondetur
996 1600 1244 1658 secundo
1270 1601 1587 1659 omittendo
1608 1599 1869 1675 praemis-

499 1700 608 1753 saS,
641 1691 696 1741 et
717 1684 977 1758 negando
1002 1684 1496 1755 consequentiam;
1526 1685 1662 1758 quia
1682 1681 1870 1758 gratia

498 1781 570 1823 ex
595 1770 794 1838 suapte
823 1770 1030 1822 natura
1059 1767 1237 1838 poscit
1264 1766 1442 1839 recipi
1461 1761 1868 1822 'diversimode

492 1848 658 1922 juxta
700 1847 892 1904 varias
943 1846 1328 1921 subjectorum
1375 1846 1752 1912 conditiones,
1810 1839 1869 1901 e't

499 1928 830 1985 differentes
879 1944 1080 1986 eorum
1126 1933 1325 1996 status,
1371 1933 1434 1983 ut
1484 1927 1868 2000 explicuimus

500 2012 867 2085 disppraeced.
890 2011 1017 2067 dub.
1049 2013 1102 2067 5.
1129 2012 1314 2068 Homo
1335 2017 1526 2068 autem
1571 2012 1635 2068 in
1678 2012 1869 2085 primo

503 2094 745 2150 instanti
762 2095 850 2150 sui
875 2109 997 2151 esse
1014 2092 1211 2167 nequit
1226 2097 1549 2152 consentire
1573 2093 1770 2168 gratiae
1796 2107 1870 2148 ex

507 2177 568 2233 vi
591 2176 838 2249 propriae
863 2174 1321 2242 deliberationis
1348 2192 1447 2231 seu
1474 2174 1703 2234 consilii
1729 2197 1743 2240 ;
1769 2170 1868 2228 sed

501 2262 766 2331 quamvis
789 2259 967 2316 libere
988 2259 1325 2325 consentiat,
1350 2257 1517 2315 debet
1538 2273 1656 2313 non
1677 2256 1867 2314 solum

503 2342 754 2415 physice,
784 2341 881 2398 sed
914 2343 1089 2399 etiam
1131 2340 1433 2397 moraliter
1480 2335 1868 2396 determinari

504 2437 606 2493 per
627 2429 815 2479 motus
843 2422 1250 2480 indeliberatos
1292 2420 1505 2477 inditos
1550 2436 1583 2476 a
1625 2421 1740 2475 Deo
1761 2432 1867 2473 au—

504 2503 668 2560 thore
696 2510 933 2569 naturae,
967 2506 1059 2562 vel
1080 2505 1297 2578 gratiae‚
1326 2507 1390 2557 ut
1416 2501 1672 2557 diximus
1700 2505 1863 2555 tract.

501 2585 719 2658 praeced.
739 2586 880 2659 disp.
912 2588 966 2652 5,
989 2586 1116 2642 dub.
1142 2587 1197 2652 2,
1229 2602 1353 2641 cum
1366 2600 1474 2660 seq.
1504 2584 1705 2637 Postea
1730 2596 1868 2637 vero

503 2680 575 2722 ex
596 2671 802 2721 natura
829 2683 931 2722 sua
955 2667 1199 2739 postulat
1228 2680 1396 2738 agere
1425 2678 1542 2719 non
1570 2663 1757 2719 solum
1789 2662 1858 2717 li-

504 2745 658 2810 bere,
677 2746 774 2803 sed
794 2748 969 2804 etiam
991 2743 1324 2812 deliberate,
1351 2746 1473 2801 sive
1495 2760 1623 2801 cum
1650 2743 1868 2816 praevia

502 2829 862 2904 cogitatione,
893 2835 949 2886 et
986 2828 1247 2886 consilio.
1281 2827 1446 2885 Unde
1491 2825 1641 2900 quod
1692 2826 1868 2884 homo

503 2910 567 2967 in
597 2911 786 2984 primo
815 2910 1052 2967 instanti
1081 2910 1170 2965 sui
1204 2926 1326 2967 esse
1355 2908 1700 2985 justificetur
1740 2925 1868 2965 me·-

502 2992 616 3049 diis
636 2992 852 3051 actibus
879 2998 1013 3049 tunc
1042 2994 1233 3065 primo
1255 2993 1482 3058 elicitis,
1499 2997 1555 3049 et
1584 3007 1702 3049 non
1725 2992 1868 3047 ortis

502 3090 574 3132 ex
619 3074 832 3147 praevia
876 3072 1308 3139 deliberatione,
1367 3088 1486 3129 non
1538 3076 1623 3128 est
1667 3077 1869 3129 contra

502 3155 872 3227 modum,quo
885 3156 1071 3229 gratia
1093 3156 1232 3228 petit
1258 3172 1324 3212 eo
1340 3154 1581 3210 instanti
1606 3151 1838 3209 infundi
1848 3175 1863 3220 3

500 3245 556 3296 et
582 3246 993 3312 consequenter
1028 3234 1381 3314 hujusmodi
1408 3238 1608 3313 gratiae
1649 3235 1867 3293 infusio

500 3336 616 3377 non
665 3320 834 3377 habet
880 3322 1165 3378 rationem
1218 3320 1512 3375 miraculi.
1562 3317 1671 3375 Sed
1715 3316 1866 3390 quod

500 3405 672 3461 homo
701 3408 822 3476 post
851 3403 996 3460 illud
1043 3404 1267 3459 instans
1306 3399 1648 3476 justificetur
1695 3399 1868 3456 inde-

499 3486 815 3560 pendenter
855 3505 888 3544 a
916 3488 1152 3560 propria
1178 3483 1614 3551 deliberatione,
1648 3488 1704 3540 et
1724 3498 1866 3540 con-

499 3568 647 3637 silio,
678 3575 762 3626 est
806 3576 1005 3626 contra
1053 3566 1289 3625 modum
1337 3582 1369 3622 a
1414 3566 1602 3639 gratia
1626 3581 1729 3638 pro
1758 3564 1864 3619 tali

499 3651 749 3726 subjecto
793 3656 1053 3708 exactum
1080 3676 1094 3718 ς
1153 3647 1529 3723 quamobrem
1597 3645 1866 3721 praedicta

496 3732 825 3806 justificatio
854 3734 1051 3807 nequit
1097 3747 1215 3788 non
1262 3731 1550 3788 rationem
1593 3729 1864 3785 miraculi

501 3813 733 3870 habere.

290 3902 479 3947 occurri·
577 3888 663 3944 Ad
688 3887 995 3944 secundam
1019 3886 1394 3959 obJ'ectionem
1417 3890 1635 3943 constat
1654 3900 1725 3941 ex
1751 3884 1865 3940 dic-

304 3958 465 4047 ³353ssss
505 3970 578 4026 tis
600 3972 719 4027 loco
747 3968 962 4026 ibidem
989 3970 1168 4025 relato
1188 3992 1203 4035 ;
1227 3984 1364 4024 nam
1389 3968 1520 4024 licet
1534 3966 1865 4041 justificatio

505 4053 674 4125 impii
713 4050 1028 4108 secundum
1074 4050 1455 4106 substantiam
1504 4054 1726 4122 accepta
1765 4047 1866 4104 fiat

501 4137 565 4192 in
586 4135 846 4201 instanti,
878 4135 1267 4208 praesupponit
1291 4141 1486 4190 tamen
1508 4133 1730 4205 aliquas
1752 4130 1865 4188 dis-

502 4220 811 4294 positiones
834 4218 1217 4290 imperfectas,
1249 4234 1373 4292 quae
1413 4217 1577 4273 illam
1606 4221 1864 4288 tempore

502 4298 866 4359 antecedunt.
892 4301 961 4354 Et
989 4300 1080 4355 hic
1105 4306 1189 4355 est
1230 4298 1450 4363 moduS,
1480 4312 1649 4369 quem
1677 4297 1865 4370 gratia

501 4401 571 4441 ex
590 4400 691 4439 sua
717 4388 923 4439 natura
946 4383 1140 4455 poscit,
1166 4388 1222 4439 et
1249 4382 1406 4455 cujus
1428 4380 1684 4436 carentia
1705 4380 1858 4448 facit,

500 4464 650 4539 quod
697 4464 902 4537 aliquae
961 4463 1382 4528 conversioneS,
1438 4465 1492 4518 et
1545 4460 1862 4533 impiorum

495 4545 929 4621 justificationes
950 4546 1068 4601 sint
1088 4545 1464 4601 miraculosae.

292 4648 499 4706 solvitur„
575 4630 662 4686 Ad
709 4629 943 4686 tertium
991 4645 1267 4703 negamus
1320 4626 1676 4695 antecedens,
1727 4625 1863 4699 quia

319 4703 456 4743 mma·
504 4709 860 4786 impossibile
898 4713 999 4774 est,
1032 4709 1332 4766 hominem
1379 4706 1567 4765 subito
1609 4723 1857 4781 peccare,

502 4799 609 4856 hoc
634 4804 736 4864 est,
767 4813 885 4853 non
910 4794 1401 4870 praesupponendo
1428 4796 1684 4868 aliquam
1723 4808 1865 4851 con-

503 4879 892 4945 sultationem,
925 4883 979 4933 et
1019 4875 1493 4934 deliberationem
1523 4873 1866 4932 anteceden-

506 4965 620 5018 tem
637 4980 650 5023 ;
680 4976 815 5016 nam
844 4964 1133 5033 peccatum
1161 4960 1357 5035 nequit
1404 4958 1712 5034 provenire
1747 4958 1867 5013 im-

1994 458 2243 519 mediate
2262 477 2333 518 ex
2370 462 2564 534 aliquo
2586 466 2743 520 motu
2768 461 3151 521 indeliberato
3179 463 3375 521 indito

1994 544 2185 598 aDe0.
2231 546 2353 608 Qua
2400 544 2625 600 ratione
2672 542 2922 615 probant
2973 546 3370 604 communiter

1993 621 2322 692 Thomistae,
2347 625 2636 698 Angelum
2660 640 2778 681 non
2802 626 3052 698 potuisse
3079 627 3142 683 in
3171 627 3372 700 primo

1993 702 2234 761 instanti
2265 723 2512 778 peccare.
2539 707 2609 762 Et
2654 706 2807 763 idem
2855 709 3142 766 motivum
3199 713 3372 783 urget

1994 784 2058 840 in
2085 785 2322 842 homine
2349 803 2452 860 pro
2480 786 2671 860 primo
2714 788 2957 846 instanti
3005 790 3096 844 sui
3123 804 3268 856 esse,
3300 793 3370 844 ut

1995 864 2163 923 facile
2189 866 2578 924 consideranti
2607 869 2911 926 constabit.

2067 949 2161 1006 63.
2204 951 2263 1006 Si
2291 955 2481 1007 autem
2512 949 2793 1022 inquiras,
2824 966 3088 1026 quaenam
3119 947 3371 1009 conver-
3436 963 3529 1013 Qu

1995 1032 2184 1089 siones
2211 1031 2465 1091 dicendae
2503 1034 2622 1089 sint
2666 1033 3026 1090 miraculosae
3047 1036 3075 1090 Ρ
3102 1036 3372 1108 Respon-
3401 1022 3555 1106 m·

1996 1113 2182 1183 detur,
2207 1131 2304 1173 eas
2326 1116 2730 1174 conversiones
2758 1132 2940 1189 posse,
2972 1117 3035 1173 in
3064 1118 3367 1174 communi
3398 1111 3565 1208 ‘m

1996 1196 2300 1270 loquendo,
2356 1199 2735 1256 miraculosas
2782 1198 2915 1265 dici,
2972 1213 3099 1271 quae
3153 1197 3373 1256 habent
3441 1213 3540 1256 ιη

1998 1278 2355 1336 conditiones
2376 1281 2649 1338 hactenus
2673 1281 2901 1337 relatas,
2930 1280 3241 1354 Designare
3269 1296 3392 1346 aus

1996 1365 2114 1416 tem
2173 1360 2237 1416 in
2280 1361 2534 1433 speciali,
2580 1366 2716 1435 quot
2768 1361 2986 1417 fuerint
3035 1360 3370 1434 hujusmodi

1992 1440 2446 1515 justificationes
2475 1459 2593 1499 non
2619 1446 2832 1516 spectat
2855 1441 2924 1498 ad
2954 1442 3108 1498 hunc
3127 1443 3317 1500 locum
3351 1463 3368 1497 ε

1999 1539 2102 1580 nec
2146 1524 2314 1581 facile
2351 1524 2475 1596 quit
2507 1524 2908 1581 determinari.
2937 1523 3190 1580 Sufficiat
3216 1523 3372 1581 scire

2000 1608 2165 1663 Pauli
2187 1608 2625 1665 conversionem
2655 1606 2831 1663 fuisse
2859 1607 3287 1676 miraculosam,
3310 1612 3374 1665 et

1998 1693 2062 1745 ut
2087 1688 2261 1762 talem
2290 1688 2569 1745 celebrari
2599 1687 2670 1745 ab
2693 1687 2961 1754 Ecclesia,
2995 1695 3056 1743 ut
3088 1695 3234 1745 recte
3260 1687 3372 1745 ob-

1998 1769 2253 1828 servavit
2275 1771 2338 1826 D.
2366 1770 2571 1826 Thom.
2605 1770 2666 1825 in
2690 1769 2976 1843 praesenti.
3006 1767 3171 1825 Unde
3199 1768 3371 1826 illam
3386 1769 3444 1812 1).
3467 1770 3550 1812 '1¹²⁰-

1998 1850 2255 1906 maxime
2277 1849 2591 1922 praedicant
2618 1850 2810 1905 Sancti
2833 1851 3050 1915 Patres,
3083 1854 3139 1905 et
3162 1850 3372 1922 praeci-
3615 1877 3630 1954 ἱ

2002 1948 2113 2006 pue
2141 1933 2205 1987 D.
2243 1931 2537 2006 Chrysost.
2577 1948 2738 1986 sem.
2767 1931 2860 2000 47,
2887 1931 2951 1985 de
2975 1931 3208 1986 diversis
3233 1934 3370 1987 novi
3400 1935 3552 1978 D-Qr-

2007 2016 2336 2074 Testamenti
2362 2015 2510 2081 Ιοοίε,
2538 2014 2634 2072 ubi
2666 2015 2748 2070 ait
2779 2036 2791 2069 :
2828 2036 2854 2067 «
2886 2016 3068 2071 Porro
3108 2021 3372 2071 mentem

2006 2119 2031 2151 α
2075 2096 2241 2153 Pauli
2272 2096 2592 2168 pellexisse,
2625 2101 2792 2167 atque
2816 2109 3190 2169 expugnasse,
3236 2110 3374 2150 ma-

2006 2200 2033 2231 «
2068 2179 2161 2252 Jus
2187 2176 2419 2249 signum
2461 2177 2590 2242 fuit,
2617 2192 2789 2250 quam
2820 2174 3164 2231 umbrarum
3194 2191 3375 2247 opera

2005 2279 2030 2311 α
2074 2264 2332 2314 mortuos
2380 2258 2697 2316 suscitasse.
2756 2259 2903 2312 Nam
2962 2256 3084 2311 illic
3134 2255 3376 2327 quidem

2006 2362 2032 2393 α
2071 2341 2414 2414 sequebatur
2461 2343 2685 2407 natura,
2714 2354 2819 2395 nec
2858 2337 3179 2411 imperanti
3226 2354 3373 2394 con-

2006 2441 2033 2474 «
2073 2418 2418 2486 tradicebat;
2449 2418 2541 2475 hic
2575 2434 2713 2477 vero
2758 2418 2822 2473 in
2871 2421 3147 2492 potestate
3195 2415 3375 2475 liberi

2005 2522 2032 2554 «
2075 2501 2303 2558 arbitrii
2324 2501 2500 2556 situm
2522 2504 2664 2568 erat,
2696 2506 2758 2556 ut
2780 2496 3245 2573 persuaderetur,
3272 2498 3373 2557 vel

2006 2606 2033 2638 α
2074 2600 2191 2641 non
2217 2583 2653 2656 persuaderetur
2685 2605 2698 2639 :
2733 2583 2884 2640 unde
2926 2598 3135 2656 magna
3181 2581 3374 2636 virtus

2006 2688 2033 2721 α
2072 2667 2212 2741 ejuS,
2268 2665 2365 2738 qui
2420 2666 2719 2738 persuasit,
2777 2664 3117 2722 ostenditur.
3183 2666 3372 2720 Multo

2006 2770 2032 2802 α
2072 2749 2283 2822 quippe
2333 2748 2520 2822 majus
2564 2743 2675 2802 fuit
2718 2748 3076 2806 voluntatem
3118 2761 3370 2803 conver-

2004 2851 2030 2884 «
2073 2829 2227 2896 tisse,
2256 2845 2428 2902 quam
2482 2835 2754 2886 naturam
2808 2827 3141 2885 correxisse.
3183 2826 3371 2901 Majus

2004 2914 2030 2964 ἁ
2075 2910 2251 2985 igitur
2279 2911 2499 2967 caeteris
2525 2910 2795 2967 omnibus
2822 2910 3055 2984 signum
3076 2908 3186 2964 fuit
3214 2908 3370 2964 Pau-

2003 3013 2030 3047 «
2074 2994 2196 3049 lum
2213 2998 2336 3066 post
2348 3009 2590 3058 crucem,
2615 2999 2672 3049 et
2690 2993 3048 3066 sepulturam
3071 2989 3142 3046 ad
3166 2990 3369 3046 Chris-

2003 3095 2029 3127 «
2074 3080 2197 3129 tum
2252 3075 2571 3131 accessisse.
2621 3094 2646 3126 ι)
2695 3076 2766 3129 Et
2802 3074 2869 3128 D.
2917 3071 3199 3128 Bernard.
3258 3088 3367 3127 ser-
3385 3072 3438 3113 D·
3458 3072 3571 3115 Rem

1997 3172 2144 3211 mon.
2188 3155 2252 3209 de
2284 3171 2523 3212 convers,
2559 3154 2630 3211 D.
2663 3154 2851 3220 Pauli,
2885 3152 3073 3224 inquit
3108 3175 3120 3208 :
3167 3174 3194 3204 «
3238 3152 3368 3207 Ma-

2004 3258 2031 3291 α
2070 3235 2277 3311 gnifice
2315 3236 2549 3309 quidem
2597 3236 2661 3291 in
2688 3236 2794 3292 hac
2823 3250 2938 3290 una
2963 3232 3361 3303 conversione,

2002 3340 2028 3372 α
2071 3325 2126 3376 et
2167 3319 2578 3376 misericordiae
2625 3315 2984 3392 magnitudo,
3029 3322 3085 3373 et
3124 3316 3372 3373 efficacia

2002 3422 2028 3455 «
2069 3402 2270 3475 gratiae
2311 3399 2764 3457 commendatur.
2798 3397 3193 3455 circumfulsit
3237 3413 3368 3453 eum

2001 3505 2028 3537 α
2073 3485 2173 3541 lux
2198 3482 2268 3539 de
2293 3484 2451 3540 coe10.
2485 3482 2594 3554 Qui
2642 3480 2887 3538 necdum
2941 3480 3177 3537 infundi
3211 3485 3370 3552 pote-

2004 3587 2030 3619 «
2071 3570 2178 3631 rat,
2210 3563 2410 3621 divina
2442 3565 2646 3620 saltem
2673 3561 3163 3621 circumfunditur
3204 3560 3371 3616 clari-

2003 3668 2030 3700 α
2071 3650 2204 3702 tate.
2250 3664 2277 3695 2>

2071 3727 2228 3785 Idem
2266 3725 2641 3800 probabiliter
2678 3724 2790 3782 dici
2822 3730 3003 3800 potest
3024 3725 3096 3781 de
3121 3738 3364 3781 conver-

1995 3809 2157 3867 sione
2179 3811 2241 3864 D.
2258 3807 2530 3874 Matthaei,
2553 3807 2621 3865 de
2644 3823 2774 3879 quo,
2794 3814 2855 3863 ut
2877 3807 3053 3863 refert
3068 3807 3134 3861 D.
3154 3804 3357 3860 Thom.

1996 3897 2176 3965 quast.
2216 3890 2270 3943 5.
2295 3896 2385 3943 art
2411 3890 2504 3954 21,
2532 3888 2776 3944 asseruit
2821 3890 2875 3944 S.
2919 3887 3312 3959 Hieronymus
3341 3906 3355 3941 ι
3382 3895 3441 3937 1).
3464 3896 3585 3941 mer.

1995 3970 2078 4027 De
2100 3970 2394 4043 publicano
2428 3977 2640 4043 repente
2662 3971 2722 4039 fit
2749 3969 3065 4044 Apostolus
3100 3970 3168 4022 Et
3193 3965 3368 4021 simi-

1997 4053 2077 4109 lia
2097 4051 2307 4109 habent
2342 4055 2407 4108 V.
2431 4052 2600 4120 Beda,
2627 4059 2684 4108 et
2706 4053 2920 4116 Glossa,
2955 4055 3017 4107 ut
3047 4050 3223 4107 refert
3245 4047 3366 4104 ibi-
3409 4044 3547 4088 1³0&-

1996 4135 2128 4192 dem
2156 4137 2211 4192 S.
2238 4138 2459 4191 Doctor.
2489 4132 2648 4199 Quod
2680 4133 3038 4208 probabilius
3064 4132 3248 4188 adhuc
3274 4128 3367 4185 af-

1996 4215 2223 4273 firmari
2251 4216 2402 4272 valet
2443 4214 2514 4272 de
2546 4215 2925 4274 conversione
2951 4214 3235 4279 Latronis,
3266 4211 3368 4284 qui

1997 4302 2058 4354 ut
2070 4297 2273 4354 docent
2287 4297 2582 4370 Origenes,
2608 4297 2949 4370 Hieronym.
2971 4295 3368 4368 Theophilact.
3387 4293 3577 4386 {affig-

1998 4378 2285 4452 chrysost.
2318 4377 2683 4453 Euthymius,
2719 4377 2972 4451 Cyrillus
2996 4374 3279 4432 Hierosol.
3310 4377 3368 4430 et
3388 4374 3582 4444 mii

1997 4460 2096 4517 alii
2125 4461 2345 4528 PatreS,
2376 4458 2708 4516 immediate
2735 4459 2895 4533 prius
2924 4456 3363 4531 blasphemabat
3390 4445 3466 4534 (ἐ,
3516 4502 3584 4535 m

1998 4540 2308 4598 Christum.
2360 4539 2525 4597 Unde
2570 4541 2625 4596 S.
2679 4542 2789 4597 Leo
2838 4556 3011 4596 serm.
3046 4540 3081 4593 2
3109 4536 3178 4594 de
3221 4538 3366 4593 Pas·
3388 4536 3582 4637 (ἔξω

1995 4621 2157 4679 sione
2189 4642 2201 4677 :
2238 4643 2264 4675 α
2307 4624 2458 4689 Quae,
2493 4621 2702 4694 inquit,
2747 4621 2919 4677 istam
2948 4617 3121 4675 fidem
3149 4619 3371 4675 exhor-
3389 4602 3576 4694 3:122

2003 4728 2029 4761 α
2071 4705 2209 4762 tatio
2230 4704 2530 4777 persuasit,
2560 4720 2684 4777 quae
2710 4702 2974 4760 doctrina
3006 4701 3236 4767 imbuit,
3268 4702 3375 4774 qui

2002 4809 2029 4841 α
2071 4785 2407 4861 praedicator
2433 4787 2735 4844 accendit?
2762 4787 2891 4841 Non
2938 4781 3165 4840 viderat
3206 4784 3377 4855 prius

2002 4894 2028 4925 α
2072 4875 2194 4928 acta
2214 4870 2518 4937 miracula,
2544 4873 2863 4927 cessaverat
2895 4873 3031 4923 tunc
3079 4866 3377 4940 languen-

2003 4976 2031 5010 α
2074 4952 2227 5009 tium
2254 4952 2495 5020 curatio,
2525 4966 2802 5009 caecorum
2824 4947 3382 5078 illumin³²i⁰hvi{.i‘

2016 5042 2021 5049 ·
2945 5040 2950 5045 ’
3223 5036 3292 5079 ca
3317 5038 3385 5082 ιο
