3647 5753
519 369 608 422 ‘38
1560 366 1654 420 DE
1692 364 1966 420 GRATIA
2006 364 2346 419 EFFICACI.

535 548 772 605 efficacis
804 570 816 601 ι
850 546 968 601 imo
988 542 1321 609 inferretur,
1353 541 1900 600 determinationem

538 628 766 685 arbitrii
790 626 857 683 ad
873 638 1233 688 consensum,
1261 624 1448 697 potius
1474 638 1646 695 quam
1676 619 1745 676 ad
1786 620 1902 676 dis-

534 725 785 773 sensum,
817 723 932 764 non
953 721 1076 763 esse
1102 704 1365 762 effectum
1409 702 1611 777 gratiae
1633 700 1894 758 efficacis.

535 789 632 847 sed
663 788 968 862 provenire
990 804 1021 843 a
1045 786 1227 843 libero
1253 783 1514 849 arbitrio,
1560 788 1838 854 tanquam
1867 798 1901 837 a

536 871 727 945 primo
755 870 1057 944 principio,
1097 865 1245 939 quod
1271 871 1389 920 tam
1435 878 1515 929 se,
1546 879 1718 935 quam
1763 877 1901 935 gra-

534 952 675 1009 tiam
696 951 1092 1015 sufficientem,
1120 952 1177 1004 et
1196 946 1509 1002 motionem
1532 944 1812 1000 moralem
1828 941 1899 998 ad

534 1050 714 1090 unam
737 1039 957 1107 partem
980 1026 1408 1087 determinavit.
1441 1024 1599 1089 Quod
1626 1040 1755 1081 cum
1784 1024 1899 1080 fal-

532 1129 662 1169 sum
692 1114 783 1179 sit,
811 1110 1132 1170 necessario
1153 1103 1570 1164 admittendum
1599 1109 1685 1161 est
1729 1104 1898 1160 auxi-
1934 1114 1937 1117 ’

538 1195 684 1250 lium
711 1193 907 1251 efficax
946 1191 1277 1247 distinctum
1324 1185 1395 1243 ab
1424 1187 1523 1242 illa
1550 1185 1900 1242 determina-

536 1278 692 1335 tione
719 1275 996 1349 objectiva
1041 1277 1099 1329 et
1131 1269 1358 1337 morali,
1383 1269 1559 1326 etiam
1603 1274 1663 1323 ut
1689 1272 1898 1323 attem-

537 1361 733 1429 perata
756 1353 936 1411 libero
964 1351 1223 1409 arbitrio,

608 1434 767 1492 Adde
815 1435 1068 1507 primum
1118 1429 1442 1506 argumenti
1494 1427 1896 1503 syllogismum

533 1517 723 1574 solum
782 1513 1135 1580 concludere,
1203 1509 1352 1584 quod
1398 1511 1544 1566 Deus
1596 1507 1898 1566 moraliter

535 1614 778 1656 movens
805 1596 905 1653 tali
947 1600 1223 1667 tempore.
1257 1592 1349 1648 vel
1379 1591 1671 1648 occasione
1722 1588 1899 1661 possit

537 1678 756 1735 inferre
777 1673 1168 1733 infallibiliter
1187 1687 1528 1729 consensum
1557 1667 1897 1726 infallibili-

534 1766 649 1817 tate
701 1758 929 1821 morali,
988 1756 1234 1812 minime
1286 1769 1425 1810 vero
1478 1749 1896 1808 infallibilitate

535 1838 925 1913 metaphysica
957 1861 970 1904 ;
1016 1836 1134 1893 haec
1153 1835 1366 1907 quippe
1390 1833 1552 1888 nullo
1593 1836 1753 1904 pacto
1791 1830 1896 1888 de-

534 1918 760 1975 dtucitur
801 1933 871 1973 ex
912 1916 1238 1988 praemissiS,
1291 1920 1353 1968 ut
1400 1927 1645 1968 numero
1692 1925 1896 1983 praece-

534 1998 690 2056 denti
763 1996 1219 2055 observavimus,
1288 1991 1453 2049 Unde
1519 1992 1714 2048 minor
1764 1989 1897 2046 sub-

531 2084 778 2152 sumpta,
825 2076 1044 2133 vocatio
1071 2074 1444 2147 infallibiliter
1481 2089 1728 2128 connexa
1768 2088 1894 2126 cum

530 2177 789 2217 consensu
815 2167 890 2215 est
917 2158 1199 2213 auxilium
1240 2157 1459 2229 efficax,
1489 2151 1893 2226 distinguenda

530 2247 617 2298 est
641 2266 655 2308 ;
678 2246 750 2297 et·
771 2240 821 2295 si
851 2240 1209 2312 intelligatur
1236 2235 1306 2292 de
1345 2232 1767 2291 infallibilitate
1805 2249 1897 2290 so·

535 2322 655 2377 lum
685 2320 915 2385 morali,
951 2323 1228 2391 negetur;
1269 2316 1316 2371 si
1357 2313 1429 2370 de
1474 2312 1894 2369 infallibilitate

536 2399 944 2472 metaphysica,
975 2395 1314 2453 concedatur
1347 2415 1359 2448 :
1396 2399 1452 2450 et
1477 2391 1686 2449 deinde
1727 2408 1895 2468 nege-

536 2485 632 2534 tur
653 2476 906 2534 absolute
930 2476 1136 2532 ultima
1156 2472 1580 2545 consequentia.

611 2560 824 2615 Caetera
851 2562 1209 2632 argumenta,
1235 2570 1359 2626 quae
1381 2554 1443 2609 in
1465 2551 1722 2608 favorem
1757 2553 1895 2609 Vas-

535 2639 656 2711 quii
685 2636 930 2710 expendi
961 2641 1208 2709 possent,
1234 2650 1352 2691 non
1379 2630 1620 2689 suadent
1649 2632 1897 2703 positive

534 2718 657 2790 ejus
709 2717 1066 2789 opinionem,
1125 2713 1222 2771 sed
1278 2713 1619 2785 impugnant
1682 2708 1895 2770 directe

537 2797 782 2872 gratiam
810 2812 880 2853 ex
919 2812 980 2852 se
1022 2793 1300 2850 efficacem
1343 2814 1356 2848 ε
1401 2791 1607 2865 quibus
1654 2792 1896 2862 proinde

535 2875 892 2936 commodius
911 2892 1271 2934 occurremus
1291 2874 1418 2931 dub.
1442 2875 1477 2930 4
1495 2883 1545 2929 ει
1572 2876 1628 2930 5.

996 3062 1279 3117 DUBIUM
1332 3061 1425 3116 111.

542 3211 634 3269 An
665 3211 851 3281 ,qratia
884 3211 974 3277 sit,
1004 3217 1053 3263 et
1074 3209 1294 3263 dicatur
1316 3208 1530 3283 efficax,
1562 3211 1695 3285 quia
1723 3210 1896 3265 datur

614 3308 672 3346 eo
694 3298 942 3362 tempore,
981 3291 1042 3344 in
1073 3306 1177 3366 quo
1199 3306 1297 3361 per
1334 3290 1620 3345 scientiam
1657 3289 1896 3347 mediam

610 3372 845 3444 praevisa
865 3377 942 3425 est
967 3369 1226 3425 habitura
1251 3370 1515 3442 effectum.

321 3541 512 3582 commu·
614 3520 706 3575 56.
750 3518 980 3575 Molinae
1005 3515 1289 3589 discipuli,
1320 3533 1449 3573 cum
1474 3517 1661 3574 nolint
1682 3533 1753 3575 ex
1780 3534 1897 3574 una

320 3587 531 3681 gffi‘g'e‘l’s,
545 3605 703 3672 parte
723 3597 1022 3655 admittere
1054 3597 1300 3673 gratiam
1327 3612 1398 3653 ex
1416 3612 1478 3653 se
1502 3603 1558 3654 et
1578 3596 1647 3654 ab
1676 3598 1896 3654 intrin-

348 3686 507 3744 diftoc·
541 3696 667 3738 seco
688 3678 987 3746 efficacem,
1011 3694 1181 3751 quam
1204 3678 1530 3735 nescierunt
1549 3695 1678 3735 cum
1701 3686 1897 3737 nostra

343 3740 527 3829 ffiffffi,
546 3759 805 3818 libertate
829 3774 1171 3833 componere
1196 3783 1210 3826 ;
1239 3764 1296 3817 et
1338 3776 1408 3817 ex
1441 3761 1557 3816 alia
1597 3765 1756 3833 parte
1777 3775 1896 3817 non

544 3840 771 3896 valeant
788 3841 1032 3914 gratiam
1063 3840 1124 3895 in
1147 3855 1283 3896 vero
1302 3856 1470 3897 sensu
1491 3839 1769 3897 efficacem
1801 3854 1897 3896 ne·

539 3935 693 3993 gare,
728 3936 799 3978 ne
826 3921 1162 3995 Augustino,
1193 3925 1251 3976 et
1285 3920 1553 3977 omnibus
1593 3920 1897 3976 Catholicis

541 4001 730 4074 palam
761 4003 1046 4067 resistant,
1078 4007 1384 4058 recurrunt
1408 4001 1793 4058 communiter
1825 4000 1896 4056 ad

541 4082 765 4154 asylum
795 4081 1044 4138 scientiae
1071 4080 1290 4143 mediae,
1323 4096 1432 4152 qua
1461 4080 1753 4152 praejacta,·
1783 4079 1896 4135 sibi

542 4160 813 4217 videntur
871 4160 1212 4216 suavissime
1262 4158 1554 4215 declinare
1599 4158 1897 4231 praedictas

542 4241 851 4314 angustias.
884 4239 1030 4305 Quid
1058 4244 1247 4296 autem
1276 4238 1632 4312 intelligatur
1660 4240 1897 4296 nomine

541 4322 801 4379 scientiae
821 4322 1039 4386 Mediae,
1070 4321 1206 4376 satis
1224 4325 1444 4377 constat
1469 4336 1537 4376 ex
1565 4318 1728 4376 dictis
1762 4328 1890 4377 tom.

554 4404 597 4462 l.
629 4410 788 4459 tract.
809 4399 875 4469 '3,
906 4404 1049 4475 disp.
1087 4403 1169 4467 10,
1201 4419 1324 4456 cum
1360 4419 1467 4480 seq.
1512 4400 1610 4458 ubi
1633 4401 1896 4474 pluribus

543 4484 899 4555 argumentis
946 4484 1108 4539 illam
1152 4481 1638 4554 impugnavimus‚
1695 4487 1750 4538 et
1801 4498 1897 4539 re-

534 4561 794 4634 jecimus.
817 4563 981 4620 Unde
1003 4564 1062 4619 in
1094 4564 1354 4635 praesenti
1377 4564 1565 4619 solum
1588 4578 1654 4619 ea
1679 4564 1896 4621 motiva

535 4642 701 4697 illius
727 4643 851 4698 usui
879 4657 1250 4716 opponemus.
1281 4658 1406 4716 quae
1430 4642 1733 4700 ostendant
1757 4643 1897 4700 inu-

540 4720 807 4776 tilitatem
835 4721 1013 4794 ipsius
1057 4722 1126 4779 ad
1156 4721 1557 4779 declarandam
1585 4723 1893 4780 efficaciam

538 4802 756 4876 gratiae,
803 4809 859 4859 et
883 4803 1218 4860 salvandam
1248 4802 1570 4861 libertatem
1612 4804 1845 4862 arbitrii
1878 4830 1893 4873 ;

536 4887 594 4938 et
614 4883 944 4939 omittemus
965 4884 1108 4940 alias
1133 4884 1509 4950 difficultates,
1545 4903 1669 4958 quae
1709 4885 1781 4943 ab
1808 4887 1897 4943 in·

536 4960 816 5019 exhausto
840 4962 960 5035 ejus
993 4963 1149 5020 fonte
1176 4965 1508 5037 perenniter
1552 4967 1892 5034 scaturiunt,

1969 557 1978 635 Ι
2031 547 2088 599 et
2115 559 2324 600 novam
2354 542 2731 617 impugnandi
2757 543 2938 605 sitim,
2974 553 3270 611 nunquam
3297 552 3401 592 se-

2033 624 2282 681 dandam
2306 668 2321 689 ,
2369 625 2673 697 Augustini
2720 623 3017 695 discipulis
3069 619 3400 675 subminis-

2033 712 2207 764 trant.
2275 710 2504 780 Oportet
2551 713 2741 764 tamen
2786 705 3040 762 breviter
3095 717 3402 760 recensere

2034 789 2335 861 principia,
2377 804 2502 861 quae
2548 793 2855 845 assertores
2898 785 3158 842 scientia:
3184 783 3399 839 mediae

2033 871 2382 945 praejaciunt,
2416 877 2477 925 ut
2501 870 2699 944 gratiae
2723 869 3028 926 efficaciam
3057 870 3346 939 exponant
3376 887 3392 920 ε

2029 967 2096 1007 ea
2117 957 2310 1008 tamen
2340 952 2566 1024 praecise
2596 952 2929 1015 referemus,
2979 967 3108 1024 qum
3129 965 3396 1005 commu-

2032 1031 2271 1087 nissima
2299 1038 2432 1086 sunt
2458 1031 2605 1104 apud
2648 1032 2795 1097 illos,
2825 1037 2882 1087 et
2924 1032 2985 1086 in
3018 1028 3227 1103 quibus
3273 1044 3394 1085 non

2030 1108 2395 1168 dissentiunt.
2421 1113 2479 1167 Si
2502 1112 2662 1168 enim
2687 1110 3161 1167 descenderemus
3183 1108 3253 1164 ad
3266 1124 3394 1180 par-

2031 1189 2296 1247 ticulares
2335 1189 2553 1255 modos,
2584 1207 2722 1262 quos
2750 1192 2911 1248 varie
2940 1194 3387 1263 prosequuntur,

2030 1275 2091 1325 ut
2129 1270 2420 1327 declarent
2463 1271 2742 1344 obJectum
2785 1270 3069 1343 praedictae
3114 1268 3385 1331 scientiae,

2028 1349 2250 1407 dicendi
2270 1348 2445 1408 finem
2464 1367 2759 1423 nunquam
2782 1351 3130 1407 faceremus:
3160 1349 3389 1404 nullum

2028 1432 2239 1504 quippe
2271 1432 2389 1489 fere
2418 1433 2661 1506 legimus
2694 1433 2988 1505 juniorem
3017 1430 3254 1487 Molinae
3280 1428 3391 1484 dis·

2028 1512 2304 1584 cipulum,
2330 1513 2430 1585 qui
2448 1511 2781 1568 distinctum
2802 1511 3083 1586 obJectum
3114 1509 3392 1583 praedictae

2027 1592 2280 1649 scientiae
2307 1610 2423 1650 non
2464 1592 2773 1650 fabricetur
2806 1613 2819 1648 z
2849 1598 2909 1648 ut
2939 1592 3148 1648 merito
3187 1590 3389 1647 existi-

2028 1687 2272 1736 memus,
2299 1678 2378 1729 tot
2404 1689 2526 1730 esse
2545 1674 2812 1729 scientias
2839 1671 3079 1735 medias,
3110 1677 3245 1743 quot
3287 1686 3390 1726 vo·

2028 1753 2253 1809 lumina
2278 1753 2401 1827 ejus
2428 1755 2649 1827 patroni
2695 1753 3017 1827 procudunt
3041 1776 3055 1810 ε
3102 1767 3239 1808 nam
3284 1766 3385 1806 va·

2030 1835 2176 1892 riato
2196 1834 2430 1909 objecto,
2477 1836 2694 1892 variari
2725 1851 2950 1893 necesse
2975 1840 3060 1892 est
3086 1833 3388 1890 scientiam

2026 1932 2151 1989 quae
2179 1915 2323 1972 illud
2351 1918 2787 1989 contemplatur.

2101 1995 2294 2052 Primo
2321 1995 2495 2070 igitur
2520 2000 2790 2060 statuunt,
2825 1998 3001 2053 Deum
3042 1992 3571 2065 anteceden-cpmy

2026 2078 2115 2131 ter
2135 2075 2205 2131 ad
2230 2076 2627 2148 praevisionem
2656 2091 2962 2133 consensus
3016 2074 3202 2132 nostri
3248 2089 3389 2129 con·
3401 2068 3585 2157 '⁵32¹'

2026 2153 2303 2212 ditionate
2325 2156 2502 2212 futuri
2528 2172 2642 2212 non
2663 2156 2968 2213 decernere
2985 2155 3309 2216 efficaciter,
3334 2160 3388 2210 et
3444 2156 3543 2207 wod

2026 2234 2281 2292 absolute
2320 2236 2650 2309 praedictum
2696 2251 3056 2298 consensum,
3101 2239 3157 2290 et
3184 2249 3388 2292 conse-
3401 2207 3571 2309 11?ssss

2026 2319 2266 2389 quenter
2288 2332 2404 2373 non
2444 2316 2886 2389 correspondere
2908 2316 3009 2372 tali
3037 2313 3265 2371 decreto
3288 2315 3391 2369 ali·
3451 2305 3529 2348 ¹⁰⁵-

2026 2394 2174 2468 quod
2202 2396 2505 2463 auxilium,
2531 2396 2679 2467 quod
2720 2412 2791 2453 ex
2816 2411 2895 2459 se,
2926 2399 2983 2451 et
3010 2400 3179 2465 prout
3199 2393 3393 2449 subest

2029 2477 2143 2534 Deo
2168 2476 2463 2535 efficaciter
2509 2476 2852 2539 intendenti,
2901 2474 3113 2532 inferat
3160 2475 3393 2530 infalli-

2028 2557 2223 2615 biliter
2237 2573 2578 2615 consensum
2609 2562 2889 2614 nostrum.
2915 2556 3061 2620 Quia
3090 2561 3210 2611 tam
3241 2571 3393 2627 prae-

2027 2636 2399 2695 diffinitiones
2449 2636 2735 2694 absolutas
2760 2679 2773 2700 ,
2842 2641 2899 2692 et
2962 2634 3390 2697 antecedentes,

2026 2733 2199 2790 quam
2227 2716 2444 2773 auxilia
2482 2732 2554 2773 ex
2579 2732 2639 2772 se
2664 2715 2910 2772 efficacia
2935 2713 3177 2772 credunt
3210 2714 3396 2771 liber-

2029 2804 2200 2855 tatem
2249 2803 2504 2854 nostram
2551 2803 2828 2854 evertere.
2873 2795 3120 2853 Secundo
3160 2795 3390 2859 docent,

2027 2879 2224 2936 omnia
2268 2879 2484 2934 auxilia
2523 2876 2720 2951 gratiae
2759 2875 3071 2934 secundnm
3113 2894 3196 2941 se,
3222 2882 3397 2935 etse-

2028 2957 2279 3016 cundum
2330 2957 2440 3014 sibi
2482 2957 2792 3014 intrinseca
2833 2956 3213 3022 considerata,
3270 2972 3399 3013 esse

2029 3036 2405 3102 frustrabilia,
2435 3042 2490 3095 et
2509 3037 2634 3109 conj
2644 3035 2926 3110 ungibilia
2952 3053 3081 3093 cum
3102 3034 3393 3098 dissensu,

2028 3120 2121 3176 vel
2141 3119 2395 3175 carentia
2420 3134 2703 3182 assensus,
2729 3133 2832 3190 pro
2852 3133 2963 3189 quo
2982 3117 3395 3184 conferuntur;

2026 3203 2081 3256 et
2096 3204 2505 3271 consequenter
2521 3197 3090 3262 asserunt,auxilium
3105 3197 3399 3254 sufficiens

2027 3286 2082 3337 et
2095 3279 2288 3336 efficax
2307 3295 2422 3336 non
2440 3278 2673 3334 differre
2692 3295 2764 3334 ex
2781 3278 3031 3350 propriis
3052 3284 3107 3334 et
3120 3279 3399 3335 intrinse-

2026 3362 2107 3418 cis
2135 3358 2573 3433 praedicatis,sed
2596 3358 2831 3415 aliunde
2852 3383 2865 3425 ;
2891 3360 3059 3416 aliter
3078 3360 3242 3415 enim
3274 3376 3395 3417 non

2030 3441 2381 3514 intelligunt,
2412 3438 2694 3512 quomodo
2721 3441 2988 3497 voluntas
3028 3440 3207 3512 possit
3232 3456 3294 3496 se
3319 3440 3396 3496 ad

2028 3522 2363 3578 exercitium
2393 3520 2573 3576 libere
2597 3517 3008 3576 determinare.
3057 3520 3242 3577 Tertio
3269 3525 3397 3575 tra-

2029 3599 2190 3664 dunt,
2215 3601 2396 3656 Deum
2442 3597 2839 3656 antecedenter
2868 3597 2935 3654 ad
2977 3616 3151 3656 omne
3190 3598 3395 3655 decre-

2028 3685 2151 3736 tum
2178 3681 2514 3743 exercitum,
2545 3685 2600 3734 et
2622 3677 2926 3750 subJ'ective
2954 3679 3016 3734 in
3041 3694 3110 3736 eo
3136 3679 3393 3736 existens

2030 3759 2372 3834 praevidisse,
2427 3757 2563 3832 quid
2616 3758 2880 3814 voluntas
2936 3765 3122 3816 creata
3169 3757 3392 3814 factura

2027 3847 2191 3904 esset,
2217 3840 2265 3895 si
2289 3839 2351 3895 in
2379 3837 2608 3902 talibuS,
2635 3845 2733 3893 aut
2762 3838 2971 3895 talibus
2996 3837 3392 3897 occasionibus

2027 3921 2468 3979 constitueretur
2494 3942 2508 3984 ;
2531 3934 2593 3974 ac
2611 3919 2853 3990 proinde
2873 3918 3221 3991 praescivisse
3242 3918 3393 3976 hauc

2028 4003 2364 4060 veritatem:
2394 4000 2462 4058 Si
2492 4000 2684 4056 Petrus
2699 4000 2876 4055 intuli
2893 4017 3077 4056 rerum
3091 4000 3396 4072 ordinem-

2027 4090 2262 4143 neretur‚
2286 4088 2337 4135 et
2356 4081 2540 4150 qratia
2569 4086 2793 4135 vocante
2815 4082 3222 4152 praeveniretur,
3256 4097 3391 4135 oon-

2028 4165 2246 4218 sentiret
2278 4162 2553 4217 vocationi
2562 4178 2582 4226 ;
2606 4164 2662 4216 et
2690 4159 2835 4215 hanc
2863 4180 2876 4214 ε
2899 4157 2967 4217 δι’
2998 4158 3177 4215 ludas
3198 4162 3257 4215 in
3285 4162 3394 4215 tali

2027 4263 2212 4301 rerum
2237 4246 2372 4299 serie
2421 4243 2792 4305 collocaretur,
2836 4250 2885 4297 et
2925 4244 3111 4310 qratia
3165 4249 3393 4297 vocante

2027 4327 2382 4389 excitaretur,
2408 4340 2517 4378 non
2542 4324 2859 4377 consentiret
2883 4340 2900 4373 .·
2927 4321 3049 4377 sive
3074 4320 3128 4376 id
3174 4322 3391 4392 praevi-

2028 4405 2159 4461 deat
2221 4405 2283 4460 in
2342 4401 3024 4475 supet-comprehensione
3088 4417 3390 4457 causarum

2027 4483 2431 4543 secundarum.
2462 4484 2584 4540 sive
2610 4482 2681 4540 ob
2702 4482 3116 4555 oppositionem
3140 4480 3393 4539 duarum

2029 4564 2624 4627 contradictoriarum,
2679 4563 2801 4618 sive
2854 4562 2915 4617 in
2962 4561 3108 4618 ideis
3151 4561 3388 4628 diviniS,

2029 4646 2152 4703 sive
2174 4646 2233 4701 in
2256 4645 2479 4702 decreto
2520 4644 2730 4708 futuro,
2760 4643 2884 4699 sive
2912 4643 2974 4699 in
3003 4642 3245 4699 veritate
3286 4641 3395 4700 ob-

2024 4728 2229 4800 jectiva
2259 4726 2557 4798 desumpta
2585 4725 2654 4781 ab
2681 4730 2909 4787 eventu,
2940 4724 3062 4779 sive
3102 4724 3235 4779 aliis
3264 4740 3393 4779 mo-

2029 4806 2137 4872 dis,
2161 4808 2258 4878 qui
2281 4813 2360 4862 tot
2386 4806 2501 4861 fere
2521 4808 2813 4876 sunt,quot
2837 4804 3118 4860 Authores
3138 4802 3394 4859 scientia}

2032 4886 2236 4943 mediae
2263 4885 2515 4959 patroni.
2540 4884 2753 4957 Quarto
2779 4883 3000 4949 docent,
3045 4884 3223 4938 Deum
3250 4899 3393 4955 sup·

2034 4966 2215 5039 posita
2241 4965 2479 5022 scientia
2502 4963 2691 5021 media
2730 4964 2993 5019 statuisse
3032 4960 3308 5028 absolute,
3338 4967 3397 5018 et

3283 5062 3394 5119 pro
