3647 5753
544 406 656 463 848
1587 407 1681 461 DE
1719 404 2024 460 PRAEMIO
2062 403 2346 461 MERITI.

330 587 531 631 menard.
548 573 953 636 Sacramental.
977 598 1099 654 cap.
1127 586 1183 648 7,
1206 580 1513 656 Burgensis
1529 583 1590 637 in
1627 578 1785 637 Psal.
1803 578 1896 642 35,

329 638 828 729 nmen²²²·quatenus
869 667 1097 734 negant,
1132 662 1278 735 quod
1319 662 1596 719 meritum
1645 664 1901 732 respectu

546 740 841 812 augmenti
862 744 1062 814 gratias
1083 745 1261 818 possit
1283 744 1561 818 appellari
1587 758 1719 800 cum
1765 757 1905 815 pro-

547 822 805 893 prietate,
832 828 888 878 et
916 824 1107 899 rigore
1126 825 1499 900 condignum.
1548 824 1657 881 Sed
1686 824 1833 881 forte
1859 822 1901 878 ii

542 905 810 959 Doctores
855 902 1187 963 discordant
1215 924 1247 965 a
1272 908 1571 966 communi
1616 904 1906 962 sententia

540 984 729 1040 solum
779 984 841 1039 in
887 986 1097 1052 verbis,
1152 993 1210 1045 et
1248 988 1511 1046 vocabuli
1557 987 1898 1060 acceptione,

540 1063 931 1139 significantes
960 1082 1061 1139 per
1088 1070 1365 1124 meritum
1389 1068 1459 1126 de
1482 1067 1767 1143 condigno
1787 1082 1905 1124 me-

542 1147 720 1204 ritum
748 1166 817 1207 ex
846 1149 1103 1222 rigorosa
1121 1149 1346 1223 Justitia
1374 1166 1521 1223 :quo
1545 1150 1719 1206 etiam
1743 1154 1905 1222 pacto

545 1237 774 1300 possent
829 1246 1069 1307 negare,
1115 1231 1265 1303 quod
1305 1231 1493 1305 justus
1536 1230 1783 1305 gloriam
1833 1229 1905 1286 de

541 1309 827 1385 condigno
888 1315 1200 1368 mereatur.
1266 1311 1373 1368 Sed
1436 1308 1793 1383 persistendo
1840 1309 1904 1365 in

545 1407 702 1458 vera,
721 1401 776 1450 et
798 1394 1172 1467 frequentiori
1191 1394 1361 1468 hujus
1375 1395 1529 1452 vocis
1551 1392 1700 1466 apud
1715 1393 1906 1450 Theo-

548 1475 703 1549 logos
738 1478 1061 1551 acceptione

334 1561 518 1606 Primum
622 1559 899 1632 Arguitur
920 1559 1111 1631 primo
1130 1563 1328 1616 contra
1355 1573 1721 1616 communem
1767 1574 1906 1616 sen-

336 1622 530 1706 ωέξῗὲἷῃ,
549 1641 790 1696 tentiam
840 1662 852 1696 ε
902 1657 1037 1697 nam
1087 1640 1157 1697 ad
1204 1641 1478 1698 meritum
1518 1639 1588 1697 de
1619 1640 1904 1715 condigno

553 1723 871 1794 requiritur
932 1723 1227 1793 aequalitas
1272 1723 1425 1780 inter
1478 1723 1753 1779 meritum
1780 1767 1792 1788 ,
1847 1727 1906 1779 et

549 1804 853 1874 praemium
890 1824 901 1856 :
930 1801 1027 1858 sed
1056 1810 1211 1859 actus
1232 1820 1287 1860 v.
1311 1819 1365 1878 g.
1398 1804 1693 1862 charitatis
1719 1804 1906 1860 inten-

546 1901 643 1940 sus
677 1893 736 1941 ut
762 1892 884 1943 octo
911 1886 1220 1959 procedens
1241 1903 1273 1943 a
1293 1888 1478 1962 gratia
1508 1888 1906 1959 praeexistente

549 1972 611 2021 ut
646 1974 908 2039 quatuor,
968 1985 1085 2026 non
1137 1966 1310 2025 habet
1336 1967 1594 2041 valorem
1624 1968 1904 2040 aequalem

546 2051 746 2123 gratiae
792 2050 855 2105 in
894 2054 1017 2107 octo
1045 2068 1059 2103 ε
1093 2067 1228 2125 ergo
1250 2066 1366 2106 non
1395 2055 1648 2106 meretur
1670 2048 1740 2105 de
1764 2065 1906 2106 con-

547 2130 723 2205 digno
777 2138 1150 2208 augmentum
1201 2132 1400 2207 gratiae
1428 2146 1600 2202 usque
1640 2130 1711 2187 ad
1756 2137 1902 2188 octo,

546 2215 741 2272 Minor
764 2215 826 2271 in
853 2232 964 2289 qua
1000 2221 1222 2288 poterat
1241 2230 1362 2272 esse
1388 2213 1705 2281 difficultas,
1739 2214 1904 2272 vide-

547 2301 644 2352 tur
666 2296 1010 2364 manifesta3
1044 2312 1179 2352 nam
1210 2297 1373 2352 valor
1400 2298 1589 2369 operis
1616 2295 1902 2353 meritorii

548 2377 747 2450 nequit
767 2377 1038 2435 excedere
1068 2377 1323 2433 valorem
1351 2376 1441 2431 sui
1473 2377 1744 2450 principii
1777 2397 1789 2432 :
1821 2377 1905 2431 si-

545 2465 639 2515 cut
659 2459 722 2515 in
754 2460 1093 2516 universum
1120 2457 1740 2532 efficacia'operationis
1787 2472 1906 2515 non

545 2542 765 2599 excedit
787 2544 1062 2599 virtutem
1092 2559 1276 2599 causas
1303 2563 1315 2599 ε
1342 2541 1438 2600 sed
1460 2542 1801 2616 gratia(quae
1819 2546 1906 2598 est

548 2624 902 2697 principium
925 2625 1197 2680 valorans
1218 2626 1493 2681 meritum
1510 2624 1579 2681 de
1599 2623 1904 2698 condigno)

546 2707 903 2765 considerata
939 2713 1000 2763 ut
1020 2712 1284 2779 quatuor,
1317 2723 1435 2764 non
1458 2707 1714 2779 adaequat
1740 2708 1906 2764 valo-

547 2802 669 2844 rem
698 2789 897 2860 gratiae
920 2794 980 2842 ut
1006 2793 1157 2854 oeto;
1207 2788 1422 2860 alioqui
1467 2788 1654 2862 gratia
1681 2793 1743 2842 ut
1782 2793 1905 2845 octo

545 2885 664 2926 non
683 2874 830 2926 esset
853 2868 1156 2940 perfectior
1176 2871 1361 2944 gratia
1389 2875 1447 2926 ut
1467 2875 1727 2942 quatuor,
1753 2870 1904 2944 quod

543 2955 630 3008 est
656 2950 990 3018 absurdum;
1020 2955 1076 3008 et
1105 2953 1260 3008 tollit
1284 2957 1495 3007 statum
1522 2953 1853 3024 quaestionis
1887 2974 1901 3009 t

545 3048 681 3107 ergo
710 3039 864 3089 actus
903 3033 1198 3089 charitatis
1227 3034 1488 3089 intensus
1509 3038 1571 3088 ut
1598 3040 1738 3099 oct0,
1765 3050 1905 3105 pro-

545 3113 751 3171 cedens
780 3115 1018 3190 agratia
1070 3120 1129 3169 ut
1172 3120 1435 3188 quatuor,
1481 3131 1599 3172 non
1650 3114 1905 3188 adaequat

546 3197 805 3253 valorem
828 3198 1026 3271 gratiae
1056 3202 1115 3252 ut
1137 3202 1280 3254 octo.

350 3292 507 3351 contir-
623 3278 1011 3335 confirmatur
1036 3314 1063 3345 ,-
1098 3280 1234 3352 quia
1280 3280 1330 3336 si
1359 3286 1515 3336 actus
1555 3280 1814 3336 intensus
1843 3285 1905 3334 ut

364 3346 505 3386 ¹¹¹⁸¹¹⁰·
548 3365 670 3417 octo
699 3361 1008 3433 procedens
1030 3378 1062 3419 a
1081 3363 1269 3437 gratia
1293 3368 1355 3418 ut
1375 3368 1619 3436 quatuor
1646 3377 1905 3419 merere-

547 3447 644 3498 tur
670 3440 740 3498 de
778 3442 1061 3517 condigno
1106 3444 1350 3519 gratiam
1381 3450 1441 3500 ut
1468 3450 1610 3519 octo,
1634 3460 1905 3516 sequere-

547 3531 643 3582 tur
669 3525 818 3598 quod
839 3527 1024 3600 gratia
1053 3527 1114 3582 in
1137 3526 1335 3584 eodem
1386 3527 1623 3583 instanti
1669 3526 1905 3585 baberet

546 3604 688 3664 duos
718 3606 915 3664 modos
942 3608 1307 3673 intensionis-⁵,
1358 3608 1606 3665 alterum
1655 3614 1717 3663 ut
1758 3625 1905 3682 qua-

546 3695 695 3754 tuor,
729 3695 784 3745 et
835 3691 1081 3747 alterum
1136 3696 1198 3745 ut
1249 3694 1371 3746 octo
1398 3711 1410 3746 ε
1434 3705 1782 3763 consequens
1820 3698 1903 3749 est

547 3767 882 3835 absurdum,
914 3777 969 3828 et
994 3777 1195 3829 contra
1233 3787 1601 3829 communem
1630 3773 1902 3831 Thomis-

544 3856 740 3907 tarum
788 3852 1211 3925 philosophiam
1246 3876 1259 3910 ε
1299 3869 1435 3927 ergo
1480 3852 1780 3927 praedictus
1807 3872 1904 3912 ac—

545 3938 637 3989 tus
667 3951 781 3991 non
812 3941 1067 4005 meretur
1109 3934 1179 3991 de
1217 3935 1501 4010 condigno
1551 3937 1799 4011 gratiam
1842 3945 1903 3997 ut

547 4020 689 4072 oct0.
742 4017 978 4089 Sequela
1025 4014 1392 4085 ostenditur;
1429 4034 1563 4073 nam
1591 4034 1704 4090 qua
1744 4027 1904 4092 parte

542 4096 730 4169 gratia
767 4101 829 4150 ut
875 4102 1120 4169 quatuor
1164 4102 1249 4153 est
1291 4098 1643 4171 principium
1684 4100 1898 4169 meriti,

543 4174 710 4233 debet
759 4176 1009 4234 retinere
1038 4178 1273 4234 modum
1299 4179 1642 4237 intensionis
1670 4186 1733 4235 ut
1757 4198 1903 4254 qua-

543 4264 709 4324 tuor;
734 4264 921 4331 etqua
944 4267 1104 4333 parte
1123 4262 1311 4335 gratia
1338 4268 1398 4317 ut
1427 4268 1550 4319 octo
1570 4266 1656 4318 est
1682 4263 1902 4335 princi-

544 4340 706 4412 pium
730 4340 983 4411 praedicti
1007 4342 1221 4409 meriti,
1247 4340 1412 4398 debet
1433 4342 1644 4399 habere
1663 4343 1900 4400 modum

544 4420 892 4478 intensionis
926 4426 986 4477 ut
1012 4427 1153 4479 octo.

347 4511 512 4557 solutio
616 4500 702 4557 Ad
744 4509 1152 4578 argumentum
1183 4502 1484 4577 respondet
1507 4507 1571 4562 D.
1601 4504 1810 4563 Thom.
1836 4505 1899 4562 in

354 4571 484 4655 ’,ξξὲξῇ
542 4586 829 4655 praesenti,
862 4588 921 4640 in
946 4585 1112 4641 solut.
1137 4587 1211 4642 ad
1243 4588 1297 4651 2,
1325 4585 1416 4640 his
1444 4585 1636 4643 verbis
1664 4607 1676 4642 ε
1704 4585 1901 4644 Dicen-

321 4668 374 4704 ⁰¹
390 4662 523 4706 D·'1'h·
539 4665 671 4721 dum
717 4668 859 4745 quod
884 4675 1238 4737 auymentum
1258 4670 1452 4738 qratia
1491 4685 1598 4723 non
1620 4675 1697 4723 est
1723 4685 1899 4741 supra

538 4751 798 4805 virtutem
836 4749 1231 4823 prae-misterius
1246 4752 1458 4820 qratia,
1492 4750 1611 4806 licet
1632 4753 1706 4806 sit
1725 4768 1898 4826 supra

535 4833 903 4909 quantitatem
930 4833 1108 4905 ipsius
1130 4851 1151 4901 ,·
1185 4836 1328 4889 sicut
1349 4832 1532 4899 arbor,
1557 4835 1660 4889 etsi
1696 4836 1769 4889 sit
1795 4852 1899 4890 sn-

531 4929 637 4985 pra
663 4915 1029 4990 quantitatem
1049 4916 1294 4980 seminiS,
1336 4932 1446 4970 non
1469 4922 1546 4971 est
1574 4923 1757 4971 tamen
1795 4933 1897 4972 su-

524 5011 635 5065 pra
657 4997 917 5050 virtutem
946 4997 1138 5068 ipsius.
1186 4996 1299 5053 Pro
1320 4996 1480 5070 cujus
1502 4996 1895 5069 responsionis

530 5074 917 5147 intelligentia
953 5074 1368 5133 advertendum
1391 5082 1495 5144 est,
1527 5076 1675 5151 quod
1700 5080 1891 5153 gratia

2036 573 2400 633 sanctificans
2461 574 2770 648 dupliciter
2805 573 3108 632 concurrit
3153 570 3230 628 ad
3272 585 3423 643 opus

2035 658 2448 716 meritorium:
2480 673 2596 714 uno
2640 655 2813 714 modo
2859 655 3097 731 physice
3148 652 3422 709 effective

1997 740 2187 799 ·iltud
2213 739 2515 806 eliciendo,
2549 740 2666 797 alio
2705 738 2877 797 modo
2903 738 3220 796 moraliter
3241 735 3421 792 effec-

2033 824 2155 880 tive
2175 822 2366 895 ipsum
2384 819 2719 878 valorando.
2746 822 2817 876 Et
2830 819 3069 894 quidem
3085 814 3421 875 secundnm

2035 901 2292 976 priorem
2338 899 2859 958 considerationem
2896 899 3100 971 nequit
3125 896 3331 971 gratia
3360 901 3424 951 nt

2035 990 2277 1059 quatuor
2305 984 2526 1041 efficere
2545 1000 2687 1057 opus
2709 984 3006 1040 intensum
3027 987 3094 1037 ut
3114 986 3276 1042 octo.
3303 978 3424 1034 nisi

2035 1065 2339 1141 adjuvetur
2368 1083 2470 1138 per
2497 1066 2785 1122 auxilium
2810 1072 2873 1121 ut
2897 1070 3041 1128 octo.
3077 1062 3243 1136 quod
3274 1060 3428 1118 adffl-

2035 1154 2204 1222 quate
2254 1150 2544 1207 contineat
2590 1147 2957 1205 latitudinem
3021 1151 3189 1202 actus
3221 1167 3237 1201 :
3268 1145 3430 1201 sicut

2037 1245 2140 1286 nec
2207 1230 2429 1287 efficere
2491 1229 2616 1302 quit
2682 1229 2950 1286 ultimam
3040 1225 3429 1298 operationis

2037 1314 2422 1370 actualitatem
2449 1353 2463 1377 ,
2511 1316 2569 1368 et
2591 1312 2978 1376 existentiam,
3009 1309 3157 1382 quin
3221 1308 3425 1365 simili

2037 1394 2257 1451 auxilio
2277 1395 2569 1460 fulciatur,
2593 1399 2653 1449 ut
2673 1392 2928 1449 diximus
2948 1398 3116 1447 tract.
3145 1392 3240 1456 14,
3265 1390 3425 1464 disp.

2036 1477 2089 1545 5,
2121 1476 2249 1534 dub.
2280 1479 2335 1534 5.
2360 1480 2640 1534 Caeterum
2668 1476 2814 1533 sicut
2833 1476 2950 1532 haec
2978 1474 3279 1547 posterior
3327 1474 3430 1529 in-

2035 1559 2292 1634 digentia
2338 1576 2457 1618 non
2487 1560 2747 1632 impedit,
2778 1557 2926 1632 quod
2952 1557 3143 1632 gratia
3173 1572 3431 1615 merea-

2036 1647 2132 1697 tur
2159 1657 2276 1698 non
2304 1642 2492 1699 solum
2523 1658 2627 1715 per
2668 1647 2824 1698 actus
2861 1639 3282 1706 substantiam,
3318 1638 3429 1696 sed

2035 1724 2215 1782 etiam
2246 1741 2346 1798 per
2372 1726 2496 1799 ejus
2538 1725 2959 1790 actualitatem;
2987 1723 3130 1796 quia
3171 1727 3302 1778 tam
3356 1720 3426 1779 ad

2037 1806 2204 1872 hanc,
2260 1822 2433 1878 quam
2481 1805 2550 1863 ad
2599 1807 2764 1862 illam
2812 1804 3090 1871 vitaliter,
3136 1808 3198 1860 et
3226 1801 3429 1860 libere

2036 1888 2364 1954 concurrit,
2415 1893 2478 1943 ut
2524 1889 2646 1946 loco
2684 1888 2855 1945 citato
2879 1886 3267 1959 exposuimus
3291 1905 3310 1940 e
3341 1886 3428 1941 ita

2038 1970 2198 2043 prior
2243 1969 2347 2026 illa
2387 1968 2708 2044 indigentia
2754 1984 2872 2025 non
2917 1967 3088 2031 tollit,
3124 1967 3280 2039 quin
3313 1982 3429 2040 per

2036 2057 2213 2109 totam
2243 2056 2400 2107 actus
2428 2049 2796 2107 latitudinem
2825 2053 3140 2114 mereatur,
3168 2046 3248 2103 ob
3275 2062 3428 2103 ean—

2034 2132 2167 2190 dem
2211 2133 2784 2206 proportionabiliter
2826 2132 3132 2190 rationem.
3185 2130 3427 2186 Secun-

2036 2212 2173 2270 dum
2214 2215 2589 2286 posteriorem
2638 2222 2829 2272 autem
2875 2211 3423 2271 considerationem

2037 2301 2218 2369 potest
2238 2295 2487 2352 minima
2509 2297 2694 2370 gratia
2719 2298 2982 2353 valorare
3003 2298 3196 2350 actum
3227 2310 3427 2366 quan-

2036 2383 2404 2451 tumcumque
2444 2380 2774 2448 intensum,
2814 2379 2950 2451 quia
2976 2375 3237 2432 minima
3271 2392 3423 2450 gra-

2036 2461 2118 2516 tia
2137 2461 2434 2518 constituit
2454 2462 2769 2536 subjectum
2800 2458 3313 2535 proportionatum
3345 2457 3425 2515 ad

2035 2545 2329 2619 quodlibet
2355 2550 2633 2605 meritum
2660 2546 2732 2605 de
2764 2543 3048 2618 condigno
3065 2568 3081 2611 ;
3111 2541 3422 2616 siquidem

2037 2628 2330 2684 constituit
2370 2629 2670 2687 hominem
2700 2629 2814 2684 Deo
2838 2630 3087 2701 gratnm,
3119 2629 3178 2680 et
3208 2639 3422 2695 accep-

2036 2713 2159 2765 tum
2196 2730 2209 2764 :
2236 2715 2293 2767 et
2320 2709 2555 2767 aliunde
2576 2727 2610 2767 a
2628 2709 2834 2785 gratia,
2865 2705 2971 2763 etsi
2994 2705 3276 2770 minima,
3308 2703 3414 2761 di-

2037 2797 2238 2847 manat
2279 2791 2483 2848 modus
2528 2791 2630 2849 ille
2688 2789 3024 2853 charitatiS,
3079 2785 3183 2859 qui
3233 2784 3411 2842 afficit

2037 2889 2237 2930 omnes
2285 2873 2541 2931 hominis
2594 2872 2895 2948 potentiaS,
2928 2875 2984 2927 et
3010 2868 3406 2943 operationes,

2036 2955 2359 3029 harumque
2379 2972 2580 3013 omnes
2599 2962 2656 3012 et
2674 2955 2934 3029 singulos
2952 2952 3260 3028 dignitatis
3278 2967 3410 3025 gra·

2036 3035 2142 3092 dus
2169 3035 2238 3093 ad
2268 3037 2452 3094 instar
2479 3037 2681 3094 formae
2721 3036 3034 3092 intrinsece
3060 3034 3310 3098 valorat,
3341 3040 3407 3088 ut

2035 3132 2211 3189 supra
2238 3119 2606 3191 exposuimus
2633 3119 2774 3191 disp.
2806 3119 2861 3181 4.
2894 3135 3051 3172 num.
3096 3116 3191 3170 84.
3238 3112 3407 3169 Unde

2036 3195 2103 3253 fit
2128 3242 2142 3265 ,
2194 3200 2344 3273 quod
2373 3202 2503 3258 licet
2527 3200 2817 3273 quantitas
2866 3197 3242 3271 operationis,
3299 3194 3392 3251 rel

2036 3282 2263 3354 praemii
2322 3284 2397 3339 sit
2441 3300 2616 3357 supra
2665 3282 3048 3354 quantitatem
3103 3279 3385 3354 physicam

2034 3364 2257 3438 gratiae,
2285 3366 2672 3423 nihilominus
2693 3381 2810 3422 non
2830 3362 3066 3421 excedat
3090 3364 3210 3419 vim
3229 3361 3391 3418 valo-

2037 3445 2283 3501 rativam
2311 3445 2566 3519 eJusdem
2593 3447 2810 3521 gratiae.
2844 3447 2914 3500 Et
2948 3445 3029 3501 ita
3056 3442 3397 3515 intelligen-

2034 3525 2142 3582 dus
2194 3531 2278 3583 est
2322 3530 2390 3584 D.
2444 3528 2648 3584 Thom.
2698 3530 2759 3584 in
2805 3544 3045 3600 respons.
3099 3524 3401 3582 relataset

2034 3609 2366 3681 exemplum
2395 3608 2465 3665 ab
2495 3610 2620 3682 ipso
2646 3608 2953 3665 adductum
2995 3608 3215 3680 optime
3261 3621 3402 3679 pro-

2036 3688 2129 3746 bat
2147 3713 2161 3757 ;
2193 3706 2330 3745 nam
2361 3690 2491 3746 licet
2511 3692 2816 3763 quantitas,
2847 3695 2903 3747 et
2930 3690 3205 3764 perfectio
3227 3687 3404 3745 arbo-

2037 3772 2117 3827 ris
2150 3772 2309 3828 sitin
2330 3788 2452 3829 esse
2486 3774 2569 3830 rei
2599 3775 2784 3848 major
2811 3773 3148 3846 quantitate,
3179 3778 3241 3828 et
3267 3786 3407 3843 per-

2035 3853 2278 3911 fectione
2332 3854 2574 3910 seminis
2599 3879 2613 3922 ;
2668 3855 2821 3911 istud
2890 3860 3087 3912 tamen
3139 3851 3410 3925 adaequat

2035 3933 2260 3991 arboris
2306 3936 2684 4008 quantitatem
2711 3979 2724 4003 ,
2775 3941 2832 3993 et
2883 3935 3298 4009 perfectionem
3339 3933 3410 3990 in

2035 4019 2260 4075 ratione
2312 4017 2699 4090 producendi;
2730 4020 2865 4092 quia
2901 4020 3023 4076 vim
3068 4016 3245 4074 habet
3272 4063 3288 4085 ,
3346 4023 3412 4073 nt

2035 4099 2300 4156 arborem
2343 4098 2637 4171 producat.
2671 4101 2741 4155 Et
2766 4101 3041 4156 similiter
3082 4099 3406 4171 quantitas,

2032 4188 2088 4239 et
2110 4182 2383 4254 perfectio
2410 4182 2574 4254 pueri
2611 4183 2809 4240 minor
2848 4186 2933 4239 est
2969 4182 3315 4255 quantitate,
3350 4190 3413 4240 et

2035 4263 2382 4337 perfectione
2407 4265 2523 4321 viri
2559 4286 2572 4321 :
2602 4271 2661 4322 et
2685 4265 3070 4323 nihilominus
3097 4268 3315 4321 natura
3339 4266 3410 4322 in

2033 4360 2211 4418 puero
2251 4346 2505 4402 existens
2549 4347 2674 4402 vim
2722 4345 2894 4403 habet
2937 4345 3292 4420 perducendi
3342 4362 3414 4404 se

2033 4428 2460 4501 augmentative
2495 4442 2669 4499 usque
2695 4428 2765 4485 ad
2794 4427 2909 4485 viri
2960 4427 3405 4501 perfectionem,

2031 4511 2087 4563 et
2112 4508 2513 4579 quantitatem.

2104 4588 2330 4645 Accedit
2375 4590 2571 4656 etiam,
2602 4589 2753 4663 quod
2801 4590 3156 4664 principium
3197 4590 3410 4649 confe-

2031 4686 2165 4727 rens
2192 4671 2261 4728 ad
2293 4675 2554 4732 valorem
2602 4674 2800 4731 meriti
2847 4674 2918 4731 de
2961 4672 3251 4749 condigno
3278 4690 3409 4731 non

2028 4757 2113 4808 est
2138 4753 2262 4810 sola
2304 4754 2492 4827 gratia
2511 4754 2893 4821 sanctificans,
2930 4753 3029 4811 sed
3055 4755 3236 4811 etiam
3264 4756 3411 4828 Spi-

2030 4834 2176 4891 ritus
2214 4842 2443 4892 sanctus
2470 4837 2532 4894 in
2569 4838 2722 4912 justo
2758 4838 2994 4910 speciali
3022 4835 3194 4893 modo
3224 4835 3408 4894 habi-

2028 4923 2157 4975 tans
2181 4942 2197 4986 3
2229 4918 2363 4977 hinc
2386 4920 2547 4977 enim
2575 4936 2752 4993 opera
2773 4921 2912 4995 justi
2941 4919 3158 4977 habent
3195 4922 3403 4979 maxi-

2026 5015 2182 5056 mam
2214 5001 2743 5069 aestimabilitatem,
2776 5008 2838 5059 ut
2865 5006 2929 5060 D.
2955 5003 3161 5060 Thom.
3185 5002 3562 5061 obser-12²1

2025 5080 2186 5137 vavit
2230 5097 2404 5155 supra
2454 5089 2563 5140 art.
2621 5084 2657 5139 3
2683 5127 2696 5152 ,
2739 5086 2802 5140 in
2843 5100 2991 5158 corp.
3036 5091 3087 5140 et
3125 5083 3199 5139 ad
3226 5083 3286 5140 3.
3316 5085 3396 5148 Et

2971 5172 3396 5240 consequenter
