3647 5753
38 4282 227 4333 Quarta

46 4329 221 4384 opinio

20 4384 225 4439 contra·

68 4441 158 4475 ria.

1362 447 1541 503 DISP.
1588 448 1656 516 11,
1700 446 1869 503 DUB.
1927 447 2080 504 vm.-
3009 440 3131 497 529

250 620 503 694 exposcit
526 619 799 694 gratiam,
849 618 947 676 sed
981 620 1173 676 solum
1200 617 1401 692 gratias
1428 618 1624 676 fervo-

254 716 399 769 rem,
429 705 485 758 et
522 706 587 756 ut
636 701 719 757 sic
764 699 1043 766 dicamus,
1099 698 1519 767 dilatationem,
1570 705 1627 758 et

251 781 708 855 expressionem.
758 782 1059 839 Peccatum
1103 787 1294 838 autem
1322 782 1569 839 mortale
1593 797 1627 839 e

252 869 452 921 contra
476 879 538 920 se
562 861 734 919 habet
763 886 779 928 ;
810 877 949 918 nam
1000 861 1147 917 sicut
1164 862 1414 935 gratiam
1438 877 1541 935 per
1566 877 1628 918 se

251 943 521 1011 excludit,
554 943 634 1000 ita
663 943 735 1001 ad
755 944 847 999 sui
876 942 1322 1000 destructionem
1375 941 1629 1015 exposcit

255 1040 359 1099 per
376 1040 455 1091 se,
475 1024 623 1097 quod
643 1025 830 1098 gratia
858 1021 1048 1081 denuo
1082 1022 1443 1081 infundatur.
1471 1026 1628 1088 Qua-

257 1111 489 1180 propter
504 1106 552 1162 si
565 1107 863 1178 utriusque
885 1106 1289 1164 remissionem
1309 1104 1625 1163 secundum

256 1202 345 1252 ea,
396 1201 521 1259 quae
572 1202 673 1259 per
725 1202 786 1243 se
824 1188 1098 1258 exposcit,
1146 1184 1580 1244 consideremus
1609 1208 1622 1252 ς

258 1268 404 1340 plus,
430 1272 487 1325 et
507 1269 691 1324 multo
720 1269 847 1341 plus
879 1267 1243 1325 desideratur
1264 1266 1335 1325 ad
1359 1266 1628 1325 mortalis

254 1345 725 1416 destructionem,
782 1364 955 1421 quam
1008 1347 1079 1405 ad
1116 1348 1366 1406 venialis
1415 1348 1627 1406 remis-

255 1428 501 1487 sionem.
522 1432 669 1486 Nam
697 1431 1073 1488 excellentior
1099 1436 1185 1488 est
1208 1429 1416 1506 gratia,
1447 1446 1624 1503 quam

254 1510 459 1584 gratiae
486 1511 681 1568 fervor
706 1537 720 1580 ;
748 1518 804 1570 et
830 1511 1121 1569 difficilius
1141 1516 1244 1579 est,
1275 1512 1425 1584 quod
1451 1513 1628 1571 homo

257 1590 323 1646 in
376 1596 597 1663 peccato
642 1593 894 1650 existens
944 1597 1322 1665 consequatur
1370 1594 1622 1668 gratiam

258 1671 469 1744 peccati
521 1674 784 1730 mortalis
832 1674 1214 1740 remissivam,
1260 1689 1434 1746 quam
1478 1673 1628 1747 quod

253 1752 441 1826 justus
479 1768 549 1811 ex
588 1755 795 1828 gratia,
844 1770 1018 1827 quam
1062 1755 1182 1828 jam
1228 1751 1453 1819 habeat,
1484 1771 1623 1827 pro-

262 1838 492 1905 rumpat
520 1833 583 1890 in
619 1839 806 1891 actum
854 1833 1238 1899 contritionis,
1264 1834 1359 1890 vel
1387 1835 1622 1901 amoris,

259 1928 372 1984 quo
392 1914 647 1970 venialia
680 1914 967 1972 delentur.
999 1917 1134 1980 Quae
1158 1914 1420 1971 doctrina
1448 1919 1629 1987 potest

63 2011 227 2056 mmo.
257 1991 594 2051 confirmari
639 2010 711 2051 ex
738 1995 873 2062 alia,
900 2010 1072 2067 quam
1103 1994 1279 2052 tradit
1307 1996 1370 2050 D.
1417 1995 1624 2052 Thom.

259 2078 321 2132 in
338 2079 592 2149 praesenti
618 2085 799 2155 quaest.
832 2086 941 2134 art.
971 2079 1025 2142 9,
1053 2077 1153 2133 ubi
1178 2078 1258 2134 ait
1291 2097 1304 2132 ι
1360 2099 1385 2130 α
1427 2077 1626 2134 Scien-

265 2177 291 2209 α
334 2155 471 2212 dum
516 2163 619 2219 est,
665 2155 816 2228 quod
855 2157 1075 2229 aliquid
1114 2172 1391 2231 magnum
1412 2156 1629 2213 dicitur

264 2260 291 2291 α
334 2238 654 2313 dupliciter.
690 2241 817 2296 Uno
845 2238 1017 2297 modo
1037 2238 1359 2297 secundum
1384 2239 1625 2311 quanti-

266 2343 292 2373 «
336 2326 510 2378 tatem
558 2321 898 2378 absolutam.
930 2324 999 2376 Et
1028 2322 1135 2379 hoc
1181 2320 1353 2379 modo
1405 2321 1628 2379 donum

270 2425 295 2455 α
335 2403 536 2477 gloriae
577 2406 661 2459 est
703 2403 909 2475 maJuS,
955 2418 1129 2476 quam
1158 2402 1376 2460 donum
1430 2403 1629 2477 gratiae

270 2505 297 2536 α
334 2482 702 2558 justificantis
728 2483 977 2555 impium
1008 2503 1033 2536 »
1086 2483 1377 2556 (supponit
1417 2485 1629 2556 quippe

262 2565 532 2640 gratiam,
590 2570 645 2620 et
697 2563 853 2620 addit
878 2565 1001 2639 ejus
1046 2566 1628 2636 consummationem)

271 2668 298 2698 α
341 2650 398 2703 et
422 2644 735 2701 secundum
761 2646 864 2702 hoc
882 2646 1222 2720 glorificatio
1231 2646 1521 2719 justorum
1543 2651 1630 2703 est

268 2750 297 2781 «
340 2728 527 2801 majus
576 2742 744 2799 opuS,
801 2743 973 2800 quarn
1035 2726 1367 2799 justificatio
1408 2727 1621 2801 impii.

263 2830 291 2862 «
334 2808 467 2865 Alio
494 2808 663 2866 modo
683 2808 894 2865 dicitur
911 2808 1131 2884 aliquid
1152 2825 1428 2884 magnum
1451 2826 1628 2883 quan·

262 2912 290 2944 (ι
334 2892 497 2948 titate
543 2892 950 2964 proportionis,
1002 2890 1146 2947 sicut
1201 2889 1414 2947 dicitur
1461 2908 1629 2949 mons

262 2993 291 3024 <t
333 2987 546 3043 parvus
576 3014 589 3038 ,
640 2976 697 3027 et
742 2973 975 3029 milium
1035 2988 1353 3046 magnum:
1403 2977 1459 3028 et
1522 2973 1626 3029 hoc

261 3073 291 3105 κ
335 3049 506 3109 modo
568 3051 787 3110 donum
846 3053 1050 3128 gratias
1103 3053 1354 3125 impium
1402 3052 1619 3127 justifi-

263 3153 294 3186 α
339 3134 521 3192 cantis
567 3138 651 3190 est
695 3134 900 3208 maJus,
947 3149 1121 3207 quam
1161 3133 1380 3191 donum
1425 3133 1626 3207 gloriae

265 3234 293 3266 α
335 3211 713 3290 beatificantis
752 3215 972 3289 justum
1006 3232 1018 3276 ;
1059 3215 1197 3288 quia
1242 3216 1374 3288 plus
1408 3214 1628 3270 excedit

263 3314 291 3346 «
332 3291 550 3351 donum
570 3294 770 3368 gratiae
790 3295 1134 3370 dignitatem
1159 3294 1348 3368 impii,
1375 3295 1474 3367 qui
1503 3299 1631 3351 erat

263 3394 292 3427 α
332 3373 540 3449 dignus
563 3391 749 3449 poena,
780 3392 956 3449 quam
979 3375 1195 3432 donum
1215 3375 1415 3450 gloriae
1442 3373 1629 3450 digni-

268 3477 296 3507 «
336 3459 512 3513 tatem
552 3457 712 3530 justi,
738 3458 835 3530 qui
865 3474 934 3515 ex
964 3458 1067 3514 hoc
1093 3458 1237 3531 ipso,
1275 3456 1424 3530 quod
1448 3456 1625 3530 justi-

270 3559 299 3592 «
339 3537 553 3606 ficatuS,
605 3544 688 3596 est
737 3539 947 3614 dignus
984 3540 1195 3615 gloria.
1242 3561 1268 3592 »
1303 3539 1460 3596 Idem
1489 3555 1628 3613 ergo

263 3620 834 3694 proportionabiliter
881 3622 945 3677 in
994 3621 1261 3695 praesenti
1315 3619 1625 3678 dicendum

260 3707 366 3758 est.

868 3861 1010 3929 gv.

337 4019 659 4078 Occurritur
678 4026 1016 4093 aryumentis
1043 4025 1250 4079 ultimas
1273 4024 1554 4095 opinionis

296 4104 453 4161 modo
505 4104 719 4160 dicendi
744 4122 915 4179 supra
963 4108 1248 4163 insinuato
1273 4106 1583 4161 contraria.

337 4259 465 4315 326.
499 4261 728 4327 Quarta,
760 4265 816 4318 et
840 4260 1052 4318 ultima
1077 4261 1365 4318 sententia
1388 4260 1622 4326 fatetur,

265 4355 367 4398 nec
394 4340 770 4409 attritionem,
804 4359 907 4400 nec
928 4343 1110 4399 alium
1140 4347 1328 4398 actum
1355 4357 1631 4414 superna-

264 4421 514 4477 turalem
565 4421 820 4479 sufficere
863 4427 1028 4479 extra
1075 4427 1503 4480 sacramentum
1558 4419 1631 4478 ad

260 4501 650 4577 expiationem
680 4503 1021 4570 venialium,
1058 4504 1172 4559 nisi
1199 4506 1383 4561 solam
1406 4503 1630 4560 contri-

261 4585 500 4652 tionem,
528 4587 622 4642 vel
645 4585 1011 4643 dilectionem
1057 4586 1356 4658 charitatis
1390 4586 1632 4644 :asserit

260 4671 479 4733 tamen,
510 4666 662 4739 quod
688 4668 811 4723 sola
840 4667 1059 4725 attritio
1096 4683 1226 4724 cum
1269 4673 1631 4726 sacramento

257 4746 464 4804 sufficit
489 4746 561 4804 ad
587 4746 925 4820 praedictum
972 4746 1259 4804 effectum.
1297 4747 1406 4805 Sed
1433 4748 1498 4804 in
1527 4748 1632 4805 hac

256 4827 505 4886 secunda
528 4830 864 4885 assertionis
904 4834 1083 4903 parte,
1115 4831 1181 4887 in
1207 4846 1320 4903 qua
1341 4828 1512 4888 modo
1535 4829 1632 4886 di-

256 4907 426 4967 cendi
445 4909 742 4983 cujusdam
765 4909 1079 4967 Thomistae
1104 4911 1285 4967 relato
1312 4927 1464 4967 num.
1494 4911 1624 4980 312,

255 4988 591 5063 opponitur,
619 4994 801 5063 potest
848 5006 972 5048 esse
1023 4990 1394 5063 aequivocatio
1422 5011 1435 5046 z
1487 5007 1625 5048 nam

252 5069 489 5144 quando
538 5070 753 5128 dicitur
799 5070 1157 5129 attritionem
1198 5071 1269 5129 de
1303 5071 1632 5131 venialibus

1757 634 1890 676 cum
1944 622 2307 677 sacramento
2353 614 2705 690 poenitentiae
2753 612 3011 670 sufficere
3050 609 3123 667 ad

1758 700 2082 758 venialium
2146 699 2568 765 remissionem,
2624 697 2716 754 vel
2766 693 3126 770 significatur

1760 780 2119 839 attritionem
2142 795 2263 838 esse
2291 779 2728 852 dispositionem
2749 776 3125 833 sufficientem

1760 862 1833 920 ad
1861 868 2308 929 sacramentum,
2333 866 2391 918 et
2428 860 2605 917 simul
2632 858 2978 917 sacramenti
2997 873 3128 930 par-

1760 949 1881 1001 tem
1939 943 2196 1003 effective
2259 942 2637 1017 attingentem
2701 940 2973 1005 formam,
3024 953 3127 1011 per

1760 1041 1935 1099 quam
1950 1025 2205 1083 venialia
2227 1024 2718 1082 remittanturzvel
2737 1019 3119 1096 significatur,

1762 1122 1884 1164 non
1940 1106 2160 1180 requiri
2207 1100 2547 1163 ulteriorem
2573 1148 2586 1171 ,
2630 1108 2686 1161 et
2725 1102 3123 1176 perfectiorem

1762 1194 1972 1256 actum,
2032 1206 2134 1263 per
2178 1206 2350 1263 quem
2403 1187 2768 1251 formaliter,
2817 1189 2915 1240 aut
2961 1184 3125 1256 quasi

1761 1269 2090 1328 formaliter
2147 1268 2246 1327 fiat
2299 1269 2566 1344 praedicta
2615 1267 2909 1325 remissio.
2972 1265 3128 1321 Sicut

1760 1349 1992 1424 quando
2012 1350 2242 1417 dicitur,
2274 1351 2422 1425 quod
2451 1349 2670 1408 attritio
2691 1346 2761 1403 de
2782 1344 3128 1402 mortalibus

1761 1449 1892 1491 cum
1919 1438 2276 1489 sacramento
2293 1432 2508 1489 sufficit
2536 1430 2606 1487 ad
2633 1444 2834 1487 eorum
2862 1427 3122 1484 destruc-

1761 1516 2001 1580 tionem,
2033 1516 2221 1570 solum
2264 1513 2624 1589 significatur
2663 1511 3003 1568 sufficientia
3027 1523 3127 1581 per

1760 1593 1999 1651 modum
2038 1592 2450 1666 dispositioniS,
2496 1597 2594 1648 aut
2645 1591 2821 1648 etiam
2872 1606 2972 1664 per
2999 1604 3130 1646 mo-

1758 1675 1901 1732 dum
1930 1675 2109 1749 partis
2128 1675 2471 1732 sacramenti
2499 1699 2513 1743 ;
2538 1672 2635 1730 sed
2659 1689 2776 1730 non
2797 1670 3126 1729 excluditur

1762 1757 2065 1814 necessitas
2117 1756 2415 1812 ulterioris
2456 1756 2662 1812 formas
2687 1752 3117 1818 sanctificantis

1763 1854 1864 1911 per
1889 1853 2060 1912 quam
2101 1836 2428 1893 formaliter
2472 1836 2797 1907 expellatur
2839 1840 3127 1908 peccatum

1762 1921 2026 1977 mortale.
2078 1918 2288 1991 Opinio
2340 1933 2476 1991 ergo
2505 1918 2623 1973 haec
2657 1918 2719 1973 in
2742 1917 2925 1990 priori
2952 1933 3123 1974 sensu

1761 2004 2027 2058 nontam
2074 1998 2274 2072 opinio
2311 2002 2415 2064 est,
2464 2015 2636 2071 quam
2684 1999 3011 2055 communis
3033 2014 3127 2054 ca-

1762 2081 2105 2138 tholicorum
2133 2078 2419 2136 sententia
2444 2101 2457 2145 ;
2490 2079 2578 2135 cui
2610 2078 2853 2152 proinde
2882 2094 2999 2135 non
3024 2076 3129 2134 ad-

1761 2174 2026 2221 versatur
2067 2163 2306 2221 assertio
2357 2166 2570 2229 nostra,
2615 2160 2713 2218 sed
2756 2160 2942 2233 potius
3006 2161 3129 2234 ejus

1761 2247 2066 2304 veritatem
2103 2245 2391 2319 supponit,
2442 2249 2506 2300 ut
2550 2258 2621 2300 ex
2674 2242 2840 2299 dictis
2875 2245 3044 2315 patet,
3074 2245 3132 2299 et

1761 2329 1947 2402 magis
1992 2327 2273 2385 constabit
2299 2344 2369 2385 ex
2414 2326 2689 2384 dicendis.
2739 2327 2803 2380 In
2826 2323 3127 2397 posteriori

1763 2416 1956 2468 autem
1995 2426 2166 2467 sensu
2202 2408 2531 2467 defenditur
2577 2408 2752 2466 etiam
2781 2421 2813 2462 a
2863 2405 3131 2477 pluribus

1759 2489 2034 2565 gravibus
2059 2488 2431 2557 Authoribus,
2470 2489 2567 2562 qui
2599 2491 2850 2553 censent,
2879 2485 3126 2559 gratiam

1760 2568 1954 2626 datam
1984 2571 2046 2625 in
2092 2574 2452 2627 sacramento
2498 2567 2849 2642 poenitentiae
2869 2568 2947 2636 (et
2973 2564 3127 2622 idem

1763 2648 2336 2724 proportionabiliter
2386 2651 2647 2724 intellige
2680 2648 2751 2705 de
2773 2647 2904 2704 aliis
2931 2664 3124 2704 sacra-

1760 2733 1995 2803 mentis)
2021 2737 2084 2787 ut
2110 2731 2391 2789 dicentem
2420 2731 2824 2788 habitudinem
2854 2728 2926 2785 ad
2954 2728 3126 2785 attri-

1763 2807 1983 2864 tionem
2033 2806 2390 2873 venialium,
2436 2811 2499 2862 ut
2544 2805 2615 2863 ad
2662 2808 2884 2880 partem
2930 2819 3125 2859 sacra-

1761 2892 1965 2958 menti,
1991 2894 2046 2946 et
2074 2894 2135 2946 ut
2164 2889 2502 2948 influentem
2531 2889 2594 2944 in
2618 2888 2803 2961 ipsam
2849 2886 3119 2959 gratiam,

1762 2988 1881 3030 non
1906 2972 2095 3028 solum
2117 2987 2187 3029 ex
2207 2986 2379 3044 opere
2395 2971 2704 3043 operantis,
2730 2968 2830 3025 sed
2852 2969 3031 3024 etiam
3054 2983 3127 3024 ex

1761 3069 1935 3128 opere
1972 3045 2224 3126 operato,
2257 3051 2470 3109 habere
2494 3050 2870 3107 sufficientem
2893 3048 3127 3120 opposi-

1762 3136 1977 3193 tionem
2005 3151 2135 3191 cum
2159 3133 2399 3207 peccatis
2425 3128 2768 3195 venialibus,
2803 3129 3018 3201 illaque
3039 3129 3130 3185 in·

1761 3213 2088 3270 fallibiliter
2100 3210 2405 3270 excludere
2427 3209 2826 3267 antecedenter
2853 3207 2924 3264 ad
2948 3208 3128 3264 aliam

1760 3296 2174 3368 operationem,
2209 3309 2311 3366 per
2336 3309 2509 3366 quam
2558 3293 2662 3348 illa
2690 3295 2912 3363 peccata
2938 3306 3008 3346 ex
3036 3291 3127 3345 al-

1761 3378 1899 3434 tiori
1944 3376 2164 3433 motivo
2202 3376 2532 3433 detestetur.
2576 3377 2646 3431 Et
2698 3375 2845 3432 hanc
2899 3372 3132 3448 opinio-

1762 3473 1897 3514 nem
1920 3458 1984 3514 in
1998 3457 2108 3514 isto
2129 3474 2300 3514 sensu
2315 3458 2497 3531 (juxta
2519 3473 2691 3530 quem
2709 3455 2877 3514 modo
2900 3455 3127 3512 dicendi
3236 3521 3239 3524 Α

1761 3554 1933 3611 supra
1963 3539 2142 3595 relato
2178 3538 2538 3610 adversatur)
2584 3543 2822 3594 tuentur
2870 3554 2988 3594 non
3031 3552 3129 3593 so-

1762 3621 1885 3675 lum
1913 3619 2196 3677 Authores
2224 3635 2327 3693 pro
2350 3618 2929 3692 praecedentibus,sed
2951 3619 3128 3676 etiam

1763 3703 2015 3768 Arauxo,
2054 3702 2223 3774 Vasq.
2257 3700 2747 3758 Kellisonuslocis
2785 3717 2960 3774 supra
2987 3699 3130 3757 cita-

1761 3784 1855 3851 tis,
1887 3782 2066 3841 etalii
2093 3784 2309 3856 plures.
3160 3737 3317 3829 Κξῗῗιὲἷ

1837 3859 1966 3914 327.
1998 3860 2181 3922 Quam
2203 3856 2588 3915 communiter
2611 3855 2857 3929 probant
2876 3873 2947 3913 ex
2966 3855 3129 3911 suffi-
3145 3857 3332 3901 Primum

1760 3939 1935 3997 cienti
1963 3938 2400 4014 impugnatione
2413 3939 2924 4012 opinionum,quas
2946 3938 3128 3994 hacte-
3145 3918 3209 4001 m}

1764 4036 1875 4076 nus
1903 4021 2243 4086 refellimus,
2277 4025 2333 4078 et
2358 4019 2509 4094 quod
2556 4020 2916 4077 attritionem
2943 4019 3127 4075 solam

1761 4118 1893 4159 cum
1928 4107 2286 4160 sacramento
2317 4101 2673 4176 poenitentiz'e
2719 4100 2996 4166 sufficere,
3030 4097 3150 4156 vi?

1762 4182 1967 4241 deatur
1990 4199 2090 4256 per
2127 4199 2190 4241 se
2217 4189 2419 4240 notum
2450 4207 2464 4250 ;
2494 4184 2558 4239 in
2585 4198 2695 4256 quo
2728 4180 2965 4256 proinde
2991 4197 3130 4238 sua-

1762 4264 1950 4324 dendo
1975 4266 2085 4339 ipsi
2115 4281 2233 4323 non
2273 4266 2685 4322 immorantur.
2713 4267 2905 4323 Potest
2934 4268 3128 4320 autem

1761 4348 1844 4405 sic
1867 4347 2091 4406 'ostendi
2120 4370 2133 4404 ε
2160 4347 2439 4422 quoniam
2471 4352 2897 4406 sacramentum
2941 4347 3131 4420 poeni-

1761 4432 1958 4489 tentiae
1985 4432 2230 4488 remittit
2265 4434 2488 4505 peccata
2520 4431 2794 4496 venialia,
2828 4430 3119 4502 supposito

1762 4510 1977 4579 dolore,
2024 4517 2080 4570 et
2104 4512 2479 4571 detestatione
2504 4527 2706 4570 eorum
2739 4534 2752 4569 ε
2787 4511 2887 4570 sed
2911 4514 3133 4570 attritio

1763 4599 1848 4651 est
1871 4594 2156 4652 sufficiens
2177 4595 2248 4652 ad
2271 4595 2546 4656 valorem.
2578 4601 2634 4653 et
2657 4595 2919 4653 effectum
2947 4612 3135 4653 sacra-

1764 4675 1947 4732 menti
1987 4675 2339 4748 poenitentiae
2366 4696 2379 4731 :
2427 4691 2563 4750 ergo
2591 4677 2714 4733 sola
2744 4677 2967 4733 attritio
2992 4692 3126 4732 cum

1761 4754 2121 4806 sacramento
2149 4750 2499 4823 poenitentiae
2518 4750 2721 4808 sufficit
2737 4750 2809 4807 ad
2831 4751 3132 4808 remissio-

1764 4845 1900 4887 nem
1922 4829 2327 4895 venialium,et
2349 4844 2468 4886 non
2496 4832 2812 4904 requiritur
2832 4832 2985 4888 alius
3006 4846 3134 4904 per·

1762 4910 1968 4969 fectior
1994 4910 2179 4968 dolor.

1840 4991 2228 5050 confirmatur
2250 4996 2451 5067 primo,
2496 4995 2628 5069 quia
2657 4994 2977 5068 baptismus
3027 4995 3131 5054 de·
3161 5004 3323 5048 counr-

1763 5071 1881 5131 bite
1906 5077 2198 5147 susceptus
2223 5076 2377 5134 tollit
2397 5092 2632 5136 omnem
2651 5078 2878 5151 culpam
2898 5083 3122 5136 morta·
3168 5060 3320 5158 ἓξὲξ.

3144 3687 3325 3731 Arauxo.

3210 3917 3301 3959 rgu-

3212 3962 3343 4001 ntum·
