3647 5753
1234 438 1413 496 DISP.
1459 437 1580 503 vn,
1622 435 1788 491 DUB.
1834 435 1927 491 lv,
2603 489 2612 494 ,
2945 440 3045 495 177

190 606 559 667 destructam.
616 613 701 667 lta
745 611 808 668 in
854 611 1143 685 praesenti,
1197 612 1329 674 licet
1377 610 1552 668 bomo

192 694 509 761 praemotus
537 689 606 747 ad
634 707 975 750 consensum
1003 692 1179 768 possit
1202 693 1410 750 elicere
1429 690 1554 747 dis-

188 772 579 845 sensum,-qui
606 789 738 830 cum
762 773 863 831 illa
886 775 1261 847 praemotione
1286 772 1552 847 componi

191 851 410 924 nequit,
441 867 564 912 non
589 853 721 912 ideo
743 853 975 925 dicitur,
1003 855 1155 929 quod
1183 855 1360 930 possit
1382 854 1551 912 illam

190 932 628 1004 praemotionem
678 933 976 994 destruere
1030 960 1045 1003 ;
1099 936 1237 1010 quia
1286 934 1553 993 videlicet

190 1011 385 1084 nequit
421 1011 751 1080 dissentire,
779 1016 893 1072 nisi
919 1015 1310 1090 dependenter
1339 1032 1373 1073 a
1402 1031 1553 1090 prae-

187 1092 443 1150 motione
455 1093 661 1151 efficaci
679 1094 751 1152 ad
767 1096 1075 1155 materiale
1097 1096 1407 1164 dissensus,
1426 1111 1552 1170 quae

188 1186 223 1228 a
244 1173 366 1230 solo
391 1174 510 1231 Deo
533 1173 795 1242 efficitur,
826 1183 882 1234 et
912 1193 1017 1250 per
1041 1177 1313 1251 seipsam,
1358 1182 1416 1235 et
1441 1192 1552 1234 an-

187 1251 513 1310 tecedenter
539 1254 607 1311 ad
644 1255 992 1326 dissensum,
1025 1257 1289 1327 destruit,
1314 1257 1407 1315 vel
1446 1273 1554 1315 ex-

190 1332 364 1392 cludit
382 1334 670 1391 auxilium
691 1336 889 1395 efficax
911 1338 982 1395 ad
1001 1354 1367 1396 consensum.
1386 1337 1552 1395 Unde

194 1416 527 1490 priusquam
588 1415 763 1475 homo
824 1419 1018 1477 eliciat
1068 1418 1394 1478 dissensum
1413 1463 1427 1488 ‚
1496 1423 1554 1477 et

190 1497 460 1562 destruat,
485 1498 581 1553 vel
592 1498 867 1566 excludat
890 1515 1254 1567 consensum,
1279 1499 1553 1574 supponit

191 1592 526 1635 concursum
544 1578 643 1634 Dei
666 1576 738 1634 ad
761 1577 1086 1637 dissensum
1102 1597 1135 1638 a
1148 1582 1272 1639 solo
1288 1583 1403 1638 Deo
1425 1596 1552 1653 pro-

192 1656 435 1723 ductum,
453 1662 513 1714 et
535 1658 751 1730 pariter
767 1661 1038 1734 supponit
1052 1661 1341 1719 auxilium
1355 1660 1552 1719 efficax

192 1736 262 1794 ad
299 1751 643 1796 consensum
689 1737 1062 1809 destructum,
1114 1742 1208 1799 vel
1254 1741 1550 1798 exclusum

196 1835 229 1876 a
250 1821 368 1878 solo
400 1820 538 1877 Deo.
571 1821 642 1875 Et
679 1820 828 1877 sicut
853 1823 916 1878 in
942 1825 1208 1897 exemplo
1235 1839 1419 1896 nuper
1446 1821 1552 1879 ad-

196 1898 352 1956 ducto
370 1901 513 1956 'non
581 1899 734 1956 valet
806 1922 820 1956 :
871 1901 1047 1959 Actus
1082 1905 1427 1959 contritionis
1473 1909 1550 1959 est

201 1978 641 2052 incompassibilis
664 1995 788 2035 cum
821 1988 1042 2054 peccato
1066 1983 1342 2039 habituali
1411 2000 1430 2037 .·
1463 1982 1552 2038 scd

198 2059 344 2114 homo
384 2066 559 2132 potest
586 2060 771 2115 elicere
808 2069 996 2118 actum
1020 2065 1406 2119 contritionis:
1426 2079 1551 2132 erpo

198 2146 352 2212 potest
375 2139 648 2197 destruere
671 2141 909 2213 effective
925 2151 1212 2214 peccatum
1236 2143 1551 2210 habitacla

204 2220 274 2275 ita
305 2235 417 2276 uon
444 2220 603 2277 valet
630 2240 642 2274 ε
672 2221 971 2278 Dissensus
995 2231 1071 2278 est
1094 2223 1551 2296 incompassibilis

200 2319 312 2358 cum
336 2301 556 2357 auxilio
578 2303 787 2375 efficaci
806 2304 881 2358 ad
900 2322 1218 2361 consensum
1237 2325 1257 2359 .·
1281 2306 1373 2361 sed
1391 2306 1550 2362 homo

202 2390 355 2457 potest
391 2384 583 2439 elicere
627 2384 934 2441 dissensum
963 2405 982 2439 .·
1018 2404 1141 2456 erqo
1184 2388 1343 2444 homo
1380 2395 1551 2461 potest

204 2465 473 2534 destruere,
502 2465 596 2521 vei
627 2467 907 2538 frustrare
936 2468 1075 2523 iilud
1099 2469 1404 2526 auxilium.
1437 2471 1552 2526 Ea-

206 2545 328 2604 dem
364 2562 613 2620 namque
653 2548 803 2606 ratio
843 2547 1000 2605 adest
1045 2548 1365 2624 utrobique,
1415 2550 1551 2623 quia
1595 2608 1599 2612 .

206 2626 490 2684 destructio
526 2627 704 2683 unius
744 2627 949 2685 formae
991 2630 1178 2686 solum
1215 2630 1550 2687 attribuitur

207 2706 515 2779 producenti
533 2707 907 2774 mediate,vel
924 2709 1258 2768 immediate
1273 2711 1546 2778 formam,

208 2786 454 2860 adquam
495 2789 838 2847 immediate
877 2790 1133 2861 sequitur
1175 2790 1376 2849 formae
1402 2806 1553 2864 prae-

206 2869 435 2928 existens
457 2868 775 2928 destructio
807 2894 820 2926 ι
865 2870 1036 2928 homo
1063 2875 1253 2929 autem
1284 2888 1387 2930 nec
1427 2888 1553 2931 me·-

208 2946 359 3015 diate,
381 2965 483 3008 nec
504 2950 846 3008 immediate
868 2950 1122 3024 producit
1139 2952 1367 3021 (saltem
1389 2958 1552 3010 extra

207 3030 647 3102 Sacramentum)
666 3030 915 3106 gratiam
936 3029 1406 3100 sanctificantem,
1427 3048 1553 3106 quae

208 3109 518 3169 immediate
537 3110 789 3168 destruit
816 3118 1105 3183 peccatum
1133 3109 1424 3172 habituale
1454 3136 1467 3171 z
1494 3118 1553 3172 et

207 3192 459 3251 similiter
480 3208 592 3249 nec
611 3191 879 3257 mediate,
907 3209 1010 3250 nec
1030 3192 1365 3252 immediate
1383 3194 1553 3253 efficit

209 3275 627 3346 praemotionem
673 3272 955 3331 efficacem
1002 3275 1071 3331 ad
1101 3277 1403 3334 materiale
1429 3275 1553 3334 dis-

209 3373 405 3426 sensus,
444 3372 576 3430 quae
613 3354 949 3413 immediate
987 3358 1225 3430 expellit
1266 3358 1551 3416 auxilium

209 3437 388 3495 efficax
406 3437 472 3495 ad
499 3453 870 3496 consensum.
903 3440 971 3495 Et
1000 3438 1128 3497 ideo
1155 3455 1339 3513 neque
1378 3441 1553 3499 homo

210 3520 427 3591 expellit
444 3519 703 3578 effective
726 3524 1015 3591 peccatum
1037 3520 1351 3588 habituale,
1368 3536 1553 3595 neque

212 3597 434 3657 destruit
458 3601 746 3658 auxilium
775 3599 971 3657 efficax
992 3625 1006 3667 ;
1027 3600 1126 3659 sed
1157 3607 1271 3658 tam
1294 3601 1553 3659 destruc-

213 3680 284 3736 tio
318 3682 537 3753 peccati,
567 3697 744 3754 quam
786 3681 1050 3753 expulsio
1078 3682 1286 3738 auxilii
1313 3681 1554 3741 efficacis

209 3761 307 3817 soli
344 3764 453 3819 Deo
477 3762 834 3827 attribuitur,
865 3762 963 3834 qui
1004 3762 1173 3829 efficit
1211 3763 1448 3831 formas,
1481 3764 1551 3823 ad

211 3857 337 3913 quas
360 3842 690 3900 immediate
715 3842 1082 3915 consequitur
1103 3842 1410 3902 destructio
1432 3861 1553 3918 pec·

213 3922 326 3988 cati,
347 3927 400 3979 et
422 3924 682 3996 expulsio
709 3922 938 3980 auxilii.

281 4004 432 4061 Unde
450 4007 627 4062 etiam
656 4010 808 4078 patet
835 4003 907 4060 ad
926 4003 1237 4062 secundam
1261 4005 1554 4078 probatio-

218 4099 334 4142 nem
376 4106 389 4143 :
432 4088 709 4159 quoniam
758 4087 890 4142 licet
929 4085 1216 4143 auxilium
1243 4088 1440 4146 efficax
1482 4089 1553 4147 ad

217 4179 531 4222 consensum
556 4164 711 4221 dicat
746 4164 1111 4222 essentialem
1150 4164 1552 4226 habitudinem

218 4240 279 4296 ad
314 4244 492 4316 ipsum
532 4250 809 4318 tanquam
851 4242 920 4300 ad
960 4243 1241 4314 effectum,
1284 4252 1344 4304 et
1381 4248 1555 4306 homo

221 4325 373 4394 possit
395 4325 599 4383 elicere
632 4325 979 4390 dissensum,
1029 4342 1093 4383 ac
1131 4327 1375 4400 proinde
1413 4344 1553 4386 con-

218 4417 428 4462 sensum
466 4405 802 4463 destruere:
846 4406 1232 4464 nihilominus
1272 4423 1390 4466 non
1427 4409 1554 4469 ideo

221 4488 379 4555 potest
402 4485 694 4544 destruere
722 4486 1053 4558 praedictum
1082 4488 1386 4558 auxilium,
1419 4507 1555 4564 quo·

224 4563 364 4621 niam
385 4581 499 4623 non
521 4567 749 4640 respicit
771 4565 1093 4623 dissensum
1116 4568 1231 4625 nisi
1254 4573 1315 4625 ut
1340 4586 1554 4642 ponen-

222 4640 345 4701 dum
368 4645 752 4719 dependenter
777 4663 811 4703 a
835 4663 1110 4704 concursu
1135 4649 1348 4721 praevio
1375 4666 1407 4707 a
1431 4653 1555 4710 solo

226 4723 324 4781 Deo
345 4732 582 4793 causato,
613 4732 670 4783 et
697 4725 1030 4785 immediate
1050 4744 1152 4801 per
1170 4730 1424 4802 seipsum
1450 4746 1555 4789 ex-

223 4802 463 4862 cludente
485 4807 771 4864 auxilium
792 4806 985 4864 efficax
1012 4806 1082 4864 ad
1102 4824 1463 4868 consensum.
1485 4814 1556 4868 Et

227 4879 341 4942 ideo
355 4901 479 4944 cum
499 4885 821 4944 dissensum
839 4887 1285 4962 elicit,supponit
1306 4888 1556 4951 destruc-

229 4965 355 5032 tum,
378 4968 465 5024 vel
484 4969 782 5024 exclusum
804 4967 1087 5024 auxilium
1108 4968 1301 5025 efficax
1323 4969 1394 5027 ad
1414 4987 1553 5029 con-

228 5055 457 5113 sensum,
488 5048 821 5120 priusquam
869 5048 1007 5120 ipse,
1050 5048 1240 5106 medio
1266 5049 1545 5121 dissensu,

1683 620 2026 666 consensum
2046 605 2324 665 destruat.
2345 607 2501 665 Sicut
2527 607 2591 665 in
2617 611 2883 683 exemplo
2906 626 3046 683 pro-

1682 688 1843 746 xime
1863 687 2117 755 adducto‚
2150 694 2438 763 peccatum
2460 689 2753 750 habituale
2772 691 3046 750 essentia·

1684 769 1818 826 liter
1843 774 2131 838 connotat,
2157 774 2255 827 aut
2280 771 2460 829 infert
2485 772 2802 830 carentiam
2822 773 3046 830 contri-

1684 851 1894 920 tionis;
1923 867 2095 926 quam
2121 853 2438 911 carentiam
2480 858 2661 927 potest
2698 855 2892 922 homo,
2930 856 3046 914 eli-

1683 931 1887 990 ciendo
1931 937 2120 989 actum
2159 933 2542 1001 contritionis,
2592 935 2897 995 excludere
2936 958 2950 992 ε
2990 942 3047 995 et

1684 1012 2072 1070 nihilominus
2098 1029 2217 1070 non
2244 1018 2427 1086 potest
2458 1013 2753 1072 destruere
2791 1015 3048 1076 effective

1685 1098 1977 1167 peccatum
2015 1092 2341 1171 habituale3
2384 1095 2522 1169 quia
2563 1111 2683 1153 non
2726 1103 2908 1170 potest
2930 1099 3047 1157 eli-

1681 1189 1831 1232 cere·
1855 1175 2265 1232 contritionem
2283 1218 2297 1241 ‚
2354 1176 2469 1233 nisi
2517 1177 2808 1236 mediante
2858 1179 3045 1253 gratia
3105 1247 3106 1250 Ἴ

1683 1254 2091 1324 sanctificante,
2122 1270 2248 1329 quae
2268 1271 2302 1312 a
2325 1257 2447 1314 solo
2473 1260 2588 1315 Deo
2610 1258 2962 1331 producitur,
2983 1262 3044 1317 et

1685 1331 2021 1391 immediate
2048 1349 2151 1407 per
2175 1334 2421 1407 seipsam
2460 1335 2703 1394 destruit
2741 1337 3035 1396 habituale

1685 1418 1994 1487 peccatum.

1748 1490 1911 1546 Patet
1922 1487 2097 1546 etiam
2119 1488 2189 1547 ad
2204 1488 2433 1546 tertiam
2452 1490 2881 1563 probationem:
2901 1508 3040 1550 nam

1683 1571 1827 1628 sicut
1854 1568 2143 1627 dissensus
2162 1570 2227 1627 in
2253 1577 2378 1628 actu
2401 1588 2519 1629 non
2539 1573 2783 1631 destruit
2811 1575 2873 1632 in
2916 1578 3040 1632 actu

1685 1653 1971 1711 auxilium
2010 1652 2206 1711 efficax
2245 1654 2317 1711 ad
2359 1664 2720 1725 consensum,
2751 1655 2850 1714 sed
2896 1658 3042 1715 illud

1682 1735 1957 1808 supponit
1992 1733 2343 1792 destructum
2382 1750 2485 1808 per
2508 1731 2850 1816 concursum
2894 1754 3043 1811 prae-

1684 1818 1847 1874 vium
1893 1816 2170 1874 efficacem
2220 1816 2291 1873 ad
2332 1817 2521 1890 ipsum
2562 1817 2885 1876 dissensum
2918 1843 2932 1880 ι
2964 1821 3041 1880 ita

1685 1902 1931 1971 potestas
1970 1895 2041 1953 ad
2068 1895 2392 1953 dissensum
2433 1914 2551 1955 non
2577 1905 2661 1956 est
2702 1905 2945 1973 potestas
2971 1902 3040 1960 ad

1683 1979 2128 2038 destructionem
2168 1979 2374 2035 auxilii
2413 1980 2650 2037 efficacis
2691 1982 2761 2038 ad
2800 1999 3044 2043 consen-

1682 2078 1835 2129 sum,
1864 2060 1963 2118 sed
1988 2064 2072 2118 est
2099 2064 2343 2133 potestas
2369 2059 2439 2117 ad
2468 2062 2793 2120 dissensum
2821 2080 3047 2138 ponen-

1684 2141 1823 2199 dum
1845 2139 2232 2215 dependenter
2252 2157 2286 2197 a
2306 2156 2582 2198 concursu
2603 2141 2811 2199 efficaci
2834 2145 2904 2201 ad
2926 2160 3046 2203 ma·
3087 2151 3092 2157 '

1683 2225 1891 2283 teriale
1927 2223 2218 2280 dissensus
2249 2245 2262 2279 ε
2304 2240 2474 2296 quem
2508 2239 2848 2281 concursum
2887 2227 3042 2284 solus

1684 2309 1833 2363 Deus
1857 2303 2191 2362 immediate
2230 2303 2416 2369 efficit,
2459 2309 2515 2360 et
2554 2320 2656 2377 per
2684 2305 2874 2379 ipsum
2909 2304 3040 2365 des-

1686 2388 1846 2454 truit,
1878 2386 2001 2444 sive
2038 2386 2306 2453 excludit,
2336 2386 2459 2443 sive
2484 2386 2727 2460 impedit
2753 2389 3040 2447 auxilium

1682 2467 1883 2526 efficax
1895 2466 1965 2523 ad
1993 2481 2333 2523 consensum
2344 2508 2357 2521 .
2382 2467 2450 2521 Et
2477 2465 2605 2524 ideo
2617 2465 2698 2523 sic
2713 2468 3043 2527 verificatur

1685 2546 1834 2605 illud
1872 2546 2240 2622 proloquium
2273 2566 2285 2598 :
2335 2545 2494 2619 Quod
2531 2548 2670 2619 sao-it
2697 2555 2855 2605 actus
2892 2558 3040 2617 actu,

1683 2631 1826 2703 saoit
1850 2629 2091 2702 potentia
2111 2626 2477 2700 possibiliter;
2503 2642 2641 2684 nam
2668 2630 2950 2701 expulsio,
2982 2646 3046 2686 ac

1683 2707 1992 2766 destructio
2013 2707 2220 2763 auxilii
2247 2706 2484 2765 efficacis
2505 2707 2577 2764 ad
2597 2723 2940 2766 consensum
2961 2713 3047 2767 est

1685 2808 1720 2848 a
1737 2792 1859 2849 solo
1880 2792 1995 2849 Deo
2016 2810 2029 2846 z
2053 2789 2206 2848 unde
2224 2791 2379 2847 solus
2396 2791 2541 2846 Deus
2558 2796 2736 2864 potest
2756 2793 3043 2849 auxilium

1683 2872 1882 2931 efficax
1906 2872 2215 2945 expellere,
2247 2871 2339 2929 vel
2379 2870 2694 2930 destruere.
2727 2874 2908 2932 Homo
2936 2891 3042 2932 au-

1685 2958 1802 3011 tem
1823 2953 1968 3009 sicut
1984 2968 2100 3010 non
2124 2952 2382 3026 producit
2401 2968 2740 3010 concursum
2762 2954 3040 3012 efficacem

1685 3036 1757 3094 ad
1775 3036 2121 3102 dissensum,
2148 3051 2251 3092 nec
2270 3034 2521 3093 excludit
2541 3037 2827 3093 auxilium
2848 3038 3044 3094 efficax

1686 3116 1759 3176 ad
1778 3132 2121 3175 consensum
2149 3118 2267 3174 :ita
2294 3132 2411 3174 non
2437 3118 2590 3174 valet
2615 3118 2785 3175 illum
2811 3135 3046 3177 concur·

1685 3214 1814 3255 sum
1849 3198 2086 3264 efficere,
2117 3203 2174 3255 et
2214 3196 2364 3254 istud
2404 3198 2693 3255 auxilium
2731 3202 3039 3273 expellere.

1684 3278 1794 3336 Sed
1822 3277 1894 3335 ad
1916 3278 2105 3350 ipsum
2133 3283 2358 3334 tantum
2385 3283 2600 3352 spectat
2627 3296 2788 3353 posse
2801 3281 3040 3349 efficere,

1684 3363 1743 3415 et
1766 3362 1893 3415 actu
1919 3357 2139 3415 efficere
2163 3374 2288 3431 quae
2312 3374 2416 3415 sua
2439 3363 2594 3425 sunt,
2625 3364 2683 3417 et
2708 3360 2779 3418 ad
2822 3361 3038 3419 lineam

1684 3453 1866 3494 causae
1884 3436 2144 3493 secundae
2164 3437 2475 3509 pertinent,
2507 3453 2714 3511 nempe
2737 3441 2827 3496 vel
2856 3456 3045 3513 assen-

1685 3535 1814 3575 sum
1861 3517 2250 3592 dependenter
2297 3516 2367 3574 ab
2413 3520 2631 3576 auxilio
2674 3520 2902 3585 efficaci,
2946 3520 3041 3577 vel

1684 3597 2010 3655 dissensum
2038 3595 2426 3669 dependenter
2446 3596 2517 3653 ab
2536 3597 2744 3655 efficaci
2764 3615 3042 3657 concursu

1686 3697 1720 3738 a
1745 3681 1868 3737 sola
1892 3679 2079 3753 prima
2099 3694 2266 3735 causa
2288 3677 2593 3751 productis.

1756 3762 1892 3817 254.
1917 3762 2030 3816 Nec
2058 3758 2232 3816 refert
2262 3760 2312 3814 si
2341 3760 2613 3817 adversus
2641 3762 2788 3819 hanc
2827 3762 3043 3819 doctri·
3057 3779 3179 3833 Repu
3203 3790 3245 3823 a.

1687 3857 1827 3898 nam
1853 3855 2137 3914 opponas;
2167 3840 2442 3911 quoniam
2489 3841 2623 3898 licet
2667 3842 2787 3899 haec
2827 3843 3045 3915 possint

1686 3921 1975 3980 verificari
1996 3920 2411 3980 considerando
2424 3923 2777 3982 voluntatem
2794 3928 3042 3982 creatam

1685 4002 1999 4061 secundum
2027 4019 2106 4068 se,
2137 4002 2385 4060 minime
2405 4008 2599 4061 tamen
2626 4004 2675 4060 si
2714 4004 3045 4064 considere·-

1687 4092 1782 4143 tur
1800 4084 2104 4143 constituta
2118 4083 2225 4140 sub
2245 4085 2463 4143 auxilio
2474 4086 2683 4145 efficaci
2705 4087 2773 4145 ad
2802 4103 3045 4145 consen-

1685 4184 1813 4225 sum
1844 4188 1858 4224 :
1879 4165 1977 4224 sed
1998 4173 2403 4242 argumentum
2424 4170 2505 4226 sic
2523 4172 2882 4227 voluntatem
2904 4185 3045 4227 con-

1686 4247 1901 4306 siderat
1928 4269 1941 4304 ι
1963 4265 2100 4324 ergo
2120 4249 2225 4307 hac
2245 4250 2614 4323 responsione
2635 4267 2752 4309 non
2773 4250 3040 4308 diluitur.

1688 4330 1972 4388 Probatur
1989 4331 2205 4405 major:
2234 4332 2369 4405 quia
2388 4349 2460 4391 ex
2479 4333 3045 4408 suppositione‚quod

1687 4410 1752 4467 in
1804 4411 2045 4467 instanti
2091 4410 2166 4482 A,
2207 4411 2373 4470 detur
2416 4414 2702 4470 auxilium
2741 4412 2935 4470 efficax
2974 4413 3044 4470 ad

1687 4507 2050 4561 consensum,
2097 4509 2212 4551 non
2240 4499 2326 4551 est
2344 4495 2730 4570 intelligibile,
2763 4493 2914 4569 quod
2942 4510 3047 4568 po-

1687 4578 1862 4629 natur
1886 4571 2198 4641 dissensuS,
2226 4578 2283 4631 et
2307 4574 2456 4647 quod
2483 4575 2576 4632 hic
2601 4576 2892 4632 dissensus
2938 4591 3046 4633 au-

1686 4653 1898 4710 xilium
1945 4652 2017 4710 ad
2061 4670 2403 4711 consensum
2456 4653 2573 4713 non
2618 4655 2900 4722 excludat,
2950 4657 3043 4713 vel

1685 4733 1889 4790 saltem
1919 4732 2175 4799 frustret,
2206 4739 2262 4790 et
2287 4733 2547 4792 inefficax
2570 4734 2768 4792 reddat
2802 4751 2976 4811 :ergo
2993 4736 3042 4792 si

1687 4812 1836 4869 facta
1872 4813 2283 4886 suppositione,
2314 4813 2465 4887 quod
2507 4816 2776 4873 voluntas
2814 4816 2879 4873 in
2921 4817 3046 4873 ins-

1686 4891 1834 4948 tanti
1858 4891 1933 4959 A,
1966 4892 2137 4951 habet
2156 4893 2441 4951 auxilium
2480 4894 2676 4952 efficax
2702 4895 2773 4952 ad
2801 4911 3046 4953 consen—

1685 4987 1836 5038 sum,
1888 4976 2072 5045 potest
2108 4972 2291 5030 adhuc
2335 4972 2657 5041 dissentire,
2702 4976 2910 5048 poterit
2953 4978 3044 5034 vel

1687 5053 1974 5110 auxilium
2000 5054 2198 5112 efficax
2216 5055 2538 5123 excludere,
2571 5057 2663 5113 vel
2690 5057 2837 5114 illud
2867 5058 3047 5115 ineffi-
