3647 5753
1404 396 1580 453 DISP.
1627 398 1722 463 ΙΙΙ,
1767 397 1935 455 DUB.
1980 400 2074 455 1v.

309 573 410 629 illa
432 577 702 645 sequatur
729 570 1129 643 dependentia,
1171 576 1225 628 et
1254 570 1679 642 posterioritate

306 653 621 712 secundum
667 652 803 727 quid
831 677 845 721 ;
870 669 972 708 cur
1016 653 1282 727 componi
1328 669 1445 710 non
1499 653 1673 718 valet,

308 736 457 812 quod
485 736 669 812 gratia
697 735 771 790 sit
795 734 1139 808 simpliciter
1184 735 1345 807 prior
1385 738 1509 791 actu
1539 749 1679 791 con-

309 820 582 883 tritionis,
615 822 671 873 et
696 817 903 873 existat
927 815 1269 888 simpliciter
1297 820 1429 872 ante
1458 815 1647 871 illum
1659 837 1674 881 ;

309 907 366 956 et
392 898 781 956 nihilominus
804 897 875 953 ab
901 896 1102 954 eodem
1127 895 1443 968 dependeat
1469 894 1680 966 depen-

311 980 506 1036 dentia
531 977 847 1036 secundum
869 975 1026 1049 quid,
1052 981 1109 1032 et
1148 975 1223 1032 sit
1273 990 1339 1033 eo
1394 973 1677 1047 posterior

316 1060 734 1135 posterioritate
784 1056 1100 1114 secundum
1146 1054 1304 1129 quid,
1363 1068 1571 1126 nempe
1615 1053 1679 1108 in

310 1159 521 1219 genere
547 1158 727 1198 causae
762 1140 1083 1197 materialis
1110 1137 1503 1211 dispositivae?
1533 1138 1679 1207 Pro-

316 1228 458 1284 fecto
486 1226 667 1288 nulla,
695 1223 809 1279 nisi
839 1221 1170 1279 voluntaria
1197 1225 1377 1294 potest
1403 1217 1681 1274 differen-

317 1308 410 1364 tiae
458 1306 605 1361 ratio
645 1303 927 1360 adhiberi.
961 1301 1120 1368 Quod
1159 1302 1320 1359 enim
1369 1298 1680 1358 accidentia

317 1386 681 1461 procedentia
710 1402 741 1442 a
769 1386 956 1441 forma
987 1383 1353 1462 substantiali
1394 1382 1513 1437 sint
1538 1396 1681 1453 qua-

315 1471 505 1526 litates
527 1473 945 1542 permanentes
975 1470 1128 1522 actus
1155 1480 1296 1522 vero
1317 1461 1681 1521 contritionis

313 1552 390 1606 sit
411 1551 666 1624 operatio
690 1548 890 1614 libera,
916 1554 972 1605 et
995 1547 1207 1614 vitalis,
1235 1545 1682 1618 impertinenter

315 1647 375 1688 se
398 1630 568 1687 habet
604 1636 724 1685 tum
774 1628 844 1685 ad
873 1627 1049 1685 robur
1078 1627 1319 1684 rationis
1348 1625 1523 1693 factae,
1557 1630 1681 1679 tum

319 1712 389 1770 ad
412 1712 761 1786 praecipuum
788 1710 1067 1766 motivum
1093 1707 1388 1781 opinionis
1406 1706 1680 1763 adversae.

318 1796 605 1860 Quoniam
661 1791 960 1864 utrobique
1013 1790 1181 1847 datur
1225 1787 1611 1861 dependentia
1652 1802 1685 1842 a

319 1892 486 1934 causa
527 1875 804 1932 efficiente
845 1873 1109 1945 proxima
1142 1869 1483 1943 :utrobique
1508 1868 1683 1925 etiam

317 1973 486 2015 causa
512 1957 763 2013 efficiens
793 1953 1140 2026 supponitur
1166 1950 1508 2023 simpliciter
1529 1949 1686 2006 exis-

318 2045 444 2096 tens
470 2062 485 2104 ;
511 2035 840 2092 differentia
862 2040 1053 2091 autem
1077 2049 1147 2090 ex
1172 2037 1332 2105 parte
1352 2030 1582 2088 effectus
1603 2033 1687 2085 est

319 2138 555 2195 prorsus
572 2119 913 2175 materialis
948 2115 1280 2174 Praesertim
1304 2130 1433 2170 cum
1462 2111 1688 2169 Adver-

317 2204 607 2262 sariorum
635 2201 896 2260 doctrina
918 2200 1207 2255 innitatur
1238 2197 1498 2271 generali
1547 2210 1685 2254 con-

320 2286 530 2343 ditioni
557 2300 736 2343 causae
762 2282 1077 2341 efficientis.
1111 2280 1273 2346 Quod
1308 2285 1499 2337 autem
1529 2277 1688 2334 addit

322 2367 627 2442 praedictus
677 2367 902 2434 Junior,
955 2380 1165 2437 nempe
1225 2366 1414 2420 actum
1465 2362 1688 2418 contri-

322 2450 500 2507 tionis
526 2464 653 2515 esse¹
692 2448 951 2515 vitalem,
980 2453 1036 2502 et
1074 2445 1347 2511 liberum,
1379 2448 1437 2499 et
1487 2456 1688 2499 conse-

323 2536 566 2604 quenter
607 2530 897 2602 pertinere
925 2528 994 2584 ad
1015 2543 1194 2603 genus
1220 2541 1404 2584 causae
1433 2524 1689 2582 efficien-

327 2614 419 2679 tis,
444 2612 586 2669 etin
619 2609 820 2667 eodem
860 2625 1070 2684 genere
1099 2607 1414 2682 praecedere
1439 2606 1687 2682 gratiam

324 2691 797 2757 sanctificantem,
825 2689 1137 2747 absurdum
1180 2693 1434 2762 apparet,
1461 2693 1517 2744 et
1544 2686 1689 2743 alie-

325 2791 467 2830 num
517 2790 547 2829 a
591 2772 849 2838 veritate,
879 2786 1052 2843 quam
1080 2785 1283 2827 omnes
1312 2768 1377 2824 in
1406 2768 1510 2824 hac
1537 2766 1689 2823 diffi-

321 2856 531 2913 cultate
577 2857 928 2929 supponunt.
962 2854 1055 2907 Est
1099 2849 1334 2925 quidem
1388 2848 1689 2924 praedictus

322 2944 476 2998 actus
525 2939 588 2993 in
640 2938 827 3010 seipso
877 2934 1137 3010 quaedam
1205 2935 1461 3007 operatio
1509 2951 1541 2990 a
1588 2949 1690 2990 suo

324 3019 608 3093 principio
628 3018 886 3075 effectivo
932 3013 1270 3072 immediate
1319 3013 1647 3088 dependens
1673 3037 1688 3080 3

323 3101 420 3161 sed
438 3119 552 3159 non
575 3105 940 3173 comparatur
964 3099 1034 3155 ad
1055 3098 1304 3174 gratiam
1328 3112 1429 3170 per
1451 3096 1687 3154 modum

323 3184 656 3250 efficientiae,
690 3181 786 3239 sed
815 3187 1039 3237 tantum
1084 3189 1185 3253 per
1226 3177 1464 3236 modum
1492 3178 1690 3252 dispo-

270 3270 274 3273 ”
322 3266 560 3323 sitionis.
595 3267 791 3337 Neque
818 3263 979 3320 enim
1030 3262 1202 3318 homo
1236 3259 1406 3316 efficit
1434 3260 1685 3335 physice,

112 4185 304 4229 Robora-

164 4240 251 4291 ‚tur

162 4292 293 4341 impp?

140 4339 299 4384 ignauo.

327 3349 414 3404 vel
436 3347 738 3404 moraliter
764 3345 1038 3411 formam,
1073 3360 1175 3417 per
1213 3359 1387 3417 quam
1410 3341 1690 3416 justifica-

323 3437 439 3497 tur;
467 3429 565 3487 sed
586 3429 776 3485 solum
805 3444 865 3484 se
886 3426 1143 3500 disponit
1165 3426 1234 3483 ad
1256 3441 1386 3482 eam
1415 3423 1692 3496 recipien-

325 3510 477 3565 dam.
509 3509 676 3565 Unde
703 3509 836 3564 licet
861 3509 1047 3582 gratia
1073 3506 1390 3580 dependeat
1417 3522 1449 3563 a
1479 3505 1692 3562 nostris

327 3589 541 3646 actibus
561 3589 667 3645 sub
697 3589 921 3644 ratione
960 3590 1169 3657 volitae,
1196 3593 1252 3645 et
1281 3588 1463 3645 libere
1491 3602 1692 3644 conse-

324 3680 544 3746 quutae3
570 3674 687 3728 haec
713 3676 909 3727 tamen
931 3670 1329 3728 denominatio
1358 3685 1474 3726 non
1503 3669 1693 3726 sumi-

325 3761 419 3812 tur
460 3771 492 3811 a
532 3751 815 3827 praedictis
853 3751 1070 3807 actibus
1098 3757 1392 3824 tamquam
1418 3767 1448 3806 a
1471 3751 1692 3824 princi-

327 3839 441 3911 pie,
477 3840 575 3892 aut
600 3831 930 3890 causalitate
951 3832 1207 3889 effective
1246 3848 1307 3888 se
1349 3830 1694 3888 habentibus

328 3921 398 3977 ad
417 3919 708 3994 gratiam3
752 3915 850 3978 sed
899 3921 1173 3988 tanquam
1214 3930 1248 3971 a
1293 3913 1688 3986 dispositione,

327 4017 439 4075 qua
478 3997 790 4071 supposita,
834 3996 1022 4071 gratia
1070 3994 1251 4052 libere
1298 3994 1590 4067 recipitur,
1639 3999 1696 4049 et

330 4081 594 4139 habetur.

404 4155 491 4211 Ad
519 4155 655 4221 haec,
685 4154 816 4209 licet
862 4152 1053 4224 aliqua
1106 4150 1488 4225 repugnantia
1516 4165 1694 4223 appa-

334 4245 486 4297 reret
505 4238 569 4293 in
595 4254 681 4304 eo,
713 4235 861 4311 quod
902 4240 1056 4291 actus
1101 4233 1468 4291 contritionis
1496 4250 1696 4306 proce-

333 4320 492 4377 deret
538 4335 571 4375 a
602 4319 788 4392 gratia
829 4314 1241 4381 sanctificante,
1274 4319 1330 4369 et
1368 4312 1699 4387 disponeret

335 4399 404 4456 ad
426 4400 610 4471 ipsam
636 4398 886 4472 gratiam
909 4396 1224 4452 secundum
1252 4394 1496 4452 eandem
1528 4395 1698 4451 ratio-

336 4495 470 4538 nem
499 4483 785 4549 acceptam
811 4500 825 4542 3
858 4476 1023 4533 nulla
1059 4483 1255 4533 tamen
1282 4476 1375 4532 vel
1416 4490 1699 4547 apparens

338 4557 718 4634 repugnantia
747 4555 916 4611 datur
946 4558 1009 4613 in
1033 4573 1119 4623 eo,
1151 4554 1300 4628 quod
1337 4572 1370 4612 a
1396 4555 1582 4629 gratia
1608 4570 1700 4610 se-

336 4638 588 4716 cundum
613 4654 796 4694 unum
824 4654 1038 4693 munus
1065 4636 1347 4710 procedat,
1373 4644 1428 4695 et
1455 4639 1698 4694 eandem

336 4723 583 4798 gratiam
610 4718 927 4777 secundum
963 4719 1121 4776 aliud
1172 4735 1384 4778 munus
1411 4717 1694 4793 disponat.

341 4802 668 4860 Praesertim
694 4800 744 4856 si
775 4815 986 4856 munus
1006 4800 1225 4875 gratiae,
1258 4798 1407 4872 quod
1435 4799 1504 4855 ad
1524 4800 1700 4857 talem

338 4891 527 4943 actum
571 4881 1054 4955 praesupponitur,
1100 4882 1175 4937 sit
1214 4880 1597 4954 potissimum,
1646 4887 1703 4937 et

339 4964 690 5040 primarium
717 4979 729 5024 ;
759 4976 973 5018 munus
1021 4966 1228 5028 autem,
1262 4959 1331 5017 ad
1371 4959 1522 5033 quod
1550 4966 1703 5016 actus

338 5046 612 5122 disponit,
644 5045 717 5102 sit
744 5044 941 5102 minus
985 5043 1324 5119 principale,
1349 5048 1406 5101 et
1432 5043 1704 5101 secunda-

3066 409 3177 462 583

1812 575 1988 631 rium.
2013 575 2167 632 Sicut
2194 577 2256 633 in
2284 579 2570 636 sententia
2615 580 2872 637 Junioris
2915 581 3180 654 proxime

1811 654 2165 730 impugnata,
2212 658 2524 718 accidentia
2568 677 2693 733 quae
2749 668 3179 736 consequuntur

1811 736 2061 794 formam
2095 738 2533 799 substantialem
2575 744 2891 801 secundum
2926 745 3172 818 gradum

1809 819 2189 891 superiorem,
2216 820 2531 895 disponunt
2560 823 2629 879 ad
2657 825 2899 883 eandem
2924 824 3174 883 formam

1809 899 2126 956 secundum
2167 901 2412 975 gradum
2472 904 2815 962 inferiorem
2869 912 3174 979 acceptam.

1811 980 1982 1035 Actus
2040 986 2231 1038 autem
2298 983 2483 1041 nostri
2551 1000 2667 1055 non
2727 984 3041 1058 disponunt
3105 986 3175 1043 ad

1810 1062 2144 1119 essentialia
2167 1066 2510 1137 receptionis
2530 1067 2747 1140 gratiae,
2765 1069 2888 1125 sive
2911 1075 2972 1125 ut
2991 1069 3178 1142 gratia

1813 1158 1917 1215 per
1957 1142 2193 1199 modum
2241 1144 2442 1202 formae
2494 1149 2777 1204 naturalis
2832 1149 3175 1222 recipiatur;

1811 1224 1909 1281 sed
1956 1231 2182 1283 tantum
2224 1227 2294 1283 ad
2334 1232 2770 1288 connaturalem
2818 1233 2940 1306 ejus
2994 1248 3175 1304 recep·

1810 1305 2182 1372 tionem,sive
2206 1312 2265 1362 ut
2283 1310 2471 1382 gratia
2494 1309 2675 1367 libere
2697 1313 3171 1369 communicetur.

1814 1385 1979 1443 Unde
2005 1387 2191 1461 gratia
2218 1390 2533 1446 secundum
2574 1408 2676 1448 sua
2703 1393 3034 1450 essentialia
3062 1409 3180 1450 non

1813 1466 2093 1539 dependet
2127 1485 2158 1524 a
2181 1470 2397 1526 nostris
2427 1469 2647 1527 actibus
2677 1471 2859 1528 adhuc
2887 1474 2950 1528 in
2972 1488 3182 1548 genere

1812 1564 1994 1605 causae
2020 1551 2340 1606 materialis
2368 1550 2719 1623 dispositivae
2745 1577 2759 1620 ,ι
2784 1553 2883 1610 sed
2910 1554 3059 1611 hanc
3079 1553 3181 1611 de-

1812 1626 2184 1702 'pendentiam
2225 1628 2395 1686 hahet
2432 1631 2790 1690 considerata
2837 1633 2902 1689 in
2957 1633 3183 1691 ratione

1815 1711 2018 1768 formas
2041 1710 2221 1769 libere
2247 1720 2638 1786 consequutae;
2662 1716 2760 1789 qui
2783 1720 2866 1773 est
2880 1720 3183 1791 conceptus

1814 1790 2205 1859 secundarius,
2232 1800 2287 1850 et
2316 1795 2463 1852 ratio
2491 1796 2601 1868 ipsi
2631 1797 2830 1871 gratiae
2857 1797 3184 1855 accidenta-

1816 1875 1912 1940 lis,
1944 1878 2006 1928 ut
2051 1890 2226 1947 supra
2253 1874 2692 1933 observavimus
2720 1896 2871 1934 num.
2903 1881 2995 1935 72.
3029 1880 3183 1935 Fieri

1816 1971 1952 2030 ergo
1979 1955 2193 2029 optime
2215 1963 2414 2029 potest,
2444 1957 2594 2031 quod
2640 1961 2828 2034 gratia
2866 1961 3189 2018 essentiali·

1817 2044 1927 2106 ter,
1944 2044 2000 2095 et
2023 2054 2122 2111 per
2144 2039 2381 2096 modum
2406 2040 2606 2098 formae
2651 2043 2935 2099 naturalis
2966 2050 3188 2116 recepta

1817 2121 1891 2176 sit
1914 2119 2267 2192 principium
2279 2121 2605 2178 effectivum
2624 2128 2777 2179 actus
2796 2125 3184 2189 contritioniS,

1818 2207 1875 2258 et
1894 2200 2045 2274 quod
2069 2200 2369 2273 praedictus
2391 2196 2544 2259 actus
2566 2202 2643 2258 sit
2664 2220 2830 2260 causa
2850 2205 3186 2277 dispositiva

1817 2283 2017 2357 gratiae
2033 2282 2405 2339 consideratae
2421 2282 2735 2340 secundum
2752 2301 2964 2341 munus
2984 2286 3185 2341 formae

1820 2364 2002 2421 libere
2045 2370 2297 2438 receptae,
2330 2370 2386 2422 et
2430 2365 2613 2439 quoad
2658 2368 3061 2424 connaturalia
3091 2383 3186 2424 re-

1817 2446 2117 2518 ceptionis,
2151 2448 2220 2501 Et
2265 2446 2370 2504 hoc
2414 2446 2764 2521 significavit
2790 2450 2856 2504 D.
2889 2447 3094 2506 Thom.
3127 2452 3252 2505 inl).
3273 2463 3377 2505 Tho.

1817 2544 1971 2599 prm.
2016 2534 2126 2583 art.
2176 2529 2238 2582 in
2288 2545 2429 2600 resp.
2486 2529 2581 2585 ad.
2634 2531 2691 2595 2,
2761 2528 2884 2585 illis
2943 2529 3184 2587 verbis:

1828 2630 1852 2660 «
1896 2608 2083 2663 Motus
2105 2607 2276 2665 liberi
2303 2608 2534 2665 arbitrii
2560 2614 2781 2665 naturae
2807 2610 3012 2669 ordine
3041 2627 3190 2684 prae-

1828 2710 1854 2740 α
1896 2688 2042 2744 cedit
2088 2692 2596 2762 consequutionem
2655 2692 2878 2765 gratiae,
2934 2693 3193 2767 sequitur

1827 2790 1852 2820 ι(
1897 2777 2088 2827 autem
2111 2770 2310 2846 gratiae
2338 2771 2712 2829 infusionem.
2746 2793 2771 2823 »
2806 2775 2953 2830 Nam
2977 2773 3194 2829 infusio

1820 2850 2020 2925 gratiae
2046 2849 2334 2927 significat
2379 2853 2662 2910 actionem
2711 2854 2812 2911 Dei
2865 2854 3196 2913 communi-

1821 2934 2006 2990 cantis
2057 2936 2308 3009 gratiam
2345 2935 2765 3004 antecedenter,
2813 2943 2869 2995 et
2913 2938 3196 3011 indepen-

1822 3013 2025 3072 denter
2056 3032 2087 3072 a
2116 3022 2277 3072 motu
2328 3015 2500 3072 liberi
2551 3015 2782 3072 arbitrii
2816 3038 2828 3072 :
2858 3018 2956 3074 sed
2996 3035 3196 3075 conse-

1821 3097 2022 3170 quutio
2065 3098 2268 3170 gratiae
2301 3097 2587 3173 significat
2631 3098 2888 3158 modum.
2921 3116 3032 3171 quo
3058 3100 3195 3155 sub—

1818 3181 2030 3253 jectum
2075 3183 2325 3254 gratiam
2375 3182 2695 3255 participat,
2743 3198 2951 3255 nempe
2991 3181 3190 3252 libere,

1821 3265 1878 3317 et
1932 3274 2032 3330 per
2090 3260 2388 3333 propriam
2455 3260 2933 3334 dispositionem;
2982 3262 3197 3320 infusio

1821 3338 2032 3412 quippe
2059 3356 2119 3396 se
2147 3345 2302 3396 tenet
2329 3356 2401 3396 ex
2428 3347 2589 3413 parte
2619 3343 2857 3416 agentiS‚
2889 3358 3199 3416 consequu-

1823 3422 1904 3478 tio
1933 3427 2122 3478 autem
2165 3438 2235 3478 ex
2278 3429 2440 3496 parte
2482 3423 2834 3496 recipientis,
2859 3426 3040 3497 Atque
3070 3425 3199 3483 ideo

1822 3503 2006 3578 gratia
2032 3509 2092 3558 ut
2116 3501 2313 3561 infusa
2342 3504 2610 3578 praecedit
2637 3506 2885 3578 seipsam
2917 3512 2977 3561 ut
3019 3506 3200 3565 libere

1825 3590 2233 3656 consequutam
2262 3608 2275 3650 ;
2307 3590 2362 3640 et
2389 3583 2706 3640 secundum
2750 3585 2898 3640 illud
2943 3587 3196 3657 primum

1825 3680 2038 3720 munus
2063 3662 2332 3736 praecedit
2375 3667 2598 3720 motum
2652 3664 2822 3721 liberi
2871 3665 3100 3723 arbitrii
3134 3669 3196 3722 in

1823 3759 2034 3820 genere
2062 3758 2243 3799 causae
2270 3743 2570 3800 efficientis
2608 3765 2621 3799 ε
2646 3750 2702 3800 at
2722 3745 3036 3802 secundum
3066 3763 3196 3820 pos-

1826 3827 2008 3882 terius
2031 3841 2265 3891 munuS,
2297 3825 2558 3899 sequitur
2600 3830 2723 3897 post
2764 3825 2934 3882 illum
2976 3833 3196 3884 motum

1827 3908 1890 3964 in
1912 3922 2123 3982 genere
2150 3921 2331 3962 causae
2367 3905 2738 3978 dispositivae.
2773 3909 2853 3962 Ita
2881 3923 3016 3982 ergo
3043 3907 3199 3963 affir-

1827 4004 1989 4044 mare
2035 3985 2309 4043 debemus
2347 3986 2475 4042 sine
2525 4001 2755 4042 recursu
2795 3987 2865 4042 ad
2913 3987 3198 4043 auxilium

1827 4070 2111 4127 sufficiens
2150 4086 2182 4125 a
2226 4069 2411 4144 gratia
2447 4067 2817 4128 distinctum:
2849 4085 2986 4125 nam
3018 4070 3200 4126 fustra

1829 4155 1976 4240 fiunt
1999 4170 2098 4227 per
2126 4155 2308 4227 plura,
2335 4167 2458 4224 quae
2499 4155 2736 4225 possunt
2776 4149 2902 4207 fleri
2934 4168 3033 4225 per
3056 4169 3199 4225 pau-

1828 4245 2007 4286 mora.

1901 4313 1995 4366 77.
2037 4308 2143 4366 Sed
2183 4306 2420 4381 opponit
2461 4305 2762 4379 praedictus
2789 4306 3014 4373 Junior,
3046 4307 3194 4381 quod

1833 4391 1962 4447 licet
1988 4405 2104 4446 non
2129 4389 2452 4461 implicaret
2481 4393 2671 4444 actum
2699 4387 3064 4443 contritionis
3084 4387 3197 4443 dis-

1835 4478 2142 4546 ponentem
2171 4470 2240 4527 ad
2268 4471 2536 4546 gratiam,
2565 4468 2636 4526 ab
2664 4468 2861 4526 eadem
2886 4472 3071 4544 gratia
3093 4471 3201 4528 ha-

1833 4555 2035 4611 bituali
2067 4559 2341 4625 tanquam
2372 4570 2403 4609 a
2437 4551 2724 4625 principio
2764 4551 3025 4611 effectivo
3066 4570 3204 4627 pro-

1832 4633 2065 4700 cedere;
2115 4632 2298 4689 adhuc
2366 4638 2561 4688 tamen
2636 4630 3044 4689 affirmandum
3098 4639 3201 4699 est,

1832 4713 1983 4789 quod
2025 4729 2142 4770 non
2184 4711 2449 4787 procedat
2490 4711 2559 4768 de
2601 4712 2746 4769 facto
2786 4729 2818 4769 a
2857 4713 3061 4787 gratia,
3106 4714 3206 4770 sed

1833 4795 1932 4851 fiat
1983 4793 2173 4851 medio
2224 4793 2447 4850 anxilio
2498 4793 2861 4849 transeunti.
2921 4794 3204 4857 Quoniam

1833 4878 1979 4933 sicut
2018 4881 2243 4943 natura,
2291 4876 2371 4931 ita
2396 4879 2454 4930 et
2479 4873 2666 4947 gratia
2710 4874 2965 4947 procedit
2993 4874 3063 4931 ab
3091 4876 3209 4932 im-

1836 4956 2100 5031 perfectis
2129 4955 2198 5012 ad
2228 4953 2591 5028 perfectiora.
2621 4956 2690 5008 Et
2716 4953 2846 5011 ideo
2874 4956 3057 5029 magis
3078 4973 3208 5013 con·

1835 5055 2045 5098 sonum
2072 5043 2157 5095 est
2197 5036 2424 5094 naturis
2466 5051 2683 5104 rerum,
2725 5040 2780 5092 et
2819 5038 3086 5093 suavitati
3116 5039 3211 5094 di-

3209 4344 3417 4398 ObJectio.
