3647 5753
60 4276 238 4319 sextum

86 4334 214 4376 argu-

46 4380 249 4417 mentum.

1425 382 1601 437 DISP.
1646 381 1714 446 11,
1760 380 1924 436 DUB.
1975 381 2095 433 Vll.
3030 393 3141 445 505

289 543 510 599 ratione
536 542 671 600 finis
720 546 910 602 ultimi
953 551 1446 620 supernaturalis;
1478 567 1654 624 prop-

287 629 439 681 terea
469 625 642 683 homo
672 643 770 698 per
809 628 1104 700 quodlibet
1151 638 1436 702 peccatum
1477 649 1652 706 grave

284 704 567 759 avertitur
589 720 620 760 a
644 708 757 762 Deo
779 705 1069 780 adaequate
1088 716 1310 783 accepto
1337 713 1399 768 in
1429 712 1651 769 ratione

286 784 477 840 ultimi
530 784 685 852 finis,
733 794 849 843 tam
899 791 1201 857 naturaliS,
1232 807 1404 863 quam
1445 810 1650 865 super-

285 867 598 933 naturalis;
629 872 685 924 et
712 868 847 925 hinc
889 873 1171 942 provenit,
1205 873 1354 945 quod
1400 874 1649 932 offendat

285 948 474 1020 ipsum
520 948 835 1006 secundum
870 956 1168 1025 utramque
1216 956 1516 1011 rationem.
1561 952 1646 1009 Ad

283 1027 432 1100 quod
479 1044 595 1084 non
626 1031 1001 1101 requiruntur
1029 1034 1235 1106 aliquae
1261 1035 1415 1092 vires
1441 1052 1647 1108 super-

286 1110 577 1165 naturales
598 1109 759 1176 datae,
803 1112 896 1168 vel
943 1116 1269 1184 promissae3
1312 1115 1410 1173 sed
1444 1116 1647 1172 sufficit

283 1189 405 1260 ipsa
454 1191 704 1262 potentia
733 1190 802 1247 ad
851 1193 1215 1264 peccandum,
1248 1213 1372 1269 quae
1419 1196 1645 1253 homini

279 1284 350 1325 ex
370 1285 431 1324 se
456 1270 744 1326 convenit.
778 1273 987 1330 Contra
1008 1291 1069 1332 se
1091 1274 1262 1333 habet
1283 1276 1645 1348 prosequutio

283 1349 383 1405 Dei
416 1355 475 1405 ut
516 1349 649 1406 finis
677 1356 1172 1424 supernaturalis;
1203 1372 1338 1412 nam
1362 1357 1517 1413 vires
1544 1373 1645 1412 su-

285 1432 679 1501 pernaturales
713 1436 964 1506 exposcit
992 1443 1222 1510 propter
1263 1439 1643 1494 eminentiam

281 1511 501 1584 obJecti,
554 1517 873 1586 praesertim
913 1519 1048 1590 quia
1096 1524 1157 1573 ut
1202 1536 1364 1577 amor
1405 1522 1645 1594 attingat

283 1594 460 1648 Deum
492 1597 552 1648 ut
579 1598 1079 1666 supernaturalem
1116 1597 1311 1663 finem,
1337 1599 1504 1657 debet
1524 1601 1645 1673 ipsa

280 1675 801 1746 supernaturalitas
846 1692 966 1732 esse
1015 1693 1113 1749 per
1140 1695 1200 1734 se
1246 1680 1441 1746 volita,
1491 1687 1547 1736 et
1584 1698 1644 1737 se

283 1758 477 1809 tenere
502 1769 571 1810 ex
597 1760 756 1827 parte
778 1755 979 1830 objecti
1009 1773 1109 1829 per
1138 1757 1372 1815 modum
1405 1761 1644 1817 rationis

280 1833 378 1888 sub
406 1851 547 1910 qua,·
592 1835 741 1907 quod
788 1852 907 1893 non
952 1837 1155 1894 accidit
1201 1839 1262 1894 in
1311 1856 1507 1897 amore
1542 1842 1641 1898 Dei

280 1917 555 1981 naturali,
590 1917 848 1989 alioquin
877 1917 947 1974 ab
988 1935 1185 1977 amore
1204 1921 1498 1978 charitatis
1525 1939 1642 1980 non

281 1996 555 2055 differret.
606 2002 677 2054 At
706 2015 861 2064 vero,
910 2005 969 2055 ut
1018 2008 1305 2074 peccatum
1352 2009 1570 2060 avertat
1610 2021 1642 2060 a

282 2079 412 2141 Deo,
448 2083 507 2133 ut
523 2081 950 2151 supernaturali
975 2080 1106 2146 fine,
1134 2089 1189 2138 et
1215 2083 1285 2138 ab
1305 2084 1423 2156 ipsa
1448 2102 1643 2158 super-

281 2162 667 2227 naturalitate,
718 2179 859 2234 opus
898 2180 1015 2220 non
1048 2169 1146 2229 est,
1195 2166 1345 2238 quod
1393 2167 1515 2239 ipsa
1541 2185 1642 2223 su-

283 2243 730 2312 pernaturalitas
768 2242 843 2296 sit
868 2243 1012 2298 ratio
1050 2243 1148 2298 sub
1176 2262 1285 2320 qua
1328 2246 1505 2317 ipsius
1539 2246 1642 2304 de=-

283 2321 617 2388 relictioniS,
662 2328 718 2378 et
746 2323 1064 2379 aversionis
1092 2323 1189 2393 (id
1232 2327 1440 2399 quippe
1465 2329 1639 2384 etiam

281 2400 350 2456 de
380 2400 524 2458 facto
555 2418 871 2476 nunquam,
904 2406 996 2461 vel
1027 2421 1159 2461 raro
1198 2408 1516 2481 contingit)
1543 2409 1639 2466 sed

279 2480 503 2548 sufficit,
524 2482 673 2556 quod
696 2484 866 2541 homo
888 2487 1260 2558 amplectatur
1277 2487 1491 2545 bonum
1515 2507 1642 2562 pro-

283 2563 477 2636 prium
499 2569 771 2638 tanquam
804 2567 1072 2623 ultimum
1097 2568 1271 2626 finem
1292 2570 1396 2626 sub
1420 2572 1640 2630 ratione

277 2643 375 2698 sub
402 2662 512 2720 qua
554 2644 666 2700 sibi
710 2646 1061 2713 sufficientiS,
1102 2654 1156 2705 et
1200 2652 1634 2719 convenientis3

276 2739 413 2779 nam
443 2740 511 2781 eo
551 2725 673 2797 ipso
700 2727 850 2782 tollit
887 2743 957 2784 ex
996 2731 1360 2801 consequenti
1402 2747 1635 2788 omnem

272 2804 558 2862 rationem
588 2807 782 2863 ultimi
809 2807 944 2863 finis
981 2826 1013 2865 a
1055 2812 1187 2875 De0,
1222 2811 1350 2867 licet
1391 2811 1507 2868 haec
1531 2828 1639 2869 ex-

266 2888 465 2954 clusio,
486 2894 542 2946 et
568 2891 793 2947 aversio
823 2906 939 2947 non
958 2891 1032 2946 sit
1061 2892 1283 2949 intenta
1308 2910 1407 2965 per
1432 2912 1511 2961 se,
1537 2897 1634 2952 sed

265 2969 526 3026 succedat
556 2986 655 3043 per
688 2971 978 3037 ssaccidens,
1030 2973 1151 3030 sive
1193 2980 1396 3046 praeter
1438 2977 1634 3034 inten-

268 3052 483 3107 tionem
515 3053 857 3124 primariam
886 3057 1195 3125 operantis.
1231 3058 1635 3132 Fundaturque

266 3131 530 3189 doctrina
557 3133 727 3207 hujus
768 3136 1176 3205 responsionis,
1207 3142 1261 3192 et
1298 3139 1359 3195 in
1405 3141 1630 3214 vulgari

271 3214 568 3286 proloquio
594 3236 607 3270 :
633 3213 853 3270 Bonum
873 3232 945 3269 ex
976 3219 1187 3287 inteqra
1208 3236 1396 3285 causa,
1424 3223 1633 3276 malum

266 3312 337 3349 ecc
356 3313 689 3373 quocumque
707 3297 914 3369 defectu
929 3316 948 3365 ;
962 3303 1016 3354 et
1044 3298 1107 3354 in
1131 3300 1239 3365 hie,
1260 3317 1384 3373 quaa
1404 3300 1473 3358 de
1489 3302 1633 3360 facto

267 3377 625 3451 contingunt.
659 3380 805 3433 Nam
829 3383 891 3433 ut
925 3378 1135 3452 aliquis
1162 3378 1233 3437 de
1259 3381 1405 3438 facto
1431 3381 1635 3455 diligat

270 3456 449 3512 Deum
474 3473 668 3515 amore
693 3459 1016 3523 charitatis,
1043 3465 1099 3516 et
1121 3466 1183 3515 ut
1218 3468 1634 3534 supernatura-

271 3539 385 3594 lem
401 3537 918 3613 finem,requiritur
938 3540 1114 3614 quodi
1123 3560 1221 3616 psa
1231 3562 1292 3599 su
1303 3551 1633 3617 pernatura·

271 3619 403 3675 litas
429 3620 620 3692 sitper
656 3636 716 3676 se
743 3623 938 3687 volita,
964 3628 1021 3679 et
1054 3624 1201 3680 ratio
1227 3626 1325 3680 sub
1344 3644 1454 3703 qua
1484 3643 1632 3698 praa-

268 3698 402 3755 dicti
430 3700 644 3757 amoris
664 3722 677 3757 ε
701 3706 967 3759 caeterum
991 3708 1053 3759 ut
1068 3705 1195 3776 quis
1215 3703 1285 3762 de
1312 3707 1456 3763 sacto
1473 3724 1632 3764 aver-

265 3787 421 3838 tatur
444 3798 476 3838 a
498 3784 611 3839 Deo
635 3786 693 3837 ut
712 3786 1142 3856 supernaturali
1167 3784 1301 3851 fine,
1335 3804 1451 3844 non
1478 3789 1632 3845 desi-

267 3862 520 3931 deratur,
547 3865 696 3937 quod
738 3865 860 3937 ipsa
884 3869 1408 3938 supernaturalitas
1433 3872 1508 3926 sit
1532 3887 1631 3943 per

266 3959 327 3998 se
366 3945 613 4011 exclusa,
644 3947 735 4001 vel
768 3946 913 4003 ratio
939 3947 1038 4002 snb
1059 3966 1166 4025 qua
1189 3948 1629 4024 derelinquendi

268 4025 482 4090 Deum;
522 4022 619 4079 sed
663 4026 883 4093 sufficit,
915 4027 1064 4099 quod
1089 4029 1220 4101 quis
1264 4038 1630 4089 convertatur

269 4101 340 4157 ad
366 4107 687 4160 creaturam
731 4112 1005 4179 tanquam
1028 4107 1098 4164 ad
1129 4109 1396 4166 ultimum
1426 4110 1623 4179 finem,

267 4186 322 4238 et
343 4181 527 4253 ipsam
551 4185 663 4240 Deo
691 4192 994 4258 praeponat.

343 4263 473 4319 289.
518 4266 794 4336 Arguitur
827 4273 987 4325 sexto
1014 4288 1027 4323 t
1050 4270 1186 4340 quia
1209 4271 1353 4328 Deus
1376 4288 1475 4344 per
1495 4288 1629 4329 ean-

268 4344 399 4400 dem
443 4345 883 4417 providentiam,
916 4366 1029 4422 qua
1066 4350 1412 4424 gubernaret
1434 4354 1627 4411 homi-

268 4441 403 4481 nem
428 4426 491 4482 in
517 4431 668 4482 statu
710 4445 1007 4500 purorum,
1042 4438 1225 4502 posset
1255 4440 1476 4506 peccata
1501 4451 1628 4509 gra-

269 4508 361 4564 via
385 4509 691 4566 commissa
734 4512 796 4566 in
841 4513 944 4568 tali
970 4516 1115 4568 statu
1161 4517 1453 4573 remittere
1486 4517 1626 4574 :sed

270 4587 653 4660 providentia,
672 4607 783 4662 qua
802 4594 946 4648 Deus
965 4592 1309 4666 gubernaret
1326 4596 1625 4653 hominem

267 4670 330 4725 in
351 4673 501 4724 statu
531 4685 827 4740 purorum,
861 4688 978 4729 non
1006 4672 1359 4746 dispensaret
1406 4676 1626 4734 auxilia

264 4751 731 4821 supernaturalia
766 4772 779 4807 ε
809 4768 945 4827 ergo
967 4754 1114 4809 Deus
1140 4763 1323 4827 posset
1344 4756 1625 4829 indepen-

265 4828 468 4886 denter
522 4847 555 4886 a
605 4832 791 4905 gratia
843 4836 1272 4906 supernaturali
1332 4836 1626 4894 destruere

266 4917 492 4984 peccata
517 4913 719 4986 gravia
744 4916 1052 4972 commissa
1072 4915 1135 4971 in
1156 4921 1304 4973 statu
1322 4933 1621 4991 purorum.

266 4994 682 5065 Consequentia
706 4999 879 5066 patet.
900 4996 1096 5052 Minor
1121 5001 1309 5053 autem
1332 5002 1417 5055 est
1435 5002 1622 5065 certa;
1681 5004 1693 5052 l

413 5072 697 5133 Salmant.
732 5074 898 5135 Curs.
929 5077 1153 5147 theolog).
1185 5084 1315 5134 tom.
1345 5076 1415 5135 X.

1786 564 1924 606 nam
1976 565 2106 605 cum
2148 554 2325 604 status
2379 568 2656 622 purorum
2704 557 3143 613 constitueretur

1786 643 1886 701 per
1920 628 2237 685 carentiam
2284 631 2626 687 elevationis
2654 633 2721 688 ad
2752 633 3020 690 ordinem
3043 654 3141 691 su-

1784 711 2234 780 pernaturalem,
2270 725 2385 765 non
2416 718 2600 782 posset
2641 713 3007 784 providentia
3045 718 3141 771 Dei

1781 788 2042 862 dirigens
2087 789 2384 846 hominem
2415 790 2476 845 in
2507 791 2777 863 praedicto
2827 798 2974 849 statu
3034 794 3142 865 ipsi

1781 870 2070 942 impertiri
2099 872 2562 942 supernaturalia
2597 874 2813 929 auxilia
2842 899 2854 940 ;
2887 875 3142 946 alioquin

1783 950 2117 1023 praedictum
2147 956 2356 1007 statum
2385 952 2728 1019 excluderet,
2761 962 2816 1012 et
2843 956 3140 1013 hominem

1781 1030 1851 1086 ad
1879 1033 2238 1104 superiorem
2287 1031 2720 1104 dispositionem
2773 1036 3135 1094 transferret.

1779 1111 1963 1184 Major
2000 1112 2174 1168 etiam
2215 1111 2535 1169 ostenditur
2572 1134 2584 1168 ε
2616 1121 2740 1170 tum
2776 1116 2910 1188 quia
2955 1117 3004 1171 si
3035 1117 3140 1173 illa

1782 1191 2142 1263 providentia
2185 1209 2299 1249 non
2348 1198 2532 1265 posset
2568 1202 2785 1266 peccata
2833 1198 3138 1253 commissa

1780 1273 1843 1328 in
1872 1273 1972 1330 illo
1998 1280 2145 1330 statu
2178 1275 2489 1340 remittere,
2521 1283 2665 1332 esset
2695 1277 3049 1350 imperfecta,
3083 1285 3140 1334 et

1778 1355 1891 1408 Deo
1918 1352 2195 1427 indigna;
2230 1370 2363 1410 nam
2393 1354 2464 1411 ad
2517 1356 2831 1428 quemlibet
2874 1359 3139 1430 superio-

1779 1448 1902 1489 rem
1952 1438 2165 1505 spectat
2211 1451 2370 1506 posse
2416 1434 2778 1492 subditorum
2815 1439 3011 1510 culpas
3042 1455 3140 1511 pu—

1778 1512 1923 1579 nire,
1983 1515 2073 1570 vel
2130 1516 2439 1573 remittere.
2498 1518 2644 1572 Tum
2696 1519 2830 1590 quia
2884 1535 3001 1575 non
3053 1525 3139 1575 est

1777 1595 1973 1650 minus
2018 1593 2360 1651 beneficium
2403 1614 2736 1669 praecavere,
2789 1615 2861 1655 ne
2915 1606 3134 1672 peccata

1777 1671 1936 1741 fiant,
1961 1691 2132 1746 quam
2164 1681 2380 1747 peccata
2406 1677 2525 1750 ,iam
2573 1677 2876 1735 commissa
2921 1679 3135 1737 condo-

1778 1770 1919 1810 nare
1946 1777 1958 1810 ε
1984 1754 2080 1810 sed
2105 1756 2466 1828 providentia
2489 1760 2586 1814 Dei
2612 1759 2672 1813 in
2698 1758 2963 1830 praedicto
2983 1766 3132 1817 statu

1778 1841 1961 1908 posset
1990 1853 2310 1909 praecavere
2354 1855 2425 1894 ne
2473 1838 2677 1896 fierent
2714 1847 2952 1911 peccata,
2986 1843 3126 1898 alio-

1774 1918 1915 1989 quin
1940 1924 2160 1990 peccata
2186 1921 2501 1976 necessario
2535 1922 2854 1989 evenirent,
2880 1923 3028 1996 quod
3051 1929 3131 1981 est

1775 1996 2089 2053 absurdum
2125 2020 2137 2054 :
2167 2015 2302 2072 ergo
2326 2001 2540 2073 pariter
2564 2009 2748 2074 posset
2769 2010 2988 2075 peccata
3010 2005 3129 2077 Jam

1773 2081 2082 2137 commissa
2104 2081 2417 2138 dimittere.

1858 2164 1972 2219 Hoc
2022 2170 2425 2235 argumentum
2478 2164 2848 2236 magnificant
2901 2167 3128 2233 Suarez,

1774 2242 2037 2314 Ripalda,
2080 2249 2135 2299 et
2175 2244 2275 2298 alii
2322 2243 2676 2300 Adversarii.
2721 2244 2826 2301 Sed
2875 2252 2958 2301 est
2997 2248 3134 2303 satis

1773 2322 1979 2390 debile,
1995 2325 2453 2396 etqualesquales
2479 2324 2632 2380 vires
2654 2324 2873 2390 habeat,
2897 2326 2958 2381 in
2981 2327 3133 2398 ipsos

1772 2411 1856 2462 est
1879 2406 2346 2478 retorquendum,
2382 2412 2441 2461 ut
2457 2422 2630 2478 supra
2652 2406 3050 2478 ostendimus§
3072 2412 3125 2465 5.

1773 2487 2060 2552 Quoniam
2091 2487 2453 2560 providentia
2500 2489 2598 2544 Dei
2647 2494 2709 2544 ut
2750 2489 3128 2564 gubernantis

1773 2570 2071 2626 hominem
2120 2570 2183 2625 in
2223 2576 2370 2626 statu
2426 2586 2703 2643 purorum
2745 2572 2975 2628 nullum
3022 2573 3127 2644 ipsi

1771 2651 2055 2709 conferret
2103 2652 2345 2723 speciale
2391 2650 2730 2708 beneficium
2759 2676 2772 2719 ;
2805 2668 2940 2708 nam
2984 2669 3130 2726 prae-

1770 2730 1953 2788 dictus
2004 2737 2181 2788 status
2231 2732 2595 2788 constituitur
2649 2748 2748 2804 per
2811 2735 3127 2790 carentiam

1768 2813 1960 2869 omnis
1974 2810 2235 2887 specialis
2250 2814 2465 2887 gratiae,
2481 2810 2605 2887 quaa
2619 2820 2753 2869 natu
2763 2831 2839 2871 rae
2856 2815 3127 2874 humanae

1767 2895 1842 2950 sit
1865 2894 2138 2959 indebita,
2165 2900 2220 2950 et
2245 2896 2430 2951 solum
2459 2896 2853 2968 complectitur
2874 2914 2942 2953 ea
2969 2899 3129 2954 auxi·

1768 2977 1867 3044 lia,
1899 2994 2022 3050 quae
2048 2977 2384 3035 deserviunt
2403 2978 2831 3050 operationibus
2859 2978 3129 3035 humanm

1769 3064 1991 3115 naturae
2039 3058 2502 3131 proportionatis,
2528 3062 2583 3113 et
2611 3057 2820 3114 debitis
2853 3081 2866 3115 ε
2897 3074 3031 3133 ergo
3077 3060 3124 3114 si

1768 3144 2056 3211 peccatum
2079 3139 2522 3195 commissumin
2544 3144 2691 3194 statu
2707 3155 2981 3211 purorum
3007 3156 3129 3212 pos·

1766 3225 1852 3275 set
1876 3218 2093 3275 destrui
2119 3235 2217 3291 per
2248 3218 2670 3291 providentiam
2700 3220 2798 3275 Dei
2829 3224 2890 3274 ut
2915 3219 3127 3293 guber-

1766 3299 1963 3354 nantis
1979 3299 2275 3355 hominem
2293 3298 2356 3353 in
2376 3303 2524 3352 statu
2548 3313 2847 3369 purorum;
2869 3298 3128 3370 sequitur

1766 3378 1914 3451 quod
1944 3384 2129 3450 posset
2155 3377 2371 3433 destrui
2417 3394 2516 3449 per
2544 3378 2698 3434 vires
2740 3378 3041 3446 humanas,
3074 3385 3129 3437 et

1767 3458 2220 3530 independenter
2248 3457 2318 3515 ab
2345 3459 2506 3515 omni
2535 3459 2767 3531 speciali
2791 3461 2890 3516 Dei
2918 3462 3121 3534 gratia,

1765 3545 1821 3597 et
1848 3539 2141 3597 beneficio.
2175 3543 2297 3605 Quo
2323 3539 2461 3612 quid
2500 3539 2803 3596 absurdius
2824 3545 2851 3597 P
2879 3537 3337 3616 Respon.solvitur.

1766 3619 1967 3676 demus
2006 3637 2159 3694 ergo,
2194 3619 2619 3693 providentiam
2663 3622 2762 3677 Dei
2810 3627 2871 3678 ut
2915 3624 3127 3698 guber-

1765 3701 1960 3758 nantis
1987 3701 2285 3758 hominem
2309 3701 2372 3757 in
2399 3706 2548 3756 statu
2580 3717 2876 3773 purorum,
2909 3709 2964 3760 et
2992 3723 3127 3778 pro-

1766 3783 2084 3839 videntiam
2113 3784 2211 3840 Dei
2241 3788 2303 3838 ut
2328 3781 2709 3857 gubernantis
2736 3784 3033 3844 hominem
3064 3790 3126 3844 in

1763 3868 1912 3919 statu
1941 3867 2160 3920 naturae
2197 3865 2452 3929 elevatae,
2484 3879 2605 3920 esse
2645 3863 2885 3922 eandem
2930 3870 3128 3940 provi-

1764 3943 2020 4000 dentiam
2051 3943 2394 4008 formaliter,
2428 3948 2578 4000 etex
2605 3949 2766 4016 parte
2801 3950 2956 4014 recti,
2991 3950 3128 4004 nul-

1764 4025 1930 4098 laque
1977 4023 2344 4081 distinctione
2386 4023 2571 4080 adhuc
2598 4026 2836 4082 virtuali
2863 4031 3080 4085 secerni
3108 4056 3122 4098 ;

1761 4106 1860 4165 sed
1908 4105 2206 4182 praedictas
2265 4106 2768 4165 denominationes
2806 4108 3018 4169 habere
3056 4128 3127 4169 ex

1765 4195 1925 4262 parte
1947 4188 2314 4261 obliquorum
2334 4189 2748 4256 materialium,
2764 4208 2888 4263 quae
2906 4209 3124 4250 conno-

1762 4275 1862 4336 tat,
1894 4277 1957 4326 ut
1984 4268 2329 4326 tradidimus
2365 4277 2526 4327 tract.
2559 4273 2612 4332 5,
2644 4273 2787 4344 disp.
2818 4274 2872 4338 2,
2905 4274 3033 4329 dub.
3063 4276 3120 4331 3.

1762 4352 1927 4409 Unde
1975 4368 2075 4425 per
2117 4350 2357 4408 eandem
2404 4351 2780 4424 specificative
2810 4355 3122 4425 providen-

1760 4432 1925 4498 tiam,
1970 4449 2083 4506 qua
2137 4435 2282 4489 Deus
2327 4432 2677 4507 gubernaret
2721 4435 3017 4493 hominem
3059 4437 3121 4492 in

1759 4517 1909 4568 statu
1956 4529 2253 4585 purorum,
2283 4517 2465 4585 posset
2502 4519 2723 4583 peccata
2768 4513 2832 4571 in
2871 4531 2939 4574 eo
2971 4521 3118 4574 statu

1758 4593 1905 4650 facta
1928 4594 2252 4662 remittere3
2281 4593 2379 4650 sed
2409 4592 2700 4653 remittere
2722 4597 2826 4654 illa
2856 4614 2970 4655 non
2990 4618 3120 4673 pos-

1757 4679 1842 4731 set
1868 4691 1967 4747 per
1986 4674 2228 4732 eandem
2244 4674 2656 4748 reduplicative
2672 4678 3116 4751 providentiam,

1758 4763 1820 4813 ut
1879 4757 2106 4830 respicit
2143 4763 2354 4814 statum
2407 4776 2707 4832 purorum,
2747 4762 2846 4819 sed
2890 4762 3122 4822 deberet

1757 4837 2076 4894 transferre
2115 4837 2414 4895 hominem
2444 4840 2514 4895 ad
2536 4846 2746 4898 statum
2771 4848 2990 4901 naturae
3011 4846 3122 4902 ele·

1757 4923 1902 4974 vatae
1928 4934 2027 4991 per
2044 4920 2311 4992 gratiam.
2333 4921 2402 4974 Et
2428 4921 2564 4993 quia
2586 4924 2773 4997 maj0r
2793 4927 3120 4998 argumenti

1759 4998 2012 5072 procedit
2037 4998 2107 5057 de
2147 5000 2510 5073 providentia
2558 5005 2657 5061 Dei
2709 5004 3122 5080 reduplicative

3174 2170 3313 2211 Retor·

3163 2224 3323 2269 quetur,
