3647 5753
386 772 912 933 INDEX
999 771 1595 935 RERUM
1681 772 1901 933 ET
1987 772 2919 941 VERBORUM
3017 945 3022 951 ,

217 1095 398 1169 QUAE
455 1096 545 1156 lNr
586 1096 793 1157 ΤΟΜΟ
849 1097 908 1155 Χ
968 1095 1256 1157 CURSUS
1326 1096 1969 1159 SALMANTICENSIS
2036 1098 2484 1162 THEOLOGICI
2553 1101 3079 1168 CONTINENTUR

427 1427 495 1486 ln
518 1447 624 1508 quo
646 1432 806 1503 prior
830 1446 1093 1485 numerus
1112 1431 1400 1503 permitam,
1429 1439 1737 1505 postremus
1757 1451 1886 1490 vero
1913 1435 2245 1508 marqinales
2274 1455 2530 1495 numeros
2549 1441 2861 1513 desiynant.

858 1637 926 1691 A.

290 1804 543 1860 ACTUS.
585 1802 877 1870 Quomodo
918 1800 1162 1869 habitui,
1220 1800 1583 1875 qualiterque

170 1918 173 1921 ·
216 1887 487 1960 potentiae
507 1893 886 1960 comparetur,
918 1904 971 1959 p.
1003 1886 1133 1951 588,
1169 1901 1225 1941 n.
1259 1886 1351 1941 82.

289 1971 461 2025 Actus
508 1967 718 2025 cadens
767 1967 873 2023 sub
917 1973 1196 2041 praecepto
1249 1971 1431 2039 potest
1458 1978 1581 2022 esse

214 2049 567 2114 meritorius,
624 2050 853 2122 p..679‚
912 2064 970 2105 n.
1031 2049 1115 2104 18.
1182 2051 1351 2104 Actus
1410 2046 1582 2103 semi-

211 2133 380 2204 plene
424 2129 774 2186 deliberatus
824 2144 943 2188 non
996 2133 1177 2201 potest
1217 2143 1341 2185 esse
1390 2128 1581 2184 meri-

214 2211 416 2276 torius,
443 2213 633 2285 p.681‚
661 2227 720 2269 n.
740 2213 835 2268 23.
861 2209 1204 2283 Hujusmodi
1225 2215 1380 2267 actus
1402 2213 1583 2281 potest

217 2291 431 2349 habere
453 2293 761 2366 aliqualem
806 2291 1123 2350 bonitatem
1150 2335 1163 2358 ,
1197 2290 1363 2356 ibid„
1397 2307 1457 2347 n.
1483 2291 1574 2345 24.

218 2376 303 2430 Ex
329 2374 573 2432 diversis
599 2375 879 2448 capitibus
907 2375 1076 2432 habet
1103 2380 1257 2431 actus
1282 2389 1405 2431 esse
1433 2387 1574 2429 con-

217 2453 444 2528 dignus,
478 2460 534 2510 et
573 2471 695 2522 esse
746 2455 1095 2515 meritorius.
1132 2472 1185 2527 p.
1217 2454 1347 2517 695.
1383 2468 1442 2509 n.
1474 2451 1564 2506 50.

218 2535 549 2608 Tripliciter
592 2540 773 2606 potest
800 2534 1006 2607 aliquis
1032 2540 1187 2591 actus
1209 2534 1279 2590 ad
1321 2532 1575 2605 aliquem

218 2613 399 2693 finem
422 2616 650 2681 referri,
681 2634 740 2691 p.
761 2617 891 2677 718,
924 2632 981 2672 n.
1014 2617 1071 2671 2.
1121 2617 1293 2671 Actus
1336 2613 1580 2669 merito-

222 2696 344 2754 rius
371 2697 689 2753 necessario
741 2696 993 2769 procedit
1033 2712 1066 2752 a
1112 2696 1320 2769 gratia,
1352 2712 1407 2767 p.
1438 2693 1572 2758 720,

220 2794 279 2834 n.
311 2780 367 2834 6.
394 2781 458 2834 In
487 2777 701 2852 actibus
729 2777 1027 2851 imperatis
1050 2793 1083 2835 a
1103 2777 1382 2832 charitate
1411 2789 1578 2846 repe-

221 2860 371 2917 ritur
411 2860 685 2917 meritum
712 2859 1046 2917 distinctum
1087 2856 1158 2914 ab
1183 2872 1270 2922 eo,
1300 2854 1449 2930 quod
1493 2858 1578 2912 est

218 2943 282 3000 in
327 2943 467 3016 ipsis
517 2934 734 2998 actibus
777 2940 1087 3007 charitatis,
1121 2957 1175 3013 p.
1203 2940 1334 3004 729,
1368 2954 1431 2993 n.
1479 2939 1572 2993 22.

219 3024 528 3096 Praecipua,
554 3031 609 3080 et
626 3025 888 3080 formalis
913 3024 1061 3080 ratio
1084 3020 1424 3096 augescendi
1452 3034 1580 3075 me-

220 3105 402 3160 ritum
425 3105 487 3160 in
517 3105 729 3162 nostris
749 3103 966 3161 actibus
990 3105 1052 3160 in
1074 3100 1278 3159 ordine
1304 3098 1374 3154 ad
1397 3099 1579 3154 vitam

217 3190 512 3252 aeternam,
543 3195 630 3245 est
674 3188 942 3245 charitas.
976 3185 1141 3241 Unde
1182 3181 1295 3238 nisi
1325 3185 1583 3237 crescant

220 3270 285 3326 in
311 3269 606 3336 charitate,
666 3273 958 3341 nequeunt
1003 3267 1066 3322 in
1113 3263 1309 3320 meriti
1358 3263 1582 3319 ratione

216 3367 486 3415 crescere,
530 3368 590 3425 p.
618 3352 750 3417 732,
809 3366 868 3406 n.
924 3351 1017 3405 27.
1068 3345 1300 3404 Bonitas
1340 3345 1583 3402 moralis

217 3440 549 3492 nostrorum
574 3438 801 3489 actuum
832 3435 998 3506 auget
1024 3429 1300 3486 meritum
1325 3432 1581 3500 respectu

216 3516 445 3589 praemii
472 3513 796 3572 essentialis
842 3513 903 3568 in
931 3527 1144 3586 genere
1171 3525 1357 3567 causas
1384 3513 1574 3566 mate·-

218 3596 403 3661 rialiS,
448 3613 504 3670 p.
529 3596 658 3661 735,
684 3610 745 3650 n.
775 3593 866 3650 33.

289 3679 621 3734 ADOPTIO.
667 3680 733 3732 In
759 3691 870 3749 quo
895 3673 1098 3730 divina
1120 3671 1349 3745 adoptio
1366 3669 1438 3727 ab
1467 3670 1582 3727 hu—

217 3771 395 3817 mana
415 3757 660 3825 differat,
685 3775 740 3831 p.
773 3757 903 3821 388,
931 3771 991 3811 n.
1027 3755 1149 3810 130.
1356 3817 1371 3832 ο

292 3839 546 3893 AGENS.
590 3840 780 3911 Agens
826 3851 925 3908 per
952 3839 1175 3891 motum
1195 3833 1579 3890 successivum

208 3919 475 3976 coexistit
514 3918 715 3974 formae
756 3913 1215 3987 corrumpendae,
1269 3929 1387 3970 non
1441 3928 1581 3970 vero

214 4015 390 4074 agens
438 4015 537 4072 per
582 3999 959 4054 mutationem
1008 3996 1454 4060 instantaneam,
1516 4011 1575 4067 p.

213 4084 348 4147 365,
367 4097 425 4136 11.
458 4082 548 4136 94.
568 4083 750 4154 Agens
781 4078 1105 4152 principale
1128 4077 1382 4150 idipsum
1412 4075 1580 4133 debet

217 4165 494 4235 praestare
520 4161 582 4216 in
631 4176 844 4235 genere
870 4174 1052 4215 causae
1078 4157 1393 4223 efficientis,
1428 4155 1581 4230 quod

214 4241 354 4298 finis
376 4242 438 4298 in
458 4257 666 4315 genere
692 4257 873 4297 causas
890 4238 1100 4306 finaliS,
1128 4255 1184 4312 p.
1205 4239 1336 4303 442,
1359 4253 1419 4293 n.
1443 4238 1574 4294 205.

296 4322 521 4377 AMOR.
547 4325 674 4378 Non
695 4322 886 4378 omnis
908 4336 1072 4376 amor
1096 4318 1362 4392 proprius
1382 4323 1467 4373 est
1486 4317 1581 4374 vi·

219 4404 417 4467 tiosus,
443 4420 502 4476 p.
531 4405 661 4471 545,
696 4419 755 4459 n.
796 4405 878 4458 13.

297 4484 649 4538 ANGELUS.
696 4483 962 4538 Primum
999 4480 1283 4554 Judicium
1312 4479 1582 4553 regularis

224 4562 478 4638 primam
513 4563 1230 4636 Angelivolitionen1,etc.
1265 4576 1382 4617 non
1411 4559 1582 4616 estin

219 4645 347 4718 ejus
369 4650 657 4716 potestate,
675 4660 729 4716 p.
756 4645 886 4709 258,
914 4660 970 4699 n.
1003 4645 1133 4698 358.
1160 4643 1360 4697 Prima
1379 4657 1582 4698 eorum

222 4725 429 4784 volitio
453 4725 605 4780 circa
632 4723 809 4780 finem
838 4721 1337 4796 supernaturalem
1368 4722 1480 4779 fuit
1506 4720 1583 4777 li-

223 4805 381 4873 bera,
403 4823 441 4880 p
478 4807 607 4870 259,
630 4820 687 4861 n.
714 4805 840 4860 359.
880 4802 1210 4877 Angelusin
1241 4803 1429 4873 primo
1455 4801 1585 4857 ins-

221 4887 371 4944 tanti
402 4901 517 4944 non
547 4886 759 4943 meruit
787 4901 886 4957 per
921 4883 1302 4950 amorempei
1343 4889 1584 4941 natura-

224 4970 362 5037 lem,
395 4987 450 5043 p.
474 4971 604 5034 757,
639 4984 699 5023 11.
728 4969 821 5022 75.

375 5049 674 5108 Salmant.
719 5047 883 5106 Cur-5.
931 5047 1090 5103 thcol.
1134 5053 1263 5103 tom.
1312 5043 1379 5104 X.

1598 5038 1607 5046 Ι
1720 4966 1890 5031 lium,
1918 4985 1972 5039 p.
2004 4969 2134 5034 276,
2170 4985 2228 5025 n.
2269 4974 2352 5027 15.

1789 1634 2222 1691 ARBITRIUM.
2286 1637 2483 1694 Gratia
2536 1638 2732 1696 efficax
2778 1646 2864 1698 est
2908 1658 3076 1700 causa

1709 1714 2126 1787 cooperationis
2146 1714 2321 1772 liberi
2351 1716 2602 1787 arbitrii,
2629 1738 2680 1795 p.
2706 1724 2763 1788 7,
2792 1737 2851 1778 n.
2886 1724 2973 1779 12.

1784 1796 2152 1853 ATTRlTIO.
2195 1798 2430 1856 Attritio
2456 1801 2612 1858 intra
2645 1810 3074 1862 sacramentum

1712 1876 1848 1933 facit
1883 1878 2180 1936 hominem
2209 1879 2280 1937 de
2326 1883 2522 1941 attrito
2563 1886 2876 1943 contritum
2904 1887 3075 1945 habi-

1711 1957 1963 2025 tualiter,
2014 1976 2067 2033 p.
2095 1961 2223 2027 532,
2257 1978 2316 2019 n.
2349 1963 2477 2021 329.
2529 1966 2865 2040 Tripliciter
2892 1974 3075 2041 potest

1711 2036 1781 2095 ad
1802 2046 2230 2099 sacramentum
2258 2059 2619 2113 concurrere,
2645 2065 2702 2122 p.
2728 2050 2857 2115 590,
2886 2066 2944 2107 n.
2976 2054 3069 2110 85.

1782 2122 2113 2179 AVERSIO.
2140 2125 2435 2183 Aversioa
2462 2128 2583 2201 lege
2609 2127 2813 2186 divina
2834 2130 3079 2204 duplex:

1709 2208 1783 2337 gg
1793 2202 2081 2340 19111111111391·
2113 2208 2617 2282 correspondentia
2645 2208 2716 2266 ad
2747 2211 2950 2285 legem,
3009 2233 3065 2291 p.

1825 2326 1839 2350 ,
1867 2299 1927 2339 n.
2031 2326 2044 2340 .

1781 2367 2167 2426 AUXILIUM.
2191 2370 2488 2428 Auxilium
2511 2371 2705 2430 efficax
2723 2391 2839 2432 non
2861 2385 2947 2434 est
2960 2380 3075 2437 tale

1711 2445 1782 2502 ab
1806 2447 2027 2516 effectu,
2057 2449 2156 2507 sed
2185 2452 2675 2512 antecedenter.ad
2705 2456 2874 2515 illum
2902 2460 3077 2519 habet

1710 2530 1941 2603 aliquod
1965 2533 2355 2606 praedicatum,
2376 2553 2476 2610 per
2495 2539 2644 2610 quod
2662 2556 2694 2596 a
2712 2543 2898 2615 gratia
2917 2545 3079 2601 suffi-

1708 2610 1884 2669 cienti
1917 2610 2165 2680 differat,
2197 2634 2253 2690 p.
2297 2620 2351 2683 2,
2382 2634 2440 2674 ῐ1.
2477 2620 2536 2677 2.
2579 2622 2693 2677 Nec
2716 2637 2787 2679 ex
2813 2638 2898 2690 eo,
2928 2625 3076 2697 quod

1707 2692 2038 2749 conferatur
2064 2695 2128 2750 in
2150 2711 2216 2752 eo
2243 2703 2519 2770 tempore,
2550 2700 2614 2757 in
2635 2718 2747 2773 quo
2770 2719 2871 2775 per
2896 2706 3076 2763 scien-

1709 2773 1850 2831 tiam
1878 2773 2129 2833 mediam
2169 2779 2476 2851 praevisum
2506 2788 2590 2838 est
2630 2783 2964 2843 habiturum
2993 2789 3083 2846 et*-

1709 2856 1935 2915 t'ectum.
1969 2878 2026 2933 p.
2056 2861 2150 2926 40,
2184 2878 2242 2919 n.
2280 2862 2370 2918 58.
2422 2865 2726 2923 Auxilium
2765 2868 2962 2927 efficax
3013 2872 3079 2930 in

1708 2942 1857 2994 statu
1878 2938 2268 2996 conditionato
2296 2941 2467 2998 habet
2500 2943 2806 3002 efficaciam
2851 2956 3081 3008 antece-

1710 3016 1961 3082 dentem,
1994 3037 2053 3091 p.
2082 3021 2174 3085 42,
2215 3035 2274 3075 n.
2305 3022 2379 3075 60
2424 3026 2480 3077 91
2505 3026 2780 3094 sequenti.
2809 3029 2869 3082 Si
2915 3030 3082 3087 illam

1712 3114 1831 3154 non
1856 3099 2109 3164 haberet,
2143 3102 2410 3160 voluntas
2442 3110 2631 3161 creata
2660 3114 2844 3178 posset
2867 3109 3079 3186 absque

1712 3182 1931 3238 auxilio
1972 3182 2179 3239 efficaci
2227 3183 2628 3254 determinari,
2677 3207 2734 3263 p.
2762 3192 2854 3257 44,
2894 3210 2951 3252 n.
2985 3197 3078 3252 64.

1710 3260 1843 3317 Alia
1868 3269 2246 3336 sequerentur
2273 3264 2536 3333 absurda,
2569 3284 2623 3340 p.
2649 3269 2742 3336 47,
2771 3286 2827 3327 n.
2844 3275 2938 3333 68.
2969 3279 3085 3332 Au-

1709 3343 1921 3399 xilium
1948 3344 2144 3401 efficax
2184 3351 2269 3402 est
2295 3347 2409 3403 tale
2433 3362 2505 3403 ex
2550 3364 2629 3415 se,
2661 3356 2717 3406 et
2744 3351 2814 3408 ab
2856 3354 3083 3415 intrin-

1710 3438 1855 3487 seco,
1888 3441 1942 3497 p.
1969 3426 2061 3490 47,
2091 3439 2150 3481 n.
2191 3428 2310 3483 128.
2367 3425 2687 3485 Efficaciam
2731 3435 2934 3505 gratiae
2988 3453 3084 3495 re-

1710 3508 1872 3560 vocat
1913 3506 1976 3561 D.
2023 3505 2228 3563 Thom.
2274 3508 2337 3564 in
2384 3508 2484 3565 Dei
2533 3513 2866 3583 potentiam,
2902 3534 2959 3590 p.
2984 3519 3078 3584 95,

1713 3599 1770 3640 n.
1831 3586 1950 3642 140.
2003 3588 2200 3645 Gratia
2241 3588 2312 3645 ab
2353 3590 2668 3649 intrinseco
2714 3594 2912 3653 efficax
2963 3614 3084 3657 non

1712 3665 1954 3737 impedit
1980 3666 2105 3724 dari
2147 3670 2521 3728 omissionem
2554 3670 2799 3731 liberam
2820 3718 2833 3742 ‚
2866 3683 2921 3735 et
2949 3696 3082 3753 pec—

1709 3747 2084 3815 caminosam,
2110 3768 2168 3823 p.
2195 3753 2314 3818 181,
2343 3768 2405 3808 n.
2435 3755 2545 3809 257
2583 3760 2641 3812 91
2689 3759 3079 3830 sequentibus

1709 3826 2011 3883 Auxilium
2061 3829 2256 3886 efficax
2316 3837 2402 3888 est
2461 3833 2710 3891 liberum
2753 3839 3077 3909 causaliter,

1709 3923 1768 3980 p.
1800 3908 1922 3974 186,
1949 3924 2006 3965 n.
2045 3912 2176 3966 265.
2206 3912 2509 3969 Auxilium
2554 3930 2626 3972 ex
2651 3932 2711 3973 se
2737 3917 2932 3977 efficax
2959 3938 3079 3979 non

1710 3988 1861 4043 tollit
1880 3989 2069 4061 operis
2088 3990 2496 4060 difficultatem,
2517 4014 2573 4069 p.
2600 3999 2718 4065 192,
2741 4015 2799 4056 n.
2816 4003 2943 4059 272.
2965 4005 3081 4062 Nec

1709 4067 1963 4125 excludit
1987 4070 2192 4126 orandi
2209 4075 2619 4144 necessitatem,
2646 4095 2701 4152 p.
2737 4081 2857 4147 196,
2884 4097 2943 4139 n.
2969 4086 3078 4142 276

1711 4156 1767 4207 et
1791 4151 2176 4221 sequentibus.
2209 4156 2336 4210 Non
2356 4157 2615 4212 consistit
2643 4161 2706 4216 in
2751 4164 3075 4225 extrinseco

1712 4230 1936 4287 decreto
1987 4233 2107 4301 Dei,
2131 4251 2186 4307 p.
2219 4236 2347 4299 204,
2380 4252 2441 4293 n.
2484 4239 2611 4293 289.
2644 4240 2752 4296 Sed
2781 4243 2843 4299 in
2885 4247 3078 4320 aliquo

1714 4311 2026 4370 intrinsece
2071 4315 2411 4377 inhaerente.
2465 4317 2536 4373 ab
2580 4324 2914 4393 operatione
2958 4327 3080 4385 dis-

1715 4394 1909 4460 tincto,
1940 4402 1998 4451 et
2027 4396 2095 4452 ad
2133 4414 2260 4455 eam
2291 4400 2521 4474 physice
2550 4411 2915 4482 movente,p.
2946 4413 3073 4479 208,

1716 4491 1773 4531 n.
1800 4476 1912 4531 293
1939 4482 1996 4533 et
2021 4480 2406 4549 sequentibus
2431 4484 2732 4541 Auxilium
2781 4493 3079 4552 moraliter

1716 4557 2011 4628 applicans
2057 4576 2173 4616 non
2220 4561 2471 4620 excludit
2510 4566 2796 4623 auxilium
2851 4574 3081 4648 physice

1718 4652 2095 4709 praemovens,
2123 4660 2180 4715 p.
2213 4644 2341 4716 229,
2374 4645 2596 4702 n.·318.
2625 4650 2924 4709 Auxilium
2954 4655 3080 4713 effi-

1717 4735 1819 4775 cax
1848 4718 2151 4793 dupliciter
2172 4724 2521 4792 considerari
2551 4733 2747 4800 potest,
2767 4750 2821 4805 p.
2853 4735 2983 4801 233,
3015 4753 3073 4795 11.

1717 4802 1847 4859 322.
1893 4804 2065 4861 Nulla
2103 4803 2365 4865 creatura
2394 4814 2572 4882 potest
2614 4811 2836 4870 efficere
2858 4817 3080 4888 princi-
3190 4801 3199 4809 ⁴

1721 4885 1927 4958 paliter
1955 4886 2186 4959 physice
2212 4891 2304 4947 vel
2342 4891 2655 4949 minimum
2694 4897 2894 4970 gratiae
2921 4902 3082 4957 auxi-

2873 5059 2948 5114 56
