3647 5753
1572 399 1750 456 DISP.
1794 401 1864 469 11,
1908 402 2071 460 DUB.
2117 405 2184 462 11.
3170 408 3282 465 335

422 567 529 625 bus
554 567 625 625 ad
657 565 1147 642 justificationem,
1195 574 1368 637 actuS,
1415 575 1473 627 et
1497 572 1787 644 operatio-

423 666 526 708 nes
553 650 811 708 hominis
838 656 1094 708 recenset
1120 672 1132 707 :
1162 651 1345 724 capite
1368 667 1504 710 vero
1530 655 1585 721 7,
1615 669 1786 729 agens

423 730 493 789 de
525 730 717 789 forma
754 728 1118 806 justificante,
1171 733 1393 789 nullius
1433 734 1786 806 operationis

423 811 679 871 hominis
704 813 1016 870 meminit:
1064 829 1200 889 ergo
1238 815 1471 891 signum
1498 820 1599 884 est,
1635 815 1785 889 quod

423 894 748 951 Concilium
807 911 1029 962 omnes,
1096 901 1153 954 et
1213 898 1473 973 singulos
1528 897 1785 956 hominis

422 980 575 1033 actus
599 974 673 1031 ad
720 976 844 1050 ejus
875 975 1342 1050 justificationem
1381 984 1785 1056 concurrentes

421 1058 649 1133 reponit
674 1058 829 1115 inter
848 1058 1249 1132 dispositiones
1269 1085 1283 1129 ;
1319 1066 1376 1118 et
1421 1061 1570 1135 quod
1611 1062 1786 1119 sentit

418 1155 646 1196 causam
670 1138 1097 1214 justificationis
1125 1141 1428 1200 formalem
1471 1143 1543 1201 ab
1585 1142 1784 1200 omni-

420 1220 544 1289 bus,
567 1225 624 1279 et
649 1221 897 1295 singulis
923 1222 1180 1279 hominis
1206 1223 1640 1296 operationibus
1666 1223 1783 1280 dif-

423 1302 596 1359 ferre.
643 1300 910 1369 Secundo,
954 1302 1106 1377 quod
1133 1304 1463 1361 Concilium
1490 1304 1627 1362 dum
1655 1323 1777 1378 cap.

419 1384 477 1449 6,
522 1382 642 1456 agit
678 1382 748 1439 de
785 1382 1276 1455 dispositionibus,
1319 1384 1457 1442 dicit
1483 1386 1782 1443 hominem

418 1461 554 1518 illas
578 1461 804 1528 elicere,
857 1461 1040 1519 libere
1079 1463 1304 1521 moveri
1333 1463 1397 1520 in
1422 1468 1623 1531 Deum,
1656 1481 1783 1523 cre-

417 1540 572 1608 dere,
599 1543 807 1599 timore
837 1543 1081 1609 concuti,
1106 1558 1206 1616 spe
1230 1543 1399 1618 erigi,
1432 1546 1614 1602 Deum
1641 1544 1782 1602 dili-

415 1639 567 1699 gere,
587 1630 714 1692 etc„
744 1640 872 1697 quae
899 1625 1096 1683 omnia
1123 1627 1554 1698 operationibus
1581 1644 1783 1687 conve·

419 1705 590 1762 niunt
616 1726 629 1761 :
658 1704 890 1777 quando
910 1713 1100 1763 autem
1128 1724 1248 1780 cap.
1273 1710 1328 1774 7,
1361 1707 1476 1782 agit
1502 1708 1782 1766 deforma

412 1785 778 1861 justificante,
818 1803 936 1843 non
976 1786 1113 1844 dicit
1160 1789 1457 1846 hominem
1482 1789 1647 1846 illam
1669 1790 1781 1847 eli·-

319 1936 325 1943 ⁴
417 1881 582 1936 cere„
593 1867 692 1925 sed
713 1867 903 1940 potius
931 1868 1095 1926 illam
1120 1870 1390 1943 recipere,
1422 1869 1526 1925 illa
1546 1869 1774 1940 donari,

416 1952 473 2005 et
497 1948 647 2021 quod
675 1952 824 2006 Deus
852 1950 1018 2006 illam
1049 1950 1183 2008 facit
1208 1975 1221 2007 ι
1266 1967 1402 2027 ergo
1426 1954 1566 2010 satis
1587 1960 1781 2028 aperte

416 2027 721 2103 distinguit
748 2031 1074 2087 Concilium
1096 2047 1329 2089 omnem
1357 2033 1616 2091 hominis
1639 2051 1781 2108 ope—

417 2113 701 2169 rationem
730 2112 1068 2185 (cujusmodi
1096 2114 1273 2171 etiarn
1294 2122 1429 2171 sunt
1452 2132 1615 2173 amor
1641 2117 1781 2174 cha-

418 2193 621 2259 ritatis,
640 2199 695 2250 et
714 2194 984 2253 contritio
1006 2196 1273 2269 perfecta)
1294 2213 1328 2253 a
1347 2214 1516 2255 causa
1543 2198 1782 2267 formali

410 2271 860 2347 justificationis.

228 2379 367 2431 major
491 2354 880 2412 confirmatur
914 2378 927 2412 :
965 2372 1100 2413 nam
1129 2358 1450 2415 Concilium
1477 2358 1616 2416 dicit
1656 2361 1778 2419 for-

219 2430 373 2524 igffiff·
420 2446 578 2489 mam
624 2435 1030 2508 justificantem
1097 2437 1328 2494 infundi
1382 2455 1416 2496 a
1462 2441 1576 2498 Deo
1614 2442 1778 2515 juxta

425 2514 864 2589 uniuscujusque
907 2515 1341 2590 dispositionem
1395 2540 1408 2575 :
1459 2520 1557 2578 sed
1606 2522 1771 2590 illud,

423 2592 588 2667 juxta
612 2597 768 2671 cnjus
791 2596 1181 2655 diversitatem
1212 2600 1493 2674 praecipue
1519 2601 1777 2659 desumi-

427 2677 524 2729 tur
574 2676 925 2749 inaequalitas
980 2680 1197 2752 gratiae,
1250 2696 1365 2738 non
1417 2683 1674 2740 consistit
1712 2685 1775 2741 in

425 2753 642 2811 actibus
691 2757 1234 2831 imperfectioribus,
1286 2760 1385 2818 sed
1442 2762 1506 2818 in
1560 2764 1776 2821 actibus

421 2837 636 2895 amoris
664 2839 783 2906 Dei,
815 2845 871 2897 et
905 2840 1268 2899 contritionis
1296 2842 1556 2915 perfectae
1585 2867 1598 2902 :
1627 2846 1777 2905 unde

385 2919 466 2982 ,si
494 2919 607 2977 duo
642 2919 922 2979 haberent
968 2924 1326 2982 attritionem
1374 2930 1437 2981 ut
1461 2925 1675 2995 decem,
1719 2934 1777 2985 et

415 2999 823 3058 contritionem
870 3007 934 3058 ut
982 3003 1253 3077 quinque,
1298 3020 1416 3062 non
1458 3007 1777 3081 reciperent

413 3080 660 3153 gratiam
683 3086 746 3137 ut
787 3082 1001 3150 decem,
1044 3082 1144 3140 sed
1188 3085 1597 3158 utquinque:
1638 3103 1775 3163 ergo

412 3161 686 3233 supponit
730 3162 1067 3230 Concilium,
1100 3171 1255 3221 actus
1300 3167 1516 3224 amoris
1555 3168 1676 3233 Dei,
1719 3173 1776 3226 et

413 3240 781 3298 contritionis
816 3241 1075 3315 perfectae
1101 3244 1312 3302 habere
1340 3247 1625 3304 rationem
1651 3248 1773 3305 dis-

417 3320 716 3392 positionis
744 3321 814 3379 ad
835 3323 1081 3397 gratiam
1121 3324 1582 3384 sanctificantem.

489 3401 585 3456 51.
633 3403 748 3458 Nec
788 3402 981 3469 refert,
1032 3403 1082 3458 si
1118 3404 1190 3460 iis
1217 3405 1486 3463 omnibus
1512 3423 1774 3465 occurras

415 3477 675 3550 dicend0,
721 3483 969 3540 minime
1016 3499 1354 3559 repugnare,
1397 3487 1546 3559 quod
1572 3488 1773 3546 eadem

413 3561 625 3618 entitas
650 3562 964 3620 secundum
999 3581 1181 3621 unum
1210 3574 1542 3639 conceptum
1570 3569 1775 3626 habeat

417 3643 720 3702 rationem.
733 3643 1146 3718 dispositionis,
1172 3653 1454 3721 quatenus
1479 3656 1631 3723 aptat
1644 3649 1775 3706 sub·

407 3722 622 3797 jectum
667 3724 740 3780 ad
787 3726 1120 3784 ulteriorem
1169 3727 1446 3798 formam;
1487 3736 1546 3788 et
1568 3747 1774 3788 secun-

414 3803 555 3859 dum
607 3805 788 3861 alium
838 3813 1170 3880 conceptum
1228 3809 1433 3866 habeat
1486 3812 1772 3868 rationem

413 3901 594 3942 causae
611 3885 890 3957 formalis,
910 3896 1188 3962 quatenus
1209 3908 1310 3964 per
1330 3893 1576 3965 seipsam
1607 3910 1774 3966 praes-

416 3971 497 4022 tat
543 3966 806 4023 effectum
832 3985 935 4026 suo
959 3970 1228 4044 subjecto,
1273 3972 1533 4046 illudque
1559 3972 1773 4030 consti-

414 4046 528 4102 tuit
571 4048 635 4103 in
688 4049 879 4122 aliquo
920 4065 1060 4106 esse.
1110 4052 1265 4108 Sicut
1303 4052 1455 4110 idem
1497 4055 1652 4111 calor
1690 4058 1774 4110 est

414 4126 608 4185 forma
628 4127 698 4185 ad
719 4129 1179 4187 constituendum
1199 4131 1471 4200 calidum,
1496 4139 1553 4191 et
1578 4133 1774 4206 dispo-

412 4210 550 4266 sitio
575 4209 647 4267 ad
685 4213 1117 4286 generationem
1164 4213 1335 4306 ignis.
1368 4218 1437 4272 Et
1460 4216 1771 4273 secundum

219 4299 380 4343 urbo.
414 4291 482 4346 D.
511 4291 618 4346 Th.
646 4292 665 4347 1
689 4299 843 4365 part.
872 4300 1055 4371 quast.
1085 4295 1179 4360 76,
1204 4303 1316 4351 art.
1340 4297 1395 4362 6,
1427 4302 1483 4353 et
1510 4304 1691 4374 quar-st.
1710 4296 1774 4352 de

414 4374 629 4439 anima,
652 4380 764 4430 art.
779 4376 834 4440 9,
855 4375 1055 4433 eadem
1072 4374 1257 4434 forma
1268 4377 1662 4436 substantialis
1681 4395 1774 4436 se-

413 4455 667 4510 cundum
694 4453 938 4528 gradum
964 4456 1344 4527 superiorem,
1392 4464 1449 4515 et
1482 4459 1775 4517 constituit

415 4534 1065 4593 materiamfformaliter
1086 4536 1148 4591 in
1170 4536 1362 4608 aliquo
1375 4552 1513 4604 esse,
1528 4544 1581 4596 et
1596 4538 1774 4594 simul

409 4614 667 4688 disponit
692 4614 763 4672 ad
790 4614 1032 4689 gradum
1060 4616 1418 4685 inferiorem,
1442 4634 1528 4676 ‘ac
1554 4619 1774 4692 perfec-

413 4696 740 4754 tiorem.Sic
754 4711 890 4771 ergo
900 4698 1168 4755 contritio
1176 4703 1233 4755 et
1243 4698 1473 4756 habebit
1488 4701 1771 4758 rationem

411 4777 808 4852 dispositionis
830 4778 900 4835 ad
920 4780 1187 4852 gratiam,
1207 4779 1356 4854 quod
1378 4786 1602 4838 tantum
1618 4782 1776 4841 docet

412 4860 739 4917 Concilium
761 4859 1172 4918 Tridentinum
1191 4885 1206 4928 ;
1229 4865 1286 4918 et
1305 4861 1482 4918 simul
1505 4878 1622 4921 non
1640 4878 1775 4936 pro-

411 4940 707 4999 hibebitur
729 4939 941 4997 habere
971 4942 1253 4999 rationem
1283 4943 1482 5000 formae
1520 4943 1776 5001 sanctifi-

409 5023 593 5080 cantis
638 5022 963 5089 hominem,
1008 5038 1071 5079 ac
1095 5023 1435 5096 expellentis
1460 5028 1771 5096 peccatum.

215 3417 381 3461 Evaslo.

1993 578 2127 643 Hoc,
2160 578 2416 653 inquam,
2462 596 2579 638 non
2627 581 2819 649 refert,
2863 579 2961 637 sed
2990 580 3155 637 facile
3184 594 3373 643 re-.1m
3404 603 3478 645 ug-

1921 657 2140 716 fellitur
2172 681 2187 716 ε
2218 661 2492 734 quoniam
2522 664 2653 720 licet
2678 662 2877 719 eadem
2904 662 3117 718 entitas
3144 675 3268 733 pos·
3319 652 3371 686 ¹¹³
3391 653 3452 687 ¹¹¹·

1918 741 1992 796 sit
2017 756 2138 799 esse
2162 759 2329 800 causa
2356 743 2617 803 formalis
2645 744 2955 817 respective
2989 742 3061 800 ad
3093 757 3275 798 unum

1917 822 2200 892 effectum,
2225 830 2282 881 et
2305 840 2473 883 causa
2496 824 2833 899 dispositiva
2862 822 3174 896 respective
3202 821 3274 879 ad

1917 903 2120 970 alium,
2152 911 2214 961 ut
2253 910 2472 963 constat
2497 907 2601 963 illo
2621 906 2885 977 exemplo
2911 904 3152 969 caloris;
3180 903 3276 958 ni-

1916 982 2237 1041 hilominus
2278 984 2335 1042 id
2361 985 2512 1059 quod
2556 990 2642 1043 est
2686 1001 2825 1042 vera
2864 982 3166 1055 dispositio
3206 982 3276 1038 ad

1916 1065 2167 1138 aliquem
2203 1064 2486 1131 effectum.
2533 1068 2730 1140 nequit
2768 1081 2889 1122 esse
2927 1079 3067 1120 vera
3109 1078 3278 1118 causa

1915 1144 2178 1202 formalis
2225 1147 2404 1212 illius,
2438 1152 2499 1202 ut
2544 1148 2608 1204 in
2654 1146 2852 1204 eodem
2891 1145 3156 1216 exemplo
3199 1143 3276 1198 li-

1911 1231 2085 1298 quet:
2124 1226 2281 1283 calor
2318 1227 2498 1295 enim,
2549 1220 2684 1300 qu'ia
2735 1231 2820 1284 est
2864 1223 3162 1297 dispositio
3202 1223 3273 1279 ad

1914 1309 2128 1382 ignem,
2177 1309 2373 1382 nequit
2418 1324 2541 1366 esse
2579 1324 2747 1366 causa
2787 1306 3053 1365 formalis
3097 1305 3268 1379 ignis.

1915 1391 1984 1444 Et
2006 1389 2153 1447 ratio
2177 1394 2395 1448 constat
2432 1406 2504 1447 ex
2530 1405 2704 1463 supra
2732 1387 2913 1454 dictis,
2944 1384 3082 1459 quia
3109 1383 3273 1442 vide—

1915 1470 2046 1527 licet
2083 1486 2251 1527 causa
2290 1469 2646 1543 dispositiva,
2695 1473 2752 1525 et
2800 1483 2969 1525 causa
3008 1464 3274 1523 formalis

1915 1551 2225 1623 respective
2260 1550 2331 1608 ad
2358 1550 2624 1608 eumdem
2665 1548 2927 1607 effectum
2976 1550 3175 1602 mutuo
3214 1558 3274 1601 se

1913 1635 2166 1692 causant.
2212 1636 2266 1687 et
2295 1635 2494 1687 mutuo
2524 1629 2595 1687 ab
2642 1629 2892 1685 invicem
2918 1625 3242 1698 dependent
3255 1648 3270 1692 ;

1912 1709 2062 1783 quod
2101 1710 2309 1782 absque
2345 1710 2486 1768 reali
2513 1726 2714 1766 earum
2743 1707 3110 1764 distinctione
3155 1705 3274 1761 sal-
3330 1708 3335 1713 ’

1913 1791 2041 1847 vari
2084 1791 2305 1864 nequit.
2335 1790 2505 1863 Atqui
2554 1788 2876 1846 Concilium
2923 1786 3101 1851 docet,
3136 1800 3274 1841 con—

1914 1872 2211 1929 tritionem
2252 1886 2374 1929 esse
2418 1870 2855 1944 dispositionem
2884 1868 2954 1925 ad
2996 1864 3276 1942 Justifica·

1913 1955 2129 2011 tionem
2159 1971 2172 2006 :
2198 1968 2334 2028 ergo
2358 1953 2552 2018 sentit,
2577 1952 2984 2008 contritionem
3016 1965 3133 2006 non
3155 1964 3277 2006 esse

1911 2052 2139 2093 causam
2163 2036 2487 2100 formalem,
2522 2050 2622 2107 per
2648 2050 2820 2107 quam
2843 2031 3228 2107 justificamur
3257 2054 3269 2087 z

1910 2116 2175 2188 quamvis
2230 2114 2404 2188 possit
2453 2129 2575 2170 esse
2620 2129 2787 2169 causa
2838 2111 3121 2175 formalis,
3168 2125 3269 2182 per

1909 2212 2081 2268 quam
2109 2196 2281 2252 homo
2313 2194 2484 2262 dolet,
2518 2194 2609 2250 vel
2636 2197 2816 2250 Deum
2845 2197 3017 2257 amat,
3062 2190 3154 2246 vel
3196 2188 3266 2245 ad

1910 2279 2091 2333 Deum
2137 2275 2454 2340 actualiter,
2503 2279 2559 2330 et
2586 2273 2842 2330 affective
2888 2270 3263 2334 convertitur,

1908 2355 2057 2430 quod
2087 2356 2335 2414 libenter
2370 2354 2748 2411 admittimus.
2806 2356 2922 2409 Nec
2946 2355 3009 2408 D.
3056 2351 3263 2407 Thom.

1909 2437 2046 2494 locis
2073 2437 2258 2494 citatis
2284 2436 2505 2502 asserit,
2538 2435 2788 2492 formam
2828 2432 3267 2489 substantialem

1907 2517 2222 2575 secundum
2263 2532 2446 2574 unum
2493 2514 2736 2591 gradum
2772 2530 2893 2571 esse
2936 2511 3270 2586 dispositio-

1909 2613 2044 2655 nem
2099 2597 2169 2655 ad
2216 2598 2466 2671 seipsam
2510 2595 2823 2654 secundum
2873 2594 3056 2651 alium
3103 2613 3116 2648 ε
3170 2590 3269 2650 sed

1907 2681 2066 2738 docet
2109 2679 2418 2738 accidentia
2457 2678 2860 2751 consequentia
2901 2692 3082 2733 unum
3128 2690 3265 2750 gra-

1907 2761 2046 2818 dum
2072 2776 2194 2818 esse
2214 2761 2647 2833 dispositionem
2676 2758 2748 2815 ad
2775 2759 2987 2825 alium;
3013 2755 3266 2814 acciden-

1906 2842 1987 2899 tia
2014 2844 2204 2899 autem
2231 2855 2346 2898 non
2387 2845 2521 2897 sunt
2547 2855 2714 2897 causa
2742 2837 3006 2896 formalis
3032 2852 3265 2910 compo-

1905 2923 2002 2980 siti
2028 2921 2438 2990 substantialis,
2488 2920 2585 2977 sed
2631 2936 2790 2977 mere
2816 2919 3169 2993 dispositiva,
3204 2925 3265 2975 ut

1905 3019 1975 3061 ex
2000 3019 2060 3060 se
2088 3004 2283 3076 liquet.
2337 3000 2500 3058 Unde
2551 2999 2695 3056 illud
2735 3001 3088 3072 exemplum,
3119 3001 3266 3057 sicut

1905 3090 1961 3141 et
1982 3084 2256 3157 primum,
2279 3082 2428 3138 nihil
2444 3081 2717 3140 adversus
2737 3080 3060 3138 doctrinam
3088 3096 3264 3153 supra

1906 3164 2176 3222 traditam
2223 3163 2512 3230 evincunt,
2568 3161 2667 3219 sed
2702 3162 2889 3234 potius
2916 3162 3081 3218 illam
3123 3177 3263 3219 con-

1906 3244 2165 3301 firmant.
2236 3253 2251 3258 “

1978 3327 2069 3382 52.
2119 3322 2375 3381 Secundo
2420 3321 2692 3395 probatur
2739 3327 2936 3379 nostra
2973 3322 3263 3379 conclusio
3301 3335 3425 3378 natio

1905 3405 2021 3462 alia
2063 3405 2286 3462 ratione
2328 3403 2629 3473 desumpta
2667 3417 2738 3458 ex
2765 3400 2968 3458 eodem
3008 3402 3262 3459 Concilio
3295 3383 3459 3477 ἓξὲξ.

1904 3483 2246 3541 Tridentino
2267 3483 2402 3540 locis
2427 3482 2623 3537 statim
2653 3479 2988 3546 referendis,
3016 3497 3139 3554 quae
3162 3497 3262 3553 po-
3294 3482 3438 3573 03⁵⁸]

1905 3569 2013 3622 test
2037 3564 2117 3620 sic
2158 3563 2398 3636 proponi
2423 3575 2437 3612 ε
2466 3577 2601 3617 nam
2626 3561 2853 3633 parvuli
2875 3559 3263 3634 justificantur
3279 3541 3472 3625 Trissssfni.

1906 3646 2229 3704 formaliter
2268 3660 2370 3717 per
2408 3644 2656 3718 gratiam
2697 3643 3050 3701 habitualem
3080 3661 3094 3695 :
3126 3659 3262 3719 ergo

1904 3732 1960 3784 et
1985 3724 2184 3783 adulti.
2230 3726 2377 3799 Ergo
2404 3725 2600 3780 nullus
2627 3723 2696 3779 de
2735 3723 2879 3780 facto
2914 3723 3260 3796 justificatur

1905 3805 2227 3864 formaliter
2248 3820 2349 3879 per
2370 3810 2524 3862 actus
2544 3794 2778 3870 amoris,
2802 3804 3254 3862 etcontritionis.
3336 3870 3344 3877 ,

1903 3885 2256 3943 Antecedens
2286 3890 2372 3942 est
2396 3884 2638 3942 omnino
2663 3889 2903 3948 certum,
2940 3885 3077 3957 quia
3110 3889 3262 3944 Con—

1905 3967 2104 4023 cilium
2126 3965 2383 4023 Trident.
2425 3982 2550 4020 sess.
2583 3966 2636 4028 5,
2668 3982 2793 4020 can.
2824 3966 2875 4029 4,
2900 3962 3104 4021 definit
3127 3983 3261 4040 par—

1905 4048 2070 4104 vulos
2091 4062 2191 4120 per
2219 4048 2651 4102 Sacramentum
2679 4044 2956 4117 Baptismi
2986 4045 3257 4103 mundari

1905 4143 1939 4184 a
1967 4132 2186 4201 peccato
2205 4126 2477 4201 originali
2506 4146 2519 4181 :
2547 4131 2603 4182 et
2639 4143 2763 4182 can.
2789 4127 2825 4179 5
2857 4129 3116 4202 sequenti,
3159 4126 3261 4184 de·

1905 4208 2179 4264 terminat
2226 4205 2575 4280 baptizatum
2626 4221 2836 4263 exuere
2875 4211 3127 4263 veterem
3157 4207 3262 4264 ho-

1904 4289 2147 4354 minem,
2177 4294 2232 4345 et
2272 4287 2513 4345 induere
2541 4303 2776 4353 novum,
2817 4304 2879 4344 ac
2918 4287 3045 4345 fieri
3073 4286 3261 4344 filium

1904 4369 2025 4437 Dei,
2057 4375 2112 4427 et
2136 4368 2487 4427 cohaeredem
2526 4369 2739 4425 Christi
2773 4391 2787 4425 ε
2813 4375 2869 4425 et
2894 4368 3103 4426 deinde
3128 4388 3257 4427 sess.

1903 4455 1959 4517 7,
1990 4468 2113 4508 can.
2155 4451 2237 4518 13,
2267 4450 2613 4508 determinat
2654 4451 2925 4523 parvulos
2952 4449 3262 4524 baptizatos

1902 4532 2058 4587 inter
2097 4529 2316 4596 fideles,
2362 4531 2556 4604 utique
2600 4530 2798 4603 justos,
2849 4531 3260 4603 computandos

1904 4628 2067 4671 esse:
2109 4614 2208 4670 sed
2237 4613 2356 4670 haec
2374 4613 2748 4686 parvulorum
2771 4611 3101 4686 justificatio
3142 4629 3261 4670 non

1905 4693 1972 4750 fit
2005 4709 2105 4766 per
2134 4693 2381 4750 formam
2414 4693 2814 4762 extrinsecam,
2848 4699 2909 4750 ut
2947 4699 3165 4752 constat
3190 4710 3261 4751 ex

1905 4774 2069 4832 dictis
2093 4775 2219 4831 dub.
2244 4775 2465 4848 proeoed.
2501 4791 2602 4832 nec
2634 4773 2697 4831 fit
2728 4792 2828 4849 per
2849 4777 3101 4850 aliquam
3123 4792 3262 4849 ope-

1906 4855 2191 4914 rationem
2218 4855 2290 4912 ab
2310 4857 2394 4913 eis
2413 4857 2685 4922 elicitam,
2715 4874 2888 4930 quam
2915 4859 3131 4922 elicere
3144 4874 3263 4916 non

1905 4938 2103 4995 valent
2140 4955 2153 4990 ε
2204 4953 2340 5012 ergo
2387 4937 2452 4994 fit
2504 4938 2826 4997 formaliter
2873 4956 2974 5014 per
3011 4941 3260 5014 gratiam

1906 5019 2257 5077 habitualem
2280 5044 2293 5087 ;
2323 5019 2474 5093 quod
2505 5027 2565 5077 ut
2589 5026 2808 5079 certum
2829 5038 2900 5079 ex
2925 5020 3262 5081 definitione
