3647 5753
357 2205 499 2262 Tertia

333 2260 521 2318 (numito-

355 3605 531 3661 Consec-

357 3658 392 3694 ta
400 3664 432 3696 ri
438 3663 518 3695 um.

551 424 662 481 236
1576 411 1670 466 DE
1709 409 1979 465 GRATIA
2018 406 2362 462 EFFICACI.

552 600 608 650 et
635 591 852 657 modos,
897 589 1199 646 varientur
1227 582 1555 659 hujusmodi
1585 580 1911 655 praemotio-

551 686 661 728 nes
693 696 706 736 ς
740 671 870 726 licet
895 683 1095 724 omnes
1138 664 1485 723 conveniant
1508 663 1569 718 in
1611 663 1733 728 hoc,
1759 659 1909 734 quod

552 748 828 808 reducant
872 749 1184 822 potentiam
1225 746 1294 802 ad
1336 750 1542 808 actum,
1573 749 1629 799 et
1655 740 1909 798 inferant

550 829 943 886 infallibiliter
987 825 1345 885 exercitium.
1373 821 1535 879 Unde
1579 818 1907 896 hujusmodi

551 910 855 983 praemotio
878 910 938 966 in
968 905 1266 984 agentibus
1298 904 1585 976 corporeis
1611 907 1696 958 est
1715 915 1908 971 corpo-

550 1005 668 1056 rea,
701 990 764 1045 in
792 987 1193 1063 spiritualibus
1219 983 1538 1058 spiritualis
1569 1006 1583 1050 3
1625 987 1681 1038 et
1710 994 1908 1036 rursus

547 1085 677 1125 cum
717 1068 887 1125 datur
926 1067 995 1125 ad
1024 1083 1197 1140 opera
1226 1064 1531 1129 naturalia,
1564 1067 1645 1118 est
1668 1064 1908 1116 natura-

549 1149 623 1204 lis
657 1173 671 1215 ;
717 1155 927 1205 etcum
956 1147 1210 1205 deservit
1243 1141 1672 1218 supernaturali
1701 1155 1907 1213 opera-

547 1229 713 1294 tioni,
745 1235 829 1285 est
878 1226 1355 1301 supernaturalis.
1408 1225 1474 1279 Et
1512 1220 1660 1295 quod
1685 1219 1758 1277 de
1801 1219 1907 1275 hac

550 1309 860 1382 partitione
878 1309 1145 1383 generice
1178 1307 1440 1380 dicimus,
1471 1310 1555 1361 est
1582 1300 1906 1376 proportio-

548 1387 822 1445 nabiliter
849 1388 1155 1445 dicendum
1172 1386 1242 1444 de
1268 1383 1747 1457 multiplicatione
1771 1396 1905 1452 spe-

547 1466 705 1524 cifica
771 1470 926 1526 intra
968 1468 1232 1542 praedicta
1269 1482 1500 1541 genera,
1569 1464 1688 1519 imo
1734 1466 1791 1518 et
1834 1459 1904 1516 de

547 1545 977 1621 multiplicitate
1057 1546 1408 1605 individuali
1480 1544 1898 1616 operationum.

546 1630 695 1684 Nam
748 1630 1047 1701 praemotio
1073 1630 1155 1686 ita
1182 1625 1562 1685 essentialiter
1605 1637 1904 1680 commen-

547 1714 782 1764 suratur
839 1709 1285 1783 operationibus,
1331 1723 1433 1780 pro
1467 1704 1673 1778 quibus
1710 1702 1898 1770 datur,

549 1792 614 1843 ut
673 1789 820 1845 nulli
854 1790 1021 1847 alteri
1048 1794 1217 1862 queat
1251 1787 1575 1853 deservire;
1616 1781 1764 1857 quod
1807 1799 1903 1839 sa-

552 1870 625 1926 tis
649 1871 866 1928 evincit
890 1887 1017 1928 eam
1046 1869 1421 1945 multiplicari
1447 1866 1651 1941 specie,
1695 1869 1750 1920 et
1791 1881 1903 1920 nu-

549 1965 730 2017 mero,
758 1953 922 2026 juxta
945 1952 1212 2025 speciem,
1243 1955 1298 2008 et
1324 1964 1636 2005 numerum
1662 1944 1905 2019 praedic-

548 2035 740 2087 tarum
788 2033 1207 2105 operationum.
1265 2033 1379 2086 Nec
1443 2031 1504 2085 in
1545 2029 1649 2084 hoc
1692 2025 1903 2099 reperit

547 2112 787 2168 Suarius
807 2112 1110 2169 dissidium
1133 2113 1287 2169 inter
1308 2109 1651 2166 ThomistaS.

621 2193 751 2250 236.
771 2194 965 2250 Tertio
993 2194 1325 2267 interrogat,
1358 2209 1434 2246 an
1460 2189 1745 2263 praedictus
1770 2204 1904 2243 con-

548 2291 742 2329 cursus
757 2277 828 2329 sit
842 2292 913 2330 ex
926 2292 979 2329 se
987 2275 1379 2330 determinatus
1387 2290 1495 2328 non
1514 2272 1688 2326 solum
1700 2269 1904 2340 adspe-

547 2356 678 2409 ct‘em
703 2359 1054 2427 operationis,
1078 2363 1127 2411 et
1137 2356 1352 2427 effectus
1364 2370 1537 2409 causae
1550 2349 1905 2415 sccundae,sed

545 2435 714 2489 etiam
729 2435 805 2489 ad
822 2435 1171 2491 individuum
1193 2441 1379 2489 actum
1400 2440 1449 2487 et
1469 2430 1904 2504 effectum?Res-

546 2513 827 2584 pondetur
849 2516 1208 2572 affirmative.
1240 2516 1387 2569 Tum
1416 2513 1549 2585 quia
1573 2507 1915 2584 hujusmodi-

546 2593 723 2650 motio
740 2593 1202 2665 praedeterminat
1243 2593 1314 2648 ad
1339 2591 1676 2649 exercitium
1705 2593 1860 2644 actus
1886 2609 1900 2644 ε

542 2674 878 2731 exercitium
895 2682 1086 2733 autem
1104 2676 1299 2747 nequit
1318 2689 1439 2730 esse
1460 2673 1571 2729 nisi
1596 2673 1660 2728 in
1680 2669 1902 2727 indivi-

543 2753 686 2810 duo:
717 2755 868 2812 unde
893 2772 1032 2827 opus
1051 2763 1152 2824 est,
1176 2753 1326 2828 quod
1353 2753 1475 2826 ipsa
1501 2752 1707 2809 habeat
1731 2748 1901 2806 simi-

543 2833 657 2891 lem
685 2833 1245 2893 determinationem.
1288 2836 1436 2890 Tum
1464 2832 1598 2907 quia
1643 2831 1900 2904 alioquin

549 2918 983 2990 superaddenda
1020 2918 1168 2976 foret
1214 2918 1327 2974 alia
1372 2915 1794 2983 determinatiO,
1845 2917 1901 2969 et

547 2999 629 3055 sic
656 2999 718 3055 in
747 2998 1065 3055 infinitum.
1114 3001 1261 3055 Tum
1282 2999 1414 3072 quia
1437 2996 1699 3071 praedicta
1722 2994 1901 3051 motio

546 3081 930 3137 essentialiter
988 3085 1486 3137 commensuratur
1553 3074 1894 3150 operationi,

550 3161 619 3217 ad
646 3179 819 3234 quam
859 3161 1200 3219 eliciendam
1253 3167 1462 3229 movet,
1496 3175 1598 3217 nec
1623 3157 1693 3215 ad
1722 3157 1897 3214 aliam

546 3246 699 3301 valet
727 3260 1067 3302 concurrere
1084 3244 1371 3316 :quocirca
1393 3241 1559 3299 debet
1582 3258 1653 3298 ex
1672 3256 1751 3308 se,
1775 3239 1900 3294 sive

548 3326 861 3384 intrinsece
929 3326 1140 3384 habere
1176 3324 1720 3382 determinationem
1779 3336 1899 3377 non

546 3410 733 3466 solum
756 3408 826 3465 ad
848 3425 968 3466 esse
986 3407 1330 3481 specificum,
1362 3406 1460 3464 sed
1481 3407 1656 3464 etiam
1685 3403 1756 3461 ad
1776 3420 1900 3461 esse

549 3489 909 3548 individuale
936 3489 1302 3564 operationis.

538 3643 542 3647 .
621 3571 769 3628 Hinc
809 3569 891 3638 fit,
922 3569 1072 3644 quod
1119 3574 1179 3625 ut
1231 3585 1403 3643 agens
1447 3571 1539 3626 vel
1578 3569 1773 3634 simul,
1806 3568 1899 3624 vel

546 3652 860 3709 successive
898 3651 1087 3709 eliciat
1114 3652 1307 3723 plures
1333 3650 1707 3723 operationes,
1732 3647 1899 3705 debet

546 3730 846 3788 immutari
894 3747 993 3803 per
1023 3731 1214 3804 plures
1262 3729 1659 3801 praemotiones
1691 3743 1900 3801 opera.—

546 3810 818 3878 tionibuS,
852 3818 908 3868 et
927 3809 1217 3868 effectibus
1242 3808 1747 3882 correspondentes
1778 3809 1899 3875 ;ita

546 3895 609 3945 ut
652 3897 903 3950 cessante
929 3906 1046 3947 una
1089 3891 1437 3963 operatione,
1464 3895 1737 3965 arguatur
1774 3905 1897 3945 ces-

543 3989 696 4030 sasse
725 3974 1157 4047 praemotionem
1191 3970 1263 4028 ad
1290 3971 1454 4027 illam
1477 3972 1892 4044 operationem,

545 4068 662 4110 non
689 4070 827 4111 vero
878 4051 1331 4127 praemotionem,
1382 4050 1452 4107 ad
1504 4051 1896 4124 operationem

542 4134 738 4201 aliam,
763 4149 887 4207 quae
919 4136 1262 4205 perseverat.
1288 4134 1468 4196 Quam
1487 4131 1897 4189 resolutionem

542 4215 890 4290 recognoscit
927 4215 1135 4270 Suarez
1172 4226 1294 4268 esse
1336 4228 1702 4270 communem
1744 4213 1897 4269 inter

541 4295 886 4352 ThomistaS.
911 4294 1018 4350 Sed
1042 4292 1200 4350 addit
1222 4294 1341 4368 ipse
1361 4293 1433 4351 ad
1455 4294 1602 4351 hanc
1627 4293 1898 4352 determi-

541 4377 835 4433 nationem
895 4373 1313 4432 individualem
1351 4376 1795 4448 operationum,
1840 4381 1897 4433 et

538 4456 840 4513 effectuum
873 4454 1228 4528 superfluum
1256 4471 1377 4513 esse
1395 4472 1732 4514 concursum
1756 4473 1896 4530 prae-

541 4537 723 4603 vium,
755 4553 884 4595 cum
909 4535 1152 4593 sufficiat
1175 4537 1576 4606 simultaneus,
1606 4538 1731 4595 sive
1753 4554 1894 4595 con-

535 4620 817 4676 comitans
846 4642 861 4687 ;
911 4618 1073 4674 nulla
1111 4619 1271 4675 enim
1321 4625 1580 4676 creatura
1606 4619 1731 4692 quit
1754 4634 1895 4692 ope-

537 4701 657 4758 rari
687 4700 896 4774 absque
922 4699 1251 4774 hujusmodi
1279 4716 1555 4758 concursu
1582 4724 1597 4769 ;
1633 4705 1689 4758 et
1714 4705 1896 4773 potest

535 4782 686 4838 Deus
710 4782 881 4838 illum
928 4798 1032 4855 pro
1057 4797 1163 4839 suo
1196 4780 1361 4839 libito
1392 4782 1667 4849 limitare,
1707 4786 1765 4838 et
1789 4780 1894 4839 de-

535 4862 856 4919 terminare
877 4860 948 4918 ad
994 4863 1343 4935 peculiarem
1369 4862 1648 4920 effectum.
1675 4864 1891 4920 Verum

535 4940 849 4998 falsitatem
876 4941 1048 5017 hujus
1073 4940 1345 4999 doctrinae
1370 4942 1508 4999 satis
1538 4941 1893 4999 ostendimus

536 5021 684 5097 disp.
713 5023 768 5091 5,
797 5021 925 5079 dub.
952 5023 1009 5091 6,
1033 5029 1082 5078 et
1108 5024 1168 5079 in
1199 5022 1304 5081 hac
1346 5023 1491 5098 disp.
1519 5021 1647 5082 dub.
1685 5026 1731 5093 1,
1763 5023 1817 5093 3,
1841 5032 1892 5080 et

2038 580 2115 646 43
2160 593 2297 633 nam
2369 589 2675 633 concursus
2728 570 3103 627 simultaneus
3156 566 3223 623 ad
3295 580 3405 622 ex·

2039 664 2130 715 tra
2173 663 2259 715 est
2297 659 2421 731 ipsa
2464 655 2720 728 operatio
2760 650 2979 725 agentis
3024 647 3276 716 secundi,
3327 645 3401 702 ad

2038 755 2210 812 quam
2238 738 2404 795 debet
2448 734 2813 809 prae‘moveri,
2846 736 2909 788 ut
2953 736 3220 803 operetur
3265 743 3398 784 cum

2038 818 2511 876 subordinatione
2556 815 2625 872 ad
2669 817 2896 872 Deum:
2946 809 3099 867 unde
3149 810 3281 866 talis
3323 808 3400 863 si-

2039 903 2368 958 multaneus
2395 914 2703 956 concursus
2723 911 2840 952 non
2867 893 3217 950 determinat
3235 905 3398 947 crea—

2041 969 2228 1039 turam
2259 998 2331 1039 ex
2354 986 2513 1054 parte
2537 980 2656 1045 Dei,
2682 976 2781 1035 sed
2801 992 2928 1034 eam
2957 973 3226 1046 supponit
3248 987 3396 1045 prae-

2038 1064 2504 1121 determinatam.
2533 1064 2655 1118 Imo
2681 1074 2819 1117 vero
2866 1057 3062 1130 nequit
3092 1058 3236 1112 Deus
3256 1070 3396 1111 con-

2038 1162 2267 1203 cursum
2295 1145 2712 1200 simultaneum
2751 1138 3045 1203 exhibere,
3081 1137 3195 1192 nisi
3235 1135 3397 1207 prius

2037 1227 2304 1285 exhibeat
2354 1240 2694 1283 concursum
2750 1221 3032 1295 praevium
3066 1244 3079 1287 ;
3134 1217 3394 1291 alioquin

2036 1324 2176 1365 caeco
2201 1305 2373 1363 modo
2391 1303 2809 1379 cooperabitur,
2836 1308 2893 1358 et
2918 1299 3126 1356 dubius
3148 1299 3216 1355 de
3235 1298 3396 1355 effec-

2037 1392 2117 1456 tu,
2140 1388 2344 1443 saltem
2389 1401 2519 1442 cum
2547 1385 2640 1441 hic
2681 1388 2767 1439 est
2806 1380 3063 1454 operatio
3092 1380 3282 1451 aliqua
3316 1377 3394 1433 li-

2036 1467 2193 1528 bera.
2225 1467 2570 1524 Recolantur
2607 1464 2759 1521 dicta
2797 1462 2935 1519 locis
2963 1460 3169 1517 citatis.

2109 1551 2236 1606 327.
2286 1551 2500 1614 Quarto
2546 1544 2812 1618 inquirit,
2852 1559 2929 1597 an
2968 1543 3058 1598 hic
3097 1541 3607 1656 concursusqfflffg

2027 1633 2267 1704 praevius
2303 1633 2404 1704 fiat
2442 1647 2477 1684 a
2516 1629 2628 1684 solo
2668 1626 2798 1691 Dee,
2842 1624 2926 1679 vel
2964 1625 3133 1678 etiam
3159 1623 3226 1677 ab
3267 1624 3387 1696 ipsa

2035 1731 2205 1769 causa
2217 1713 2451 1768 secunda
2463 1713 2495 1767 ?
2509 1708 2906 1784 Respondetur
2920 1705 3048 1762 fieri
3066 1721 3098 1762 a
3117 1705 3237 1761 solo
3252 1707 3384 1761 Deo.

2035 1795 2318 1858 Quoniam
2340 1808 2505 1849 causa
2533 1788 3005 1858 secundanequit
3028 1786 3247 1843 efficere
3274 1785 3389 1840 nisi

2038 1889 2139 1946 per
2176 1874 2459 1930 actionem
2488 1896 2502 1939 ;
2546 1886 2649 1928 nec
2676 1872 2957 1927 actionem
2987 1868 3193 1925 elicere
3220 1867 3393 1932 valet,

2036 1954 2149 2010 nisi
2194 1954 2354 2027 prius
2395 1956 2814 2025 praemoveatur
2843 1968 2875 2008 a
2915 1954 3029 2008 Deo
3074 1969 3087 2004 ε
3135 1947 3398 2021 quocirca

2036 2050 2177 2107 opus
2197 2042 2301 2100 est,
2331 2032 2480 2105 quod
2510 2032 2759 2104 praevius
2778 2046 3087 2089 concursus
3105 2045 3168 2084 su
3176 2043 3394 2101 ppona-

2037 2119 2130 2170 tur
2170 2113 2238 2170 ad
2287 2129 2520 2170 omnem
2568 2113 2850 2169 actionem
2896 2115 3188 2174 creaturae,
3228 2113 3394 2181 atque

2036 2194 2164 2252 ideo
2182 2193 2332 2268 quod
2358 2194 2739 2268 subterfugiat
2758 2194 2879 2266 ejus
2905 2191 3210 2248 influxum.
3233 2188 3390 2254 Quod

2036 2275 2272 2333 evidens
2298 2281 2382 2332 est
2409 2276 2472 2331 in
2502 2274 2802 2351 agentibus
2830 2291 2931 2346 per
2961 2273 3241 2330 actionem
3270 2270 3393 2326 for-

2036 2356 2269 2413 maliter
2315 2361 2749 2415 transeuntemz
2799 2370 2935 2410 nam
2974 2354 3142 2427 hujus
3167 2351 3397 2409 effectus

2040 2437 2312 2509 recipitur
2355 2438 2415 2492 in
2454 2452 2616 2509 passo
2655 2436 2994 2500 extrinsece,
3024 2449 3156 2489 cum
3198 2438 3391 2488 tamen

2037 2517 2338 2590 praemotio
2365 2518 2601 2592 physica
2628 2522 2874 2581 moveat,
2901 2522 2958 2572 et
2985 2514 3189 2570 afficiat
3214 2526 3392 2586 agen-

1983 2665 1986 2669 ,
2037 2600 2137 2656 tia.
2153 2598 2471 2655 Videantur
2484 2614 2608 2670 quae
2622 2598 2876 2654 diximus
2894 2597 3021 2653 dub.
3036 2595 3256 2669 praeced,
3282 2595 3385 2664 52,

2034 2694 2107 2735 ex
2130 2677 2337 2751 quibus
2364 2678 2547 2753 magis
2575 2676 2906 2734 firmabitur
2934 2677 3053 2732 haec
3095 2673 3381 2739 resoluti0,

2035 2758 2101 2815 in
2127 2774 2239 2832 qua
2265 2774 2368 2816 nec
2387 2759 2626 2816 Suarius
2647 2759 2770 2831 ipse
2798 2759 2977 2813 ullam
3001 2754 3386 2811 difficultatem

2033 2840 2490 2899 consideratione
2516 2840 2751 2918 dignam
2781 2840 3030 2897 invenit.

2108 2922 2235 2978 328.
2263 2923 2475 2986 Quinta
2504 2921 2880 2996 interrogatio
2906 2924 3009 2987 est,
3041 2921 3100 2974 in
3127 2935 3230 2996 quo
3256 2914 3388 2971 sub-
3406 2927 3619 3030 ‘³323

2023 3005 2165 3075 jecto
2203 3006 2471 3076 proxime,
2504 3012 2553 3058 et
2580 3004 2892 3059 immediate
2929 3004 3230 3073 recipiatur
3265 3017 3393 3055 con-

2033 3102 2226 3141 cursus
2232 3087 2472 3158 praevius
2488 3086 2520 3140 ?
2539 3085 2933 3159 Respon·1etur
2956 3083 3129 3155 recipi
3154 3084 3215 3138 in
3233 3081 3395 3154 prin-

2032 3164 2081 3221 ci
2088 3166 2198 3238 piis
2220 3163 2555 3223 immediate
2570 3165 2900 3239 operativis,
2925 3180 3049 3237 quae
3065 3162 3134 3220 ad
3151 3177 3397 3235 operan-

2033 3246 2169 3303 dum
2198 3252 2565 3315 concurrunt,
2597 3247 2721 3304 sive
2749 3246 3073 3321 hujusmodi
3103 3244 3393 3318 principia

2031 3327 2150 3382 sint
2190 3327 2475 3399 potentiae,
2501 3327 2624 3383 sive
2651 3325 2898 3392 habituS,
2923 3327 3047 3383 sive
3076 3326 3193 3382 alia
3229 3340 3395 3381 com-

2028 3406 2338 3480 principia.
2358 3409 2504 3463 Nam
2523 3405 2851 3482 hujusmodi
2874 3423 3180 3464 concursus
3200 3405 3394 3477 appli-

2032 3492 2121 3544 cat
2149 3532 2162 3555 ,
2230 3492 2287 3545 et
2351 3487 2570 3545 reducit
2635 3487 2902 3561 praedicta
2969 3488 3253 3561 principia
3317 3485 3398 3542 ad

2032 3570 2367 3627 exercitium
2391 3570 2667 3643 operandi
2700 3593 2713 3627 :
2744 3570 2897 3628 unde
2937 3587 3078 3644 opus
3111 3576 3213 3635 est,
3238 3568 3391 3642 quod

2033 3650 2136 3707 illa
2162 3651 2429 3706 immutet
2456 3650 2518 3706 in
2546 3652 2751 3725 seipsis
2768 3675 2782 3719 3
2814 3656 2979 3724 atque
3002 3650 3130 3708 ideo
3149 3648 3297 3723 quod
3323 3648 3398 3705 in

2032 3732 2153 3788 illis
2201 3732 2512 3805 recipiatur
2556 3738 2829 3806 tanquam
2871 3734 2935 3790 in
2973 3732 3221 3807 subjecto
3258 3748 3389 3807 quo.

2032 3814 2197 3872 Unde
2224 3816 2370 3871 facta
2391 3815 2715 3889 hypothesi,
2741 3816 2890 3889 quod
2914 3816 3081 3888 plura
3106 3813 3399 3887 principia

2032 3894 2313 3966 proxime,
2333 3897 2390 3950 et
2404 3893 2740 3952 immediate
2755 3895 2824 3952 ad
2840 3895 3086 3953 eandem
3101 3892 3401 3966 operatio-

2031 3990 2164 4031 nem
2205 3981 2570 4044 concurrant,
2603 3981 2843 4049 oportet,
2872 3975 3020 4050 quod
3062 3975 3257 4033 omnia
3284 3974 3401 4031 illa

2030 4055 2343 4112 intrinsece
2384 4063 2865 4127 praemoveantur,
2896 4062 2953 4113 et
2978 4059 3400 4128 consequenter

2028 4135 2178 4208 quod
2206 4138 2502 4210 praemotio
2525 4138 2942 4212 multiplicetur
2960 4138 3122 4211 juxta
3147 4137 3395 4192 illorum

2030 4216 2450 4289 principiorum
2498 4216 2914 4276 diversitatem.
2956 4217 3015 4272 Si
3056 4231 3191 4273 vero
3218 4212 3401 4287 plura

2030 4296 2313 4370 principia
2339 4297 2792 4373 subordinantur
2814 4298 2999 4354 unicae
3026 4297 3227 4354 virtuti
3248 4312 3398 4369 pro-

2027 4376 2186 4433 xime
2232 4378 2441 4451 agenti,
2475 4383 2536 4434 ut
2574 4379 2855 4454 contingit
2894 4377 3123 4452 quando
3163 4377 3400 4450 agimus

2028 4473 2131 4530 per
2175 4457 2533 4526 charitatem,
2582 4460 2722 4515 satis
2766 4464 2851 4516 est
2892 4457 3399 4532 quodpraemotio

2027 4536 2231 4595 afficiat
2277 4538 2612 4596 immediate
2655 4539 2830 4596 talem
2878 4540 3195 4605 virtutem;
3243 4552 3396 4596 nam

2026 4618 2168 4675 sicut
2189 4620 2442 4692 operatio
2464 4618 2534 4676 ab
2555 4619 2660 4677 hac
2680 4619 2895 4676 virtute
2921 4620 3114 4677 elicita
3133 4622 3216 4676 est
3240 4632 3393 4690 ope-—

2027 4700 2172 4757 ratio
2212 4701 2542 4766 voluntatis,
2586 4704 2643 4757 et
2681 4700 2926 4768 animae;
2964 4700 3045 4756 ita
3087 4699 3396 4773 praemotio

2025 4777 2360 4847 immutans,
2377 4785 2435 4836 et
2454 4779 2747 4853 applicans
2768 4780 2942 4836 talem
2968 4780 3242 4836 virtutem
3264 4777 3396 4834 im-

2024 4867 2227 4927 mutat,
2258 4866 2316 4918 et
2341 4862 2587 4936 applicat
2606 4863 2986 4930 voluntatem,
3018 4867 3076 4919 et
3095 4861 3389 4919 animam.

2100 4941 2247 4999 Hinc
2286 4943 2494 4999 inferri
2523 4943 2714 5017 arguit
2757 4943 2990 5011 Suarez,
3029 4942 3253 4999 nullam
3283 4956 3396 5013 po—

2025 5023 2289 5093 tentiam,
2335 5028 2432 5081 aut
2471 5024 2747 5083 virtutem
2786 5030 3034 5083 creatam
3073 5037 3197 5082 esse
3241 5039 3399 5095 pure

3113 5105 3393 5177 activam,
