3647 5753
549 390 624 445 40
1561 380 1653 434 DE
1692 369 1964 434 GRATIA
2015 377 2360 433 EFFICACI.

2115 550 2218 605 59.'
2254 547 2643 607 confirmatur
2654 546 2998 606 declarando
3012 548 3264 621 amplius
3281 548 3420 604 vim
3455 578 3578 617 mm

2036 631 2208 705 hujus
2261 631 2544 687 rationis:
2577 647 2715 688 nam
2765 647 2898 687 cum
2939 628 3170 695 dicitur,
3223 630 3423 686 Deum
3467 633 3578 667 ΝΜ

2009 716 2013 721 ’
2037 716 2171 768 ante
2197 726 2371 769 omne
2397 710 2690 768 decretum
2718 711 3048 785 cognovisse
3075 709 3225 765 hanc
3246 711 3424 767 veri-

550 566 708 623 sitin
737 563 1059 621 absolutum
1089 560 1384 633 purificata
1413 546 1740 619 conditione
1767 580 1779 616 :
1808 574 1908 616 er-

545 663 617 721 go
655 661 727 702 ex
768 648 951 716 parte,
977 640 1322 698 conditionis
1379 639 1589 698 debent
1641 639 1795 712 poni,
1851 642 1908 694 et

549 724 834 799 implicari
866 723 1066 780 omnia
1111 720 1415 793 principia,
1446 736 1480 776 a
1503 718 1711 792 quibus
1734 718 1906 775 effec-

546 812 636 862 tus
655 803 937 878 dependet
956 803 1019 859 in
1041 806 1188 858 statu
1210 799 1470 857 absoluto
1494 823 1509 867 ;
1528 800 1671 855 alias
1692 798 1903 855 falsum

544 894 707 954 esset,
730 885 879 960 quod
903 885 1083 958 posita
1102 882 1204 939 tali
1226 881 1554 940 conditione
1571 886 1905 954 sequeretur

547 965 942 1024 infallibiliter
984 962 1248 1020 effectus:
1299 966 1484 1032 posset
1525 960 1737 1034 quippe
1780 959 1902 1033 ejus

542 1046 848 1105 existentia
903 1059 1020 1101 non
1044 1043 1202 1114 sequi
1230 1038 1301 1099 ob
1327 1040 1609 1098 defectum
1662 1041 1903 1114 alicujus

544 1126 818 1201 principii
873 1123 1195 1188 necessarii,
1250 1121 1401 1195 quod
1461 1122 1524 1178 in
1574 1122 1902 1180 conditione

544 1224 663 1267 non
690 1204 1113 1281 implicabatur.
1136 1204 1309 1262 Verbi
1338 1204 1541 1279 gratia,
1560 1204 1611 1259 si
1632 1205 1778 1260 Deus
1800 1219 1901 1276 per

539 1290 842 1346 scientiam
895 1285 1145 1344 mediam
1188 1286 1473 1358 praescivit
1511 1286 1657 1342 hanc
1681 1286 1900 1341 verita-

544 1376 656 1426 tem
676 1368 770 1427 :Si
788 1368 983 1425 Petrus
1004 1369 1063 1421 in
1078 1367 1181 1423 toli
1194 1383 1379 1422 rerum
1398 1368 1536 1422 serie
1554 1368 1900 1422 constituere-

543 1460 655 1517 tur,
686 1458 735 1505 et
761 1452 864 1506 hac
888 1456 1173 1504 vocaretur
1194 1449 1491 1515 vocatione,
1525 1449 1850 1503 consentiret
1880 1471 1894 1512 ;

542 1533 634 1587 vel
658 1532 721 1587 in
748 1530 853 1586 illa
886 1527 1213 1585 conditione
1242 1529 1660 1601 complicantur
1699 1527 1900 1585 omnia

543 1611 828 1685 principia
846 1609 1166 1668 necessaria
1178 1607 1248 1666 ad
1257 1609 1715 1677 consensum,vel
1734 1625 1849 1667 non
1870 1611 1897 1666 P

538 1693 596 1749 si
637 1692 856 1749 dicatur
881 1692 987 1748 hoc
1030 1690 1299 1745 ultimum
1333 1710 1346 1745 ε
1403 1705 1538 1763 ergo
1581 1693 1767 1746 stante
1792 1688 1896 1746 illa

537 1772 881 1838 conditione,
915 1769 1096 1827 adhuc
1136 1784 1253 1826 non
1277 1773 1615 1841 sequeretur
1652 1784 1896 1826 consen-

537 1871 672 1921 sus;
726 1868 855 1910 cum
898 1867 1015 1907 non
1061 1849 1253 1907 adsint
1296 1849 1494 1906 omnia
1532 1848 1836 1923 principia,
1862 1865 1895 1905 a

536 1934 742 2008 quibus
778 1931 1057 2005 dependet
1089 1953 1102 1987 ε
1132 1947 1196 1987 ac
1241 1928 1481 2003 proinde
1543 1944 1662 1986 non
1709 1933 1895 2001 posset

536 2030 843 2074 consensus
882 2012 1272 2069 infallibiliter
1298 2009 1626 2084 praevideri,
1659 2014 1716 2066 et
1762 2024 1893 2066 cor-

535 2097 651 2153 ruit
669 2092 948 2152 certitudo
965 2092 1216 2150 scientiae
1236 2090 1458 2149 mediae.
1484 2090 1541 2145 Si
1565 2094 1757 2146 autem
1784 2089 1893 2147 eli-

487 2216 490 2219 *
530 2181 699 2252 gatur
740 2175 993 2247 primum
1022 2194 1034 2227 :
1063 2186 1199 2246 ergo
1238 2170 1310 2227 ab
1335 2171 1550 2228 eisdem
1588 2169 1892 2242 principiis

531 2257 636 2314 sub
655 2255 984 2314 conditione
1023 2252 1219 2325 positis
1271 2249 1552 2324 dependet
1582 2264 1892 2307 consensus

529 2337 915 2397 conditionate
941 2333 1186 2400 futurus,
1217 2347 1251 2388 a
1276 2331 1484 2404 quibus
1509 2327 1766 2388 absolute
1787 2345 1891 2401 po-

529 2418 655 2472 sitis
674 2412 954 2487 dependet
997 2426 1304 2468 consensus
1348 2408 1885 2474 absolutefuturus,

529 2501 585 2553 et
609 2510 642 2552 e
662 2507 954 2551 converso.
985 2491 1181 2546 Minor
1204 2486 1397 2544 'autem
1418 2486 1721 2554 suadetur;
1752 2502 1888 2543 nam

530 2575 593 2630 in
648 2572 853 2646 primis
903 2570 1089 2644 gratia
1138 2566 1529 2624 infallibiliter
1590 2568 1890 2640 conjuncta

528 2669 660 2711 cum
698 2651 918 2716 effectu,
950 2653 1006 2706 et
1039 2648 1109 2705 ad
1136 2662 1309 2721 quam
1334 2646 1592 2719 sequitur
1636 2646 1883 2713 effectus,

532 2751 654 2792 non
679 2738 764 2790 est
787 2731 974 2806 gratia
1001 2745 1159 2787 mere
1196 2726 1498 2794 sufficien5‚
1529 2726 1626 2784 sed
1653 2726 1883 2794 efficax;

528 2812 812 2889 siquidem
856 2826 973 2867 non
1017 2809 1204 2865 solum
1246 2812 1472 2881 praestat
1512 2822 1672 2880 posse
1697 2822 1882 2882 agere,
1917 2838 1922 2844 -

525 2896 624 2954 sed
671 2896 847 2952 etiam
896 2895 1083 2966 ipsum
1125 2906 1293 2965 agere
1318 2911 1332 2945 z
1384 2889 1540 2962 atqui
1579 2905 1889 2946 consensus

525 2976 909 3034 conditionate
968 2973 1196 3029 futurus
1257 2969 1601 3044 praevidetur
1664 2970 1806 3027 oriri
1853 2986 1886 3026 a

526 3059 711 3135 gratia
731 3054 1125 3114 infallibiliter
1146 3054 1441 3127 conjuncta
1463 3069 1592 3110 cum
1615 3053 1738 3126 ipso
1758 3069 1888 3110 con-

525 3157 715 3207 sensu,
744 3144 803 3196 et
821 3139 891 3195 ad
918 3153 1090 3210 quam
1111 3151 1417 3194 consensus
1434 3136 1718 3207 sequitur;
1742 3135 1887 3190 alias

530 3224 674 3280 falsa
688 3226 835 3279 esset
849 3221 964 3277 haec
979 3216 1386 3276 conditionalis
1402 3218 1499 3275 :Si
1524 3217 1717 3275 Petrus
1735 3234 1888 3273 cons-

528 3307 818 3359 titueretur
837 3303 899 3356 in
925 3300 1031 3355 tali
1055 3315 1240 3354 rerum
1258 3297 1468 3366 ordine,
1496 3305 1546 3353 et
1589 3298 1694 3354 hac
1717 3314 1887 3353 voca-

524 3389 668 3441 tione
708 3386 1062 3446 eoecitaretur,
1093 3383 1414 3436 consentiret
1441 3398 1460 3434 .·
1480 3395 1616 3453 ergo
1641 3394 1885 3436 consen-

523 3483 619 3522 sus
642 3466 704 3521 in
726 3467 873 3520 statu
913 3459 1300 3519 conditionato
1325 3459 1604 3533 dependet
1634 3475 1669 3515 a
1699 3459 1886 3533 gratia

521 3546 749 3604 efficaci.
784 3541 944 3609 Quod
984 3547 1175 3599 autem
1210 3540 1344 3596 talis
1369 3540 1551 3615 gratia
1577 3539 1651 3595 sit
1689 3538 1884 3596 efficax

524 3624 979 3697 independenter
1005 3639 1038 3679 a
1063 3622 1302 3679 scientia
1354 3620 1563 3689 media,
1596 3621 1762 3678 facile
1787 3637 1884 3678 os-

522 3706 776 3764 tenditur
804 3709 963 3761 :tum
989 3702 1124 3775 quia
1162 3702 1401 3758 scientia
1429 3700 1619 3758 media
1659 3716 1778 3758 non
1798 3707 1885 3757 est

522 3788 727 3844 factiva
752 3785 841 3840 sui
869 3783 1093 3859 objecti,
1137 3781 1421 3855 siquidem
1461 3786 1524 3837 ut
1548 3780 1880 3837 Adversarii

522 3866 906 3926 communiter
967 3868 1249 3929 asserunt,
1291 3879 1407 3920 non
1462 3862 1591 3920 ideo
1649 3863 1754 3919 hoc
1796 3866 1883 3918 est

520 3947 905 4006 conditionate
944 3946 1224 4009 futurum,
1255 3944 1391 4016 quia
1436 3944 1614 3999 scitur
1659 3958 1693 3998 a
1719 3943 1833 3998 Deo
1862 3965 1877 4008 ;

520 4028 616 4085 sed
643 4028 828 4101 potius
853 4042 885 4083 e
911 4030 1126 4090 contra,
1158 4022 1285 4080 ideo
1311 4024 1490 4079 scitur
1532 4038 1565 4078 a
1587 4023 1716 4087 De0‚
1745 4020 1888 4093 quia

517 4117 600 4168 est
658 4108 1044 4167 conditionate
1099 4107 1359 4162 futurum
1388 4126 1401 4161 ε
1457 4118 1592 4177 ergo
1635 4101 1880 4160 efficacia

515 4192 714 4267 gratiae
735 4189 842 4246 sub
867 4206 977 4262 qua
1018 4186 1369 4262 praevidetur
1410 4199 1716 4242 consensus
1740 4198 1879 4241 con-

515 4274 792 4331 ditionate
817 4265 1059 4336 futurus,
1078 4271 1161 4325 est
1182 4265 1573 4339 independens
1588 4282 1622 4323 a
1641 4265 1879 4322 scientia

514 4354 723 4413 media.
754 4353 901 4407 Tum
946 4351 1143 4414 etiam,
1168 4349 1305 4421 quia
1341 4348 1390 4403 si
1438 4346 1509 4404 ad
1536 4345 1877 4404 salvandam

515 4433 819 4491 efficaciam
847 4430 1044 4505 gratiae
1065 4445 1097 4485 a
1122 4444 1232 4502 qua
1268 4425 1553 4500 dependet
1570 4442 1878 4484 consensus

516 4514 577 4569 in
592 4518 741 4570 statu
752 4510 1161 4574 conditionato,
1187 4512 1333 4566 esset
1350 4507 1670 4565 necessaria
1688 4507 1877 4564 scien-

517 4593 598 4649 tia
620 4592 829 4658 media,
865 4606 965 4664 per
985 4605 1159 4663 quam
1187 4589 1290 4645 illa
1309 4587 1553 4645 efficacia
1581 4587 1877 4662 regulare-

514 4679 629 4739 tur,
655 4674 775 4747 jam
824 4673 940 4729 haec
965 4671 1207 4728 scientia
1235 4676 1773 4743 praesupponeretur
1804 4666 1875 4724 ad

511 4771 682 4811 suum
721 4753 1022 4828 objectum,
1075 4752 1194 4809 imo
1235 4755 1698 4824 praesupponeret
1720 4750 1876 4822 seip-

512 4850 635 4890 sam
664 4850 734 4890 ex
784 4838 944 4905 parte
969 4831 1313 4890 conditionis
1341 4855 1356 4898 ;
1390 4828 1539 4904 quod
1577 4836 1633 4888 et
1672 4830 1876 4902 impli-

511 4913 796 4972 catorium
841 4917 944 4982 est,
969 4916 1026 4970 et
1052 4910 1254 4968 fundat
1282 4926 1605 4984 processum
1645 4907 1709 4965 in
1737 4908 1875 4966 infi-

514 4996 724 5052 nitum.

2036 795 2216 848 tatem
2241 814 2255 848 ε
2273 790 2344 853 Si
2366 791 2560 848 Petrus
2578 794 2995 848 constitueretur
3014 793 3075 846 in
3096 791 3202 847 tali
3221 807 3427 846 remm

2033 872 2242 938 ordine,
2291 880 2340 927 et
2365 875 2470 928 hac
2485 875 2675 943 qratia
2697 879 3002 937 vocaretur,
3033 874 3370 927 consentiret
3405 894 3421 936 ;

2034 951 2128 1009 vel
2149 952 2254 1009 illa
2279 953 2464 1027 gratia
2510 968 2637 1026 quae
2675 968 2749 1009 ex
2775 958 2936 1025 parte
2956 950 3326 1019 conditionis,
3358 957 3423 1006 et

2034 1034 2422 1091 antecedentis
2451 1036 2706 1108 ponitur,
2737 1039 2820 1091 est
2846 1033 3062 1102 efficax,
3091 1033 3184 1089 vel
3211 1033 3420 1090 solum

2031 1120 2116 1171 est
2158 1114 2447 1170 sufficiens
2487 1117 2514 1172 ?
2557 1115 2616 1170 Si
2664 1112 2889 1170 dicatur
2939 1114 3044 1170 hoc
3083 1113 3417 1168 ultimum:

2030 1209 2166 1268 ergo
2195 1194 2257 1252 in
2309 1200 2458 1251 statu
2501 1194 2761 1252 absoluto
2810 1194 3044 1266 ponitur
3092 1208 3419 1250 consensus

2031 1275 2484 1349 independenter
2511 1293 2543 1334 a
2569 1276 2756 1351 gratia
2809 1276 3040 1333 efficaci.
3075 1278 3235 1332 Patet
3252 1291 3417 1351 ‚con-

2029 1358 2343 1428 sequentia,
2375 1358 2510 1430 quia
2558 1373 2649 1415 res
2681 1357 2788 1414 sub
2833 1357 3162 1415 conditione
3205 1355 3416 1412 futura

2030 1437 2241 1494 transit
2281 1439 2343 1494 in
2392 1437 2650 1496 absolute
2700 1439 3064 1499 existentem.
3102 1435 3415 1509 purificata

2026 1515 2357 1575 conditione
2389 1540 2403 1574 :
2432 1534 2569 1593 ergo
2594 1518 2643 1573 si
2692 1518 2756 1575 in
2783 1516 3129 1583 conditione,
3161 1515 3269 1572 sub
3290 1534 3415 1588 qua

2029 1595 2378 1669 praevidetur
2404 1612 2715 1654 consensus
2746 1598 2995 1661 futurus,
3028 1612 3146 1653 non
3175 1596 3412 1668 impor-

2029 1682 2180 1734 tatur
2205 1679 2394 1752 gratia
2413 1678 2631 1744 efficax,
2660 1677 2758 1735 sed
2806 1678 2994 1734 solum
3024 1677 3212 1751 gratia
3237 1677 3410 1733 suffi-

2026 1758 2181 1815 ciens
2206 1782 2220 1823 ;
2252 1758 2430 1830 posita
2460 1758 2648 1832 gratia
2675 1773 2835 1814 mere
2862 1756 3183 1823 sufficienti,
3219 1772 3412 1828 pone-

2026 1845 2119 1895 tur
2146 1838 2545 1895 infallibiliter
2592 1853 2904 1895 consensus
2946 1837 3412 1910 independenter

2025 1935 2059 1975 a
2108 1919 2295 1993 gratia
2337 1919 2567 1976 efficaci.
2617 1918 2781 1976 Unde
2824 1920 2873 1975 si
2947 1918 3237 1991 supposita
3299 1919 3409 1975 illa

2024 1998 2382 2072 praescientia
2402 1998 2809 2066 conditionata,
2837 2001 2985 2055 Deus
3012 1997 3272 2055 absolute
3291 1996 3404 2056 de-

2021 2088 2221 2137 cernat
2239 2082 2583 2145 constituere
2609 2079 2909 2137 hominem
2951 2081 3014 2136 in
3048 2080 3152 2136 tali
3191 2096 3402 2137 rerum

2022 2161 2244 2227 ordine,
2276 2170 2333 2220 et
2357 2161 2495 2219 dare
2521 2162 2613 2218 illi
2636 2161 2885 2236 gratiam
2928 2177 3070 2234 pure
3108 2161 3408 2220 sufficien-

2022 2247 2158 2309 tem,
2190 2245 2416 2301 etiamsi
2438 2241 2840 2300 diceretzNolo
2860 2243 2993 2298 dare
3010 2245 3257 2312 ,oratiam
3285 2247 3407 2318 effi·

2020 2340 2219 2389 casem,
2246 2325 2338 2381 vel
2355 2323 2497 2381 Nolo
2511 2323 2645 2378 dare
2666 2325 2932 2394 majorem
2942 2325 3209 2393 qratiam,
3228 2342 3406 2402 quam

2020 2405 2179 2461 illa-m
2200 2404 2299 2461 sub
2327 2423 2436 2482 qua
2463 2405 2832 2461 conditionate
2864 2405 2998 2459 data
3028 2405 3146 2460 vidi
3166 2423 3401 2462 consen—

2018 2505 2141 2543 sum
2210 2489 2577 2544 conditionate
2621 2489 2879 2561 futurum
2929 2505 2947 2540 .·
2997 2486 3403 2546 infallibiliter

2018 2576 2351 2642 sequeretur
2395 2585 2706 2628 consensus
2747 2573 2963 2625 noster.
3018 2570 3086 2623 Et
3147 2568 3402 2627 subinde

2020 2650 2474 2725 independenter
2497 2668 2530 2707 a
2556 2651 2741 2726 gratia
2758 2649 2966 2707 efficaci
2991 2648 3303 2722 poneretu'r
3332 2653 3400 2707 iu

2022 2749 2218 2791 rerum
2280 2737 2489 2790 natura
2552 2748 2863 2790 consensus
2930 2734 3398 2804 supernaturalis

2018 2813 2339 2871 conducens
2366 2811 2437 2869 ad
2457 2813 2704 2869 salutem
2739 2833 2751 2868 ε
2780 2810 2932 2885 quod
2949 2812 3147 2885 nequit
3172 2812 3394 2868 admit-

2019 2896 2062 2952 ti
2094 2919 2109 2962 ς
2136 2911 2272 2951 nam
2312 2893 2525 2951 directe
2577 2893 2888 2966 opponitur
2932 2892 3125 2950 verbis
3170 2894 3393 2950 Christi

2018 2974 2273 3040 Domini,
2303 2976 2448 3031 Joan
2497 2976 2566 3030 6:
2595 2973 2770 3031 Nemo
2785 2979 2956 3046 potest
2979 2976 3161 3028 venire
3178 2975 3255 3028 ad
3281 2991 3390 3041 me,
3427 2994 3571 3034 susm,

2016 3057 2130 3110 nisi
2159 3055 2325 3112 Pater
2350 3057 2448 3132 qui
2486 3057 2638 3110 misit
2666 3072 2769 3120 me,
2794 3056 3033 3109 traxerit
3071 3071 3194 3109 eum
3217 3072 3235 3106 .·
3261 3070 3398 3125 quae

2015 3137 2403 3212 communiter
2450 3138 2667 3202 Patres,
2699 3140 2756 3193 et
2801 3137 3064 3193 Doctores
3109 3135 3391 3194 Catholici

1971 3211 1978 3215 ’
2014 3224 2313 3291 exponunt
2338 3217 2408 3274 de
2433 3218 2714 3275 tractione
2740 3216 2967 3284 efficaci,
2993 3221 3192 3275 contra
3214 3218 3394 3274 Pela-

2013 3300 2197 3374 gium,
2225 3305 2282 3356 et
2318 3300 2439 3373 ejus
2484 3297 2812 3371 discipulos,
2838 3300 2898 3355 Si
2947 3303 3136 3354 autem
3187 3298 3250 3353 in
3278 3299 3396 3355 illa

2015 3380 2361 3446 conditione,
2392 3384 2443 3436 si
2487 3382 2594 3438 Ιιαο
2614 3384 2803 3452 qratia
2828 3389 3062 3447 vocetur,
3087 3396 3281 3438 sermo
3307 3383 3396 3438 sit

2015 3461 2085 3519 de
2109 3463 2297 3537 gratia
2318 3462 2526 3520 efficaci
2560 3485 2573 3519 ι
2597 3478 2733 3537 ergo
2756 3465 2878 3537 jam
2900 3479 3211 3520 consensus
3234 3478 3394 3535 prae-

2014 3542 2244 3599 videtur
2294 3542 2683 3600 conditionate
2709 3543 2855 3600 oriri
2901 3559 2935 3600 a
2958 3544 3146 3618 gratia
3170 3542 3393 3600 efficaci

2014 3623 2424 3697 independenti
2472 3640 2505 3681 a
2562 3625 2801 3682 scientia
2842 3625 3050 3683 media.
3097 3624 3392 3682 Probatur

2012 3708 2414 3780 consequentia
2437 3731 2452 3774 ς
2523 3723 2659 3763 nam
2729 3707 2970 3765 scientia
3023 3705 3218 3764 media
3278 3722 3393 3764 nec

2013 3786 2270 3856 fabricat,
2305 3803 2406 3844 nec
2450 3789 2690 3863 regulat,
2716 3803 2829 3850 ‚nec
2854 3788 3054 3864 dirigit
3078 3803 3246 3844 suum
3274 3785 3387 3843 ob-

2006 3867 2239 3941 jectum,
2279 3872 2335 3924 et
2384 3867 2742 3925 conditiones
2767 3884 2838 3926 ex
2880 3877 3040 3943 parte
3065 3867 3266 3942 obJecti
3316 3885 3389 3926 se

2013 3952 2275 4005 tenentes
2305 3971 2319 4014 ;
2348 3946 2445 4004 sed
2472 3953 2556 4004 est
2579 3964 2720 4020 pure
2745 3950 3114 4021 speculativa,
3142 3948 3387 4004 intuens

2010 4042 2107 4084 eas
2151 4027 2624 4095 combinationes,
2675 4033 2731 4085 et
2777 4030 3218 4101 complexiones,
3250 4043 3385 4099 qum

2011 4107 2215 4166 divino
2256 4108 2574 4166 intellectui
2605 4115 3098 4181 repraesentantur
3133 4123 3305 4181 :ergo
3324 4110 3379 4164 si

2012 4189 2311 4260 praenoscit
2331 4203 2673 4245 consensum
2693 4187 3083 4246 conditionate
3111 4187 3379 4244 futurum

2010 4267 2398 4342 dependenter
2425 4285 2458 4326 a
2483 4270 2685 4344 gratiae
2712 4269 2977 4334 efficacia,
3006 4270 3109 4326 illa
3128 4269 3378 4326 efficacia

1953 4371 1962 4378 ·
2007 4365 2133 4421 quae
2162 4354 2604 4422 repraesentatur
2630 4365 2702 4407 ex
2747 4355 2910 4423 parte
2936 4349 3139 4424 objecti
3165 4355 3249 4405 est
3276 4350 3360 4405 in·

2008 4428 2335 4501 dependens
2351 4446 2385 4487 a
2398 4429 2636 4487 scientia
2654 4429 2863 4487 media.
2874 4431 2943 4484 Et
2957 4435 3091 4486 tunc
3106 4435 3270 4504 urget
3285 4446 3379 4486 ar-

2005 4515 2345 4584 gumentum
2388 4526 2573 4583 nuper
2610 4510 2852 4578 factum;
2891 4526 3027 4566 nam
3057 4509 3128 4566 ab
3154 4508 3373 4566 eisdem

2009 4589 2312 4665 principiis
2338 4588 2619 4662 dependet
2644 4605 2954 4647 consensus
2998 4591 3061 4646 in
3089 4594 3237 4646 statn
3267 4590 3375 4647 ab·

2006 4671 2212 4735 soluto,
2244 4685 2282 4726 a
2304 4670 2512 4743 quibus
2549 4669 2655 4727 sub
2702 4669 3030 4729 conditione
3051 4670 3250 4744 positis
3268 4670 3372 4729 de-

2008 4750 2216 4823 pendet
2251 4749 2315 4805 in
2341 4755 2491 4807 statu
2532 4749 2923 4808 conditionate
2953 4751 3091 4808 :sed
3127 4767 3371 4808 consen-

2006 4848 2104 4886 sus
2132 4830 2197 4886 in
2239 4835 2386 4886 statu
2428 4829 2817 4889 conditionate
2837 4829 3118 4904 dependet
3133 4846 3166 4887 a
3185 4833 3372 4905 gratia

2005 4910 2212 4968 efficaci
2261 4909 2714 4983 independenter
2735 4927 2768 4968 a
2807 4911 3048 4968 scientia
3073 4909 3283 4979 media,
3309 4919 3375 4968 ut

2004 4998 2224 5050 constat
2262 4999 2342 5049 ex
2372 4991 2537 5050 dictis
2570 5001 2750 5067 :ergo
2797 4994 2859 5048 in
2886 4997 3035 5050 statu
3090 4991 3368 5083 absolu-to,

2745 5084 2754 5091 ·
3245 5089 3372 5130 sive
