3647 5753
1262 398 1668 457 AnricuLus
1707 398 1810 454 vii
1851 397 1944 452 ET
1982 397 2133 452 vni.
2198 383 2201 387 ’
2995 391 3106 446 789

246 585 419 632 assidua
443 604 453 629 =
480 586 556 631 sed
587 583 746 629 ibidem
778 581 1066 636 praemittitur:
1087 580 1208 623 Orate
1240 588 1313 633 pro
1343 576 1537 627 invicem,
1566 577 1612 619 ut

246 643 468 690 salvemini
486 663 496 688 :
515 654 606 686 cuin
627 641 753 695 igitur
768 641 880 684 salus
900 639 1078 683 iiomiuis
1096 648 1177 682 non
1191 636 1321 689 possit
1337 644 1431 679 esse
1444 633 1524 677 nisi
1539 641 1613 685 per

247 704 442 758 gratiam,
471 700 639 745 videtui·
667 700 776 754 quod
796 711 900 744 unus
918 699 1039 742 honio
1058 701 1187 751 possit
1203 693 1327 739 alteri
1347 692 1496 737 mereri
1522 690 1612 744 pri·

246 772 361 806 mam
376 759 562 813 gratiam.

302 821 528 866 Prii-terea.
547 820 670 859 Lucae
690 818 752 866 16,
772 814 950 858 dicitur:
971 812 1113 857 Facite
1128 810 1413 855 vobisamicos
1424 809 1478 854 de
1491 820 1614 854 mam·

250 886 374 920 mona
394 873 642 928 iniquitatis,
657 879 699 916 ut
718 884 808 915 cuin
823 870 1079 919 defeceritis,
1097 867 1299 921 recipiant
1312 878 1386 910 vos
1400 867 1441 909 in
1459 872 1615 910 aeterna

252 932 553 977 tabernacula:
584 930 659 975 sed
690 929 828 973 nullus
859 927 1056 980 recipitur
1086 927 1127 969 in
1160 933 1315 969 3110333
1336 924 1614 975 tabernacula.

252 989 341 1033 nisi
365 999 439 1042 per
468 986 656 1039 gratiam.
691 996 762 1039 per
793 996 910 1039 quam
942 985 1071 1027 solam
1099 981 1252 1034 aliquis
1280 986 1462 1029 meretur
1488 981 1616 1024 vitam

252 1052 466 1097 aeternam,
488 1051 531 1089 ut
556 1054 677 1096 supra
697 1043 850 1086 dictum
864 1049 952 1086 est:
974 1050 1073 1093 crgo
1092 1051 1197 1084 unus
1212 1039 1332 1082 homo
1344 1042 1477 1090 potest
1493 1035 1616 1083 alteri

253 1102 472 1156 acquirere
495 1102 692 1146 merendo
711 1102 879 1155 primani
898 1100 1087 1153 graiium.

308 1164 393 1208 Sed
424 1170 563 1207 contra
593 1169 658 1207 est
678 1161 786 1216 quod
806 1161 960 1204 dicitur
977 1160 1067 1202 Jer.
1087 1158 1135 1200 15
1158 1155 1233 1200 :Si
1253 1154 1417 1200 steterit
1434 1156 1616 1207 Moyses.

254 1224 301 1265 et
318 1220 479 1263 Samuel
495 1229 632 1263 corani
650 1230 730 1271 me,
751 1228 832 1261 non
846 1222 909 1261 est
925 1215 1059 1258 anima
1080 1222 1171 1257 mea
1186 1212 1240 1255 ad
1259 1210 1448 1264 populum
1468 1208 1617 1253 istum:

258 1277 331 1333 qui
352 1282 487 1321 tamen
504 1278 666 1321 ruerunt
686 1274 851 1320 maximi
874 1272 1010 1317 meriti
1029 1271 1138 1324 apud
1152 1272 1297 1313 Deum.
1316 1267 1617 1319 videtui-ergo.

259 1332 372 1387 quod
399 1332 538 1375 nullus
555 1332 681 1385 possit
699 1329 821 1374 alteri
841 1327 990 1372 mereri
1010 1326 1181 1379 primam
1206 1324 1393 1377 gratiam.

313 1390 565 1443 Respondeo
596 1388 830 1438 dicendum.
850 1386 958 1440 3303
989 1384 1094 1428 sicut
1112 1394 1165 1427 ex
1192 1392 1311 1435 supra
1350 1378 1477 1424 dictis
1493 1383 1619 1433 patet,

260 1458 366 1501 opus
382 1455 564 1491 nostrum
586 1448 707 1491 habet
726 1446 926 1488 rationein
946 1443 1082 1486 meriti
1113 1451 1165 1487 ex
1185 1441 1355 1484 duobus
1377 1438 1516 1483 Primo
1533 1438 1623 1491 qui·

260 1504 357 1548 dem
387 1514 439 1548 ex
459 1504 498 1548 vi
521 1503 713 1547 motionis
734 1501 904 1550 divinae,
924 1505 965 1543 et
990 1499 1051 1541 sic
1078 1502 1256 1541 meretur
1277 1496 1429 1548 aliquis
1457 1504 1509 1538 ex
1527 1504 1622 1538 con·

258 1560 402 1613 digno.
432 1561 530 1605 Alio
550 1559 671 1605 modo
707 1560 829 1602 1131101
847 1558 1046 1602 rationem
1078 1553 1232 1603 meriti.
1260 1553 1486 1597 secundum
1512 1550 1623 1606 quod

258 1617 518 1672 proceditex
535 1617 671 1661 libero
699 1614 891 1664 arbitrio.
912 1615 954 1657 iii
982 1617 1175 1667 qnantum
1206 1609 1436 1654 voluntarie
1463 1607 1624 1662 aliquid

258 1676 463 1728 tacimus:
494 1681 535 1720 ct
563 1686 615 1719 cx
634 1676 710 1718 1130
726 1681 838 1727 parte
875 1678 939 1718 est
968 1671 1158 1716 meritum
1188 1667 1373 1721 congrui.
1401 1665 1497 1721 quia
1526 1677 1625 1710 con·

258 1743 407 1785 gruum
435 1738 514 1781 est.
534 1736 575 1775 ut
595 1730 689 1774 duni
725 1732 845 1774 tiemo
863 1730 968 1773 bene
1000 1730 1124 1772 utitur
1143 1736 1215 1769 sua
1242 1725 1406 1775 virtute,
1426 1724 1541 1766 Deus
1562 1732 1627 1766 se·

259 1789 438 1833 cundum
455 1787 849 1841 superexcellentem
860 1785 1050 1828 virtutem
1061 1782 1330 1827 excellentius
1345 1785 1550 1834 operetur.
1563 1780 1627 1820 Ex

265 1856 350 1899 quo
367 1850 492 1898 patet.
511 1843 622 1897 quod
642 1842 790 1886 merito
807 1839 1002 1892 condigni
1022 1838 1158 1882 nulius
1177 1842 1312 1890 potest
1337 1833 1487 1880 mereti
1503 1833 1626 1878 alteri

262 1903 440 1955 primam
466 1900 653 1952 gratiam,
668 1897 749 1941 nisi
767 1898 880 1940 solus
897 1895 1106 1943 Christus:
1126 1893 1220 1947 quia
1238 1892 1518 1945 uuusquisque
1537 1899 1628 1933 nos·

263 1960 373 1999 trum
401 1961 585 1999 movetur
614 1964 637 1996 a
660 1955 752 1996 Deo
780 1963 853 2005 pcr
885 1951 1037 1994 3011331
1066 1950 1224 2002 gratim.
1257 1954 1298 1993 ut
1317 1948 1406 2000 ipse
1429 1946 1483 1989 ad
1501 1945 1627 1988 vitam

265 2018 464 2056 aeternam
494 2008 739 2064 perveniat:
771 2015 810 2053 et
834 2008 931 2053 ideo
952 2008 1142 2052 meritum
1172 2004 1370 2058 condigni
1390 2004 1495 2047 ultra
1525 2002 1629 2045 lianc

266 2070 488 2114 motionem
508 2080 590 2112 non
603 2080 648 2113 se
661 2068 863 2113 extendit.
880 2067 961 2110 Sed
982 2067 1117 2109 anima
1136 2064 1288 2108 Christi
1305 2067 1409 2117 mota
1427 2066 1491 2105 est
1502 2072 1526 2103 a
1538 2062 1630 2103 Deo

267 2135 341 2179 per
370 2124 559 2179 gratiam.
580 2137 663 2169 nou
680 2126 813 2168 solum
844 2131 887 2168 ut
906 2125 994 2177 ipsc
1013 2122 1249 2176 perveniret
1265 2121 1319 2164 ad
1338 2118 1513 2173 gloriam
1534 2115 1630 2160 vitae

268 2188 452 2233 aeternae.
477 2182 552 2225 sed
584 2182 708 2225 etiam
737 2186 781 2224 ut
808 2181 917 2226 alios
935 2181 977 2223 iii
1009 2189 1099 2222 cain
1117 2175 1419 2221 adduceret.in
1437 2178 1631 2227 quantum

267 2244 335 2285 est
364 2245 482 2291 caput
515 2238 728 2286 Ecclesize.
758 2245 800 2281 01
830 2238 976 2281 author
1005 2236 1156 2280 sal-itis
1188 2235 1387 2283 humanae,
1406 2230 1631 2275 secundum

269 2295 377 2339 11133
408 2297 461 2339 ad
493 2296 621 2338 Hebr.
640 2298 697 2338 2:
722 2294 802 2346 Qui
831 2295 980 2337 multos
1000 2293 1109 2336 lilios
1132 2291 1368 2343 ingloriam
1387 2288 1631 2337 adduxerat.

268 2354 484 2415 authorem
510 2353 669 2399 salutis.
686 2357 762 2395 etc.
787 2352 869 2394 Scd
891 2352 1037 2394 merito
1056 2349 1224 2401 congrui
1245 2353 1377 2401 potest
1394 2344 1548 2398 aliquis
1562 2342 1630 2386 al-

271 2415 353 2452 teri
370 2409 517 2452 mereri
538 2409 710 2461 primam
728 2406 916 2457 gratiam.
935 2406 1040 2457 Quia
1055 2405 1166 2448 enim
1182 2405 1302 2447 homo
1316 2404 1358 2447 in
1372 2402 1505 2456 gratia
1517 2409 1634 2444 cons-

273 2465 417 2509 titutus
438 2465 577 2517 implet
597 2462 676 2505 Dei
696 2462 959 2512 voluntatem,
979 2471 1199 2514 congruum
1210 2466 1277 2503 est
1293 2457 1518 2502 secuudum
1534 2453 1635 2498 ami-

273 2520 386 2564 citiae
403 2517 723 2572 proportionem,
745 2523 789 2561 ut
806 2519 920 2559 Deus
940 2515 1106 2568 implent
1124 2513 1303 2557 hominis
1324 2515 1571 2557 voluntatem
1590 2512 1635 2553 iii

272 2576 507 2622 salvatione
528 2573 716 2622 alterius,
739 2574 838 2616 iicet
864 2572 1107 2625 quandoque
1135 2572 1265 2624 possit
1291 2571 1445 2615 habere
1464 2565 1636 2621 impedi·

270 2640 454 2679 mentum
466 2644 520 2678 ex
538 2637 651 2685 parte
669 2632 799 2682 iliiuS.
817 2630 937 2684 quus
951 2630 1105 2681 aliquis
1119 2635 1286 2672 sanctus
1296 2625 1637 2680 justificationem

275 2691 503 2792 dgcsiiderat.
532 2692 585 2732 Et
610 2688 652 2731 13
679 2687 756 2731 1100
781 2697 878 2729 casu
905 2686 1084 2738 loquitur
1106 2685 1336 2729 authoritas
1363 2685 1520 2726 Jerem.
1557 2679 1633 2724 ult.

270 2759 295 2791 a
359 2752 465 2791 3013.
1153 2743 1161 2750 ’

329 2806 395 2849 Ad
423 2804 596 2858 primum
613 2811 716 2856 ergo
735 2800 972 2851 dicendum.
992 2800 1101 2853 quod
1121 2799 1224 2844 tides
1239 2798 1416 2842 aliorum
1434 2795 1545 2840 valet
1560 2793 1635 2839 alii

268 2866 323 2912 ad
340 2865 514 2910 salutem
533 2860 681 2906 merito
697 2859 882 2912 congrui,
900 2870 980 2904 uon
1002 2858 1147 2903 merito
1165 2855 1377 2909 condigni.

321 2923 388 2967 Ad
406 2920 631 2966 secuudum
653 2918 890 2969 dicendum,
910 2917 1018 2972 qnod
1046 2914 1280 2968 impetratio
1297 2909 1500 2958 orationis
1530 2909 1638 2954 iuui-

273 2983 375 3028 titur
393 2979 720 3035 miscricordiaej
746 2976 939 3021 meritum
955 2983 1093 3018 autem
1110 2971 1308 3025 condigni
1340 2972 1533 3016 innititur
1548 2970 1638 3022 jus·

272 3040 377 3084 titiae
398 3058 410 3082 ε
441 3045 485 3084 31
503 3038 599 3082 1300
618 3036 743 3079 313113
761 3034 919 3078 0331130
936 3035 1127 3086 impetrat
1142 3032 1264 3075 homo
1280 3040 1332 3075 ex
1352 3030 1494 3074 divina
1516 3030 1639 3072 mise·

272 3097 469 3148 ricordla.
484 3108 575 3151 qua:
591 3100 725 3137 tamen
738 3104 821 3136 non
837 3097 1014 3134 meretur
1028 3090 1250 3133 secundum
1263 3087 1483 3141 justitiam.
1497 3096 1640 3130 secuu-

274 3154 371 3198 dum
412 3153 514 3196 illud
551 3148 742 3194 Danielis
762 3153 788 3191 9
818 3168 829 3191 2
862 3151 1007 3200 Neque
1040 3144 1154 3188 enim
1191 3144 1236 3186 in
1269 3141 1642 3195 justificationibus

274 3210 429 3254 nostris
446 3209 746 3263 prosternimus
765 3215 908 3259 preces
923 3210 1020 3247 ante
1037 3201 1185 3245 facicm
1204 3207 1329 3252 13331,
1353 3201 1429 3245 scd
1460 3199 1502 3242 13
1522 3198 1643 3242 mise·

275 3267 509 3310 rationibus
536 3266 617 3309 tuis
644 3263 798 3308 multis.

328 3323 396 3368 Ad
415 3325 580 3368 tertium
611 3320 850 3366 dicendum.
869 3315 978 3370 quod
1020 3321 1220 3366 pauperes
1236 3312 1524 3365 eleemosynas
1541 3310 1644 3355 reci·

278 3384 443 3436 pientes
468 3381 660 3424 dicuntur
691 3376 878 3428 recipere
905 3373 1015 3416 aiios
1034 3372 1077 3414 13
1096 3376 1249 3413 aterna
1267 3369 1547 3419 tabernacula,
1577 3367 1644 3412 vel

280 3438 542 3492 impetrando
569 3436 635 3480 eis
653 3433 829 3479 veniam.
851 3428 1021 3474 orando,
1044 3426 1109 3469 vel
1131 3425 1329 3469 merendo
1347 3435 1419 3478 per
1435 3424 1517 3467 alia
1536 3424 1645 3467 bona

281 3506 335 3541 ex
362 3504 557 3548 congruo,
587 3494 652 3537 vel
671 3491 794 3536 etiam
813 3485 1083 3531 materialiter
1103 3483 1329 3537 loquendo,
1349 3482 1445 3536 quia
1465 3490 1537 3533 per
1555 3479 1645 3533 ipsa

281 3560 407 3604 opera
428 3547 744 3597 misericordia.
761 3556 853 3599 quae
871 3545 963 3597 quis
987 3542 1029 3585 in
1049 3549 1247 3595 pauperes
1264 3544 1446 3588 exercet.
1464 3541 1646 3581 meretur

282 3606 411 3660 recipi
430 3606 475 3650 in
492 3612 646 3651 aeterna
673 3602 952 3647 tabernacula.

355 3737 553 3795 Prima
597 3731 869 3788 conclusio
907 3746 925 3781 .·
974 3725 1180 3781 Nullus
1222 3721 1333 3779 nisi
1385 3721 1644 3777 Christus

283 3822 540 3876 meretur
580 3815 711 3871 aliis
751 3811 820 3867 de
871 3801 1155 3881 condigno
1203 3804 1455 3877 primam
1506 3820 1644 3879 gra-

283 3903 446 3959 tiam.

357 3979 612 4039 Secunda
652 3973 923 4033 conclusio
958 3989 977 4025 .·
1007 3971 1196 4025 Potest
1217 3968 1401 4041 justus
1429 3964 1644 4022 mereri

288 4059 546 4120 31103130
570 4071 821 4131 congruo
852 4051 1102 4126 primam
1124 4049 1393 4123 gratiam.

745 4230 1063 4275 ARTICULUS
1093 4227 1186 4269 vn.

431 4339 576 4381 Utrum
599 4334 716 4378 homo
739 4329 1060 4431 possit‘merert
1085 4325 1392 4380 reparationem
1413 4326 1512 4376 pose

897 4399 1055 4441 upsum.

337 4509 405 4553 Ad
434 4504 650 4559 septimum
682 4503 743 4546 sic
762 4498 1009 4555 proceditur.
1032 4495 1207 4538 Videtur
1224 4493 1335 4546 quod
1351 4491 1504 4546 aliquis
1518 4492 1652 4544 possit

290 4566 371 4610 sibi
388 4561 535 4609 mereri
554 4558 856 4612 reparationem
870 4559 959 4608 post
978 4554 1133 4604 lapsum
1145 4570 1155 4601 ;
1172 4551 1275 4594 iliud
1286 4550 1398 4593 enim
1414 4549 1523 4603 quod
1537 4549 1652 4601 juste

290 4634 313 4665 a
338 4624 432 4666 Deo
461 4619 564 4675 petit
588 4617 722 4663 honio.
744 4613 907 4656 videtur
935 4620 1054 4664 posse
1073 4608 1220 4652 mereri
1247 4625 1257 4650 ε
1284 4605 1361 4650 sed
1378 4605 1482 4648 nihil
1497 4603 1654 4658 justius

290 4691 314 4725 a
342 4681 435 4723 Deo
453 4675 606 4729 petitur
624 4676 687 4721 (ut
713 4672 883 4722 August.
916 4665 1037 4717 dicit)
1057 4676 1175 4717 quani
1192 4662 1302 4717 quod
1330 4668 1543 4715 reparetur
1560 4665 1653 4715 post

292 4739 464 4791 lapsum.
495 4732 721 4777 secundum
750 4728 854 4771 iliud
883 4725 1035 4770 Psalm.
1057 4725 1135 4766 70:
1162 4723 1264 4766 cnm
1293 4720 1496 4765 defecerit
1520 4720 1653 4764 virtus

292 4805 399 4843 mea.
418 4801 471 4835 ne
489 4787 753 4839 derelinquas
772 4795 834 4829 me
856 4783 1046 4826 Domine.
1068 4782 1181 4831 Ergo
1198 4779 1319 4821 homo
1336 4781 1469 4830 potest
1485 4775 1652 4830 mereri,

294 4856 337 4894 ut
355 4851 568 4902 reparetur
581 4848 674 4897 post
689 4843 725 4885 la
732 4852 861 4894 psum.

343 4912 552 4953 Praeterea
573 4923 584 4948 ε
616 4902 750 4945 Multo
776 4899 908 4949 nitigis
926 4895 1081 4940 homini
1103 4900 1273 4947 prosunt
1287 4902 1411 4947 opera
1429 4901 1516 4941 sua.
1535 4899 1656 4944 quam

296 4967 455 5022 prosint
473 4961 578 5007 aiii:
610 4960 684 5004 sed
715 4959 836 5001 honio
868 4959 1002 5009 potest
1028 4953 1167 5008 aliquo
1199 4951 1323 4995 inodo
1352 4948 1474 4993 alteri
1502 4946 1654 4991 mereri

296 5021 597 5075 reparationem
627 5022 719 5070 post
747 5017 917 5068 lapsum,
951 5013 1117 5056 sicutet
1145 5010 1315 5063 primam
1333 5007 1508 5061 gratiam
1527 5023 1538 5048 ι
1555 5014 1657 5059 ergo

298 5081 427 5128 133110
444 5075 578 5129 magis
595 5073 679 5118 sihi
697 5070 847 5117 mereri
868 5075 1016 5125 potest,
1039 5073 1083 5112 ut
1098 5072 1310 5122 reparetur
1323 5071 1414 5119 post
1432 5064 1603 5116 lapsum.

1794 574 2032 617 Praeterea:
2066 574 2200 616 Homo
2230 571 2298 624 qui
2327 571 2552 623 aliquando
2582 570 2659 614 ruit
2685 569 2730 612 in
2761 568 2891 621 gratia
2907 575 2982 619 per
2999 564 3105 608 hona

1745 638 1869 683 opera
1890 639 1981 682 quai
2000 625 2114 678 iecit.
2129 627 2279 671 meruit
2297 628 2378 672 sibi
2394 629 2518 671 vitain
2532 631 2742 675 aeternam.
2759 630 2802 666 ut
2818 634 2869 668 ex
2888 631 3008 675 supra
3023 621 3111 664 dic·

1746 686 1803 729 tis
1820 689 1933 738 patet
1953 702 1964 728 t
1984 683 2060 728 sed
2077 684 2131 728 ad
2150 684 2276 727 vitam
2294 689 2488 729 aeternani
2506 694 2588 726 non
2607 686 2738 734 potest
2757 680 2850 733 quis
2875 677 3108 732 pervenire.

1746 741 1832 787 nisi
1862 747 2075 795 reparetur
2104 751 2176 795 per
2194 740 2366 794 gratiam
2387 761 2397 786 ι
2425 751 2527 794 ergo
2546 739 2709 783 videtur
2730 737 2839 791 quod
2856 735 2941 781 sibi
2960 736 3111 781 meruit

1747 798 2050 851 reparationem
2067 807 2141 851 per
2159 797 2347 851 gratiam.

1752 909 1761 918 ο
1797 854 1882 898 Sed
1910 858 2053 917 contra
2083 859 2163 902 est.
2183 854 2293 907 quod
2321 854 2474 896 dicitur
2501 850 2652 895 Ezecb.
2675 853 2722 891 18
2742 867 2755 893 .-
2775 849 2819 893 Si
2848 847 3046 892 averterit
3063 857 3110 890 se

1745 916 1883 963 justus
1911 921 1934 953 a
1961 909 2124 963 ‚institia
2143 921 2230 961 sua.
2248 915 2291 954 et
2309 906 2749 960 feccritiniquitatcm.
2776 903 3110 956 omnesjustitiae

1748 965 1858 1019 ejuS.
1878 976 1980 1018 quas
1998 966 2170 1018 fecerat,
2186 976 2270 1009 non
2289 963 2614 1009 recordabuntur
2634 981 2644 1004 :
2671 972 2773 1015 ergo
2791 960 2896 1004 nihil
2916 960 3112 1004 valebunt

1748 1023 1789 1068 ei
1819 1022 2096 1075 praecedentia
2127 1022 2274 1067 merita
2302 1024 2355 1067 ad
2389 1023 2478 1073 hoc.
2511 1021 2621 1075 quod
2655 1022 2839 1069 resurgat
2862 1036 2872 1060 =
2903 1028 2984 1063 uon
3010 1027 3113 1069 ergo

1749 1080 1904 1134 aliquis
1921 1085 2056 1133 potest
2072 1080 2154 1125 sibi
2176 1081 2326 1125 mereri
2345 1080 2648 1133 reparationem
2665 1082 2755 1130 post
2773 1078 2945 1129 lapsum.

1799 1137 2051 1201 Respondeo
2069 1136 2308 1184 dicendum.
2327 1138 2435 1190 quod
2455 1137 2592 1180 nullus
2608 1141 2742 1189 potest
2766 1134 2850 1177 sibi
2871 1134 3019 1178 mereri
3039 1142 3111 1176 re-

1750 1197 2005 1248 parationem
2034 1198 2126 1245 post
2155 1194 2314 1246 lapsum
2339 1195 2533 1243 futurum.
2563 1201 2693 1245 neque
2725 1191 2873 1234 merito
2898 1188 3113 1240 condigni,

1751 1260 1887 1318 neque
1902 1250 2053 1294 merito
2070 1252 2258 1304 congrui.
2273 1252 2427 1295 Merito
2443 1251 2609 1305 quidem
2622 1248 2817 1301 condigni
2837 1248 2914 1290 hoc
2931 1245 3013 1289 sihi
3034 1256 3115 1290 me·

1752 1318 1934 1374 3331303
1952 1312 2101 1361 potest,
2121 1309 2214 1361 quia
2234 1310 2340 1353 ratio
2354 1311 2475 1364 liujus
2487 1307 2624 1352 meriti
2640 1307 2847 1360 dependet
2864 1315 2917 1350 ex
2933 1304 3119 1349 motione

1753 1364 1909 1409 diviuae
1927 1363 2087 1418 graiiae.
2101 1376 2192 1418 qua}
2204 1365 2370 1418 quidem
2389 1365 2518 1409 motio
2533 1364 2843 1416 interrumpitur
2856 1373 2927 1416 per
2940 1370 3119 1414 sequens

1751 1430 1988 1477 peccatum
2007 1423 2117 1467 unde
2143 1423 2279 1467 omnia
2298 1422 2516 1474 beneficia,
2537 1433 2627 1474 quae
2645 1421 2904 1474 postmodum
2922 1418 3073 1471 aliquis
3090 1428 3114 1460 a

1752 1480 1846 1523 Deo
1863 1479 2139 1534 consequitur.
2159 1479 2310 1534 quihus
2328 1485 2554 1532 reparatur.
2574 1487 2656 1520 non
2674 1477 2826 1521 cadunt
2854 1474 2931 1519 suli
2951 1474 3114 1522 merito.

1754 1542 1947 1589 tanquam
1961 1538 2142 1582 motione
2159 1537 2312 1591 prioris
2329 1536 2474 1589 graiiae
2491 1544 2620 1589 usque
2636 1535 2690 1577 ad
2709 1536 2796 1578 iiaec
2812 1544 2894 1578 non
2911 1542 2957 1577 se
2974 1537 3118 1576 exten·

1755 1594 1896 1660 dente.
1915 1595 2111 1640 Meritum
2135 1601 2260 1640 etiam
2278 1593 2466 1645 congrui,
2485 1602 2566 1647 quo
2585 1593 2678 1645 quis
2695 1592 2816 1636 alteri
2836 1589 3010 1644 primam
3027 1599 3117 1641 gra·

1756 1658 1857 1696 tiam
1890 1658 2084 1705 meretur,
2113 1651 2337 1705 impeditur
2366 1661 2420 1694 ue
2449 1656 2721 1703 consequatur
2746 1650 2936 1693 effectum
2954 1651 3122 1699 propter

1756 1710 2098 1764 impedimentum
2126 1709 2285 1763 peccati
2304 1710 2348 1753 iu
2373 1718 2441 1760 ee,
2460 1709 2523 1752 cui
2545 1710 2640 1762 quis
2658 1712 2838 1751 meretur
2859 1724 2871 1749 ε
2897 1705 3024 1751 multo
3042 1703 3122 1757 igi-

1759 1773 1825 1811 tur
1840 1768 1973 1822 magis
1986 1767 2212 1821 impeditur
2225 1768 2322 1810 talis
2335 1765 2471 1809 meriti
2484 1766 2663 1809 efficacia
2678 1774 2751 1818 per
2772 1763 3125 1816 impedimentum.

1758 1823 1870 1887 quod
1899 1829 1965 1866 est
1990 1827 2033 1866 et
2060 1822 2105 1865 in
2133 1832 2185 1866 eo
2212 1822 2282 1876 331
2315 1826 2508 1872 meretur.
2527 1826 2570 1864 et
2599 1821 2642 1862 in
2659 1830 2711 1865 eo
2741 1819 2807 1862 cui
2828 1825 3033 1868 meretur;
3057 1818 3125 1860 1110

1758 1887 1873 1922 03131
1904 1883 2119 1930 utrumque
2146 1877 2190 1920 in
2210 1887 2330 1921 unam
2361 1886 2575 1929 personam
2595 1874 2819 1925 concurrit.
2836 1879 2879 1918 et
2897 1874 2992 1917 ideo
3011 1873 3127 1916 nullo

1759 1934 1886 1979 modo
1917 1938 2053 1987 potest
2093 1932 2247 1986 aliquis
2280 1932 2363 1976 sihi
2405 1932 2557 1977 mereri
2594 1931 2899 1985 reparationem
2923 1935 3017 1984 post
3042 1929 3125 1981 lap-

1760 2003 1865 2036 suin.

1810 2045 1878 2090 Ad
1909 2045 2086 2100 primum
2113 2054 2215 2097 ergo
2247 2044 2484 2094 dicendum.
2512 2044 2621 2097 quod
2642 2041 2912 2092 desiderium.
2934 2052 3014 2095 quo
3032 2042 3128 2095 quis

1763 2104 1975 2149 desiderat
1994 2103 2291 2155 reparationem
2313 2107 2406 2154 post
2419 2102 2589 2155 lapsum,
2601 2100 2757 2153 iustum
2772 2100 2939 2151 dicitur.
2957 2100 3129 2144 0101311-

1762 2161 1863 2205 liter
1888 2158 2038 2210 oratio,
2070 2159 2165 2211 quia
2199 2158 2334 2204 tendit
2363 2158 2664 2210 adjustitiani;
2687 2167 2767 2200 1103
2787 2161 2922 2203 tamen
2940 2157 2997 2200 ita
3016 2156 3127 2211 quod

1760 2218 1938 2316 justgtiae
1976 2216 2177 2261 inuitatur
2214 2226 2288 2270 per
2328 2215 2494 2259 niodum
2519 2214 2675 2264 meriti.
2703 2213 2780 2258 sed
2804 2213 2935 2256 solum
2965 2212 3126 2256 miseri·

1764 2284 1837 2318 cor
1871 2284 1938 2317 ire.

1812 2329 1881 2373 Ad
1897 2329 2122 2375 secundum
2143 2328 2378 2379 dicendum.
2395 2327 2503 2382 quod
2520 2327 2675 2381 aliquis
2688 2332 2822 2380 potest
2839 2327 2959 2371 alteri
2980 2329 3128 2373 mereri

1764 2398 1817 2434 ex
1835 2398 2016 2440 congruo
2029 2387 2201 2440 primam
2218 2387 2406 2439 gratiam,
2420 2387 2516 2440 quia
2533 2396 2615 2430 303
2633 2392 2698 2429 est
2715 2386 2774 2429 ibi
2796 2384 3131 2438 impedimentum

1765 2446 1914 2491 saltem
1931 2456 1982 2491 ex
2002 2451 2117 2498 parte
2135 2445 2347 2493 merentis,
2369 2444 2476 2498 quod
2498 2443 2724 2492 invenitur.
2746 2443 2845 2486 duni
2863 2443 3017 2496 aliquis
3043 2449 3134 2497 post

1766 2502 1958 2547 meritum
1975 2501 2120 2555 gratiae
2137 2511 2161 2544 a
2177 2499 2342 2553 justitia
2362 2498 2535 2543 recedit.

1816 2559 1883 2602 Ad
1914 2559 2083 2602 tertium
2114 2557 2353 2607 dicendum,
2373 2556 2483 2609 3303
2501 2555 2666 2609 3313331
2687 2555 2896 2607 dixerunt.
2915 2555 3026 2608 quod
3047 2556 3136 2600 riul-

1769 2615 1837 2660 lus
1863 2622 2043 2660 meretur
2072 2615 2262 2660 absolute
2280 2614 2406 2657 vitam
2425 2620 2639 2661 aeternam.
2657 2614 2740 2657 nisi
2758 2624 2831 2666 per
2847 2620 2980 2657 actum
2999 2613 3139 2657 tinalis

1769 2672 1943 2774 gratiae:
1974 2672 2050 2717 sed
2079 2672 2212 2716 solum
2241 2670 2319 2714 sub
2351 2671 2592 2715 conditione
2621 2669 2658 2713 si
2689 2675 2939 2723 perseverat.
2961 2671 3045 2715 Sed
3069 2671 3147 2715 lioc

1788 2729 2117 2774 rrationahiliter
2135 2728 2304 2779 dicitur.
2319 2728 2413 2781 quia
2434 2728 2678 2782 quandoque
2692 2732 2807 2772 actus
2825 2727 2981 2771 ultima:
2999 2728 3145 2781 gratiae

1769 2796 1854 2830 303
1870 2790 1935 2830 est
1954 2784 2087 2837 magis
2109 2784 2362 2834 meritorius.
2384 2785 2458 2829 sed
2480 2784 2618 2828 minus
2635 2795 2755 2836 quam
2772 2790 2888 2828 actus
2904 2784 3147 2838 031300303-

1770 2846 1849 2895 tes,
1882 2846 2049 2906 propter
2078 2839 2344 2895 aegritudinis
2378 2841 2706 2895 oppressionem.
2747 2840 2869 2885 Unde
2904 2839 3143 2891 dicendum.

1770 2898 1881 2953 quod
1909 2898 2085 2952 quilibet
2110 2903 2228 2941 actus
2246 2897 2461 2941 charitatis
2480 2902 2657 2941 meretur
2674 2897 2863 2942 absolute
2883 2897 3008 2940 vitam
3027 2903 3146 2940 30103-

1770 2968 1865 3001 uam
1880 2974 1891 3001 =
1911 2956 1986 3001 sed
2005 2965 2077 3009 per
2091 2965 2300 3009 peccatum
2312 2965 2491 3008 sequens
2504 2953 2670 3006 ponitur
2690 2953 3027 3008 impedimentum
3041 2965 3147 3007 prae·

1771 3014 1939 3060 cedenti
1958 3013 2122 3063 merito.
2143 3018 2286 3057 utnon
2304 3013 2502 3056 sortiatur
2519 3013 2706 3056 ellectum
2721 3031 2731 3062 ;
2747 3013 2855 3054 sieut
2872 3010 2997 3054 etiam
3011 3021 3146 3054 causae

1772 3070 1984 3115 naturales
2013 3069 2211 3113 deficiunt
2238 3080 2262 3111 a
2292 3067 2381 3111 suis
2404 3066 2624 3111 effectibus
2652 3074 2818 3120 propter
2847 3064 3146 3119 superveniens

1772 3128 2130 3182 impedimentum.

1850 3224 2143 3283 Conclusio
2168 3225 2254 3278 est
2281 3221 2571 3294 negativa.

2218 3399 2534 3444 ARTICULUS
2564 3399 2684 3441 vm.

1856 3519 2002 3561 Utrum
2027 3513 2146 3558 homo
2167 3514 2304 3568 possit
2328 3512 2485 3556 merere·
2508 3512 2770 3561 aucmentum
2797 3510 2963 3564 orati-ae.
2993 3512 3060 3553 vel

2339 3569 2578 3611 charitatis.

1825 3673 1893 3717 Ad
1922 3675 2110 3717 octavum
2137 3668 2201 3713 sic
2217 3667 2469 3721 proceditur.
2489 3665 2667 3710 Videtur
2685 3665 2795 3718 quod
2814 3666 2935 3709 iiomo
2953 3675 3034 3709 non
3053 3675 3145 3718 pos·

1776 3729 1835 3774 sit
1859 3728 2009 3773 mereri
2028 3733 2290 3779 augmentum
2307 3723 2465 3776 graiiae‚
2487 3724 2552 3766 vel
2572 3721 2800 3765 charitatis,
2821 3725 2920 3767 Cum
2938 3721 3051 3766 enim
3064 3722 3144 3767 aii·

1778 3787 1873 3842 quis
1903 3784 2110 3838 receperit
2137 3783 2350 3838 praemium
2380 3781 2489 3835 quod
2522 3782 2687 3831 meruit.
2707 3791 2790 3823 non
2809 3780 2982 3825 debetur
2999 3779 3142 3824 cintia

1778 3852 1953 3893 merces.
1982 3841 2090 3885 sicut
2122 3841 2176 3884 de
2206 3837 2452 3893 quibusdam
2472 3835 2623 3880 dicitur
2651 3838 2857 3879 1113111161
2880 3838 3141 3890 Receperunt

1777 3898 2012 3944 mercedem
2035 3909 2166 3942 suani.
2199 3897 2245 3940 Si
2274 3896 2401 3948 igitur
2428 3893 2581 3947 aliquis
2617 3899 2846 3938 inereretur
2877 3900 3138 3946 augmentum

1777 3955 2009 4008 charitatis,
2039 3954 2107 4000 vel
2138 3952 2297 4008 gratiae,
2324 3957 2567 4003 sequeretur
2595 3949 2704 4003 quod
2732 3949 2863 4001 gratia
2880 3956 3139 4003 augmentata

1779 4024 1865 4058 uon
1894 4017 2031 4066 posset
2058 4011 2234 4056 ulterius
2258 4013 2477 4062 expectare
2501 4006 2618 4050 aliud
2655 4005 2867 4058 praemium
2901 4024 2912 4050 ε
2937 4006 3047 4060 3303
3072 4011 3139 4050 cst

1778 4070 2090 4117 inconveniens.

1829 4130 2063 4171 Praeterea:
2083 4120 2200 4167 Nihil
2218 4122 2302 4175 agit
2320 4121 2426 4165 ultra
2446 4129 2562 4163 suam
2573 4119 2753 4172 speciem
2771 4137 2782 4162 ι
2801 4118 2875 4162 sed
2893 4117 3142 4172 principium

1780 4186 1919 4231 meriti
1939 4190 2005 4229 est
2020 4183 2168 4238 gratia.
2189 4183 2253 4225 vel
2273 4178 2467 4229 charitas,
2480 4183 2524 4220 ut
2540 4187 2593 4220 ex
2610 4187 2730 4230 supra
2748 4177 2873 4220 dictis
2892 4181 3024 4228 patet:
3042 4186 3143 4229 crgo

1780 4245 1921 4290 nullus
1937 4249 2072 4298 potest
2088 4239 2287 4292 majorem
2304 4237 2495 4291 gratiam,
2513 4236 2576 4280 vel
2591 4235 2831 4279 charitatem
2845 4233 3009 4286 mereri,
3023 4244 3144 4288 quam

1829 4361 2037 4403 Przetcrea
2057 4374 2069 4399 ε
2099 4354 2151 4398 13
2182 4353 2291 4407 3303
2322 4351 2434 4395 03311
2455 4348 2533 4393 sub
2553 4348 2716 4399 merito.
2737 4352 2916 4392 meretur
2934 4347 3054 4392 110310
3071 4357 3144 4400 per

1780 4413 2008 4469 quemlibet
2024 4417 2159 4455 actum
2173 4422 2198 4453 a
2215 4409 2363 4464 gratia.
2384 4406 2449 4451 vel
2481 4405 2681 4448 charitate
2706 4404 3012 4457 procedentem.
3038 4403 3146 4447 sicut

1781 4483 1857 4528 per
1887 4470 2116 4525 quemlibet
2141 4468 2264 4512 taleni
2283 4471 2416 4510 actum
2437 4468 2617 4507 meretur
2634 4463 2754 4505 110130
2775 4463 2900 4504 vitam
2917 4464 3111 4504 aeternaui
3132 4477 3143 4502 ε

1781 4530 1820 4574 si
1839 4530 1969 4584 igitur
1989 4533 2249 4580 augmentum
2264 4524 2430 4576 gratiae.
2446 4521 2512 4565 vel
2526 4520 2739 4564 charitatis
2756 4518 2963 4562 mdatsuh
2982 4516 3142 4568 merito,

1783 4586 1949 4632 videtur
1967 4584 2077 4639 3303
2091 4592 2164 4635 per
2181 4578 2408 4634 quemlibet
2419 4583 2553 4620 actum
2571 4576 2772 4621 charitate
2791 4575 3053 4619 informatum
3068 4573 3144 4617 ali·

1784 4646 1879 4700 quis
1896 4648 2100 4689 mereatur
2116 4645 2377 4693 augmentum
2394 4636 2609 4680 charitatis
2624 4652 2636 4678 ε
2652 4634 2729 4679 scd
2748 4633 2791 4677 id
2804 4632 2914 4687 quod
2928 4633 3047 4676 1101110
3060 4640 3145 4675 me·

1785 4711 1914 4756 retur,
1946 4699 2229 4746 infallibiliter
2254 4708 2278 4742 a
2295 4697 2386 4740 Deo
2404 4695 2684 4750 consequitur,
2706 4692 2786 4736 nisi
2807 4691 3056 4743 impediatur
3073 4702 3147 4743 per

1784 4768 1995 4818 peccatum
2025 4767 2217 4812 sequens.
2248 4755 2414 4799 Dicitur
2442 4753 2556 4798 enim
2582 4754 2609 4795 2
2626 4752 2679 4795 ad
2695 4751 2871 4796 Timoth.
2895 4752 2942 4792 1:
2963 4747 3059 4792 Scio
3078 4750 3146 4793 cui

1785 4818 1981 4866 credidi:
2010 4823 2054 4861 et
2082 4821 2219 4860 certus
2247 4823 2354 4863 surii.
2381 4811 2478 4864 quia
2508 4814 2654 4863 potens
2681 4814 2748 4850 est
2765 4806 2996 4860 depositum
3014 4816 3148 4850 meum

1786 4887 1959 4925 servare
2003 4876 2075 4918 810
2104 4884 2205 4927 ergo
2233 4876 2489 4924 sequeretur,
2518 4866 2630 4921 quod
2656 4876 2729 4920 per
2759 4864 2987 4920 quemlibet
3013 4869 3146 4909 actum

1788 4934 2049 4984 meritorium
2068 4932 2215 4986 gratia.
2234 4929 2302 4974 vei
2319 4928 2498 4972 charitas
2516 4928 2758 4979 augeretur;
2777 4921 2886 4976 quod
2904 4922 3070 4966 videtur
3087 4923 3148 4966 iu·

1788 4993 2058 5043 conveniens,
2078 5001 2168 5034 cum
2187 4987 2431 5042 quandoque
2456 4991 2573 5030 actus
2590 4980 2793 5027 meritorii
2826 4990 2907 5023 303
2932 4979 3019 5023 sint
3046 4980 3148 5023 mut·

1787 5062 1878 5102 tum
1904 5055 2130 5102 ferventes.
2156 5048 2230 5102 113,
2260 5048 2371 5102 3303
2396 5043 2597 5090 sufficiant
2624 5042 2678 5087 ad
2719 5037 2931 5083 charitatis
2957 5048 3147 5091 augmen·
