3647 5753
358 1738 521 1784 Everti-

387 1798 466 1832 tur.

544 429 658 484 412
854 406 858 410 ’
1494 425 1587 478 DE
1626 421 2209 477 JUSTIFICATJONE
2249 422 2451 483 1MP11.

546 598 742 663 visset,
769 595 916 669 quod
945 600 1170 668 pactum
1198 593 1341 650 illud
1368 593 1618 662 duraret,
1645 599 1700 650 et
1728 591 1903 649 habe-
1933 632 1934 635 ,

550 684 641 736 ret
684 678 943 735 effectum
1002 693 1101 750 per
1152 678 1402 749 spatium
1461 677 1691 750 praecise
1741 676 1907 732 mille

550 776 859 817 annorum.
890 762 954 814 ln
981 774 1092 831 quo
1124 756 1353 826 eventu‘,
1379 759 1522 815 sicut
1548 756 1767 814 Adamo
1787 773 1906 814 non

551 845 815 916 peccante
859 840 979 913 ejus
1005 839 1214 911 posteri
1262 841 1418 896 intra
1458 838 1604 895 illud
1654 838 1905 911 spatium

550 921 805 995 concepti
829 920 1110 994 justitiam
1132 920 1476 995 originalem
1497 934 1908 992 consequeren-

551 1010 666 1071 tur,
699 1019 815 1060 non
842 1018 982 1058 vero
1006 1003 1102 1074 qui
1126 1001 1389 1075 deinceps
1410 1007 1637 1076 possent
1663 998 1904 1073 concipi:

552 1087 634 1142 ita
647 1085 867 1142 Adamo
889 1090 1166 1157 peccante,
1198 1085 1385 1141 solum
1409 1084 1499 1140 illi
1522 1084 1742 1158 priores
1768 1098 1909 1138 con-

552 1166 847 1223 traherent
881 1170 1167 1238 peccatum
1197 1165 1479 1239 originale
1504 1164 1818 1222 consistens
1845 1163 1909 1218 in

553 1247 820 1322 praedicta
849 1247 1171 1321 privatione
1187 1247 1441 1320 justitiae,
1468 1263 1624 1304 secus
1644 1262 1783 1303 vero
1808 1243 1907 1318 qui

553 1335 678 1403 post
724 1329 868 1385 illud
920 1336 1144 1402 tempus
1189 1330 1626 1402 conciperentur
1655 1352 1670 1396 ;
1714 1329 1778 1384 in
1819 1326 1910 1382 his

555 1411 765 1485 quippe
793 1410 1026 1467 haberet
1047 1409 1328 1466 rationem
1350 1410 1632 1482 simplicis
1660 1407 1912 1483 negatio-

556 1494 668 1552 nis,
691 1496 756 1548 Et
778 1496 1183 1564 consequenter
1211 1508 1326 1549 non
1343 1496 1577 1565 apparet
1589 1505 1911 1565 repugnan-

554 1574 639 1629 'tia
673 1574 735 1629 in
781 1588 866 1638 e0‚
897 1570 1045 1644 quod
1087 1578 1371 1645 peccatum
1414 1570 1700 1645 originale
1734 1575 1911 1626 cesset

555 1652 766 1726 absque
794 1653 1104 1708 intrinseca
1133 1652 1388 1708 hominis
1415 1651 1756 1709 mutatione.

625 1736 773 1797 Non,
806 1733 1063 1805 inquam,
1098 1733 1202 1789 hoc
1238 1732 1435 1789 refert.
1459 1733 1607 1787 Tum
1634 1730 1772 1804 quia
1792 1729 1911 1785 haec

552 1812 844 1886 responsio
873 1813 1100 1877 fatetur,
1119 1812 1536 1885 impossibilem
1558 1827 1681 1870 esse
1710 1808 1911 1867 remis·

547 1894 772 1950 sionem
796 1892 1003 1965 peccati
1032 1891 1336 1966 originalis
1358 1891 1571 1966 absque
1590 1890 1910 1947 mutatione

550 1974 864 2031 intrinseca
916 1973 1171 2031 hominis
1197 2018 1209 2040 ,
1262 1975 1554 2047 supposito
1595 1978 1755 2047 pacto
1807 1971 1907 2028 Dei

546 2071 678 2112 cum
701 2054 937 2119 Adamo,
969 2053 1118 2125 quod
1141 2053 1210 2110 de
1233 2053 1378 2112 facto
1399 2053 1607 2111 extitit.
1633 2052 1693 2108 ld
1717 2056 1909 2109 autem

468 2167 474 2173 ·
546 2137 686 2193 satis
712 2141 835 2193 erat
869 2135 937 2191 ad
969 2136 1271 2193 veritatem
1316 2140 1524 2193 nostrae
1553 2134 1904 2201 assertioniS,

546 2223 605 2274 et
630 2215 701 2274 ad
722 2216 1173 2274 confutationem
1202 2216 1457 2273 adversae
1478 2259 1495 2284 ,
1525 2232 1662 2273 nam
1689 2215 1787 2290 qui
1816 2214 1910 2271 di-

548 2304 698 2366 cunt,
732 2314 849 2355 non
875 2313 1194 2371 repugnare
1223 2297 1671 2356 destructionem
1696 2297 1908 2370 peccati

548 2378 758 2452 absque
781 2378 1098 2435 mutatione
1115 2379 1429 2437 intrinseca
1446 2380 1909 2452 peccatoriS‚eam

546 2459 871 2516 doctrinam
894 2459 1211 2517 extendunt
1250 2460 1319 2516 ad
1343 2465 1631 2534 peccatum
1656 2460 1726 2517 de
1766 2460 1910 2516 facto

546 2540 939 2607 commissum,
979 2541 1070 2595 vel
1098 2546 1471 2598 contractum.
1530 2542 1679 2596 Tum
1707 2540 1903 2603 etiam,

545 2624 604 2677 et
629 2619 932 2692 praecipue,
982 2620 1119 2692 quia
1165 2620 1500 2692 longissime
1526 2620 1745 2675 distant
1790 2618 1909 2672 haec

542 2701 675 2769 du0,
706 2707 993 2774 peccatum
1029 2717 1145 2757 non
1192 2701 1474 2767 contrahi,
1531 2705 1586 2757 et
1617 2702 1906 2772 peccatum

543 2784 723 2840 semel
752 2788 1106 2840 contractum
1155 2781 1393 2846 destrui,
1426 2786 1486 2836 ut
1508 2797 1579 2837 ex
1627 2780 1765 2852 ipsis
1785 2783 1908 2836 ter-

540 2864 728 2922 minis
750 2864 926 2936 liquet
945 2864 1106 2919 ‚Tota
1125 2866 1313 2918 autem
1337 2859 1618 2928 doctrina,
1645 2859 1735 2917 cui
1753 2860 1909 2917 inni-

543 2945 687 3000 titur
740 2961 807 3000 ea
865 2941 1342 2998 adversariorum
1390 2943 1583 2998 evasio
1608 2984 1620 3006 ‚
1678 2946 1907 2998 tantum

543 3024 780 3087 evincit,
814 3022 1060 3093 potuisse
1102 3023 1279 3075 Deum
1323 3021 1438 3077 tale
1490 3025 1716 3094 pactum
1775 3037 1906 3077 cum

542 3103 764 3160 Adamo
794 3102 964 3168 inire,
999 3106 1059 3156 ut
1080 3101 1345 3158 homines
1362 3101 1431 3158 ab
1452 3117 1520 3158 eo
1542 3101 1909 3175 procedentes

544 3189 668 3257 post
689 3189 907 3239 certum
926 3188 1147 3254 tempus
1163 3187 1452 3254 peccatum
1481 3182 1765 3257 originale
1789 3199 1908 3240 non

541 3263 967 3344 cqntraherent,
1026 3277 1231 3334 nempe
1257 3263 1305 3317 si
1354 3267 1581 3335 pactum
1613 3278 1789 3335 usque
1836 3263 1907 3320 ad

540 3342 993 3400 determinatum
1057 3347 1298 3414 tempus,
1359 3347 1416 3399 et
1479 3359 1596 3400 non
1636 3338 1908 3416 *amplius

540 3423 915 3480 constitutum
966 3422 1180 3478 fuisset.
1232 3422 1477 3479 Minime
1503 3439 1645 3481 vero
1680 3423 1901 3496 probat,

537 3502 687 3577 quod
747 3504 1032 3568 homineS,
1084 3503 1180 3575 qui
1209 3505 1387 3560 semel
1440 3509 1727 3576 peccatum
1767 3520 1907 3561 con-

541 3585 874 3652 traxissent,
924 3590 1151 3658 possent
1179 3583 1250 3640 ab
1289 3600 1356 3642 eo
1393 3586 1668 3642 mundari
1697 3585 1907 3659 absque

539 3668 856 3726 intrinseca
882 3669 972 3723 sui
996 3668 1333 3724 mutatione.
1361 3669 1627 3725 Primum
1657 3668 1906 3726 libenter

539 3750 923 3815 concedimus
966 3749 1283 3805 secundum
1334 3766 1470 3807 vero
1518 3766 1794 3824 negamus
1834 3750 1906 3808 ob

540 3832 826 3890 rationem
877 3848 1053 3903 supra
1082 3831 1286 3887 factam
1317 3853 1330 3886 :
1361 3831 1514 3888 unde
1557 3833 1814 3888 consulto
1843 3831 1906 3889 in

541 3912 892 3970 consectario
942 3911 1218 3976 diximuS,
1254 3912 1638 3982 impossibilem
1664 3930 1771 3968 esse
1814 3931 1907 3968 re·-

542 3994 855 4048 missionem
898 3994 1107 4063 peccati
1137 3993 1430 4061 oriyinalis
1458 3992 1656 4069 absque
1694 3994 1906 4047 intrin-

538 4092 657 4132 seca
680 4076 981 4130 mutatione
997 4075 1130 4145 ejus,
1149 4076 1243 4150 qui
1260 4074 1399 4128 illud
1418 4075 1578 4129 semel
1598 4077 1899 4132 contraxit.

539 4157 733 4228 Itaque
786 4159 970 4226 posset
996 4153 1306 4209 contractio
1350 4154 1557 4226 peccati
1602 4153 1905 4227 originalis

542 4235 816 4309 impediri
844 4251 914 4291 ex
952 4235 1008 4290 vi
1039 4235 1183 4308 pacti
1208 4233 1580 4307 prmcedentis
1624 4235 1905 4292 determi-

541 4317 736 4374 nantis
758 4316 1176 4373 traductionem
1194 4318 1242 4392 ej
1253 4334 1315 4373 us
1338 4314 1406 4373 ad
1422 4324 1640 4373 certum
1656 4322 1901 4392 tempus:

543 4402 601 4453 at
625 4398 803 4453 semel
833 4402 1186 4454 contractum
1217 4413 1334 4453 non
1370 4395 1762 4455 destrueretur
1803 4416 1905 4473 per

543 4475 854 4534 adventum
899 4477 1153 4552 praedicti
1196 4477 1491 4550 temporiS,
1520 4493 1622 4536 nec
1649 4480 1905 4537 carentia

542 4559 781 4634 J’ustitiae
815 4561 1259 4634 transmigraret
1285 4560 1347 4616 in
1375 4560 1699 4634 simplicem
1727 4579 1905 4638 nega—

544 4641 764 4698 tionem
797 4665 810 4709 ;
855 4640 952 4696 sed
981 4639 1165 4698 adhuc
1206 4647 1570 4714 permaneret
1590 4643 1653 4699 in
1681 4644 1904 4702 ratione

546 4723 802 4787 maculae,
829 4727 884 4778 et
909 4723 1248 4795 privationis
1265 4723 1521 4781 moralia.
1543 4725 1611 4778 Et
1629 4725 1774 4781 ratio
1795 4730 1898 4792 est,

544 4804 819 4878 quoniam
836 4802 904 4859 ad
927 4803 1313 4870 existentiam,
1331 4809 1386 4861 et
1406 4806 1902 4862 conservationem

546 4885 892 4962 privationis
940 4886 1002 4941 in
1032 4885 1351 4943 moralibus
1397 4901 1514 4943 non
1562 4887 1897 4960 requiritur,

542 4968 693 5043 quod
720 4968 795 5024 sit
834 4968 1090 5024 carentia
1135 4967 1338 5025 formae
1385 4967 1607 5035 debitae,
1646 4969 1901 5042 quandiu

543 5051 716 5109 durat
741 5051 993 5109 carentia
1023 5075 1039 5120 ς
1080 5049 1177 5108 sed
1200 5049 1418 5128 ‚sufficit
1442 5067 1563 5110 esse
1588 5052 1902 5111 carentiam

1977 4593 1980 4596 Α
2036 4571 2199 4622 tato:
2243 4564 2342 4637 qui
2389 4567 2581 4624 autem
2628 4563 2784 4619 elicit
2824 4563 3255 4633 contritionem,
3302 4563 3395 4621 vel

2038 591 2243 650 formae
2271 592 2495 662 debitae,
2541 593 2771 668 quando
2798 595 3053 652 carentia
3074 592 3379 652 introducta

2038 673 2168 743 fuit,
2196 680 2456 749 utsupra
2476 694 2633 732 num.
2685 679 2804 743 155,
2843 678 3084 745 ratione,
3115 683 3172 734 et
3195 693 3380 734 exem-

2040 754 2149 826 plis
2175 757 2531 813 ostendimus
2557 761 2758 814 contra
2775 752 3076 815 'suarium

2119 838 2242 893 164.
2302 839 2410 895 Sed
2462 838 2692 913 objicies
2726 840 2962 912 primo:
3019 839 3286 914 quoniam
3333 837 3547 940 siofflggo

2041 917 2184 973 ratio
2225 923 2419 976 nostra
2464 919 2681 993 aliquid
2710 920 2927 993 probat,
2959 920 3158 977 suadet
3203 921 3383 993 utique
3548 922 3554 930 “

2039 1012 2156 1055 non
2180 1015 2339 1071 posse
2364 999 2581 1056 destrui
2623 1007 2910 1073 peccatum
2951 1002 3235 1076 originale
3260 1003 3383 1058 abs-

2038 1093 2149 1151 que
2194 1079 2485 1137 infusione
2525 1081 2760 1155 justitiae
2804 1082 3147 1155 originalis:
3196 1097 3382 1138 conse-

2039 1174 2219 1231 quens
2268 1165 2350 1215 est
2399 1160 2628 1229 falsum,
2661 1166 2723 1217 ut
2751 1166 2901 1233 patet
2927 1161 2989 1217 in
3035 1160 3264 1228 adultis,
3283 1161 3386 1234 ,qui

2042 1239 2186 1297 illud
2234 1240 2529 1315 deponunt
2555 1259 2658 1316 per
2684 1247 2870 1299 actum
2897 1243 3298 1310 contritionis;
3337 1247 3391 1299 et

2041 1323 2106 1379 in
2134 1324 2413 1396 parvuliS‚
2436 1324 2536 1396 qui
2558 1322 2627 1381 ab
2653 1340 2721 1382 eo
2747 1324 3108 1382 mundantur
3132 1341 3233 1398 per
3258 1340 3388 1398 gra-

2042 1404 2182 1460 tiam
2237 1410 2520 1478 acceptam
2550 1405 2613 1459 in
2648 1406 2961 1477 Baptismo,
3006 1406 3274 1478 quamvis
3294 1420 3391 1462 nec

2040 1486 2246 1558 gratia,
2273 1501 2375 1542 nee
2400 1485 2670 1542 contritio
2695 1487 2769 1541 sit
2791 1485 3014 1561 justitia
3047 1485 3343 1560 originalis
3376 1505 3388 1538 :

2040 1582 2195 1640 erg0‚
2225 1571 2329 1622 etc.
2381 1567 2618 1639 Sequela
2658 1566 2997 1632 ostenditur,
3039 1568 3175 1640 quia
3203 1582 3389 1639 pecca-

2043 1652 2165 1703 tum
2224 1645 2508 1720 originale
2545 1648 2804 1705 consistit
2853 1649 2916 1704 in
2971 1647 3228 1704 carentia
3279 1646 3394 1719 ejus

2043 1727 2427 1801 perfectionis,
2453 1744 2626 1800 quam
2655 1728 2765 1785 filii
2796 1730 3004 1801 Adami
3034 1729 3390 1801 recepissent,

2040 1810 2088 1865 si
2120 1809 2240 1880 ipse
2269 1825 2385 1865 non
2413 1815 2689 1881 peccasset
2722 1833 2735 1867 ε
2778 1810 2877 1867 sed
2905 1812 3025 1867 haec
3065 1811 3253 1867 forma
3278 1814 3399 1865 erat

2035 1890 2259 1965 justitia
2284 1889 2614 1963 originalis:
2645 1906 2780 1965 ergo
2803 1896 3091 1963 peccatum
3118 1888 3399 1963 originale

2040 1970 2298 2027 consistit
2328 1971 2712 2028 essentialiter
2758 1973 2820 2028 in
2842 1971 3097 2029 carentia
3120 1969 3398 2043 praedictae

2036 2053 2271 2127 Justitiae
2304 2073 2317 2108 :
2365 2068 2500 2125 ergo
2527 2052 2575 2107 si
2607 2053 2754 2109 ratio
2800 2051 3067 2124 superius
3087 2051 3233 2109 facta
3258 2050 3394 2124 quid

2042 2133 2262 2205 probat,
2313 2133 2527 2191 evincit
2578 2133 2773 2206 utique
2815 2132 3233 2206 impossibilem
3278 2148 3398 2190 esse

2043 2215 2445 2271 remissionem
2487 2216 2697 2286 peccati
2740 2214 3067 2288 originalis,
3109 2213 3397 2286 nisiprae-

2041 2294 2192 2351 dicta
2212 2295 2436 2369 justitia
2456 2295 2646 2353 denuo
2672 2295 3033 2352 infundatur.

2116 2376 2512 2448 Respondetur
2565 2375 2825 2450 negando
2863 2377 3174 2449 sequelam,
3223 2378 3574 2447 quamniluitur-

2042 2455 2271 2513 inducta
2300 2458 2558 2531 probatio
2579 2459 2826 2514 minime
2845 2456 3243 2516 evincit.Tum
3264 2457 3401 2530 quia

2034 2539 2255 2611 justitia
2301 2540 2604 2613 originalis
2649 2540 2990 2609 formaliter,
3035 2546 3092 2597 et
3130 2556 3199 2598 ex
3242 2544 3404 2612 parte

2041 2621 2177 2676 recti
2194 2620 2536 2677 consistebat
2558 2622 2619 2677 in
2639 2622 2826 2695 gratia
2842 2620 3252 2686 sanctificante,
3273 2621 3405 2678 licet

2038 2699 2214 2754 simul
2241 2700 2580 2772 importaret
2602 2702 2746 2756 alias
2775 2701 3240 2772 perfectiones,ut
3273 2706 3412 2774 puta

2038 2778 2443 2853 subjectionem
2494 2782 2673 2852 partis
2699 2781 2999 2838 inferioris
3039 2780 3107 2837 ad
3136 2782 3411 2854 superio-

2040 2878 2204 2940 rem:
2252 2862 2626 2934 quamobrem
2686 2863 2867 2937 posita
2913 2862 3098 2937 gratia
3145 2862 3409 2921 sanctifi-

2038 2948 2199 3000 cante
2221 2943 2284 2999 in
2313 2945 2527 3009 anima,
2555 2943 2872 2999 destruitur
2892 2943 3150 3000 carentia
3166 2943 3408 3017 justitias

2038 3024 2343 3098 originalis
2363 3024 2676 3081 secundum
2714 3024 2792 3090 id,
2824 3040 2935 3098 quo
2964 3023 3262 3096 potissime
3299 3026 3410 3103 ho-;

2038 3105 2260 3161 minem
2284 3104 2568 3177 privabat.
2595 3107 2709 3162 Nec
2730 3111 2924 3160 tamen
2953 3104 3166 3160 dicitur
3188 3105 3254 3161 in
3278 3107 3407 3180 jus-

2038 3183 2350 3243 tificatione
2396 3185 2618 3242 restitui
2678 3185 3027 3258 originalem
3072 3185 3400 3260 justitiam,

2037 3268 2170 3341 quia
2192 3267 2260 3323 ad
2283 3268 2388 3324 hoc
2419 3265 2713 3339 oportebat
2744 3267 2967 3323 restitui
2996 3267 3248 3340 gratiam
3271 3284 3402 3324 cum

2036 3365 2104 3406 eo
2151 3349 2514 3422 perfectionis
2566 3348 2737 3405 modo
2763 3392 2775 3415 ,
2833 3364 3002 3421 quem
3052 3348 3300 3406 habebat
3340 3350 3402 3405 in

2036 3428 2278 3486 Adam0.
2298 3432 2487 3486 Cessat
2504 3445 2659 3497 vere,
2685 3429 2867 3502 posita
2892 3430 3400 3503 gratia‚peccatum

2038 3510 2361 3583 originale;
2391 3511 2526 3582 quia
2570 3510 2757 3583 gratia
2803 3508 3055 3565 excludit
3079 3510 3400 3566 carentiam

2038 3590 2339 3664 originalis
2377 3590 2613 3664 justitiae
2657 3589 3001 3654 formaliter,
3032 3596 3089 3646 et
3138 3606 3211 3647 ex
3241 3594 3401 3663 parte

2040 3674 2210 3740 recti,
2248 3672 2559 3729 secundum
2606 3687 2777 3745 quam
2812 3670 3188 3728 constituebat
3216 3671 3399 3745 origi—

2039 3758 2170 3812 nale
2210 3761 2518 3828 peccatum,
2551 3759 2611 3810 ut
2641 3761 2834 3827 aperte
2861 3752 3051 3810 docuit
3077 3756 3141 3809 D.
3187 3754 3394 3811 Thom.
3426 3763 3561 3809 nfrtno.

2036 3843 2217 3913 quaest.
2250 3838 2304 3902 5,
2329 3838 2392 3892 de
2417 3835 2591 3895 Malo,
2617 3842 2726 3890 art.
2770 3836 2825 3889 ll
2860 3835 2936 3889 ad
2963 3835 3044 3890 13.
3072 3836 3260 3898 Quam
3276 3834 3401 3891 doc-

2033 3918 2255 3974 trinam
2278 3918 2451 3974 latius
2473 3916 2816 3974 tradidimus
2843 3922 3004 3971 tract.
3031 3918 3220 3984 citato,
3252 3917 3392 3988 disp.

2045 4002 2127 4069 16,
2195 4018 2231 4055 a
2283 4018 2417 4058 num
2440 4043 2453 4058 .
2502 4002 2593 4069 54,
2643 4005 2699 4057 et
2749 3997 2936 4055 videri
2988 3997 3163 4055 etiam
3221 4003 3399 4072 potest

2034 4083 2265 4138 Arauxo
2292 4080 2355 4136 in
2378 4081 2665 4153 praesenti,
2710 4080 2876 4135 concl.
2923 4080 2977 4135 3.
3009 4079 3158 4134 Tum
3185 4079 3386 4143 etiam,
3408 4079 3558 4121 mm·

2034 4162 2169 4233 quia
2206 4165 2324 4217 esto
2345 4160 2565 4234 justitia
2594 4159 2898 4233 originalis
2942 4157 3206 4216 differret
3247 4158 3398 4215 adae-

2034 4245 2201 4313 quate
2229 4256 2261 4296 a
2286 4241 2506 4313 gratia;
2543 4240 2929 4296 nihilominus
2951 4239 3207 4296 carentia
3224 4238 3398 4315 justi-

2034 4322 2128 4377 tiae
2149 4320 2450 4395 originalis
2473 4336 2589 4376 non
2635 4319 2929 4375 constituit
2956 4319 3245 4392 originale
3267 4335 3398 4394 pec·

2033 4408 2243 4467 catum,
2301 4402 2415 4457 nisi
2478 4406 2758 4474 quatenus
2808 4407 2892 4457 est
2944 4403 3299 4470 voluntaria,
3343 4407 3399 4458 et

2035 4480 2369 4556 dependcta
2414 4486 2635 4554 peccato
2659 4481 2998 4555 praa-cedenti
3042 4497 3160 4539 non
3187 4487 3395 4539 retrac-

2036 4646 2239 4720 recipit
2264 4645 2531 4720 gratiam,
2583 4650 2850 4701 retractat
2897 4643 3236 4718 praedictum
3265 4661 3393 4719 pec-

2034 4733 2223 4787 catum
2250 4751 2265 4796 ;
2289 4726 2572 4801 siquidem
2599 4743 2661 4784 se
2687 4728 2971 4785 convertit
2996 4726 3300 4784 efficaciter
3324 4725 3394 4783 ad

2034 4813 2214 4867 Deum
2278 4809 2554 4865 ultimum
2616 4808 2794 4864 finem
2849 4808 3351 4883 supernaturalem
3377 4829 3391 4864 ε

2034 4895 2401 4965 quapropter,
2448 4888 2629 4961 posita
2655 4888 3016 4956 contritione,
3061 4889 3155 4947 vel
3181 4888 3389 4964 gratia,

2034 4971 2230 5030 statim
2258 4974 2435 5028 cessat
2463 4973 2751 5041 peccatum
2776 4970 3081 5044 originale.

2117 5055 2236 5109 165.
2281 5049 2388 5108 Sed
2436 5048 2738 5123 replicabis
2782 5052 2859 5120 (et
2909 5051 2981 5106 sit
3007 5049 3253 5141 secunda
3286 5047 3381 5183 otb-

3147 5151 3159 5160 ·
3224 5143 3311 5203 Jec
3338 5142 3397 5184 ιο
