<?xml version="1.0" encoding="UTF-8"?>
<!DOCTYPE html PUBLIC "-//W3C//DTD XHTML 1.0 Transitional//EN"
    "http://www.w3.org/TR/xhtml1/DTD/xhtml1-transitional.dtd">
<html xmlns="http://www.w3.org/1999/xhtml" xml:lang="en" lang="en">
 <head>
  <title>
</title>
<meta http-equiv="Content-Type" content="text/html;charset=utf-8" />
  <meta name='ocr-system' content='tesseract 3.04.00' />
  <meta name='ocr-capabilities' content='ocr_page ocr_carea ocr_par ocr_line ocrx_word'/>
</head>
<body>
  <div class='ocr_page' id='page_1' title='image "./collegiisalmant00carmgoog_0771.png"; bbox 0 0 3647 5753; ppageno 0'>
   <div class='ocr_carea' id='block_1_1' title="bbox 1427 474 3205 548">
    <p class='ocr_par' dir='ltr' id='par_1_1' title="bbox 1427 474 3205 548">
     <span class='ocr_line' id='line_1_1' title="bbox 1427 474 3205 548; baseline -0.004 -11"><span class='ocrx_word' id='word_1_1' title='bbox 1427 480 1607 538; x_wconf 86' lang='lat' dir='ltr'><strong>DISP.</strong></span> <span class='ocrx_word' id='word_1_2' title='bbox 1650 479 1745 548; x_wconf 80' lang='lat' dir='ltr'>lv,</span> <span class='ocrx_word' id='word_1_3' title='bbox 1788 478 1956 536; x_wconf 87' lang='lat' dir='ltr'><strong>DUB.</strong></span> <span class='ocrx_word' id='word_1_4' title='bbox 1999 478 2097 537; x_wconf 85' lang='lat' dir='ltr'>lv.</span> <span class='ocrx_word' id='word_1_5' title='bbox 3089 474 3205 530; x_wconf 75' lang='lat'>749</span> 
     </span>
    </p>
   </div>
   <div class='ocr_carea' id='block_1_2' title="bbox 112 655 1704 3888">
    <p class='ocr_par' dir='ltr' id='par_1_2' title="bbox 112 655 1704 3888">
     <span class='ocr_line' id='line_1_2' title="bbox 338 655 1704 728; baseline 0 -20"><span class='ocrx_word' id='word_1_6' title='bbox 338 657 621 724; x_wconf 78' lang='lat' dir='ltr'>quatenus</span> <span class='ocrx_word' id='word_1_7' title='bbox 662 659 749 711; x_wconf 86' lang='lat' dir='ltr'>est</span> <span class='ocrx_word' id='word_1_8' title='bbox 792 655 845 711; x_wconf 91' lang='lat' dir='ltr'>ei</span> <span class='ocrx_word' id='word_1_9' title='bbox 893 655 1128 721; x_wconf 80' lang='lat' dir='ltr'>amicus„</span> <span class='ocrx_word' id='word_1_10' title='bbox 1178 658 1235 711; x_wconf 89' lang='lat' dir='ltr'>et</span> <span class='ocrx_word' id='word_1_11' title='bbox 1278 657 1516 728; x_wconf 79' lang='lat' dir='ltr'>gratus:</span> <span class='ocrx_word' id='word_1_12' title='bbox 1565 665 1704 724; x_wconf 88' lang='lat' dir='ltr'>ergo</span> 
     </span>
     <span class='ocr_line' id='line_1_3' title="bbox 339 732 1703 809; baseline -0.002 -19"><span class='ocrx_word' id='word_1_13' title='bbox 339 735 579 804; x_wconf 81' lang='lat' dir='ltr'>(caeteris</span> <span class='ocrx_word' id='word_1_14' title='bbox 607 735 864 808; x_wconf 88' lang='lat' dir='ltr'>paribus)</span> <span class='ocrx_word' id='word_1_15' title='bbox 892 736 994 792; x_wconf 89' lang='lat' dir='ltr'>ille</span> <span class='ocrx_word' id='word_1_16' title='bbox 1036 737 1163 809; x_wconf 87' lang='lat' dir='ltr'>plus</span> <span class='ocrx_word' id='word_1_17' title='bbox 1191 734 1511 792; x_wconf 85' lang='lat' dir='ltr'>merebitur</span> <span class='ocrx_word' id='word_1_18' title='bbox 1532 732 1703 805; x_wconf 78' lang='lat' dir='ltr'>hujus</span> 
     </span>
     <span class='ocr_line' id='line_1_4' title="bbox 342 813 1704 891; baseline -0.002 -20"><span class='ocrx_word' id='word_1_19' title='bbox 342 814 591 888; x_wconf 77' lang='lat' dir='ltr'>praemii,</span> <span class='ocrx_word' id='word_1_20' title='bbox 619 817 681 873; x_wconf 91' lang='lat' dir='ltr'>in</span> <span class='ocrx_word' id='word_1_21' title='bbox 707 832 818 889; x_wconf 87' lang='lat' dir='ltr'>quo</span> <span class='ocrx_word' id='word_1_22' title='bbox 839 816 1015 872; x_wconf 78' lang='lat' dir='ltr'>fuerit</span> <span class='ocrx_word' id='word_1_23' title='bbox 1040 817 1227 891; x_wconf 84' lang='lat' dir='ltr'>major</span> <span class='ocrx_word' id='word_1_24' title='bbox 1269 816 1391 890; x_wconf 84' lang='lat' dir='ltr'>ejus</span> <span class='ocrx_word' id='word_1_25' title='bbox 1434 813 1704 889; x_wconf 45' lang='lat' dir='ltr'>gratiasset</span> 
     </span>
     <span class='ocr_line' id='line_1_5' title="bbox 345 896 617 953; baseline 0 0"><span class='ocrx_word' id='word_1_26' title='bbox 345 896 617 953; x_wconf 86' lang='lat' dir='ltr'>amicitia.</span> 
     </span>
     <span class='ocr_line' id='line_1_6' title="bbox 418 976 1702 1053; baseline -0.004 -19"><span class='ocrx_word' id='word_1_27' title='bbox 418 977 826 1047; x_wconf 81' lang='lat' dir='ltr'>confirmatur,</span> <span class='ocrx_word' id='word_1_28' title='bbox 858 981 994 1053; x_wconf 88' lang='lat' dir='ltr'>qnia</span> <span class='ocrx_word' id='word_1_29' title='bbox 1015 979 1254 1050; x_wconf 78' lang='lat' dir='ltr'>(caeteris</span> <span class='ocrx_word' id='word_1_30' title='bbox 1276 976 1534 1052; x_wconf 87' lang='lat' dir='ltr'>paribus)</span> <span class='ocrx_word' id='word_1_31' title='bbox 1560 990 1702 1047; x_wconf 86' lang='lat' dir='ltr'>opus</span> 
     </span>
     <span class='ocr_line' id='line_1_7' title="bbox 344 1053 1702 1135; baseline -0.004 -21"><span class='ocrx_word' id='word_1_32' title='bbox 344 1056 580 1132; x_wconf 66' lang='lat' dir='ltr'>maioris</span> <span class='ocrx_word' id='word_1_33' title='bbox 603 1059 771 1117; x_wconf 89' lang='lat' dir='ltr'>amici</span> <span class='ocrx_word' id='word_1_34' title='bbox 796 1060 980 1135; x_wconf 89' lang='lat' dir='ltr'>magis</span> <span class='ocrx_word' id='word_1_35' title='bbox 1001 1059 1199 1133; x_wconf 90' lang='lat' dir='ltr'>placet,</span> <span class='ocrx_word' id='word_1_36' title='bbox 1225 1057 1523 1132; x_wconf 88' lang='lat' dir='ltr'>plurisque</span> <span class='ocrx_word' id='word_1_37' title='bbox 1544 1053 1702 1111; x_wconf 81' lang='lat' dir='ltr'>aesti-</span> 
     </span>
     <span class='ocr_line' id='line_1_8' title="bbox 344 1136 1702 1214; baseline -0.004 -20"><span class='ocrx_word' id='word_1_38' title='bbox 344 1142 537 1194; x_wconf 87' lang='lat' dir='ltr'>matur</span> <span class='ocrx_word' id='word_1_39' title='bbox 563 1162 577 1195; x_wconf 70' lang='grc' dir='ltr'><strong>ε</strong></span> <span class='ocrx_word' id='word_1_40' title='bbox 606 1155 741 1213; x_wconf 83' lang='lat' dir='ltr'>ergo</span> <span class='ocrx_word' id='word_1_41' title='bbox 769 1142 899 1214; x_wconf 90' lang='lat' dir='ltr'>plus</span> <span class='ocrx_word' id='word_1_42' title='bbox 927 1143 1041 1198; x_wconf 92' lang='lat' dir='ltr'>Deo</span> <span class='ocrx_word' id='word_1_43' title='bbox 1069 1139 1315 1214; x_wconf 82' lang='lat' dir='ltr'>placebit</span> <span class='ocrx_word' id='word_1_44' title='bbox 1334 1136 1575 1210; x_wconf 80' lang='lat' dir='ltr'>(caeteris</span> <span class='ocrx_word' id='word_1_45' title='bbox 1597 1149 1702 1207; x_wconf 88' lang='lat' dir='ltr'>pa-</span> 
     </span>
     <span class='ocr_line' id='line_1_9' title="bbox 345 1215 1697 1294; baseline -0.004 -19"><span class='ocrx_word' id='word_1_46' title='bbox 345 1217 525 1290; x_wconf 82' lang='lat' dir='ltr'>ribus)</span> <span class='ocrx_word' id='word_1_47' title='bbox 569 1226 727 1275; x_wconf 87' lang='lat' dir='ltr'>actus</span> <span class='ocrx_word' id='word_1_48' title='bbox 778 1220 1041 1278; x_wconf 88' lang='lat' dir='ltr'>habentis</span> <span class='ocrx_word' id='word_1_49' title='bbox 1088 1221 1367 1294; x_wconf 86' lang='lat' dir='ltr'>majorem</span> <span class='ocrx_word' id='word_1_50' title='bbox 1406 1215 1697 1292; x_wconf 79' lang='lat' dir='ltr'>gratiam:</span> 
     </span>
     <span class='ocr_line' id='line_1_10' title="bbox 340 1298 1585 1375; baseline -0.004 -19"><span class='ocrx_word' id='word_1_51' title='bbox 340 1299 455 1356; x_wconf 89' lang='lat' dir='ltr'>erit</span> <span class='ocrx_word' id='word_1_52' title='bbox 480 1315 617 1373; x_wconf 88' lang='lat' dir='ltr'>ergo</span> <span class='ocrx_word' id='word_1_53' title='bbox 643 1300 791 1372; x_wconf 89' lang='lat' dir='ltr'>apud</span> <span class='ocrx_word' id='word_1_54' title='bbox 822 1303 992 1358; x_wconf 91' lang='lat' dir='ltr'>illum</span> <span class='ocrx_word' id='word_1_55' title='bbox 1020 1302 1203 1375; x_wconf 90' lang='lat' dir='ltr'>magis</span> <span class='ocrx_word' id='word_1_56' title='bbox 1225 1298 1585 1355; x_wconf 88' lang='lat' dir='ltr'>meritorius.</span> 
     </span>
     <span class='ocr_line' id='line_1_11' title="bbox 123 1370 1693 1465; baseline -0.005 -26"><span class='ocrx_word' id='word_1_57' title='bbox 123 1370 319 1465; x_wconf 53' lang='grc' dir='ltr'>Εῶζῑῑῧξ·</span> <span class='ocrx_word' id='word_1_58' title='bbox 416 1379 896 1453; x_wconf 84' lang='lat' dir='ltr'>Respondetur‚et</span> <span class='ocrx_word' id='word_1_59' title='bbox 916 1383 1078 1455; x_wconf 87' lang='lat' dir='ltr'>prius</span> <span class='ocrx_word' id='word_1_60' title='bbox 1109 1380 1180 1438; x_wconf 89' lang='lat' dir='ltr'>ad</span> <span class='ocrx_word' id='word_1_61' title='bbox 1203 1382 1390 1437; x_wconf 88' lang='lat' dir='ltr'>locum</span> <span class='ocrx_word' id='word_1_62' title='bbox 1415 1378 1693 1434; x_wconf 87' lang='lat' dir='ltr'>D.Thom.</span> 
     </span>
     <span class='ocr_line' id='line_1_12' title="bbox 122 1458 1700 1538; baseline 0 -25"><span class='ocrx_word' id='word_1_63' title='bbox 122 1470 323 1515; x_wconf 65' lang='lat' dir='ltr'>Thomas.</span> <span class='ocrx_word' id='word_1_64' title='bbox 339 1464 717 1536; x_wconf 87' lang='lat' dir='ltr'>quantitatem</span> <span class='ocrx_word' id='word_1_65' title='bbox 775 1464 1087 1531; x_wconf 88' lang='lat' dir='ltr'>charitatis,</span> <span class='ocrx_word' id='word_1_66' title='bbox 1129 1479 1303 1538; x_wconf 89' lang='lat' dir='ltr'>quam</span> <span class='ocrx_word' id='word_1_67' title='bbox 1365 1458 1700 1517; x_wconf 83' lang='lat' dir='ltr'>immediate</span> 
     </span>
     <span class='ocr_line' id='line_1_13' title="bbox 339 1542 1696 1618; baseline -0.004 -18"><span class='ocrx_word' id='word_1_68' title='bbox 339 1543 570 1617; x_wconf 79' lang='lat' dir='ltr'>respicit</span> <span class='ocrx_word' id='word_1_69' title='bbox 586 1544 859 1601; x_wconf 89' lang='lat' dir='ltr'>meritum</span> <span class='ocrx_word' id='word_1_70' title='bbox 883 1545 1106 1618; x_wconf 78' lang='lat' dir='ltr'>praemii</span> <span class='ocrx_word' id='word_1_71' title='bbox 1128 1542 1474 1607; x_wconf 88' lang='lat' dir='ltr'>essentialis,</span> <span class='ocrx_word' id='word_1_72' title='bbox 1498 1545 1696 1597; x_wconf 91' lang='lat' dir='ltr'>etcum</span> 
     </span>
     <span class='ocr_line' id='line_1_14' title="bbox 335 1620 1699 1698; baseline -0.004 -17"><span class='ocrx_word' id='word_1_73' title='bbox 335 1640 448 1698; x_wconf 87' lang='lat' dir='ltr'>qua</span> <span class='ocrx_word' id='word_1_74' title='bbox 484 1632 1007 1693; x_wconf 78' lang='lat' dir='ltr'>commensuratur,</span> <span class='ocrx_word' id='word_1_75' title='bbox 1077 1644 1196 1685; x_wconf 90' lang='lat' dir='ltr'>non</span> <span class='ocrx_word' id='word_1_76' title='bbox 1235 1640 1359 1682; x_wconf 88' lang='lat' dir='ltr'>esse</span> <span class='ocrx_word' id='word_1_77' title='bbox 1404 1620 1699 1696; x_wconf 89' lang='lat' dir='ltr'>quantita-</span> 
     </span>
     <span class='ocr_line' id='line_1_15' title="bbox 334 1701 1698 1780; baseline -0.004 -18"><span class='ocrx_word' id='word_1_78' title='bbox 334 1710 471 1772; x_wconf 78' lang='lat' dir='ltr'>tem,</span> <span class='ocrx_word' id='word_1_79' title='bbox 497 1723 596 1764; x_wconf 90' lang='lat' dir='ltr'>seu</span> <span class='ocrx_word' id='word_1_80' title='bbox 627 1706 1035 1773; x_wconf 83' lang='lat' dir='ltr'>intensionem,</span> <span class='ocrx_word' id='word_1_81' title='bbox 1067 1724 1193 1780; x_wconf 83' lang='lat' dir='ltr'>quae</span> <span class='ocrx_word' id='word_1_82' title='bbox 1232 1712 1317 1764; x_wconf 85' lang='lat' dir='ltr'>est</span> <span class='ocrx_word' id='word_1_83' title='bbox 1346 1706 1410 1761; x_wconf 93' lang='lat' dir='ltr'>in</span> <span class='ocrx_word' id='word_1_84' title='bbox 1438 1704 1562 1776; x_wconf 85' lang='lat' dir='ltr'>ipso</span> <span class='ocrx_word' id='word_1_85' title='bbox 1590 1701 1698 1756; x_wconf 88' lang='lat' dir='ltr'>ha-</span> 
     </span>
     <span class='ocr_line' id='line_1_16' title="bbox 332 1782 1698 1861; baseline -0.004 -20"><span class='ocrx_word' id='word_1_86' title='bbox 332 1784 456 1841; x_wconf 81' lang='lat' dir='ltr'>bitu</span> <span class='ocrx_word' id='word_1_87' title='bbox 485 1788 800 1853; x_wconf 84' lang='lat' dir='ltr'>charitatis,</span> <span class='ocrx_word' id='word_1_88' title='bbox 840 1787 939 1844; x_wconf 89' lang='lat' dir='ltr'>sed</span> <span class='ocrx_word' id='word_1_89' title='bbox 969 1788 1155 1854; x_wconf 91' lang='lat' dir='ltr'>illam,</span> <span class='ocrx_word' id='word_1_90' title='bbox 1194 1803 1367 1861; x_wconf 91' lang='lat' dir='ltr'>quam</span> <span class='ocrx_word' id='word_1_91' title='bbox 1396 1801 1466 1842; x_wconf 86' lang='lat' dir='ltr'>ex</span> <span class='ocrx_word' id='word_1_92' title='bbox 1494 1782 1698 1855; x_wconf 84' lang='lat' dir='ltr'>hujus·</span> 
     </span>
     <span class='ocr_line' id='line_1_17' title="bbox 331 1863 1689 1938; baseline -0.004 -17"><span class='ocrx_word' id='word_1_93' title='bbox 331 1864 490 1923; x_wconf 89' lang='lat' dir='ltr'>modi</span> <span class='ocrx_word' id='word_1_94' title='bbox 537 1866 737 1923; x_wconf 90' lang='lat' dir='ltr'>habitu</span> <span class='ocrx_word' id='word_1_95' title='bbox 792 1873 946 1924; x_wconf 87' lang='lat' dir='ltr'>actus</span> <span class='ocrx_word' id='word_1_96' title='bbox 993 1868 1328 1926; x_wconf 87' lang='lat' dir='ltr'>meritorius</span> <span class='ocrx_word' id='word_1_97' title='bbox 1370 1863 1689 1938; x_wconf 87' lang='lat' dir='ltr'>participat,</span> 
     </span>
     <span class='ocr_line' id='line_1_18' title="bbox 272 1942 1696 2021; baseline -0.004 -18"><span class='ocrx_word' id='word_1_98' title='bbox 272 2002 283 2013; x_wconf 72' lang='grc'><strong>,</strong></span> <span class='ocrx_word' id='word_1_99' title='bbox 332 1962 457 2018; x_wconf 84' lang='lat' dir='ltr'>quae</span> <span class='ocrx_word' id='word_1_100' title='bbox 482 1953 712 2004; x_wconf 89' lang='lat' dir='ltr'>estnon</span> <span class='ocrx_word' id='word_1_101' title='bbox 743 1950 1051 2021; x_wconf 81' lang='lat' dir='ltr'>quantitas,</span> <span class='ocrx_word' id='word_1_102' title='bbox 1100 1965 1200 2006; x_wconf 89' lang='lat' dir='ltr'>seu</span> <span class='ocrx_word' id='word_1_103' title='bbox 1243 1945 1496 2004; x_wconf 86' lang='lat' dir='ltr'>intensio</span> <span class='ocrx_word' id='word_1_104' title='bbox 1525 1942 1696 2000; x_wconf 87' lang='lat' dir='ltr'>hahi-</span> 
     </span>
     <span class='ocr_line' id='line_1_19' title="bbox 333 2024 1695 2099; baseline -0.001 -17"><span class='ocrx_word' id='word_1_105' title='bbox 333 2027 525 2094; x_wconf 78' lang='lat' dir='ltr'>tualiS,</span> <span class='ocrx_word' id='word_1_106' title='bbox 575 2027 675 2085; x_wconf 90' lang='lat' dir='ltr'>sed</span> <span class='ocrx_word' id='word_1_107' title='bbox 722 2030 996 2093; x_wconf 88' lang='lat' dir='ltr'>actualis;</span> <span class='ocrx_word' id='word_1_108' title='bbox 1044 2033 1100 2086; x_wconf 89' lang='lat' dir='ltr'>et</span> <span class='ocrx_word' id='word_1_109' title='bbox 1144 2028 1357 2085; x_wconf 87' lang='lat' dir='ltr'>dicitur</span> <span class='ocrx_word' id='word_1_110' title='bbox 1406 2024 1695 2099; x_wconf 83' lang='lat' dir='ltr'>quantitas</span> 
     </span>
     <span class='ocr_line' id='line_1_20' title="bbox 333 2107 1693 2184; baseline -0.003 -21"><span class='ocrx_word' id='word_1_111' title='bbox 333 2107 565 2165; x_wconf 89' lang='lat' dir='ltr'>habitus</span> <span class='ocrx_word' id='word_1_112' title='bbox 605 2111 915 2175; x_wconf 78' lang='lat' dir='ltr'>transitive,</span> <span class='ocrx_word' id='word_1_113' title='bbox 965 2111 1102 2184; x_wconf 87' lang='lat' dir='ltr'>quia</span> <span class='ocrx_word' id='word_1_114' title='bbox 1147 2114 1235 2165; x_wconf 81' lang='lat' dir='ltr'>cst</span> <span class='ocrx_word' id='word_1_115' title='bbox 1277 2125 1349 2166; x_wconf 87' lang='lat' dir='ltr'>ex</span> <span class='ocrx_word' id='word_1_116' title='bbox 1402 2107 1524 2171; x_wconf 89' lang='lat' dir='ltr'>illo,</span> <span class='ocrx_word' id='word_1_117' title='bbox 1574 2119 1693 2161; x_wconf 90' lang='lat' dir='ltr'>non</span> 
     </span>
     <span class='ocr_line' id='line_1_21' title="bbox 335 2186 1694 2270; baseline -0.002 -26"><span class='ocrx_word' id='word_1_118' title='bbox 335 2189 471 2261; x_wconf 90' lang='lat' dir='ltr'>quia</span> <span class='ocrx_word' id='word_1_119' title='bbox 498 2189 834 2248; x_wconf 87' lang='lat' dir='ltr'>immediate</span> <span class='ocrx_word' id='word_1_120' title='bbox 859 2193 938 2247; x_wconf 85' lang='lat' dir='ltr'>sit</span> <span class='ocrx_word' id='word_1_121' title='bbox 982 2193 1045 2248; x_wconf 89' lang='lat' dir='ltr'>in</span> <span class='ocrx_word' id='word_1_122' title='bbox 1072 2192 1197 2270; x_wconf 80' lang='lat' dir='ltr'>illo,</span> <span class='ocrx_word' id='word_1_123' title='bbox 1228 2190 1328 2247; x_wconf 87' lang='lat' dir='ltr'>sed</span> <span class='ocrx_word' id='word_1_124' title='bbox 1352 2194 1440 2247; x_wconf 88' lang='lat' dir='ltr'>est</span> <span class='ocrx_word' id='word_1_125' title='bbox 1478 2187 1541 2243; x_wconf 91' lang='lat' dir='ltr'>in</span> <span class='ocrx_word' id='word_1_126' title='bbox 1571 2186 1694 2259; x_wconf 89' lang='lat' dir='ltr'>ipso</span> 
     </span>
     <span class='ocr_line' id='line_1_22' title="bbox 338 2274 484 2325; baseline -0.007 0"><span class='ocrx_word' id='word_1_127' title='bbox 338 2274 484 2325; x_wconf 89' lang='lat' dir='ltr'>actu.</span> 
     </span>
     <span class='ocr_line' id='line_1_23' title="bbox 112 2341 1691 2435; baseline -0.002 -31"><span class='ocrx_word' id='word_1_128' title='bbox 112 2341 318 2435; x_wconf 56' lang='lat' dir='ltr'>⁰1¹u¹1¹1¹ita¹3¹</span> <span class='ocrx_word' id='word_1_129' title='bbox 406 2350 497 2406; x_wconf 83' lang='lat'>61.</span> <span class='ocrx_word' id='word_1_130' title='bbox 543 2349 628 2406; x_wconf 86' lang='lat' dir='ltr'>Ad</span> <span class='ocrx_word' id='word_1_131' title='bbox 670 2351 976 2417; x_wconf 86' lang='lat' dir='ltr'>rationem,</span> <span class='ocrx_word' id='word_1_132' title='bbox 1005 2368 1136 2409; x_wconf 89' lang='lat' dir='ltr'>cum</span> <span class='ocrx_word' id='word_1_133' title='bbox 1157 2350 1369 2407; x_wconf 89' lang='lat' dir='ltr'>dicitur</span> <span class='ocrx_word' id='word_1_134' title='bbox 1392 2347 1691 2415; x_wconf 88' lang='lat' dir='ltr'>hominem</span> 
     </span>
     <span class='ocr_line' id='line_1_24' title="bbox 112 2427 1687 2506; baseline -0.003 -20"><span class='ocrx_word' id='word_1_135' title='bbox 112 2445 316 2486; x_wconf 77' lang='lat' dir='ltr'>mentum.</span> <span class='ocrx_word' id='word_1_136' title='bbox 333 2430 545 2487; x_wconf 88' lang='lat' dir='ltr'>mereri</span> <span class='ocrx_word' id='word_1_137' title='bbox 574 2430 722 2503; x_wconf 90' lang='lat' dir='ltr'>apud</span> <span class='ocrx_word' id='word_1_138' title='bbox 754 2434 951 2499; x_wconf 88' lang='lat' dir='ltr'>Deum,</span> <span class='ocrx_word' id='word_1_139' title='bbox 979 2438 1258 2506; x_wconf 85' lang='lat' dir='ltr'>quatenus</span> <span class='ocrx_word' id='word_1_140' title='bbox 1286 2436 1369 2488; x_wconf 91' lang='lat' dir='ltr'>est</span> <span class='ocrx_word' id='word_1_141' title='bbox 1398 2430 1461 2486; x_wconf 91' lang='lat' dir='ltr'>in</span> <span class='ocrx_word' id='word_1_142' title='bbox 1481 2427 1687 2503; x_wconf 90' lang='lat' dir='ltr'>gratia,</span> 
     </span>
     <span class='ocr_line' id='line_1_25' title="bbox 334 2506 1688 2587; baseline -0.001 -21"><span class='ocrx_word' id='word_1_143' title='bbox 334 2511 729 2583; x_wconf 84' lang='lat' dir='ltr'>respondetur,</span> <span class='ocrx_word' id='word_1_144' title='bbox 756 2514 1003 2587; x_wconf 81' lang='lat' dir='ltr'>gratiam</span> <span class='ocrx_word' id='word_1_145' title='bbox 1036 2511 1344 2586; x_wconf 86' lang='lat' dir='ltr'>dupliciter</span> <span class='ocrx_word' id='word_1_146' title='bbox 1364 2506 1688 2582; x_wconf 89' lang='lat' dir='ltr'>comparari</span> 
     </span>
     <span class='ocr_line' id='line_1_26' title="bbox 331 2590 1685 2662; baseline -0.001 -14"><span class='ocrx_word' id='word_1_147' title='bbox 331 2590 403 2648; x_wconf 87' lang='lat' dir='ltr'>ad</span> <span class='ocrx_word' id='word_1_148' title='bbox 431 2592 705 2649; x_wconf 87' lang='lat' dir='ltr'>meritum</span> <span class='ocrx_word' id='word_1_149' title='bbox 746 2595 878 2651; x_wconf 81' lang='lat' dir='ltr'>vitae</span> <span class='ocrx_word' id='word_1_150' title='bbox 920 2602 1182 2662; x_wconf 80' lang='lat' dir='ltr'>aeternae;</span> <span class='ocrx_word' id='word_1_151' title='bbox 1230 2598 1285 2650; x_wconf 88' lang='lat' dir='ltr'>et</span> <span class='ocrx_word' id='word_1_152' title='bbox 1333 2590 1685 2657; x_wconf 89' lang='lat' dir='ltr'>immediate,</span> 
     </span>
     <span class='ocr_line' id='line_1_27' title="bbox 328 2672 1688 2750; baseline -0.001 -21"><span class='ocrx_word' id='word_1_153' title='bbox 328 2679 607 2745; x_wconf 88' lang='lat' dir='ltr'>quatenus</span> <span class='ocrx_word' id='word_1_154' title='bbox 651 2691 750 2748; x_wconf 92' lang='lat' dir='ltr'>per</span> <span class='ocrx_word' id='word_1_155' title='bbox 795 2678 1041 2750; x_wconf 85' lang='lat' dir='ltr'>seipsam</span> <span class='ocrx_word' id='word_1_156' title='bbox 1069 2676 1361 2733; x_wconf 88' lang='lat' dir='ltr'>constituit</span> <span class='ocrx_word' id='word_1_157' title='bbox 1389 2672 1688 2731; x_wconf 90' lang='lat' dir='ltr'>hominem</span> 
     </span>
     <span class='ocr_line' id='line_1_28' title="bbox 325 2752 1689 2829; baseline 0.001 -20"><span class='ocrx_word' id='word_1_158' title='bbox 325 2752 516 2810; x_wconf 82' lang='lat' dir='ltr'>filium</span> <span class='ocrx_word' id='word_1_159' title='bbox 547 2755 646 2812; x_wconf 90' lang='lat' dir='ltr'>Dei</span> <span class='ocrx_word' id='word_1_160' title='bbox 672 2755 1025 2828; x_wconf 87' lang='lat' dir='ltr'>adoptivum,</span> <span class='ocrx_word' id='word_1_161' title='bbox 1057 2757 1247 2829; x_wconf 91' lang='lat' dir='ltr'>sicque</span> <span class='ocrx_word' id='word_1_162' title='bbox 1275 2756 1339 2812; x_wconf 92' lang='lat' dir='ltr'>in</span> <span class='ocrx_word' id='word_1_163' title='bbox 1377 2760 1526 2811; x_wconf 87' lang='lat' dir='ltr'>statu</span> <span class='ocrx_word' id='word_1_164' title='bbox 1563 2768 1689 2810; x_wconf 90' lang='lat' dir='ltr'>me-</span> 
     </span>
     <span class='ocr_line' id='line_1_29' title="bbox 327 2834 1682 2912; baseline -0.001 -20"><span class='ocrx_word' id='word_1_165' title='bbox 327 2834 492 2892; x_wconf 91' lang='lat' dir='ltr'>rendi</span> <span class='ocrx_word' id='word_1_166' title='bbox 514 2860 529 2904; x_wconf 78' lang='lat'>3</span> <span class='ocrx_word' id='word_1_167' title='bbox 560 2842 617 2893; x_wconf 88' lang='lat' dir='ltr'>et</span> <span class='ocrx_word' id='word_1_168' title='bbox 640 2836 904 2904; x_wconf 90' lang='lat' dir='ltr'>mediate,</span> <span class='ocrx_word' id='word_1_169' title='bbox 925 2842 1205 2912; x_wconf 87' lang='lat' dir='ltr'>quatenus</span> <span class='ocrx_word' id='word_1_170' title='bbox 1225 2835 1413 2894; x_wconf 90' lang='lat' dir='ltr'>medio</span> <span class='ocrx_word' id='word_1_171' title='bbox 1435 2834 1682 2902; x_wconf 83' lang='lat' dir='ltr'>influxu,</span> 
     </span>
     <span class='ocr_line' id='line_1_30' title="bbox 321 2917 1688 2989; baseline -0.001 -16"><span class='ocrx_word' id='word_1_172' title='bbox 321 2931 490 2988; x_wconf 88' lang='lat' dir='ltr'>quem</span> <span class='ocrx_word' id='word_1_173' title='bbox 522 2917 735 2989; x_wconf 80' lang='lat' dir='ltr'>praebet</span> <span class='ocrx_word' id='word_1_174' title='bbox 772 2919 985 2984; x_wconf 77' lang='lat' dir='ltr'>nostris</span> <span class='ocrx_word' id='word_1_175' title='bbox 1024 2918 1260 2984; x_wconf 87' lang='lat' dir='ltr'>actibus,</span> <span class='ocrx_word' id='word_1_176' title='bbox 1300 2917 1688 2974; x_wconf 86' lang='lat' dir='ltr'>communicat</span> 
     </span>
     <span class='ocr_line' id='line_1_31' title="bbox 322 2999 1687 3074; baseline 0.001 -19"><span class='ocrx_word' id='word_1_177' title='bbox 322 2999 443 3056; x_wconf 87' lang='lat' dir='ltr'>illis</span> <span class='ocrx_word' id='word_1_178' title='bbox 486 3017 655 3057; x_wconf 88' lang='lat' dir='ltr'>suum</span> <span class='ocrx_word' id='word_1_179' title='bbox 686 3003 964 3069; x_wconf 87' lang='lat' dir='ltr'>valorem,</span> <span class='ocrx_word' id='word_1_180' title='bbox 995 3001 1402 3074; x_wconf 86' lang='lat' dir='ltr'>constituitque</span> <span class='ocrx_word' id='word_1_181' title='bbox 1446 3016 1545 3057; x_wconf 88' lang='lat' dir='ltr'>eos</span> <span class='ocrx_word' id='word_1_182' title='bbox 1591 3000 1687 3057; x_wconf 90' lang='lat' dir='ltr'>di-</span> 
     </span>
     <span class='ocr_line' id='line_1_32' title="bbox 318 3082 1679 3157; baseline 0.001 -20"><span class='ocrx_word' id='word_1_183' title='bbox 318 3097 521 3155; x_wconf 90' lang='lat' dir='ltr'>gnum,</span> <span class='ocrx_word' id='word_1_184' title='bbox 578 3088 635 3139; x_wconf 90' lang='lat' dir='ltr'>et</span> <span class='ocrx_word' id='word_1_185' title='bbox 672 3084 895 3157; x_wconf 84' lang='lat' dir='ltr'>justum</span> <span class='ocrx_word' id='word_1_186' title='bbox 949 3083 1199 3155; x_wconf 87' lang='lat' dir='ltr'>pretium</span> <span class='ocrx_word' id='word_1_187' title='bbox 1247 3082 1379 3138; x_wconf 80' lang='lat' dir='ltr'>vitae</span> <span class='ocrx_word' id='word_1_188' title='bbox 1430 3087 1679 3149; x_wconf 80' lang='lat' dir='ltr'>aeternae,</span> 
     </span>
     <span class='ocr_line' id='line_1_33' title="bbox 321 3164 1679 3240; baseline 0 -20"><span class='ocrx_word' id='word_1_189' title='bbox 321 3170 486 3239; x_wconf 88' lang='lat' dir='ltr'>atque</span> <span class='ocrx_word' id='word_1_190' title='bbox 514 3164 653 3222; x_wconf 87' lang='lat' dir='ltr'>adeo</span> <span class='ocrx_word' id='word_1_191' title='bbox 681 3166 1011 3223; x_wconf 88' lang='lat' dir='ltr'>meritorios</span> <span class='ocrx_word' id='word_1_192' title='bbox 1056 3165 1219 3221; x_wconf 89' lang='lat' dir='ltr'>illius</span> <span class='ocrx_word' id='word_1_193' title='bbox 1259 3165 1330 3222; x_wconf 92' lang='lat' dir='ltr'>de</span> <span class='ocrx_word' id='word_1_194' title='bbox 1375 3165 1679 3240; x_wconf 90' lang='lat' dir='ltr'>condigno.</span> 
     </span>
     <span class='ocr_line' id='line_1_34' title="bbox 321 3247 1686 3322; baseline 0 -20"><span class='ocrx_word' id='word_1_195' title='bbox 321 3249 386 3304; x_wconf 87' lang='lat' dir='ltr'>In</span> <span class='ocrx_word' id='word_1_196' title='bbox 402 3248 591 3321; x_wconf 87' lang='lat' dir='ltr'>prima</span> <span class='ocrx_word' id='word_1_197' title='bbox 617 3248 1048 3322; x_wconf 87' lang='lat' dir='ltr'>comparatione</span> <span class='ocrx_word' id='word_1_198' title='bbox 1069 3248 1257 3303; x_wconf 90' lang='lat' dir='ltr'>solum</span> <span class='ocrx_word' id='word_1_199' title='bbox 1281 3247 1599 3304; x_wconf 89' lang='lat' dir='ltr'>attenditur</span> <span class='ocrx_word' id='word_1_200' title='bbox 1621 3247 1686 3302; x_wconf 90' lang='lat' dir='ltr'>in</span> 
     </span>
     <span class='ocr_line' id='line_1_35' title="bbox 319 3328 1686 3404; baseline -0.002 -17"><span class='ocrx_word' id='word_1_201' title='bbox 319 3331 506 3404; x_wconf 86' lang='lat' dir='ltr'>gratia</span> <span class='ocrx_word' id='word_1_202' title='bbox 551 3333 673 3404; x_wconf 88' lang='lat' dir='ltr'>ipsa</span> <span class='ocrx_word' id='word_1_203' title='bbox 716 3333 839 3404; x_wconf 87' lang='lat' dir='ltr'>ejus</span> <span class='ocrx_word' id='word_1_204' title='bbox 866 3330 1135 3397; x_wconf 85' lang='lat' dir='ltr'>essentia,</span> <span class='ocrx_word' id='word_1_205' title='bbox 1167 3344 1378 3403; x_wconf 89' lang='lat' dir='ltr'>nempe</span> <span class='ocrx_word' id='word_1_206' title='bbox 1422 3328 1571 3403; x_wconf 87' lang='lat' dir='ltr'>quod</span> <span class='ocrx_word' id='word_1_207' title='bbox 1610 3330 1686 3385; x_wconf 90' lang='lat' dir='ltr'>sit</span> 
     </span>
     <span class='ocr_line' id='line_1_36' title="bbox 319 3411 1686 3483; baseline -0.002 -15"><span class='ocrx_word' id='word_1_208' title='bbox 319 3412 524 3483; x_wconf 79' lang='lat' dir='ltr'>gratia,</span> <span class='ocrx_word' id='word_1_209' title='bbox 543 3418 601 3468; x_wconf 87' lang='lat' dir='ltr'>et</span> <span class='ocrx_word' id='word_1_210' title='bbox 625 3411 838 3467; x_wconf 84' lang='lat' dir='ltr'>divinae</span> <span class='ocrx_word' id='word_1_211' title='bbox 866 3416 1089 3467; x_wconf 60' lang='lat' dir='ltr'>naturas</span> <span class='ocrx_word' id='word_1_212' title='bbox 1114 3411 1495 3483; x_wconf 88' lang='lat' dir='ltr'>participatio,</span> <span class='ocrx_word' id='word_1_213' title='bbox 1527 3425 1686 3468; x_wconf 86' lang='lat' dir='ltr'>cons·</span> 
     </span>
     <span class='ocr_line' id='line_1_37' title="bbox 323 3489 1680 3565; baseline 0 -19"><span class='ocrx_word' id='word_1_214' title='bbox 323 3493 598 3565; x_wconf 83' lang='lat' dir='ltr'>tituatque</span> <span class='ocrx_word' id='word_1_215' title='bbox 646 3492 945 3548; x_wconf 90' lang='lat' dir='ltr'>hominem</span> <span class='ocrx_word' id='word_1_216' title='bbox 976 3491 1074 3547; x_wconf 90' lang='lat' dir='ltr'>Dei</span> <span class='ocrx_word' id='word_1_217' title='bbox 1097 3489 1287 3546; x_wconf 87' lang='lat' dir='ltr'>filium</span> <span class='ocrx_word' id='word_1_218' title='bbox 1315 3491 1680 3564; x_wconf 86' lang='lat' dir='ltr'>adoptivum:</span> 
     </span>
     <span class='ocr_line' id='line_1_38' title="bbox 321 3570 1684 3647; baseline 0 -20"><span class='ocrx_word' id='word_1_219' title='bbox 321 3570 470 3644; x_wconf 89' lang='lat' dir='ltr'>quod</span> <span class='ocrx_word' id='word_1_220' title='bbox 501 3587 636 3629; x_wconf 82' lang='lat' dir='ltr'>vero</span> <span class='ocrx_word' id='word_1_221' title='bbox 662 3572 849 3646; x_wconf 88' lang='lat' dir='ltr'>gratia</span> <span class='ocrx_word' id='word_1_222' title='bbox 873 3571 949 3626; x_wconf 91' lang='lat' dir='ltr'>sit</span> <span class='ocrx_word' id='word_1_223' title='bbox 978 3574 1178 3647; x_wconf 87' lang='lat' dir='ltr'>magis,</span> <span class='ocrx_word' id='word_1_224' title='bbox 1205 3577 1304 3628; x_wconf 91' lang='lat' dir='ltr'>aut</span> <span class='ocrx_word' id='word_1_225' title='bbox 1347 3573 1543 3630; x_wconf 89' lang='lat' dir='ltr'>minus</span> <span class='ocrx_word' id='word_1_226' title='bbox 1587 3572 1684 3628; x_wconf 91' lang='lat' dir='ltr'>in-</span> 
     </span>
     <span class='ocr_line' id='line_1_39' title="bbox 322 3651 1684 3726; baseline -0.001 -18"><span class='ocrx_word' id='word_1_227' title='bbox 322 3658 502 3717; x_wconf 87' lang='lat' dir='ltr'>tensa,</span> <span class='ocrx_word' id='word_1_228' title='bbox 553 3651 623 3707; x_wconf 92' lang='lat' dir='ltr'>de</span> <span class='ocrx_word' id='word_1_229' title='bbox 669 3651 958 3708; x_wconf 81' lang='lat' dir='ltr'>materiali</span> <span class='ocrx_word' id='word_1_230' title='bbox 1001 3656 1103 3716; x_wconf 91' lang='lat' dir='ltr'>est,</span> <span class='ocrx_word' id='word_1_231' title='bbox 1134 3658 1191 3708; x_wconf 90' lang='lat' dir='ltr'>et</span> <span class='ocrx_word' id='word_1_232' title='bbox 1214 3654 1375 3725; x_wconf 88' lang='lat' dir='ltr'>quasi</span> <span class='ocrx_word' id='word_1_233' title='bbox 1408 3668 1507 3726; x_wconf 88' lang='lat' dir='ltr'>per</span> <span class='ocrx_word' id='word_1_234' title='bbox 1534 3652 1684 3709; x_wconf 86' lang='lat' dir='ltr'>acci-</span> 
     </span>
     <span class='ocr_line' id='line_1_40' title="bbox 321 3729 1682 3805; baseline 0.001 -19"><span class='ocrx_word' id='word_1_235' title='bbox 321 3732 490 3799; x_wconf 76' lang='lat' dir='ltr'>dens3</span> <span class='ocrx_word' id='word_1_236' title='bbox 541 3731 676 3805; x_wconf 87' lang='lat' dir='ltr'>quia</span> <span class='ocrx_word' id='word_1_237' title='bbox 722 3729 1048 3805; x_wconf 88' lang='lat' dir='ltr'>hujusmodi</span> <span class='ocrx_word' id='word_1_238' title='bbox 1099 3731 1330 3789; x_wconf 80' lang='lat' dir='ltr'>effectus</span> <span class='ocrx_word' id='word_1_239' title='bbox 1382 3732 1682 3790; x_wconf 86' lang='lat' dir='ltr'>filiationis</span> 
     </span>
     <span class='ocr_line' id='line_1_41' title="bbox 325 3813 1681 3888; baseline 0.001 -20"><span class='ocrx_word' id='word_1_240' title='bbox 325 3814 423 3871; x_wconf 91' lang='lat' dir='ltr'>Dei</span> <span class='ocrx_word' id='word_1_241' title='bbox 445 3813 743 3885; x_wconf 79' lang='lat' dir='ltr'>adoptivae,</span> <span class='ocrx_word' id='word_1_242' title='bbox 775 3829 904 3869; x_wconf 89' lang='lat' dir='ltr'>cum</span> <span class='ocrx_word' id='word_1_243' title='bbox 932 3813 1009 3868; x_wconf 86' lang='lat' dir='ltr'>sit</span> <span class='ocrx_word' id='word_1_244' title='bbox 1036 3813 1260 3884; x_wconf 84' lang='lat' dir='ltr'>relatio,</span> <span class='ocrx_word' id='word_1_245' title='bbox 1289 3831 1407 3873; x_wconf 91' lang='lat' dir='ltr'>non</span> <span class='ocrx_word' id='word_1_246' title='bbox 1446 3815 1681 3888; x_wconf 84' lang='lat' dir='ltr'>suscipit</span> 
     </span>
    </p>
   </div>
   <div class='ocr_carea' id='block_1_3' title="bbox 152 977 312 1071">
    <p class='ocr_par' dir='ltr' id='par_1_3' title="bbox 152 977 312 1071">
     <span class='ocr_line' id='line_1_42' title="bbox 152 977 312 1022; baseline 0.006 -1"><span class='ocrx_word' id='word_1_247' title='bbox 152 977 312 1022; x_wconf 79' lang='lat' dir='ltr'>confir·</span> 
     </span>
     <span class='ocr_line' id='line_1_43' title="bbox 158 1025 302 1071; baseline -0.014 0"><span class='ocrx_word' id='word_1_248' title='bbox 158 1025 302 1071; x_wconf 75' lang='lat' dir='ltr'>matio.</span> 
     </span>
    </p>
   </div>
   <div class='ocr_carea' id='block_1_4' title="bbox 316 3894 1683 5201">
    <p class='ocr_par' dir='ltr' id='par_1_4' title="bbox 316 3894 1683 5201">
     <span class='ocr_line' id='line_1_44' title="bbox 322 3894 1678 3970; baseline 0.001 -19"><span class='ocrx_word' id='word_1_249' title='bbox 322 3894 733 3953; x_wconf 77' lang='lat' dir='ltr'>formalissime</span> <span class='ocrx_word' id='word_1_250' title='bbox 762 3894 1047 3967; x_wconf 90' lang='lat' dir='ltr'>loquendo</span> <span class='ocrx_word' id='word_1_251' title='bbox 1073 3896 1276 3970; x_wconf 89' lang='lat' dir='ltr'>magis,</span> <span class='ocrx_word' id='word_1_252' title='bbox 1308 3898 1400 3955; x_wconf 88' lang='lat' dir='ltr'>vel</span> <span class='ocrx_word' id='word_1_253' title='bbox 1442 3897 1678 3966; x_wconf 88' lang='lat' dir='ltr'>minus;</span> 
     </span>
     <span class='ocr_line' id='line_1_45' title="bbox 316 3978 1676 4055; baseline 0 -18"><span class='ocrx_word' id='word_1_254' title='bbox 316 3978 417 4037; x_wconf 80' lang='lat' dir='ltr'>sed</span> <span class='ocrx_word' id='word_1_255' title='bbox 458 3993 617 4051; x_wconf 83' lang='lat' dir='ltr'>aeque</span> <span class='ocrx_word' id='word_1_256' title='bbox 646 3982 948 4048; x_wconf 73' lang='lat' dir='ltr'>praestatur</span> <span class='ocrx_word' id='word_1_257' title='bbox 989 3994 1022 4034; x_wconf 88' lang='lat' dir='ltr'>a</span> <span class='ocrx_word' id='word_1_258' title='bbox 1068 3994 1425 4051; x_wconf 86' lang='lat' dir='ltr'>quacumque</span> <span class='ocrx_word' id='word_1_259' title='bbox 1467 3981 1676 4055; x_wconf 88' lang='lat' dir='ltr'>gratia,</span> 
     </span>
     <span class='ocr_line' id='line_1_46' title="bbox 316 4057 1681 4119; baseline 0.002 -5"><span class='ocrx_word' id='word_1_260' title='bbox 316 4062 442 4117; x_wconf 87' lang='lat' dir='ltr'>sive</span> <span class='ocrx_word' id='word_1_261' title='bbox 467 4060 544 4115; x_wconf 89' lang='lat' dir='ltr'>sit</span> <span class='ocrx_word' id='word_1_262' title='bbox 568 4059 796 4114; x_wconf 89' lang='lat' dir='ltr'>intensa</span> <span class='ocrx_word' id='word_1_263' title='bbox 839 4057 961 4115; x_wconf 90' lang='lat' dir='ltr'>sive</span> <span class='ocrx_word' id='word_1_264' title='bbox 1008 4059 1268 4117; x_wconf 89' lang='lat' dir='ltr'>remissa.</span> <span class='ocrx_word' id='word_1_265' title='bbox 1321 4065 1388 4118; x_wconf 90' lang='lat' dir='ltr'>In</span> <span class='ocrx_word' id='word_1_266' title='bbox 1434 4061 1681 4119; x_wconf 88' lang='lat' dir='ltr'>secunda</span> 
     </span>
     <span class='ocr_line' id='line_1_47' title="bbox 320 4141 1681 4218; baseline 0.001 -19"><span class='ocrx_word' id='word_1_267' title='bbox 320 4159 459 4202; x_wconf 75' lang='lat' dir='ltr'>vero</span> <span class='ocrx_word' id='word_1_268' title='bbox 518 4141 945 4214; x_wconf 81' lang='lat' dir='ltr'>comparatione</span> <span class='ocrx_word' id='word_1_269' title='bbox 998 4141 1315 4200; x_wconf 86' lang='lat' dir='ltr'>attenditur</span> <span class='ocrx_word' id='word_1_270' title='bbox 1360 4161 1462 4218; x_wconf 85' lang='lat' dir='ltr'>per</span> <span class='ocrx_word' id='word_1_271' title='bbox 1505 4159 1567 4201; x_wconf 90' lang='lat' dir='ltr'>se</span> <span class='ocrx_word' id='word_1_272' title='bbox 1617 4144 1681 4200; x_wconf 91' lang='lat' dir='ltr'>in</span> 
     </span>
     <span class='ocr_line' id='line_1_48' title="bbox 317 4222 1682 4300; baseline 0.001 -20"><span class='ocrx_word' id='word_1_273' title='bbox 317 4224 503 4298; x_wconf 87' lang='lat' dir='ltr'>gratia</span> <span class='ocrx_word' id='word_1_274' title='bbox 524 4225 702 4294; x_wconf 74' lang='lat' dir='ltr'>mayis</span> <span class='ocrx_word' id='word_1_275' title='bbox 720 4222 861 4296; x_wconf 86' lang='lat' dir='ltr'>ejus,</span> <span class='ocrx_word' id='word_1_276' title='bbox 882 4227 938 4278; x_wconf 90' lang='lat' dir='ltr'>et</span> <span class='ocrx_word' id='word_1_277' title='bbox 956 4225 1173 4292; x_wconf 59' lang='lat' dir='ltr'>mimis,-</span> <span class='ocrx_word' id='word_1_278' title='bbox 1200 4241 1336 4281; x_wconf 90' lang='lat' dir='ltr'>nam</span> <span class='ocrx_word' id='word_1_279' title='bbox 1362 4231 1474 4298; x_wconf 84' lang='lat' dir='ltr'>quo</span> <span class='ocrx_word' id='word_1_280' title='bbox 1492 4225 1682 4300; x_wconf 89' lang='lat' dir='ltr'>gratia</span> 
     </span>
     <span class='ocr_line' id='line_1_49' title="bbox 322 4305 1682 4382; baseline 0.003 -20"><span class='ocrx_word' id='word_1_281' title='bbox 322 4307 503 4382; x_wconf 87' lang='lat' dir='ltr'>magis</span> <span class='ocrx_word' id='word_1_282' title='bbox 553 4306 617 4362; x_wconf 90' lang='lat' dir='ltr'>in</span> <span class='ocrx_word' id='word_1_283' title='bbox 670 4310 856 4361; x_wconf 86' lang='lat' dir='ltr'>actum</span> <span class='ocrx_word' id='word_1_284' title='bbox 910 4305 1277 4363; x_wconf 89' lang='lat' dir='ltr'>meritorium</span> <span class='ocrx_word' id='word_1_285' title='bbox 1339 4307 1551 4374; x_wconf 84' lang='lat' dir='ltr'>influit,</span> <span class='ocrx_word' id='word_1_286' title='bbox 1613 4324 1682 4366; x_wconf 91' lang='lat' dir='ltr'>eo</span> 
     </span>
     <span class='ocr_line' id='line_1_50' title="bbox 318 4387 1683 4462; baseline -0.001 -14"><span class='ocrx_word' id='word_1_287' title='bbox 318 4390 706 4448; x_wconf 87' lang='lat' dir='ltr'>communicat</span> <span class='ocrx_word' id='word_1_288' title='bbox 746 4389 835 4444; x_wconf 92' lang='lat' dir='ltr'>illi</span> <span class='ocrx_word' id='word_1_289' title='bbox 865 4387 1143 4462; x_wconf 85' lang='lat' dir='ltr'>majorem</span> <span class='ocrx_word' id='word_1_290' title='bbox 1172 4390 1429 4448; x_wconf 89' lang='lat' dir='ltr'>valorem</span> <span class='ocrx_word' id='word_1_291' title='bbox 1461 4391 1683 4449; x_wconf 88' lang='lat' dir='ltr'>reddit-</span> 
     </span>
     <span class='ocr_line' id='line_1_51' title="bbox 318 4470 1681 4546; baseline 0.004 -19"><span class='ocrx_word' id='word_1_292' title='bbox 318 4487 428 4544; x_wconf 89' lang='lat' dir='ltr'>que</span> <span class='ocrx_word' id='word_1_293' title='bbox 443 4470 685 4545; x_wconf 88' lang='lat' dir='ltr'>proinde</span> <span class='ocrx_word' id='word_1_294' title='bbox 705 4471 945 4546; x_wconf 88' lang='lat' dir='ltr'>dignum</span> <span class='ocrx_word' id='word_1_295' title='bbox 969 4470 1177 4546; x_wconf 83' lang='lat' dir='ltr'>majori</span> <span class='ocrx_word' id='word_1_296' title='bbox 1208 4474 1463 4543; x_wconf 81' lang='lat' dir='ltr'>praemio.</span> <span class='ocrx_word' id='word_1_297' title='bbox 1491 4475 1681 4538; x_wconf 90' lang='lat' dir='ltr'>Quan-</span> 
     </span>
     <span class='ocr_line' id='line_1_52' title="bbox 320 4553 1680 4628; baseline 0.003 -17"><span class='ocrx_word' id='word_1_298' title='bbox 320 4555 452 4611; x_wconf 88' lang='lat' dir='ltr'>titas</span> <span class='ocrx_word' id='word_1_299' title='bbox 472 4568 607 4627; x_wconf 88' lang='lat' dir='ltr'>ergo</span> <span class='ocrx_word' id='word_1_300' title='bbox 628 4553 821 4610; x_wconf 86' lang='lat' dir='ltr'>meriti</span> <span class='ocrx_word' id='word_1_301' title='bbox 851 4554 1145 4625; x_wconf 77' lang='lat' dir='ltr'>pensanda,</span> <span class='ocrx_word' id='word_1_302' title='bbox 1161 4562 1243 4612; x_wconf 88' lang='lat' dir='ltr'>est</span> <span class='ocrx_word' id='word_1_303' title='bbox 1270 4569 1341 4611; x_wconf 86' lang='lat' dir='ltr'>ex</span> <span class='ocrx_word' id='word_1_304' title='bbox 1360 4557 1680 4628; x_wconf 87' lang='lat' dir='ltr'>quantitate</span> 
     </span>
     <span class='ocr_line' id='line_1_53' title="bbox 317 4634 1681 4712; baseline 0.003 -19"><span class='ocrx_word' id='word_1_305' title='bbox 317 4636 518 4712; x_wconf 81' lang='lat' dir='ltr'>gratiae</span> <span class='ocrx_word' id='word_1_306' title='bbox 545 4637 649 4693; x_wconf 90' lang='lat' dir='ltr'>hoc</span> <span class='ocrx_word' id='word_1_307' title='bbox 686 4634 933 4693; x_wconf 90' lang='lat' dir='ltr'>secundo</span> <span class='ocrx_word' id='word_1_308' title='bbox 983 4637 1153 4696; x_wconf 89' lang='lat' dir='ltr'>modo</span> <span class='ocrx_word' id='word_1_309' title='bbox 1196 4644 1458 4710; x_wconf 81' lang='lat' dir='ltr'>sumptae.</span> <span class='ocrx_word' id='word_1_310' title='bbox 1515 4640 1681 4698; x_wconf 91' lang='lat' dir='ltr'>Unde</span> 
     </span>
     <span class='ocr_line' id='line_1_54' title="bbox 320 4716 1675 4793; baseline 0.001 -20"><span class='ocrx_word' id='word_1_311' title='bbox 320 4717 466 4773; x_wconf 87' lang='lat' dir='ltr'>bene</span> <span class='ocrx_word' id='word_1_312' title='bbox 504 4716 689 4772; x_wconf 86' lang='lat' dir='ltr'>valet:</span> <span class='ocrx_word' id='word_1_313' title='bbox 738 4718 909 4774; x_wconf 88' lang='lat' dir='ltr'>Actus</span> <span class='ocrx_word' id='word_1_314' title='bbox 937 4719 1001 4774; x_wconf 92' lang='lat' dir='ltr'>in</span> <span class='ocrx_word' id='word_1_315' title='bbox 1028 4735 1197 4792; x_wconf 88' lang='lat' dir='ltr'>quem</span> <span class='ocrx_word' id='word_1_316' title='bbox 1236 4722 1422 4793; x_wconf 82' lang='lat' dir='ltr'>gratia</span> <span class='ocrx_word' id='word_1_317' title='bbox 1462 4719 1675 4789; x_wconf 88' lang='lat' dir='ltr'>influit,</span> 
     </span>
     <span class='ocr_line' id='line_1_55' title="bbox 317 4796 1681 4876; baseline 0.004 -22"><span class='ocrx_word' id='word_1_318' title='bbox 317 4801 403 4854; x_wconf 85' lang='lat' dir='ltr'>est</span> <span class='ocrx_word' id='word_1_319' title='bbox 422 4796 785 4854; x_wconf 84' lang='lat' dir='ltr'>meritorius:</span> <span class='ocrx_word' id='word_1_320' title='bbox 816 4814 951 4873; x_wconf 83' lang='lat' dir='ltr'>ergo</span> <span class='ocrx_word' id='word_1_321' title='bbox 992 4799 1094 4858; x_wconf 89' lang='lat' dir='ltr'>ille</span> <span class='ocrx_word' id='word_1_322' title='bbox 1118 4806 1202 4857; x_wconf 88' lang='lat' dir='ltr'>est</span> <span class='ocrx_word' id='word_1_323' title='bbox 1224 4801 1408 4876; x_wconf 89' lang='lat' dir='ltr'>magis</span> <span class='ocrx_word' id='word_1_324' title='bbox 1436 4802 1681 4860; x_wconf 88' lang='lat' dir='ltr'>merito-</span> 
     </span>
     <span class='ocr_line' id='line_1_56' title="bbox 321 4878 1675 4958; baseline 0.003 -24"><span class='ocrx_word' id='word_1_325' title='bbox 321 4882 461 4950; x_wconf 83' lang='lat' dir='ltr'>rius,</span> <span class='ocrx_word' id='word_1_326' title='bbox 493 4878 557 4933; x_wconf 87' lang='lat' dir='ltr'>in</span> <span class='ocrx_word' id='word_1_327' title='bbox 582 4894 751 4953; x_wconf 87' lang='lat' dir='ltr'>quem</span> <span class='ocrx_word' id='word_1_328' title='bbox 780 4882 964 4958; x_wconf 87' lang='lat' dir='ltr'>magis</span> <span class='ocrx_word' id='word_1_329' title='bbox 1005 4879 1230 4951; x_wconf 85' lang='lat' dir='ltr'>inssuit;</span> <span class='ocrx_word' id='word_1_330' title='bbox 1274 4883 1409 4954; x_wconf 87' lang='lat' dir='ltr'>quia</span> <span class='ocrx_word' id='word_1_331' title='bbox 1456 4882 1518 4938; x_wconf 94' lang='lat' dir='ltr'>in</span> <span class='ocrx_word' id='word_1_332' title='bbox 1564 4882 1675 4949; x_wconf 84' lang='lat' dir='ltr'>his,</span> 
     </span>
     <span class='ocr_line' id='line_1_57' title="bbox 318 4962 1679 5038; baseline 0.001 -19"><span class='ocrx_word' id='word_1_333' title='bbox 318 4978 443 5036; x_wconf 81' lang='lat' dir='ltr'>quae</span> <span class='ocrx_word' id='word_1_334' title='bbox 468 4969 604 5019; x_wconf 87' lang='lat' dir='ltr'>sunt</span> <span class='ocrx_word' id='word_1_335' title='bbox 630 4981 730 5036; x_wconf 86' lang='lat' dir='ltr'>per</span> <span class='ocrx_word' id='word_1_336' title='bbox 750 4982 829 5030; x_wconf 90' lang='lat' dir='ltr'>se,</span> <span class='ocrx_word' id='word_1_337' title='bbox 854 4965 936 5020; x_wconf 90' lang='lat' dir='ltr'>sic</span> <span class='ocrx_word' id='word_1_338' title='bbox 955 4979 1016 5020; x_wconf 89' lang='lat' dir='ltr'>se</span> <span class='ocrx_word' id='word_1_339' title='bbox 1037 4963 1210 5021; x_wconf 89' lang='lat' dir='ltr'>habet</span> <span class='ocrx_word' id='word_1_340' title='bbox 1236 4965 1421 5038; x_wconf 86' lang='lat' dir='ltr'>magis</span> <span class='ocrx_word' id='word_1_341' title='bbox 1450 4962 1520 5019; x_wconf 87' lang='lat' dir='ltr'>ad</span> <span class='ocrx_word' id='word_1_342' title='bbox 1549 4980 1679 5020; x_wconf 89' lang='lat' dir='ltr'>ma-</span> 
     </span>
     <span class='ocr_line' id='line_1_58' title="bbox 318 5043 1680 5119; baseline 0.002 -21"><span class='ocrx_word' id='word_1_343' title='bbox 318 5043 425 5117; x_wconf 88' lang='lat' dir='ltr'>gis,</span> <span class='ocrx_word' id='word_1_344' title='bbox 468 5043 614 5101; x_wconf 86' lang='lat' dir='ltr'>sicut</span> <span class='ocrx_word' id='word_1_345' title='bbox 640 5045 985 5119; x_wconf 86' lang='lat' dir='ltr'>simpliciter</span> <span class='ocrx_word' id='word_1_346' title='bbox 1031 5045 1100 5102; x_wconf 89' lang='lat' dir='ltr'>ad</span> <span class='ocrx_word' id='word_1_347' title='bbox 1141 5045 1502 5116; x_wconf 87' lang='lat' dir='ltr'>simpliciter.</span> <span class='ocrx_word' id='word_1_348' title='bbox 1549 5046 1680 5102; x_wconf 89' lang='lat' dir='ltr'>Non</span> 
     </span>
     <span class='ocr_line' id='line_1_59' title="bbox 320 5126 1679 5201; baseline 0.001 -21"><span class='ocrx_word' id='word_1_349' title='bbox 320 5129 512 5183; x_wconf 87' lang='lat' dir='ltr'>autem</span> <span class='ocrx_word' id='word_1_350' title='bbox 558 5127 789 5201; x_wconf 86' lang='lat' dir='ltr'>pensari</span> <span class='ocrx_word' id='word_1_351' title='bbox 850 5126 1016 5185; x_wconf 87' lang='lat' dir='ltr'>debet</span> <span class='ocrx_word' id='word_1_352' title='bbox 1065 5126 1332 5200; x_wconf 84' lang='lat' dir='ltr'>praedicta</span> <span class='ocrx_word' id='word_1_353' title='bbox 1389 5126 1679 5199; x_wconf 88' lang='lat' dir='ltr'>quantitas</span> 
     </span>
    </p>
   </div>
   <div class='ocr_carea' id='block_1_5' title="bbox 1811 644 3398 5197">
    <p class='ocr_par' dir='ltr' id='par_1_5' title="bbox 1837 644 3203 1050">
     <span class='ocr_line' id='line_1_60' title="bbox 1839 644 3202 723; baseline -0.001 -19"><span class='ocrx_word' id='word_1_354' title='bbox 1839 648 2036 706; x_wconf 87' lang='lat' dir='ltr'>meriti</span> <span class='ocrx_word' id='word_1_355' title='bbox 2079 664 2152 707; x_wconf 84' lang='lat' dir='ltr'>ex</span> <span class='ocrx_word' id='word_1_356' title='bbox 2190 648 2510 723; x_wconf 87' lang='lat' dir='ltr'>quantitate</span> <span class='ocrx_word' id='word_1_357' title='bbox 2551 647 2751 722; x_wconf 70' lang='lat' dir='ltr'>gratim</span> <span class='ocrx_word' id='word_1_358' title='bbox 2797 646 2989 720; x_wconf 87' lang='lat' dir='ltr'>primo</span> <span class='ocrx_word' id='word_1_359' title='bbox 3029 644 3202 703; x_wconf 93' lang='lat' dir='ltr'>modo</span> 
     </span>
     <span class='ocr_line' id='line_1_61' title="bbox 1838 729 3193 806; baseline -0.003 -21"><span class='ocrx_word' id='word_1_360' title='bbox 1838 736 2107 803; x_wconf 77' lang='lat' dir='ltr'>acceptae3</span> <span class='ocrx_word' id='word_1_361' title='bbox 2137 730 2271 806; x_wconf 88' lang='lat' dir='ltr'>quia</span> <span class='ocrx_word' id='word_1_362' title='bbox 2309 731 2391 787; x_wconf 88' lang='lat' dir='ltr'>sic</span> <span class='ocrx_word' id='word_1_363' title='bbox 2442 731 2617 800; x_wconf 74' lang='lat' dir='ltr'>mayis</span> <span class='ocrx_word' id='word_1_364' title='bbox 2656 733 2799 806; x_wconf 87' lang='lat' dir='ltr'>ejus,</span> <span class='ocrx_word' id='word_1_365' title='bbox 2851 729 2944 784; x_wconf 86' lang='lat' dir='ltr'>vel</span> <span class='ocrx_word' id='word_1_366' title='bbox 2986 729 3193 793; x_wconf 80' lang='lat' dir='ltr'>minus,</span> 
     </span>
     <span class='ocr_line' id='line_1_62' title="bbox 1837 806 3203 884; baseline -0.002 -18"><span class='ocrx_word' id='word_1_367' title='bbox 1837 809 2053 868; x_wconf 88' lang='lat' dir='ltr'>habent</span> <span class='ocrx_word' id='word_1_368' title='bbox 2102 828 2163 869; x_wconf 91' lang='lat' dir='ltr'>se</span> <span class='ocrx_word' id='word_1_369' title='bbox 2214 812 2284 870; x_wconf 92' lang='lat' dir='ltr'>ad</span> <span class='ocrx_word' id='word_1_370' title='bbox 2335 814 2612 870; x_wconf 87' lang='lat' dir='ltr'>meritum</span> <span class='ocrx_word' id='word_1_371' title='bbox 2668 826 2768 884; x_wconf 88' lang='lat' dir='ltr'>per</span> <span class='ocrx_word' id='word_1_372' title='bbox 2806 806 3084 874; x_wconf 57' lang='lat' dir='ltr'>accidens),</span> <span class='ocrx_word' id='word_1_373' title='bbox 3137 812 3203 863; x_wconf 90' lang='lat' dir='ltr'>ut</span> 
     </span>
     <span class='ocr_line' id='line_1_63' title="bbox 1837 889 3199 969; baseline -0.001 -23"><span class='ocrx_word' id='word_1_374' title='bbox 1837 890 2053 949; x_wconf 88' lang='lat' dir='ltr'>dictum</span> <span class='ocrx_word' id='word_1_375' title='bbox 2074 897 2178 951; x_wconf 86' lang='lat' dir='ltr'>est.</span> <span class='ocrx_word' id='word_1_376' title='bbox 2210 893 2483 969; x_wconf 88' lang='lat' dir='ltr'>Neganda</span> <span class='ocrx_word' id='word_1_377' title='bbox 2509 898 2594 951; x_wconf 87' lang='lat' dir='ltr'>est</span> <span class='ocrx_word' id='word_1_378' title='bbox 2630 908 2768 966; x_wconf 87' lang='lat' dir='ltr'>ergo</span> <span class='ocrx_word' id='word_1_379' title='bbox 2793 889 3199 963; x_wconf 86' lang='lat' dir='ltr'>consequentia</span> 
     </span>
     <span class='ocr_line' id='line_1_64' title="bbox 1837 975 3043 1050; baseline 0.006 -20"><span class='ocrx_word' id='word_1_380' title='bbox 1837 975 2009 1050; x_wconf 86' lang='lat' dir='ltr'>hujus</span> <span class='ocrx_word' id='word_1_381' title='bbox 2037 978 2386 1050; x_wconf 87' lang='lat' dir='ltr'>argumenti.</span> <span class='ocrx_word' id='word_1_382' title='bbox 3037 1000 3043 1009; x_wconf 96' lang='lat'>·</span> 
     </span>
    </p>

    <p class='ocr_par' dir='ltr' id='par_1_6' title="bbox 1829 1053 3398 1943">
     <span class='ocr_line' id='line_1_65' title="bbox 1910 1053 3398 1124; baseline 0 -14"><span class='ocrx_word' id='word_1_383' title='bbox 1910 1053 1996 1110; x_wconf 87' lang='lat' dir='ltr'>Ad</span> <span class='ocrx_word' id='word_1_384' title='bbox 2038 1054 2523 1113; x_wconf 84' lang='lat' dir='ltr'>confirmationen</span> <span class='ocrx_word' id='word_1_385' title='bbox 2564 1053 2871 1112; x_wconf 87' lang='lat' dir='ltr'>dicendum</span> <span class='ocrx_word' id='word_1_386' title='bbox 2918 1057 3020 1116; x_wconf 89' lang='lat' dir='ltr'>est,</span> <span class='ocrx_word' id='word_1_387' title='bbox 3054 1064 3398 1124; x_wconf 75' lang='lat' dir='ltr'>opussotvitur</span> 
     </span>
     <span class='ocr_line' id='line_1_66' title="bbox 1837 1116 3387 1216; baseline -0.001 -26"><span class='ocrx_word' id='word_1_388' title='bbox 1837 1135 2075 1210; x_wconf 84' lang='lat' dir='ltr'>majoris</span> <span class='ocrx_word' id='word_1_389' title='bbox 2103 1136 2293 1205; x_wconf 88' lang='lat' dir='ltr'>amici,</span> <span class='ocrx_word' id='word_1_390' title='bbox 2319 1137 2537 1194; x_wconf 84' lang='lat' dir='ltr'>caeteris</span> <span class='ocrx_word' id='word_1_391' title='bbox 2578 1135 2832 1210; x_wconf 88' lang='lat' dir='ltr'>paribus,</span> <span class='ocrx_word' id='word_1_392' title='bbox 2860 1133 3043 1208; x_wconf 88' lang='lat' dir='ltr'>magis</span> <span class='ocrx_word' id='word_1_393' title='bbox 3071 1134 3200 1205; x_wconf 89' lang='lat' dir='ltr'>pla-</span> <span class='ocrx_word' id='word_1_394' title='bbox 3227 1116 3387 1216; x_wconf 47' lang='grc' dir='ltr'>ἓξὲξ</span> 
     </span>
     <span class='ocr_line' id='line_1_67' title="bbox 1834 1216 3198 1292; baseline 0 -20"><span class='ocrx_word' id='word_1_395' title='bbox 1834 1231 1964 1273; x_wconf 87' lang='lat' dir='ltr'>cere</span> <span class='ocrx_word' id='word_1_396' title='bbox 2009 1232 2080 1273; x_wconf 84' lang='lat' dir='ltr'>ex</span> <span class='ocrx_word' id='word_1_397' title='bbox 2122 1223 2284 1290; x_wconf 89' lang='lat' dir='ltr'>parte</span> <span class='ocrx_word' id='word_1_398' title='bbox 2315 1216 2573 1292; x_wconf 87' lang='lat' dir='ltr'>subjecti,</span> <span class='ocrx_word' id='word_1_399' title='bbox 2609 1233 2725 1274; x_wconf 91' lang='lat' dir='ltr'>non</span> <span class='ocrx_word' id='word_1_400' title='bbox 2772 1231 2910 1273; x_wconf 88' lang='lat' dir='ltr'>vero</span> <span class='ocrx_word' id='word_1_401' title='bbox 2935 1232 3005 1272; x_wconf 89' lang='lat' dir='ltr'>ex</span> <span class='ocrx_word' id='word_1_402' title='bbox 3035 1220 3198 1289; x_wconf 86' lang='lat' dir='ltr'>parte</span> 
     </span>
     <span class='ocr_line' id='line_1_68' title="bbox 1834 1299 3199 1375; baseline 0.001 -20"><span class='ocrx_word' id='word_1_403' title='bbox 1834 1299 2018 1372; x_wconf 86' lang='lat' dir='ltr'>ipsius</span> <span class='ocrx_word' id='word_1_404' title='bbox 2046 1305 2236 1367; x_wconf 88' lang='lat' dir='ltr'>actus;</span> <span class='ocrx_word' id='word_1_405' title='bbox 2266 1302 2402 1375; x_wconf 89' lang='lat' dir='ltr'>quia</span> <span class='ocrx_word' id='word_1_406' title='bbox 2429 1317 2570 1373; x_wconf 88' lang='lat' dir='ltr'>opus</span> <span class='ocrx_word' id='word_1_407' title='bbox 2595 1316 2667 1357; x_wconf 85' lang='lat' dir='ltr'>ex</span> <span class='ocrx_word' id='word_1_408' title='bbox 2704 1305 2864 1372; x_wconf 88' lang='lat' dir='ltr'>parte</span> <span class='ocrx_word' id='word_1_409' title='bbox 2892 1304 3045 1363; x_wconf 87' lang='lat' dir='ltr'>actus</span> <span class='ocrx_word' id='word_1_410' title='bbox 3068 1299 3199 1372; x_wconf 88' lang='lat' dir='ltr'>pla—</span> 
     </span>
     <span class='ocr_line' id='line_1_69' title="bbox 1834 1380 3200 1456; baseline -0.001 -18"><span class='ocrx_word' id='word_1_411' title='bbox 1834 1385 1921 1438; x_wconf 82' lang='lat' dir='ltr'>cet</span> <span class='ocrx_word' id='word_1_412' title='bbox 1947 1380 2113 1454; x_wconf 83' lang='lat' dir='ltr'>juxta</span> <span class='ocrx_word' id='word_1_413' title='bbox 2152 1383 2436 1449; x_wconf 86' lang='lat' dir='ltr'>valorem,</span> <span class='ocrx_word' id='word_1_414' title='bbox 2461 1388 2519 1439; x_wconf 92' lang='lat' dir='ltr'>et</span> <span class='ocrx_word' id='word_1_415' title='bbox 2544 1382 2904 1456; x_wconf 87' lang='lat' dir='ltr'>dignitatem,</span> <span class='ocrx_word' id='word_1_416' title='bbox 2948 1396 3073 1451; x_wconf 81' lang='lat' dir='ltr'>quae</span> <span class='ocrx_word' id='word_1_417' title='bbox 3113 1385 3200 1437; x_wconf 87' lang='lat' dir='ltr'>est</span> 
     </span>
     <span class='ocr_line' id='line_1_70' title="bbox 1833 1459 3200 1537; baseline 0.001 -22"><span class='ocrx_word' id='word_1_418' title='bbox 1833 1459 1897 1515; x_wconf 92' lang='lat' dir='ltr'>in</span> <span class='ocrx_word' id='word_1_419' title='bbox 1921 1460 2044 1532; x_wconf 92' lang='lat' dir='ltr'>ipso</span> <span class='ocrx_word' id='word_1_420' title='bbox 2065 1465 2212 1518; x_wconf 87' lang='lat' dir='ltr'>actu.</span> <span class='ocrx_word' id='word_1_421' title='bbox 2237 1462 2404 1520; x_wconf 90' lang='lat' dir='ltr'>Unde</span> <span class='ocrx_word' id='word_1_422' title='bbox 2423 1463 2559 1537; x_wconf 87' lang='lat' dir='ltr'>quia</span> <span class='ocrx_word' id='word_1_423' title='bbox 2582 1461 2885 1535; x_wconf 77' lang='lat' dir='ltr'>praemium</span> <span class='ocrx_word' id='word_1_424' title='bbox 2908 1474 3200 1517; x_wconf 86' lang='lat' dir='ltr'>commen·</span> 
     </span>
     <span class='ocr_line' id='line_1_71' title="bbox 1833 1544 3195 1613; baseline 0.001 -17"><span class='ocrx_word' id='word_1_425' title='bbox 1833 1547 2068 1599; x_wconf 87' lang='lat' dir='ltr'>suratur</span> <span class='ocrx_word' id='word_1_426' title='bbox 2099 1559 2230 1599; x_wconf 89' lang='lat' dir='ltr'>cum</span> <span class='ocrx_word' id='word_1_427' title='bbox 2259 1545 2455 1601; x_wconf 86' lang='lat' dir='ltr'>valore</span> <span class='ocrx_word' id='word_1_428' title='bbox 2481 1549 2636 1600; x_wconf 89' lang='lat' dir='ltr'>actus</span> <span class='ocrx_word' id='word_1_429' title='bbox 2674 1544 3195 1613; x_wconf 68' lang='lat' dir='ltr'>(commensuratur</span> 
     </span>
     <span class='ocr_line' id='line_1_72' title="bbox 1831 1621 3194 1698; baseline -0.001 -20"><span class='ocrx_word' id='word_1_430' title='bbox 1831 1622 1991 1678; x_wconf 89' lang='lat' dir='ltr'>enim</span> <span class='ocrx_word' id='word_1_431' title='bbox 2013 1640 2142 1680; x_wconf 88' lang='lat' dir='ltr'>cum</span> <span class='ocrx_word' id='word_1_432' title='bbox 2179 1624 2372 1684; x_wconf 87' lang='lat' dir='ltr'>labore</span> <span class='ocrx_word' id='word_1_433' title='bbox 2391 1631 2449 1682; x_wconf 92' lang='lat' dir='ltr'>et</span> <span class='ocrx_word' id='word_1_434' title='bbox 2470 1623 2673 1698; x_wconf 87' lang='lat' dir='ltr'>pretio)</span> <span class='ocrx_word' id='word_1_435' title='bbox 2695 1639 2799 1696; x_wconf 87' lang='lat' dir='ltr'>pro</span> <span class='ocrx_word' id='word_1_436' title='bbox 2816 1626 2939 1680; x_wconf 89' lang='lat' dir='ltr'>actu</span> <span class='ocrx_word' id='word_1_437' title='bbox 2956 1621 3194 1694; x_wconf 83' lang='lat' dir='ltr'>aequalis</span> 
     </span>
     <span class='ocr_line' id='line_1_73' title="bbox 1833 1701 3193 1778; baseline -0.001 -19"><span class='ocrx_word' id='word_1_438' title='bbox 1833 1703 2068 1769; x_wconf 86' lang='lat' dir='ltr'>valoris,</span> <span class='ocrx_word' id='word_1_439' title='bbox 2098 1704 2338 1763; x_wconf 88' lang='lat' dir='ltr'>debetur</span> <span class='ocrx_word' id='word_1_440' title='bbox 2381 1705 2596 1778; x_wconf 62' lang='lat' dir='ltr'>aequale</span> <span class='ocrx_word' id='word_1_441' title='bbox 2637 1703 2966 1776; x_wconf 84' lang='lat' dir='ltr'>praemium,</span> <span class='ocrx_word' id='word_1_442' title='bbox 3018 1701 3193 1775; x_wconf 88' lang='lat' dir='ltr'>quid·</span> 
     </span>
     <span class='ocr_line' id='line_1_74' title="bbox 1831 1782 3196 1861; baseline 0.001 -21"><span class='ocrx_word' id='word_1_443' title='bbox 1831 1784 1970 1857; x_wconf 88' lang='lat' dir='ltr'>quid</span> <span class='ocrx_word' id='word_1_444' title='bbox 2008 1786 2085 1841; x_wconf 86' lang='lat' dir='ltr'>sit</span> <span class='ocrx_word' id='word_1_445' title='bbox 2129 1785 2200 1844; x_wconf 92' lang='lat' dir='ltr'>de</span> <span class='ocrx_word' id='word_1_446' title='bbox 2245 1787 2476 1861; x_wconf 86' lang='lat' dir='ltr'>maj0ri,</span> <span class='ocrx_word' id='word_1_447' title='bbox 2510 1787 2599 1843; x_wconf 87' lang='lat' dir='ltr'>vel</span> <span class='ocrx_word' id='word_1_448' title='bbox 2649 1785 2867 1842; x_wconf 88' lang='lat' dir='ltr'>minori</span> <span class='ocrx_word' id='word_1_449' title='bbox 2913 1782 3196 1857; x_wconf 79' lang='lat' dir='ltr'>dignitate</span> 
     </span>
     <span class='ocr_line' id='line_1_75' title="bbox 1829 1867 2665 1943; baseline 0.004 -21"><span class='ocrx_word' id='word_1_450' title='bbox 1829 1867 2066 1943; x_wconf 86' lang='lat' dir='ltr'>subjecti</span> <span class='ocrx_word' id='word_1_451' title='bbox 2096 1871 2325 1942; x_wconf 84' lang='lat' dir='ltr'>praecise</span> <span class='ocrx_word' id='word_1_452' title='bbox 2365 1868 2665 1927; x_wconf 86' lang='lat' dir='ltr'>habituali.</span> 
     </span>
    </p>

    <p class='ocr_par' dir='ltr' id='par_1_7' title="bbox 1829 1946 3379 2331">
     <span class='ocr_line' id='line_1_76' title="bbox 1903 1946 3379 2026; baseline -0.005 -21"><span class='ocrx_word' id='word_1_453' title='bbox 1903 1950 1998 2006; x_wconf 79' lang='lat'>62.</span> <span class='ocrx_word' id='word_1_454' title='bbox 2024 1948 2265 2026; x_wconf 83' lang='lat' dir='ltr'>objicies</span> <span class='ocrx_word' id='word_1_455' title='bbox 2292 1973 2305 2008; x_wconf 92' lang='lat'>:</span> <span class='ocrx_word' id='word_1_456' title='bbox 2329 1951 2476 2025; x_wconf 89' lang='lat' dir='ltr'>quod</span> <span class='ocrx_word' id='word_1_457' title='bbox 2499 1952 2547 2007; x_wconf 91' lang='lat' dir='ltr'>si</span> <span class='ocrx_word' id='word_1_458' title='bbox 2571 1967 2711 2024; x_wconf 89' lang='lat' dir='ltr'>opus</span> <span class='ocrx_word' id='word_1_459' title='bbox 2734 1947 2972 2025; x_wconf 70' lang='lat' dir='ltr'>maioris</span> <span class='ocrx_word' id='word_1_460' title='bbox 2993 1947 3185 2017; x_wconf 88' lang='lat' dir='ltr'>amici,</span> <span class='ocrx_word' id='word_1_461' title='bbox 3230 1946 3379 2006; x_wconf 64' lang='lat' dir='ltr'><strong>Obsec-</strong></span> 
     </span>
     <span class='ocr_line' id='line_1_77' title="bbox 1829 2002 3330 2107; baseline 0.001 -22"><span class='ocrx_word' id='word_1_462' title='bbox 1829 2031 2033 2088; x_wconf 89' lang='lat' dir='ltr'>saltem</span> <span class='ocrx_word' id='word_1_463' title='bbox 2059 2048 2130 2089; x_wconf 85' lang='lat' dir='ltr'>ex</span> <span class='ocrx_word' id='word_1_464' title='bbox 2153 2038 2311 2106; x_wconf 85' lang='lat' dir='ltr'>parte</span> <span class='ocrx_word' id='word_1_465' title='bbox 2331 2033 2586 2107; x_wconf 86' lang='lat' dir='ltr'>subjecti,</span> <span class='ocrx_word' id='word_1_466' title='bbox 2612 2032 2795 2106; x_wconf 89' lang='lat' dir='ltr'>magis</span> <span class='ocrx_word' id='word_1_467' title='bbox 2823 2034 2936 2087; x_wconf 90' lang='lat' dir='ltr'>Deo</span> <span class='ocrx_word' id='word_1_468' title='bbox 2965 2032 3147 2103; x_wconf 85' lang='lat' dir='ltr'>placet</span> <span class='ocrx_word' id='word_1_469' title='bbox 3173 2050 3187 2087; x_wconf 72' lang='grc' dir='ltr'><strong>ε</strong></span> <span class='ocrx_word' id='word_1_470' title='bbox 3254 2002 3330 2042; x_wconf 67' lang='lat'>‘¹⁰‘</span> 
     </span>
     <span class='ocr_line' id='line_1_78' title="bbox 1829 2113 3192 2195; baseline 0.001 -26"><span class='ocrx_word' id='word_1_471' title='bbox 1829 2127 1965 2188; x_wconf 88' lang='lat' dir='ltr'>ergo</span> <span class='ocrx_word' id='word_1_472' title='bbox 2005 2114 2187 2188; x_wconf 86' lang='lat' dir='ltr'>magis</span> <span class='ocrx_word' id='word_1_473' title='bbox 2234 2117 2413 2195; x_wconf 79' lang='lat' dir='ltr'>Deum</span> <span class='ocrx_word' id='word_1_474' title='bbox 2459 2113 2676 2188; x_wconf 87' lang='lat' dir='ltr'>obligat</span> <span class='ocrx_word' id='word_1_475' title='bbox 2701 2113 2771 2170; x_wconf 96' lang='lat' dir='ltr'>ad</span> <span class='ocrx_word' id='word_1_476' title='bbox 2801 2129 3192 2170; x_wconf 84' lang='lat' dir='ltr'>remuneran-</span> 
     </span>
     <span class='ocr_line' id='line_1_79' title="bbox 1829 2190 3189 2269; baseline 0.003 -22"><span class='ocrx_word' id='word_1_477' title='bbox 1829 2190 1968 2248; x_wconf 90' lang='lat' dir='ltr'>dum</span> <span class='ocrx_word' id='word_1_478' title='bbox 1993 2194 2138 2251; x_wconf 90' lang='lat' dir='ltr'>illud</span> <span class='ocrx_word' id='word_1_479' title='bbox 2165 2216 2178 2251; x_wconf 91' lang='lat'>:</span> <span class='ocrx_word' id='word_1_480' title='bbox 2207 2210 2343 2269; x_wconf 83' lang='lat' dir='ltr'>ergo</span> <span class='ocrx_word' id='word_1_481' title='bbox 2362 2199 2447 2252; x_wconf 88' lang='lat' dir='ltr'>est</span> <span class='ocrx_word' id='word_1_482' title='bbox 2472 2194 2620 2269; x_wconf 86' lang='lat' dir='ltr'>apud</span> <span class='ocrx_word' id='word_1_483' title='bbox 2644 2195 2832 2267; x_wconf 79' lang='lat' dir='ltr'>ipsum</span> <span class='ocrx_word' id='word_1_484' title='bbox 2858 2194 3039 2268; x_wconf 88' lang='lat' dir='ltr'>magis</span> <span class='ocrx_word' id='word_1_485' title='bbox 3062 2209 3189 2251; x_wconf 88' lang='lat' dir='ltr'>me-</span> 
     </span>
     <span class='ocr_line' id='line_1_80' title="bbox 1831 2272 2093 2331; baseline 0.011 -4"><span class='ocrx_word' id='word_1_486' title='bbox 1831 2272 2093 2331; x_wconf 88' lang='lat' dir='ltr'>ritorius.</span> 
     </span>
    </p>

    <p class='ocr_par' dir='ltr' id='par_1_8' title="bbox 1813 2353 3394 4040">
     <span class='ocr_line' id='line_1_81' title="bbox 1904 2353 3394 2429; baseline 0.001 -20"><span class='ocrx_word' id='word_1_487' title='bbox 1904 2353 2319 2427; x_wconf 87' lang='lat' dir='ltr'>Respondetur,</span> <span class='ocrx_word' id='word_1_488' title='bbox 2350 2371 2491 2429; x_wconf 89' lang='lat' dir='ltr'>opus</span> <span class='ocrx_word' id='word_1_489' title='bbox 2519 2355 2759 2429; x_wconf 82' lang='lat' dir='ltr'>maJ&#39;oris</span> <span class='ocrx_word' id='word_1_490' title='bbox 2786 2354 2956 2411; x_wconf 87' lang='lat' dir='ltr'>amici</span> <span class='ocrx_word' id='word_1_491' title='bbox 3000 2357 3190 2426; x_wconf 83' lang='lat' dir='ltr'>(caete-</span> <span class='ocrx_word' id='word_1_492' title='bbox 3203 2358 3394 2410; x_wconf 60' lang='lat' dir='ltr'>moon·</span> 
     </span>
     <span class='ocr_line' id='line_1_82' title="bbox 1829 2406 3332 2510; baseline 0.003 -21"><span class='ocrx_word' id='word_1_493' title='bbox 1829 2433 1913 2489; x_wconf 89' lang='lat' dir='ltr'>ris</span> <span class='ocrx_word' id='word_1_494' title='bbox 1939 2434 2194 2508; x_wconf 88' lang='lat' dir='ltr'>paribus)</span> <span class='ocrx_word' id='word_1_495' title='bbox 2220 2432 2476 2510; x_wconf 86' lang='lat' dir='ltr'>obligare</span> <span class='ocrx_word' id='word_1_496' title='bbox 2511 2436 2695 2509; x_wconf 88' lang='lat' dir='ltr'>magis</span> <span class='ocrx_word' id='word_1_497' title='bbox 2724 2438 2924 2501; x_wconf 89' lang='lat' dir='ltr'>Deum,</span> <span class='ocrx_word' id='word_1_498' title='bbox 2956 2450 3189 2508; x_wconf 88' lang='lat' dir='ltr'>esseque</span> <span class='ocrx_word' id='word_1_499' title='bbox 3251 2406 3332 2451; x_wconf 73' lang='lat'>‘¹⁰‘</span> 
     </span>
     <span class='ocr_line' id='line_1_83' title="bbox 1828 2516 3190 2591; baseline 0.001 -19"><span class='ocrx_word' id='word_1_500' title='bbox 1828 2516 2010 2591; x_wconf 87' lang='lat' dir='ltr'>magis</span> <span class='ocrx_word' id='word_1_501' title='bbox 2033 2516 2399 2574; x_wconf 86' lang='lat' dir='ltr'>meritorium</span> <span class='ocrx_word' id='word_1_502' title='bbox 2424 2516 2572 2590; x_wconf 90' lang='lat' dir='ltr'>apud</span> <span class='ocrx_word' id='word_1_503' title='bbox 2589 2517 2777 2585; x_wconf 88' lang='lat' dir='ltr'>illum,</span> <span class='ocrx_word' id='word_1_504' title='bbox 2802 2531 2918 2572; x_wconf 90' lang='lat' dir='ltr'>non</span> <span class='ocrx_word' id='word_1_505' title='bbox 2938 2531 3008 2571; x_wconf 82' lang='lat' dir='ltr'>ex</span> <span class='ocrx_word' id='word_1_506' title='bbox 3028 2522 3190 2587; x_wconf 83' lang='lat' dir='ltr'>parte</span> 
     </span>
     <span class='ocr_line' id='line_1_84' title="bbox 1827 2598 3190 2674; baseline 0.002 -20"><span class='ocrx_word' id='word_1_507' title='bbox 1827 2598 2072 2672; x_wconf 81' lang='lat' dir='ltr'>praemii,</span> <span class='ocrx_word' id='word_1_508' title='bbox 2105 2600 2266 2673; x_wconf 87' lang='lat' dir='ltr'>quasi</span> <span class='ocrx_word' id='word_1_509' title='bbox 2308 2601 2494 2674; x_wconf 84' lang='lat' dir='ltr'>majus</span> <span class='ocrx_word' id='word_1_510' title='bbox 2517 2600 2821 2674; x_wconf 71' lang='lat' dir='ltr'>praemium</span> <span class='ocrx_word' id='word_1_511' title='bbox 2851 2599 2940 2654; x_wconf 89' lang='lat' dir='ltr'>illi</span> <span class='ocrx_word' id='word_1_512' title='bbox 2976 2598 3190 2657; x_wconf 87' lang='lat' dir='ltr'>debea-</span> 
     </span>
     <span class='ocr_line' id='line_1_85' title="bbox 1825 2681 3187 2755; baseline 0.001 -18"><span class='ocrx_word' id='word_1_513' title='bbox 1825 2687 1948 2747; x_wconf 77' lang='lat' dir='ltr'>tur-3</span> <span class='ocrx_word' id='word_1_514' title='bbox 1972 2681 2071 2738; x_wconf 91' lang='lat' dir='ltr'>sed</span> <span class='ocrx_word' id='word_1_515' title='bbox 2098 2697 2169 2738; x_wconf 87' lang='lat' dir='ltr'>ex</span> <span class='ocrx_word' id='word_1_516' title='bbox 2196 2687 2356 2755; x_wconf 88' lang='lat' dir='ltr'>parte</span> <span class='ocrx_word' id='word_1_517' title='bbox 2378 2682 2557 2755; x_wconf 88' lang='lat' dir='ltr'>ipsius</span> <span class='ocrx_word' id='word_1_518' title='bbox 2579 2683 2796 2747; x_wconf 88' lang='lat' dir='ltr'>meriti,</span> <span class='ocrx_word' id='word_1_519' title='bbox 2815 2697 2914 2738; x_wconf 89' lang='lat' dir='ltr'>seu</span> <span class='ocrx_word' id='word_1_520' title='bbox 2930 2697 3000 2737; x_wconf 84' lang='lat' dir='ltr'>ex</span> <span class='ocrx_word' id='word_1_521' title='bbox 3022 2688 3187 2754; x_wconf 90' lang='lat' dir='ltr'>parte</span> 
     </span>
     <span class='ocr_line' id='line_1_86' title="bbox 1815 2762 3189 2837; baseline 0.002 -20"><span class='ocrx_word' id='word_1_522' title='bbox 1815 2762 1986 2837; x_wconf 82' lang='lat' dir='ltr'>juris,</span> <span class='ocrx_word' id='word_1_523' title='bbox 2014 2762 2077 2818; x_wconf 90' lang='lat' dir='ltr'>in</span> <span class='ocrx_word' id='word_1_524' title='bbox 2105 2780 2217 2835; x_wconf 89' lang='lat' dir='ltr'>quo</span> <span class='ocrx_word' id='word_1_525' title='bbox 2259 2763 2534 2819; x_wconf 88' lang='lat' dir='ltr'>meritum</span> <span class='ocrx_word' id='word_1_526' title='bbox 2559 2764 2820 2821; x_wconf 91' lang='lat' dir='ltr'>consistit</span> <span class='ocrx_word' id='word_1_527' title='bbox 2846 2783 2858 2817; x_wconf 89' lang='lat'>:</span> <span class='ocrx_word' id='word_1_528' title='bbox 2890 2779 3025 2818; x_wconf 90' lang='lat' dir='ltr'>nam</span> <span class='ocrx_word' id='word_1_529' title='bbox 3050 2763 3189 2835; x_wconf 87' lang='lat' dir='ltr'>quia</span> 
     </span>
     <span class='ocr_line' id='line_1_87' title="bbox 1820 2843 3188 2918; baseline 0.001 -18"><span class='ocrx_word' id='word_1_530' title='bbox 1820 2845 2099 2902; x_wconf 88' lang='lat' dir='ltr'>meritum</span> <span class='ocrx_word' id='word_1_531' title='bbox 2128 2849 2387 2902; x_wconf 89' lang='lat' dir='ltr'>nostrum</span> <span class='ocrx_word' id='word_1_532' title='bbox 2416 2843 2566 2918; x_wconf 92' lang='lat' dir='ltr'>apud</span> <span class='ocrx_word' id='word_1_533' title='bbox 2595 2846 2774 2902; x_wconf 90' lang='lat' dir='ltr'>Deum</span> <span class='ocrx_word' id='word_1_534' title='bbox 2804 2843 3079 2901; x_wconf 86' lang='lat' dir='ltr'>fundatur</span> <span class='ocrx_word' id='word_1_535' title='bbox 3121 2845 3188 2902; x_wconf 88' lang='lat' dir='ltr'>in</span> 
     </span>
     <span class='ocr_line' id='line_1_88' title="bbox 1818 2926 3189 3001; baseline -0.001 -17"><span class='ocrx_word' id='word_1_536' title='bbox 1818 2927 2007 3001; x_wconf 87' lang='lat' dir='ltr'>gratia</span> <span class='ocrx_word' id='word_1_537' title='bbox 2051 2933 2109 2984; x_wconf 92' lang='lat' dir='ltr'>et</span> <span class='ocrx_word' id='word_1_538' title='bbox 2160 2926 2417 2984; x_wconf 88' lang='lat' dir='ltr'>amicitia</span> <span class='ocrx_word' id='word_1_539' title='bbox 2457 2926 2656 3000; x_wconf 84' lang='lat' dir='ltr'>ipsius,</span> <span class='ocrx_word' id='word_1_540' title='bbox 2695 2933 2752 2982; x_wconf 88' lang='lat' dir='ltr'>et</span> <span class='ocrx_word' id='word_1_541' title='bbox 2795 2927 3051 2983; x_wconf 89' lang='lat' dir='ltr'>amicitia</span> <span class='ocrx_word' id='word_1_542' title='bbox 3102 2933 3189 2985; x_wconf 89' lang='lat' dir='ltr'>est</span> 
     </span>
     <span class='ocr_line' id='line_1_89' title="bbox 1819 3007 3189 3080; baseline 0.001 -15"><span class='ocrx_word' id='word_1_543' title='bbox 1819 3011 2040 3076; x_wconf 87' lang='lat' dir='ltr'>titulus,</span> <span class='ocrx_word' id='word_1_544' title='bbox 2073 3014 2136 3067; x_wconf 88' lang='lat' dir='ltr'>ut</span> <span class='ocrx_word' id='word_1_545' title='bbox 2164 3010 2378 3067; x_wconf 87' lang='lat' dir='ltr'>nostris</span> <span class='ocrx_word' id='word_1_546' title='bbox 2399 3009 2623 3065; x_wconf 88' lang='lat' dir='ltr'>meritis</span> <span class='ocrx_word' id='word_1_547' title='bbox 2648 3010 2952 3080; x_wconf 71' lang='lat' dir='ltr'>praemium</span> <span class='ocrx_word' id='word_1_548' title='bbox 2977 3007 3189 3066; x_wconf 89' lang='lat' dir='ltr'>debea-</span> 
     </span>
     <span class='ocr_line' id='line_1_90' title="bbox 1819 3089 3189 3164; baseline 0.001 -19"><span class='ocrx_word' id='word_1_549' title='bbox 1819 3094 1936 3158; x_wconf 72' lang='lat' dir='ltr'>tur-3</span> <span class='ocrx_word' id='word_1_550' title='bbox 1961 3107 2072 3164; x_wconf 87' lang='lat' dir='ltr'>quo</span> <span class='ocrx_word' id='word_1_551' title='bbox 2094 3091 2280 3164; x_wconf 85' lang='lat' dir='ltr'>major</span> <span class='ocrx_word' id='word_1_552' title='bbox 2308 3089 2483 3146; x_wconf 75' lang='lat' dir='ltr'>fuer-lt</span> <span class='ocrx_word' id='word_1_553' title='bbox 2510 3089 2767 3144; x_wconf 89' lang='lat' dir='ltr'>amicitia</span> <span class='ocrx_word' id='word_1_554' title='bbox 2794 3089 3093 3157; x_wconf 87' lang='lat' dir='ltr'>merentis,</span> <span class='ocrx_word' id='word_1_555' title='bbox 3119 3105 3189 3147; x_wconf 90' lang='lat' dir='ltr'>eo</span> 
     </span>
     <span class='ocr_line' id='line_1_91' title="bbox 1819 3166 3185 3245; baseline -0.001 -19"><span class='ocrx_word' id='word_1_556' title='bbox 1819 3170 2024 3245; x_wconf 84' lang='lat' dir='ltr'>majori</span> <span class='ocrx_word' id='word_1_557' title='bbox 2053 3171 2240 3235; x_wconf 87' lang='lat' dir='ltr'>titulo,</span> <span class='ocrx_word' id='word_1_558' title='bbox 2285 3169 2630 3240; x_wconf 87' lang='lat' dir='ltr'>arctiorique</span> <span class='ocrx_word' id='word_1_559' title='bbox 2664 3167 2797 3240; x_wconf 80' lang='lat' dir='ltr'>jure</span> <span class='ocrx_word' id='word_1_560' title='bbox 2843 3166 3085 3224; x_wconf 88' lang='lat' dir='ltr'>debetur</span> <span class='ocrx_word' id='word_1_561' title='bbox 3131 3168 3185 3225; x_wconf 89' lang='lat' dir='ltr'>ei</span> 
     </span>
     <span class='ocr_line' id='line_1_92' title="bbox 1820 3246 3190 3322; baseline -0.002 -17"><span class='ocrx_word' id='word_1_562' title='bbox 1820 3249 2129 3321; x_wconf 81' lang='lat' dir='ltr'>praemium</span> <span class='ocrx_word' id='word_1_563' title='bbox 2181 3248 2271 3304; x_wconf 88' lang='lat' dir='ltr'>sui</span> <span class='ocrx_word' id='word_1_564' title='bbox 2313 3247 2528 3313; x_wconf 88' lang='lat' dir='ltr'>meriti,</span> <span class='ocrx_word' id='word_1_565' title='bbox 2575 3252 2636 3301; x_wconf 90' lang='lat' dir='ltr'>ut</span> <span class='ocrx_word' id='word_1_566' title='bbox 2677 3263 2828 3302; x_wconf 77' lang='lat' dir='ltr'>num.</span> <span class='ocrx_word' id='word_1_567' title='bbox 2862 3247 2935 3301; x_wconf 86' lang='lat'>59</span> <span class='ocrx_word' id='word_1_568' title='bbox 2991 3246 3190 3322; x_wconf 88' lang='lat' dir='ltr'>tetigi-</span> 
     </span>
     <span class='ocr_line' id='line_1_93' title="bbox 1819 3325 3188 3400; baseline 0 -15"><span class='ocrx_word' id='word_1_569' title='bbox 1819 3345 1968 3386; x_wconf 89' lang='lat' dir='ltr'>mus.</span> <span class='ocrx_word' id='word_1_570' title='bbox 2001 3332 2130 3386; x_wconf 92' lang='lat' dir='ltr'>Non</span> <span class='ocrx_word' id='word_1_571' title='bbox 2158 3334 2352 3385; x_wconf 85' lang='lat' dir='ltr'>tamen</span> <span class='ocrx_word' id='word_1_572' title='bbox 2383 3327 2613 3400; x_wconf 80' lang='lat' dir='ltr'>praecise</span> <span class='ocrx_word' id='word_1_573' title='bbox 2638 3341 2710 3382; x_wconf 87' lang='lat' dir='ltr'>ex</span> <span class='ocrx_word' id='word_1_574' title='bbox 2739 3325 2840 3382; x_wconf 92' lang='lat' dir='ltr'>hoc</span> <span class='ocrx_word' id='word_1_575' title='bbox 2861 3327 3044 3400; x_wconf 89' lang='lat' dir='ltr'>capite</span> <span class='ocrx_word' id='word_1_576' title='bbox 3075 3326 3188 3385; x_wconf 91' lang='lat' dir='ltr'>de-</span> 
     </span>
     <span class='ocr_line' id='line_1_94' title="bbox 1817 3408 3185 3485; baseline 0.001 -16"><span class='ocrx_word' id='word_1_577' title='bbox 1817 3413 1986 3470; x_wconf 84' lang='lat' dir='ltr'>betur</span> <span class='ocrx_word' id='word_1_578' title='bbox 2015 3412 2107 3467; x_wconf 91' lang='lat' dir='ltr'>illi</span> <span class='ocrx_word' id='word_1_579' title='bbox 2138 3413 2323 3485; x_wconf 84' lang='lat' dir='ltr'>majus</span> <span class='ocrx_word' id='word_1_580' title='bbox 2351 3408 2678 3482; x_wconf 63' lang='lat' dir='ltr'>praemium,</span> <span class='ocrx_word' id='word_1_581' title='bbox 2704 3410 2842 3482; x_wconf 90' lang='lat' dir='ltr'>quia</span> <span class='ocrx_word' id='word_1_582' title='bbox 2861 3408 2929 3465; x_wconf 92' lang='lat' dir='ltr'>de</span> <span class='ocrx_word' id='word_1_583' title='bbox 2958 3412 3185 3471; x_wconf 88' lang='lat' dir='ltr'>ratione</span> 
     </span>
     <span class='ocr_line' id='line_1_95' title="bbox 1819 3489 3182 3567; baseline -0.001 -16"><span class='ocrx_word' id='word_1_584' title='bbox 1819 3492 2046 3567; x_wconf 82' lang='lat' dir='ltr'>praemii</span> <span class='ocrx_word' id='word_1_585' title='bbox 2067 3490 2336 3565; x_wconf 87' lang='lat' dir='ltr'>condigni</span> <span class='ocrx_word' id='word_1_586' title='bbox 2363 3497 2465 3557; x_wconf 87' lang='lat' dir='ltr'>est,</span> <span class='ocrx_word' id='word_1_587' title='bbox 2497 3489 2647 3562; x_wconf 90' lang='lat' dir='ltr'>quod</span> <span class='ocrx_word' id='word_1_588' title='bbox 2686 3489 3017 3563; x_wconf 80' lang='lat' dir='ltr'>adaequetur</span> <span class='ocrx_word' id='word_1_589' title='bbox 3051 3508 3182 3549; x_wconf 89' lang='lat' dir='ltr'>cum</span> 
     </span>
     <span class='ocr_line' id='line_1_96' title="bbox 1818 3573 3182 3649; baseline -0.001 -16"><span class='ocrx_word' id='word_1_590' title='bbox 1818 3578 2023 3649; x_wconf 89' lang='lat' dir='ltr'>pretio,</span> <span class='ocrx_word' id='word_1_591' title='bbox 2070 3579 2237 3648; x_wconf 88' lang='lat' dir='ltr'>atque</span> <span class='ocrx_word' id='word_1_592' title='bbox 2275 3574 2416 3631; x_wconf 90' lang='lat' dir='ltr'>adeo</span> <span class='ocrx_word' id='word_1_593' title='bbox 2461 3582 2607 3640; x_wconf 90' lang='lat' dir='ltr'>actu,</span> <span class='ocrx_word' id='word_1_594' title='bbox 2643 3589 2744 3646; x_wconf 89' lang='lat' dir='ltr'>pro</span> <span class='ocrx_word' id='word_1_595' title='bbox 2796 3589 2907 3645; x_wconf 89' lang='lat' dir='ltr'>quo</span> <span class='ocrx_word' id='word_1_596' title='bbox 2951 3573 3182 3631; x_wconf 81' lang='lat' dir='ltr'>confer-</span> 
     </span>
     <span class='ocr_line' id='line_1_97' title="bbox 1816 3653 3181 3727; baseline -0.003 -13"><span class='ocrx_word' id='word_1_597' title='bbox 1816 3664 1929 3725; x_wconf 87' lang='lat' dir='ltr'>tur,</span> <span class='ocrx_word' id='word_1_598' title='bbox 1987 3662 2051 3713; x_wconf 89' lang='lat' dir='ltr'>ut</span> <span class='ocrx_word' id='word_1_599' title='bbox 2110 3653 2326 3711; x_wconf 91' lang='lat' dir='ltr'>dictum</span> <span class='ocrx_word' id='word_1_600' title='bbox 2372 3659 2484 3718; x_wconf 88' lang='lat' dir='ltr'>est;</span> <span class='ocrx_word' id='word_1_601' title='bbox 2551 3658 2608 3711; x_wconf 88' lang='lat' dir='ltr'>et</span> <span class='ocrx_word' id='word_1_602' title='bbox 2670 3654 2750 3710; x_wconf 89' lang='lat' dir='ltr'>ita</span> <span class='ocrx_word' id='word_1_603' title='bbox 2809 3670 2912 3727; x_wconf 91' lang='lat' dir='ltr'>pro</span> <span class='ocrx_word' id='word_1_604' title='bbox 2975 3654 3181 3726; x_wconf 84' lang='lat' dir='ltr'>aequali</span> 
     </span>
     <span class='ocr_line' id='line_1_98' title="bbox 1817 3734 3180 3816; baseline -0.002 -19"><span class='ocrx_word' id='word_1_605' title='bbox 1817 3739 2003 3816; x_wconf 87' lang='lat' dir='ltr'>pretio</span> <span class='ocrx_word' id='word_1_606' title='bbox 2039 3743 2094 3796; x_wconf 90' lang='lat' dir='ltr'>et</span> <span class='ocrx_word' id='word_1_607' title='bbox 2121 3742 2267 3803; x_wconf 87' lang='lat' dir='ltr'>actu,</span> <span class='ocrx_word' id='word_1_608' title='bbox 2300 3736 2371 3793; x_wconf 91' lang='lat' dir='ltr'>de</span> <span class='ocrx_word' id='word_1_609' title='bbox 2399 3736 2641 3812; x_wconf 83' lang='lat' dir='ltr'>justitia,</span> <span class='ocrx_word' id='word_1_610' title='bbox 2674 3752 2770 3794; x_wconf 85' lang='lat' dir='ltr'>seu</span> <span class='ocrx_word' id='word_1_611' title='bbox 2800 3737 2870 3792; x_wconf 91' lang='lat' dir='ltr'>de</span> <span class='ocrx_word' id='word_1_612' title='bbox 2895 3734 3180 3811; x_wconf 88' lang='lat' dir='ltr'>condigno</span> 
     </span>
     <span class='ocr_line' id='line_1_99' title="bbox 1816 3816 3173 3883; baseline -0.004 -4"><span class='ocrx_word' id='word_1_613' title='bbox 1816 3837 1935 3879; x_wconf 90' lang='lat' dir='ltr'>non</span> <span class='ocrx_word' id='word_1_614' title='bbox 1994 3819 2193 3876; x_wconf 88' lang='lat' dir='ltr'>minus</span> <span class='ocrx_word' id='word_1_615' title='bbox 2252 3816 2418 3875; x_wconf 91' lang='lat' dir='ltr'>debet</span> <span class='ocrx_word' id='word_1_616' title='bbox 2470 3816 2631 3873; x_wconf 90' lang='lat' dir='ltr'>reddi</span> <span class='ocrx_word' id='word_1_617' title='bbox 2691 3817 2907 3874; x_wconf 87' lang='lat' dir='ltr'>minori</span> <span class='ocrx_word' id='word_1_618' title='bbox 2971 3817 3173 3883; x_wconf 88' lang='lat' dir='ltr'>amico,</span> 
     </span>
     <span class='ocr_line' id='line_1_100' title="bbox 1814 3897 3175 3976; baseline -0.003 -17"><span class='ocrx_word' id='word_1_619' title='bbox 1814 3918 1989 3976; x_wconf 87' lang='lat' dir='ltr'>quam</span> <span class='ocrx_word' id='word_1_620' title='bbox 2040 3899 2262 3975; x_wconf 85' lang='lat' dir='ltr'>majori,</span> <span class='ocrx_word' id='word_1_621' title='bbox 2311 3899 2411 3955; x_wconf 89' lang='lat' dir='ltr'>sed</span> <span class='ocrx_word' id='word_1_622' title='bbox 2451 3897 2759 3971; x_wconf 88' lang='lat' dir='ltr'>unicuique</span> <span class='ocrx_word' id='word_1_623' title='bbox 2799 3899 2962 3974; x_wconf 83' lang='lat' dir='ltr'>juxta</span> <span class='ocrx_word' id='word_1_624' title='bbox 3002 3912 3175 3970; x_wconf 89' lang='lat' dir='ltr'>opera</span> 
     </span>
     <span class='ocr_line' id='line_1_101' title="bbox 1813 3999 1938 4040; baseline -0.008 -1"><span class='ocrx_word' id='word_1_625' title='bbox 1813 3999 1938 4040; x_wconf 88' lang='lat' dir='ltr'>sua.</span> 
     </span>
    </p>

    <p class='ocr_par' dir='ltr' id='par_1_9' title="bbox 1811 4059 3185 4792">
     <span class='ocr_line' id='line_1_102' title="bbox 1889 4059 3177 4135; baseline -0.002 -17"><span class='ocrx_word' id='word_1_626' title='bbox 1889 4062 2172 4128; x_wconf 84' lang='lat' dir='ltr'>Diximus,</span> <span class='ocrx_word' id='word_1_627' title='bbox 2202 4062 2265 4117; x_wconf 75' lang='lat' dir='ltr'>de</span> <span class='ocrx_word' id='word_1_628' title='bbox 2290 4061 2588 4132; x_wconf 78' lang='lat' dir='ltr'>condi9n0,·</span> <span class='ocrx_word' id='word_1_629' title='bbox 2611 4059 2750 4135; x_wconf 89' lang='lat' dir='ltr'>quia</span> <span class='ocrx_word' id='word_1_630' title='bbox 2778 4059 2926 4116; x_wconf 80' lang='lat' dir='ltr'>forte</span> <span class='ocrx_word' id='word_1_631' title='bbox 2953 4059 3022 4116; x_wconf 90' lang='lat' dir='ltr'>de</span> <span class='ocrx_word' id='word_1_632' title='bbox 3043 4073 3177 4117; x_wconf 88' lang='lat' dir='ltr'>con-</span> 
     </span>
     <span class='ocr_line' id='line_1_103' title="bbox 1812 4141 3180 4220; baseline -0.001 -19"><span class='ocrx_word' id='word_1_633' title='bbox 1812 4162 1957 4220; x_wconf 92' lang='lat' dir='ltr'>gruo</span> <span class='ocrx_word' id='word_1_634' title='bbox 1984 4146 2112 4218; x_wconf 92' lang='lat' dir='ltr'>plus</span> <span class='ocrx_word' id='word_1_635' title='bbox 2156 4143 2355 4218; x_wconf 84' lang='lat' dir='ltr'>gloriae</span> <span class='ocrx_word' id='word_1_636' title='bbox 2396 4143 2665 4200; x_wconf 87' lang='lat' dir='ltr'>reddetur</span> <span class='ocrx_word' id='word_1_637' title='bbox 2719 4141 2782 4198; x_wconf 89' lang='lat' dir='ltr'>in</span> <span class='ocrx_word' id='word_1_638' title='bbox 2830 4141 3026 4198; x_wconf 88' lang='lat' dir='ltr'>Patria</span> <span class='ocrx_word' id='word_1_639' title='bbox 3075 4157 3180 4215; x_wconf 87' lang='lat' dir='ltr'>pro</span> 
     </span>
     <span class='ocr_line' id='line_1_104' title="bbox 1814 4224 3185 4300; baseline -0.002 -17"><span class='ocrx_word' id='word_1_640' title='bbox 1814 4227 2022 4300; x_wconf 83' lang='lat' dir='ltr'>aequali</span> <span class='ocrx_word' id='word_1_641' title='bbox 2063 4227 2273 4283; x_wconf 89' lang='lat' dir='ltr'>merito</span> <span class='ocrx_word' id='word_1_642' title='bbox 2320 4225 2557 4299; x_wconf 84' lang='lat' dir='ltr'>majoris</span> <span class='ocrx_word' id='word_1_643' title='bbox 2604 4224 2819 4281; x_wconf 88' lang='lat' dir='ltr'>amici:</span> <span class='ocrx_word' id='word_1_644' title='bbox 2869 4240 3005 4280; x_wconf 90' lang='lat' dir='ltr'>nam</span> <span class='ocrx_word' id='word_1_645' title='bbox 3045 4224 3185 4297; x_wconf 87' lang='lat' dir='ltr'>quia</span> 
     </span>
     <span class='ocr_line' id='line_1_105' title="bbox 1814 4306 3179 4384; baseline -0.003 -17"><span class='ocrx_word' id='word_1_646' title='bbox 1814 4313 1962 4367; x_wconf 85' lang='lat' dir='ltr'>Deus</span> <span class='ocrx_word' id='word_1_647' title='bbox 1989 4309 2255 4384; x_wconf 62' lang='lat' dir='ltr'>praemiat</span> <span class='ocrx_word' id='word_1_648' title='bbox 2271 4323 2448 4380; x_wconf 87' lang='lat' dir='ltr'>supra</span> <span class='ocrx_word' id='word_1_649' title='bbox 2469 4306 2839 4381; x_wconf 87' lang='lat' dir='ltr'>condignum,</span> <span class='ocrx_word' id='word_1_650' title='bbox 2859 4323 3179 4380; x_wconf 88' lang='lat' dir='ltr'>congruum</span> 
     </span>
     <span class='ocr_line' id='line_1_106' title="bbox 1812 4389 3182 4467; baseline -0.004 -17"><span class='ocrx_word' id='word_1_651' title='bbox 1812 4393 2061 4458; x_wconf 86' lang='lat' dir='ltr'>videtur,</span> <span class='ocrx_word' id='word_1_652' title='bbox 2095 4397 2158 4448; x_wconf 87' lang='lat' dir='ltr'>ut</span> <span class='ocrx_word' id='word_1_653' title='bbox 2185 4391 2422 4467; x_wconf 86' lang='lat' dir='ltr'>maj0ris</span> <span class='ocrx_word' id='word_1_654' title='bbox 2447 4390 2619 4446; x_wconf 90' lang='lat' dir='ltr'>amici</span> <span class='ocrx_word' id='word_1_655' title='bbox 2655 4390 2944 4463; x_wconf 89' lang='lat' dir='ltr'>condigna</span> <span class='ocrx_word' id='word_1_656' title='bbox 2973 4389 3182 4446; x_wconf 88' lang='lat' dir='ltr'>merita</span> 
     </span>
     <span class='ocr_line' id='line_1_107' title="bbox 1811 4469 3184 4550; baseline -0.004 -20"><span class='ocrx_word' id='word_1_657' title='bbox 1811 4474 1997 4550; x_wconf 88' lang='lat' dir='ltr'>magis</span> <span class='ocrx_word' id='word_1_658' title='bbox 2025 4473 2264 4547; x_wconf 82' lang='lat' dir='ltr'>praemio</span> <span class='ocrx_word' id='word_1_659' title='bbox 2290 4476 2539 4544; x_wconf 89' lang='lat' dir='ltr'>superet,</span> <span class='ocrx_word' id='word_1_660' title='bbox 2566 4487 2739 4543; x_wconf 87' lang='lat' dir='ltr'>quarn</span> <span class='ocrx_word' id='word_1_661' title='bbox 2757 4469 3011 4542; x_wconf 85' lang='lat' dir='ltr'>¹minoris</span> <span class='ocrx_word' id='word_1_662' title='bbox 3035 4492 3047 4526; x_wconf 73' lang='grc' dir='ltr'><strong>ε</strong></span> <span class='ocrx_word' id='word_1_663' title='bbox 3070 4485 3184 4542; x_wconf 88' lang='lat' dir='ltr'>qua</span> 
     </span>
     <span class='ocr_line' id='line_1_108' title="bbox 1814 4550 3180 4627; baseline -0.004 -15"><span class='ocrx_word' id='word_1_664' title='bbox 1814 4555 2040 4612; x_wconf 88' lang='lat' dir='ltr'>ratione</span> <span class='ocrx_word' id='word_1_665' title='bbox 2052 4553 2342 4627; x_wconf 84' lang='lat' dir='ltr'>explicant</span> <span class='ocrx_word' id='word_1_666' title='bbox 2362 4553 2634 4609; x_wconf 90' lang='lat' dir='ltr'>nonnulli</span> <span class='ocrx_word' id='word_1_667' title='bbox 2661 4551 2994 4625; x_wconf 85' lang='lat' dir='ltr'>praedictum</span> <span class='ocrx_word' id='word_1_668' title='bbox 3013 4550 3180 4608; x_wconf 83' lang='lat' dir='ltr'>axio—</span> 
     </span>
     <span class='ocr_line' id='line_1_109' title="bbox 1813 4633 3174 4709; baseline -0.004 -16"><span class='ocrx_word' id='word_1_669' title='bbox 1813 4652 1928 4703; x_wconf 90' lang='lat' dir='ltr'>ma,</span> <span class='ocrx_word' id='word_1_670' title='bbox 1962 4635 2114 4709; x_wconf 91' lang='lat' dir='ltr'>quod</span> <span class='ocrx_word' id='word_1_671' title='bbox 2143 4638 2290 4693; x_wconf 87' lang='lat' dir='ltr'>Deus</span> <span class='ocrx_word' id='word_1_672' title='bbox 2325 4636 2589 4708; x_wconf 65' lang='lat' dir='ltr'>praemiat</span> <span class='ocrx_word' id='word_1_673' title='bbox 2624 4651 2796 4708; x_wconf 78' lang='lat' dir='ltr'>supra</span> <span class='ocrx_word' id='word_1_674' title='bbox 2825 4633 3174 4705; x_wconf 69' lang='lat' dir='ltr'>condiynum,</span> 
     </span>
     <span class='ocr_line' id='line_1_110' title="bbox 1811 4716 2538 4792; baseline -0.004 -17"><span class='ocrx_word' id='word_1_675' title='bbox 1811 4718 1989 4775; x_wconf 88' lang='lat' dir='ltr'>etiam</span> <span class='ocrx_word' id='word_1_676' title='bbox 2016 4717 2199 4792; x_wconf 86' lang='lat' dir='ltr'>gloria</span> <span class='ocrx_word' id='word_1_677' title='bbox 2222 4716 2538 4774; x_wconf 82' lang='lat' dir='ltr'>essentiali.</span> 
     </span>
    </p>

    <p class='ocr_par' dir='ltr' id='par_1_10' title="bbox 1811 4798 3389 5197">
     <span class='ocr_line' id='line_1_111' title="bbox 1886 4798 3378 4873; baseline -0.001 -17"><span class='ocrx_word' id='word_1_678' title='bbox 1886 4801 1982 4857; x_wconf 83' lang='lat'>63.</span> <span class='ocrx_word' id='word_1_679' title='bbox 2024 4800 2219 4858; x_wconf 88' lang='lat' dir='ltr'>Tertio</span> <span class='ocrx_word' id='word_1_680' title='bbox 2271 4798 2546 4873; x_wconf 87' lang='lat' dir='ltr'>probatur</span> <span class='ocrx_word' id='word_1_681' title='bbox 2591 4798 2791 4855; x_wconf 90' lang='lat' dir='ltr'>eadem</span> <span class='ocrx_word' id='word_1_682' title='bbox 2845 4798 3132 4856; x_wconf 89' lang='lat' dir='ltr'>sententia</span> <span class='ocrx_word' id='word_1_683' title='bbox 3160 4816 3378 4861; x_wconf 66' lang='lat' dir='ltr'>:remum</span> 
     </span>
     <span class='ocr_line' id='line_1_112' title="bbox 1811 4876 3389 4968; baseline -0.002 -29"><span class='ocrx_word' id='word_1_684' title='bbox 1811 4883 2088 4957; x_wconf 87' lang='lat' dir='ltr'>quoniam</span> <span class='ocrx_word' id='word_1_685' title='bbox 2125 4886 2280 4938; x_wconf 91' lang='lat' dir='ltr'>actus</span> <span class='ocrx_word' id='word_1_686' title='bbox 2326 4881 2539 4938; x_wconf 87' lang='lat' dir='ltr'>Christi</span> <span class='ocrx_word' id='word_1_687' title='bbox 2583 4880 2816 4938; x_wconf 90' lang='lat' dir='ltr'>Domini</span> <span class='ocrx_word' id='word_1_688' title='bbox 2856 4881 3083 4950; x_wconf 86' lang='lat' dir='ltr'>(saltem</span> <span class='ocrx_word' id='word_1_689' title='bbox 3112 4876 3389 4968; x_wconf 55' lang='lat' dir='ltr'>inmin‘ffii.</span> 
     </span>
     <span class='ocr_line' id='line_1_113' title="bbox 1814 4960 3173 5039; baseline -0.004 -17"><span class='ocrx_word' id='word_1_690' title='bbox 1814 4971 1938 5023; x_wconf 87' lang='lat' dir='ltr'>actu</span> <span class='ocrx_word' id='word_1_691' title='bbox 1950 4965 2338 5039; x_wconf 86' lang='lat' dir='ltr'>primo)erant</span> <span class='ocrx_word' id='word_1_692' title='bbox 2358 4962 2645 5020; x_wconf 86' lang='lat' dir='ltr'>meritorii</span> <span class='ocrx_word' id='word_1_693' title='bbox 2674 4963 2901 5035; x_wconf 83' lang='lat' dir='ltr'>praemii</span> <span class='ocrx_word' id='word_1_694' title='bbox 2932 4960 3173 5027; x_wconf 87' lang='lat' dir='ltr'>infiniti,</span> 
     </span>
     <span class='ocr_line' id='line_1_114' title="bbox 1814 5041 3178 5116; baseline -0.004 -14"><span class='ocrx_word' id='word_1_695' title='bbox 1814 5061 1933 5103; x_wconf 89' lang='lat' dir='ltr'>non</span> <span class='ocrx_word' id='word_1_696' title='bbox 1983 5061 2055 5102; x_wconf 83' lang='lat' dir='ltr'>ex</span> <span class='ocrx_word' id='word_1_697' title='bbox 2099 5059 2300 5101; x_wconf 90' lang='lat' dir='ltr'>eorum</span> <span class='ocrx_word' id='word_1_698' title='bbox 2345 5041 2618 5107; x_wconf 89' lang='lat' dir='ltr'>bonitate,</span> <span class='ocrx_word' id='word_1_699' title='bbox 2668 5059 2792 5116; x_wconf 80' lang='lat' dir='ltr'>quae</span> <span class='ocrx_word' id='word_1_700' title='bbox 2831 5042 3178 5115; x_wconf 90' lang='lat' dir='ltr'>simpliciter</span> 
     </span>
     <span class='ocr_line' id='line_1_115' title="bbox 1815 5122 3180 5197; baseline -0.004 -13"><span class='ocrx_word' id='word_1_701' title='bbox 1815 5132 1938 5184; x_wconf 89' lang='lat' dir='ltr'>erat</span> <span class='ocrx_word' id='word_1_702' title='bbox 1964 5124 2152 5193; x_wconf 88' lang='lat' dir='ltr'>finita,</span> <span class='ocrx_word' id='word_1_703' title='bbox 2175 5124 2274 5182; x_wconf 89' lang='lat' dir='ltr'>sed</span> <span class='ocrx_word' id='word_1_704' title='bbox 2299 5140 2372 5182; x_wconf 87' lang='lat' dir='ltr'>ex</span> <span class='ocrx_word' id='word_1_705' title='bbox 2413 5123 2646 5180; x_wconf 88' lang='lat' dir='ltr'>infinita</span> <span class='ocrx_word' id='word_1_706' title='bbox 2685 5122 2966 5197; x_wconf 87' lang='lat' dir='ltr'>dignitate</span> <span class='ocrx_word' id='word_1_707' title='bbox 2988 5137 3180 5194; x_wconf 87' lang='lat' dir='ltr'>perso-</span> 
     </span>
    </p>
   </div>
  </div>
 </body>
</html>
