3647 5753
49 1355 269 1398 Convel-

107 1404 250 1449 litut.

108 4297 281 4346 Everti-

151 4354 233 4392 tur.

1463 363 1639 420 DISP.
1683 363 1779 431 ΙΙΙ,
1823 365 1986 422 DUB.
2032 368 2125 425 111.
3062 362 3171 416 575

308 545 433 604 quae
454 530 565 604 ipsi
604 530 804 606 gratiae
825 530 888 587 in
903 546 1006 588 sua
1028 531 1325 591 infusione
1369 535 1670 593 coexistit:

310 613 463 671 unde
488 619 674 670 stante
697 614 1087 687 inaequalitate
1117 615 1177 672 in
1200 616 1674 690 dispositionibus

314 698 567 765 remotis,
602 697 842 769 aequalis
884 698 1072 772 gratia
1101 699 1244 756 solet
1270 700 1504 758 infundi
1524 726 1539 768 ;
1565 708 1672 759 ete

309 796 603 838 conversa
634 781 714 836 De
740 779 845 835 hac
871 786 1064 837 autem
1112 780 1488 856 dispositione
1515 800 1671 841 asse-

312 861 389 918 rit
424 863 491 917 D.
521 861 725 917 Thom.
771 860 923 933 quod
971 865 1249 935 praevenit
1297 864 1567 937 gratiam,
1616 868 1673 920 et

306 945 454 1021 quod
483 944 750 1020 provenit
787 960 859 1002 ex
886 944 1142 1002 motione
1186 946 1436 1018 Spiritus
1487 948 1670 1005 sancti

307 1028 593 1087 moventis
620 1026 882 1083 animam
923 1031 1092 1098 prout
1121 1028 1263 1084 vult.
1294 1029 1444 1104 Ergo
1497 1029 1673 1086 sentit

306 1112 360 1167 S.
406 1113 627 1173 Doctor,
684 1105 834 1179 quod
888 1107 1162 1181 praedicta
1212 1107 1510 1182 dispositio
1552 1125 1670 1168 non

309 1191 575 1265 provenit
601 1205 634 1245 a
658 1188 845 1263 gratia
867 1188 1150 1247 habituali
1175 1193 1671 1266 tanquamaprin-

307 1274 457 1348 cipio
483 1271 761 1330 effectivo.

385 1349 780 1425 Respondetur
845 1352 1108 1427 negando
1166 1355 1662 1427 consequentiam,

308 1451 436 1510 qnae
458 1450 576 1492 non
607 1438 752 1492 recte
779 1433 1029 1491 infertur
1055 1450 1125 1492 ex
1151 1435 1464 1509 praemissis
1489 1460 1501 1503 3
1529 1452 1667 1493 nam

310 1517 525 1592 optime
551 1516 813 1583 cohaeret,
844 1515 994 1589 quod
1024 1522 1199 1585 actus,
1225 1534 1336 1591 quo
1384 1518 1557 1575 homo
1608 1533 1669 1574 se

309 1600 565 1673 disponit
616 1598 687 1655 ad
735 1598 1003 1672 gratiam,
1036 1600 1354 1672 praeveniat
1392 1601 1663 1675 gratiam,

307 1686 363 1738 et
386 1679 690 1754 proveniat
709 1693 781 1734 ex
808 1679 1062 1736 motione
1089 1680 1336 1752 Spiritus
1362 1680 1543 1737 sancti
1569 1704 1583 1747 ;
1613 1685 1669 1736 et

306 1763 458 1836 quod
505 1762 680 1818 simul
728 1760 1045 1834 dependeat
1088 1760 1158 1817 ab
1210 1763 1409 1821 eadem
1454 1763 1663 1838 gratia,

308 1855 581 1920 tanquam
612 1861 645 1900 a
672 1844 959 1917 principio
977 1842 1257 1901 effectivo.
1289 1846 1575 1909 Quoniam
1602 1848 1664 1899 ut

306 1945 454 2003 saepe
500 1926 948 1992 insinuavimus,
981 1933 1035 1982 et
1060 1926 1187 1984 dub.
1220 1944 1324 1999 seq.
1360 1928 1532 1983 latius
1560 1944 1662 1984 ex-

309 2028 607 2088 ponemus,
635 2016 790 2067 actus
817 2011 1024 2066 ultimo
1064 2008 1374 2083 disponens
1408 2009 1478 2066 ad
1506 2011 1668 2067 infu-

306 2096 528 2152 sionem
575 2095 806 2168 gratiae,
854 2092 1018 2147 illam
1061 2091 1341 2163 praevenit
1369 2092 1669 2165 prioritate

304 2177 415 2233 sibi
440 2175 717 2250 possibili,
747 2189 954 2246 nempe
984 2174 1046 2229 in
1072 2189 1283 2247 genere
1328 2190 1510 2231 causae
1538 2191 1667 2232 ma-

306 2258 529 2315 terialis
554 2256 918 2329 dispositivae,
949 2261 1003 2312 et
1032 2255 1101 2311 ad
1128 2271 1255 2313 eam
1300 2257 1667 2329 consequitur

307 2343 371 2398 in
390 2356 602 2416 genere
615 2356 795 2396 causae
816 2338 1129 2405 efficientis;
1147 2343 1311 2411 atque
1329 2338 1454 2398 ideo
1469 2339 1667 2397 eadem

306 2421 509 2496 gratia,
541 2436 664 2492 quae
716 2420 992 2475 terminat
1033 2418 1318 2475 influxum
1370 2419 1666 2493 dispositi-

311 2517 449 2558 vum
477 2507 631 2557 actus
658 2498 727 2555 ab
750 2500 985 2556 homine
1006 2500 1198 2566 eliciti,
1225 2505 1309 2557 est
1328 2502 1504 2557 etiam
1540 2517 1666 2557 mo-

309 2584 389 2641 tio
423 2582 671 2655 Spiritus
721 2582 920 2649 sancti,
977 2597 1074 2638 seu
1124 2582 1211 2638 vis
1257 2581 1543 2639 sufficiens
1596 2582 1666 2639 ad

309 2661 644 2737 praedictum
669 2666 856 2719 actum
883 2661 1250 2719 eliciendum.
1298 2664 1451 2719 Sicut
1478 2663 1668 2721 forma

308 2744 478 2819 igniS,
505 2759 629 2816 quae
658 2742 720 2798 in
748 2758 851 2798 sua
881 2742 1303 2800 introductione
1328 2742 1609 2817 dependet
1637 2762 1668 2801 a

306 2828 495 2886 calore
519 2831 578 2883 ut
610 2830 750 2892 oct0,
784 2830 1056 2900 tanquam
1099 2842 1131 2883 a
1158 2825 1533 2900 dispositione
1575 2829 1668 2885 ul-

310 2910 471 2973 tima,
517 2914 602 2966 est
640 2908 817 2963 simul
860 2907 1214 2981 principium
1264 2909 1526 2980 proxime
1568 2926 1669 2983 per

305 2990 760 3047 dimanationem
775 2988 1022 3046 efficiens
1043 2988 1291 3045 eundem
1315 2990 1588 3047 calorem.

75 3078 283 3126 Tertium
381 3073 472 3128 66.
518 3071 712 3127 Tertio
740 3069 1013 3143 probatur
1037 3067 1237 3126 eadem
1265 3070 1466 3143 opinio
1493 3093 1504 3126 :
1532 3087 1669 3128 nam

77 3128 294 3174 mmmm
311 3153 374 3207 D.
401 3152 605 3208 Thom.
639 3151 674 3206 3
693 3158 846 3224 part.
874 3157 1053 3228 quaest.
1087 3151 1180 3215 89,
1211 3158 1325 3206 art.
1358 3152 1375 3206 l
1399 3151 1474 3205 ad
1494 3154 1548 3216 2,
1577 3168 1672 3208 as-

308 3233 475 3290 serit:
513 3254 539 3284 «
581 3236 752 3288 Actus
793 3232 1017 3304 primus
1046 3231 1397 3304 poenitentiae
1417 3248 1476 3290 se
1504 3231 1674 3289 habet

315 3339 340 3369 α
384 3321 446 3371 ut
484 3314 693 3371 ultima
738 3313 1036 3387 dispositio
1081 3314 1152 3370 ad
1179 3315 1425 3389 gratiam
1471 3330 1673 3374 conse-

313 3419 338 3447 «
379 3394 686 3469 quendam,
713 3394 929 3451 scilicet
954 3393 1228 3452 contritio
1262 3416 1274 3450 :
1300 3394 1402 3451 alii
1426 3410 1564 3452 vero
1588 3411 1673 3452 ac-

315 3498 340 3527 «
382 3482 471 3531 tus
491 3479 789 3546 sequentes
817 3475 1170 3546 poenitentiae
1191 3474 1508 3548 procedunt
1550 3476 1671 3550 jam

314 3579 339 3608 «
383 3571 455 3613 ex
480 3555 685 3629 gratia,
718 3559 775 3611 et
801 3556 1133 3613 virtutibus,
1179 3578 1204 3608 n
1239 3559 1374 3622 Quae
1410 3558 1672 3631 proposi-

311 3640 390 3696 tio
425 3638 727 3712 aequivalet
767 3638 900 3694 huic
927 3661 939 3694 ε
970 3643 1183 3697 Omnes
1228 3645 1386 3697 actus
1440 3641 1673 3697 virtutis

309 3720 662 3795 poenitentiae
727 3719 1038 3791 procedunt
1089 3738 1121 3777 a
1155 3723 1384 3796 gratia,
1442 3727 1673 3795 excepto

310 3801 501 3873 primo
521 3807 646 3856 actu
690 3801 1071 3866 contritionis,
1104 3803 1201 3874 qui
1252 3819 1369 3859 non
1419 3801 1673 3875 procedit

310 3897 343 3936 a
362 3881 565 3953 gratia,
598 3879 696 3936 sed
720 3880 789 3936 ad
816 3896 946 3937 eam
975 3882 1433 3954 consequendam
1462 3883 1672 3940 ultimo

312 3960 581 4033 disponit.
613 3962 760 4035 Ergo
787 3976 857 4018 ex
884 3961 1168 4018 sententia
1191 3966 1253 4019 D.
1288 3964 1488 4021 Thom.
1519 3970 1674 4021 actus

309 4042 675 4099 contritionis
716 4043 922 4101 ultimo
974 4040 1283 4116 disponens
1327 4043 1398 4099 ad
1425 4046 1673 4118 gratiam

307 4121 731 4197 justificantem,
768 4139 884 4180 non
906 4123 1184 4198 dependet
1213 4123 1282 4180 ab
1304 4140 1371 4182 ea
1400 4131 1673 4199 tanquam

312 4221 346 4262 a
374 4206 661 4278 principio
687 4205 965 4264 effectivo.

388 4284 784 4358 Respondetur
833 4287 1020 4358 primo
1062 4289 1126 4343 D.
1184 4288 1387 4345 Thom.
1445 4304 1512 4347 eo
1553 4290 1674 4347 loco

314 4379 481 4438 agere
515 4363 583 4421 de
622 4370 746 4421 actu
776 4366 1159 4432 contritioniS,
1185 4369 1284 4440 qui
1336 4374 1420 4424 est
1468 4371 1674 4425 ultima

313 4445 609 4518 dispositio
632 4445 701 4502 ad
748 4446 1205 4520 consequendam
1232 4451 1479 4524 gratiam
1510 4453 1573 4508 in
1613 4450 1673 4506 vi

314 4525 660 4582 sacramenti
683 4527 1053 4599 poenitentiae.
1080 4529 1206 4585 Haec
1229 4535 1419 4586 autem
1454 4531 1673 4588 contri-

314 4606 395 4664 tio
421 4622 539 4663 non
561 4612 646 4663 est
667 4607 931 4679 perfecta,
957 4609 1052 4666 sed
1076 4615 1257 4682 potest
1284 4615 1540 4683 tempore
1566 4629 1673 4668 an·-

315 4686 569 4744 tecedere
617 4688 969 4746 infusionem
999 4691 1198 4764 gratias
1243 4691 1668 4761 sanctificantis,

317 4775 377 4825 ut
401 4787 472 4826 ex
499 4787 559 4828 se
594 4771 791 4843 liquet.
825 4771 992 4829 Unde
1038 4788 1109 4830 ex
1160 4788 1245 4839 e0,
1272 4774 1421 4847 quod
1472 4775 1675 4849 hujus—

314 4850 473 4908 modi
501 4853 770 4911 contritio
799 4852 870 4910 ab
909 4853 1111 4910 habitu
1152 4856 1353 4929 gratiae
1392 4871 1510 4913 non
1540 4874 1674 4929 pro-

310 4931 508 5000 cedat,
562 4934 712 4990 nihil
766 4936 1128 4994 concluditur
1172 4943 1371 4995 contra
1419 4943 1674 4996 nostram

305 5015 754 5085 conclusionem,
786 5034 913 5090 quae
942 5020 1199 5093 loquitur
1227 5018 1297 5076 de
1343 5018 1675 5093 dispositio-

1808 536 1979 593 nibus
2006 539 2346 613 simpliciter
2369 541 2607 603 ultimis,
2640 543 2695 596 et
2719 534 3169 596 coexistentibus

1805 620 2003 692 gratiae
2023 621 2199 678 etiam
2227 628 2390 680 extra
2434 625 2880 679 sacramentum.
2906 619 2974 672 Et
3015 615 3165 690 quod

1804 697 1861 755 S.
1892 701 2045 757 Doct.
2071 709 2198 777 agat
2238 703 2454 761 ibidem
2501 702 2570 759 de
2598 702 2962 765 contritione,
2996 703 3166 771 prout

1803 785 1888 836 est
1917 798 2046 853 pars
2069 785 2418 855 poenitentias
2437 783 2798 850 sacramenti,
2814 784 3032 839 constat
3048 794 3166 834 ma-

1805 861 2012 920 nifeste
2046 867 2167 920 tum
2195 881 2265 922 ex
2310 866 2503 925 verbis
2557 864 2890 922 immediate
2936 864 3166 918 antece-

1804 942 2088 1014 dentibuS,
2135 950 2256 1002 tum
2299 964 2371 1005 ex
2423 946 2793 1021 responsione
2837 943 2907 999 ad
2967 943 3012 1009 l,
3064 939 3163 996 uhi

1804 1023 2041 1097 inquit:
2088 1047 2113 1078 «
2159 1027 2494 1094 Dicendum,
2544 1024 2692 1098 quod
2741 1022 2940 1081 eodem
2997 1020 3167 1077 modo

1808 1127 1835 1157 «
1881 1106 2218 1178 poenitentia
2264 1110 2513 1167 restituit
2559 1108 2819 1172 virtutes,
2852 1120 2951 1176 per
2995 1117 3164 1175 quem

1810 1210 1837 1240 α
1879 1186 2116 1244 modum
2138 1195 2223 1246 est
2242 1207 2407 1248 causa
2426 1190 2653 1265 gratiae.
2667 1191 2763 1244 Est
2786 1192 2974 1244 autem
2996 1200 3166 1241 causa

1808 1290 1833 1322 (ι
1875 1270 2075 1343 gratias
2125 1271 2189 1327 in
2236 1279 2517 1345 quantum
2563 1277 2647 1330 est
2693 1272 3161 1331 sacramentum;

1809 1373 1836 1405 ιι
1877 1367 2015 1408 nam
2063 1352 2127 1408 in
2169 1360 2446 1427 quantum
2486 1360 2572 1412 est
2609 1355 2814 1417 virtus,
2858 1356 2944 1408 est
2982 1349 3167 1423 magis

1808 1453 1836 1486 α
1876 1433 2076 1507 gratiae
2117 1434 2365 1493 effectus,
2400 1456 2424 1488 »
2454 1434 2620 1493 Unde
2672 1434 2859 1508 potius
2889 1431 3158 1495 infertur,

1801 1515 2210 1575 contritionem
2238 1518 2777 1593 correspondentem
2811 1513 3166 1588 poenitentiae

1802 1597 2008 1653 virtuti
2037 1614 2159 1655 esse
2203 1600 2404 1674 gratiae
2444 1597 2852 1657 sanctificantis
2880 1595 3160 1657 effectum,

1801 1681 1858 1732 et
1884 1675 1953 1734 ab
1974 1694 2041 1735 ea
2067 1684 2341 1753 tanquam
2366 1697 2398 1738 a
2428 1681 2714 1754 principio
2738 1677 2999 1736 effectivo
3029 1691 3161 1749 pen-

1803 1757 2010 1891 dogm
2032 1840 2223 1893 tamen
2252 1837 2580 1909 loqueretur
2609 1836 2673 1890 D.
2699 1834 2905 1891 Thom.
2936 1832 3006 1889 de
3025 1846 3164 1888 con-

1800 1914 2037 1973 tritione
2052 1917 2314 1990 perfecta,
2341 1935 2464 1992 quae
2484 1918 2610 1974 sine
2631 1921 2987 1974 sacramento
3004 1913 3168 1970 affert

1800 1996 2135 2070 dispositive
2163 2001 2369 2059 ultimo
2402 1999 2890 2075 justificationem,
2925 2012 3167 2070 respon-

1800 2077 1968 2136 detur
1987 2081 2234 2138 secundo
2255 2098 2383 2138 cum
2403 2082 2644 2138 Alvarez
2667 2081 2759 2136 lib.
2780 2082 2834 2144 5,
2855 2078 3014 2151 Resp.
3042 2096 3162 2150 cap.

1809 2164 1892 2227 15,
1925 2181 2075 2219 num.
2120 2165 2199 2226 10,
2232 2162 2380 2237 quod
2427 2164 2489 2217 D.
2523 2162 2727 2219 Thom.
2759 2162 2947 2217 solum
2978 2159 3169 2214 inten-

1799 2243 1884 2301 dit
1911 2245 2254 2302 constituere
2276 2243 2665 2302 differentiam
2690 2243 2843 2298 inter
2865 2240 3168 2297 contritio-

1800 2341 1955 2393 nem,
2000 2344 2125 2400 quae
2171 2326 2329 2384 adest
2359 2328 2420 2383 in
2452 2326 2690 2382 instanti
2714 2323 3163 2399 justificationis,

1799 2411 1856 2464 et
1900 2407 2043 2464 alios
2089 2412 2261 2474 actus,
2292 2408 2390 2480 qui
2428 2424 2460 2463 a
2498 2406 2834 2479 poenitentia
2862 2409 2987 2477 post
3022 2403 3168 2458 illud

1802 2489 2021 2545 instans
2044 2489 2374 2561 procedunt.
2400 2490 2468 2543 Et
2494 2486 2833 2544 differentia.²
2861 2485 3008 2542 ratio
3029 2500 3168 2540 con-

1774 2569 1948 2625 sistit
1972 2570 2033 2625 in
2061 2571 2182 2635 hoc,
2213 2569 2361 2642 quod
2393 2568 2598 2641 reliqui
2631 2574 2785 2624 actus
2811 2580 3167 2637 consequen-

1802 2654 1884 2707 tes
1903 2651 2090 2707 solum
2113 2655 2522 2724 comparantur
2541 2647 2609 2704 ad
2631 2648 2879 2722 gratiam
2898 2652 3171 2720 tanquam

1802 2729 2031 2787 effectus
2051 2728 2122 2786 ad
2150 2747 2317 2786 suum
2349 2729 2698 2803 principium
2720 2728 3045 2785 effectivum
3067 2749 3079 2789 ς
3105 2727 3172 2782 ad

1803 2827 1930 2867 eam
1960 2815 2153 2868 tamen
2178 2828 2292 2869 non
2321 2810 2653 2885 disponunt.
2680 2807 2786 2865 Sed
2819 2809 3042 2883 primus
3077 2824 3172 2864 ac-

1804 2898 1893 2948 tus
1936 2895 2300 2950 contritionis
2346 2893 2600 2967 disponit
2648 2893 2854 2948 ultimo
2881 2891 2951 2948 ad
2980 2891 3169 2947 illam.

1803 2974 1963 3038 Quod
1986 2975 2353 3031 verissimum
2384 2982 2500 3041 est;
2534 2975 2780 3030 minime
2811 2978 3005 3028 tamen
3037 2988 3173 3043 pro—

1805 3054 1918 3120 bat,
1944 3054 2092 3127 quod
2114 3056 2334 3127 primus
2355 3055 2720 3112 contritionis
2737 3058 2891 3109 actus
2912 3066 3028 3108 non
3047 3068 3173 3123 pro·

1804 3134 1963 3191 cedat
2003 3153 2034 3191 a
2060 3137 2262 3210 gratia.
2295 3136 2426 3193 Sive
2467 3136 2624 3192 enim
2657 3133 2918 3208 procedat
2949 3132 3019 3187 ab
3048 3132 3171 3199 illa,

1803 3215 1927 3272 sive
1951 3231 2089 3281 non,
2135 3232 2363 3289 semper
2408 3217 2665 3272 salvatur
2693 3214 2999 3271 diversitas
3044 3228 3076 3267 a
3107 3214 3168 3268 D.

1805 3296 2011 3354 Thom.
2038 3297 2280 3363 intenta,
2302 3313 2509 3369 nempe
2532 3298 2788 3370 primum
2810 3294 3177 3352 contritionis

1807 3384 1994 3435 actum
2035 3394 2156 3436 esse
2185 3379 2454 3435 ultimam
2481 3378 2914 3452 dispositionem
2944 3377 3012 3433 ad
3041 3393 3176 3449 gra-

1807 3461 1978 3516 tiam:
1998 3465 2225 3517 caeteros
2248 3466 2436 3517 autem
2461 3467 2614 3516 actus
2629 3464 3034 3532 consequentes
3059 3474 3175 3514 non

1804 3559 1926 3600 esse
1951 3541 2372 3616 dispositiones,
2400 3542 2499 3600 sed
2518 3543 2720 3618 gratiae
2747 3542 2996 3599 effectus,
3031 3543 3173 3596 Cum

1807 3624 1913 3680 hoc
1940 3628 2149 3689 autem,
2182 3622 2330 3696 quod
2375 3622 2598 3696 primus
2625 3623 2993 3680 contritionis
3022 3627 3178 3678 actus

1805 3708 1880 3762 sit
1906 3706 2117 3763 ultima
2142 3705 2439 3779 dispositio
2468 3705 2539 3762 ad
2565 3706 2836 3780 gratiam,
2862 3709 3009 3762 recte
3028 3705 3178 3761 alias

1806 3789 2066 3853 cohaeret,
2112 3787 2262 3860 quod
2308 3786 2380 3843 ab
2426 3804 2494 3845 ea
2521 3787 2787 3860 procedat
2827 3793 3101 3859 tanquam
3146 3803 3178 3842 a

1809 3869 2095 3944 principio
2120 3868 2397 3932 effectivo.
2430 3875 2490 3924 ut
2516 3885 2691 3942 supra
2731 3869 2987 3924 vidimus
3012 3885 3083 3926 ex
3112 3870 3175 3924 D.

1808 3950 2010 4008 Thom.
2042 3956 2099 4007 et
2135 3966 2207 4008 ex
2233 3949 2490 4008 dicendis
2532 3950 2715 4024 magis
2742 3949 3041 4006 constabit.
3075 3949 3180 4004 Vi-

1807 4032 2008 4089 deatur
2047 4035 2102 4090 S.
2155 4034 2305 4091 Doct.
2351 4034 2535 4089 eadem
2576 4034 2611 4088 3
2644 4034 2815 4106 part.
2846 4040 3023 4106 φωνεῖ.
3070 4033 3172 4095 86,

1807 4124 1917 4172 art.
1961 4118 2004 4183 1,
2038 4124 2219 4195 quaest.
2251 4118 2285 4172 6
2313 4117 2388 4172 ad
2413 4118 2466 4181 3,
2502 4114 2600 4171 ubi
2641 4116 2962 4172 clarissime
2988 4114 3176 4186 signi-

1808 4197 1955 4265 ficat,
1989 4205 2175 4256 actum
2199 4199 2567 4272 poenitentiae,
2600 4200 2695 4271 qui
2722 4197 3056 4270 dispositive
3085 4198 3176 4252 ul-

1808 4279 1951 4336 timo
1978 4281 2204 4353 culpam
2230 4280 2483 4352 expellit,
2516 4294 2637 4337 esse
2675 4279 2937 4337 effectum
2978 4278 3179 4352 gratiae

1803 4358 2168 4434 justificantis
2196 4383 2209 4417 ε
2233 4360 2535 4417 Dicendum
2557 4368 2652 4426 est,
2687 4361 2893 4432 inquit,
2922 4360 3061 4433 quod
3080 4377 3179 4415 ac·

1808 4451 1896 4499 tus
1938 4446 2264 4517 poenitentiae
2309 4445 2535 4499 virtutis
2579 4443 2755 4507 habet,
2788 4444 2929 4515 quod
2978 4445 3093 4497 sine
3120 4460 3179 4498 co

1808 4545 1916 4584 non
1935 4533 2109 4603 possit
2135 4528 2259 4594 fieri
2300 4528 2548 4583 remissio
2586 4526 2768 4599 culpat,
2801 4529 2862 4581 in
2904 4533 3174 4599 quantum

1807 4619 1885 4667 est
1928 4612 2316 4686 inseparabilis
2354 4610 2570 4683 effectus
2611 4613 2821 4680 qratiae,
2870 4626 2968 4682 per
3014 4625 3178 4686 quam

1804 4696 2193 4771 principaliter
2219 4695 2380 4768 culpa
2409 4696 2729 4751 remittitur.

1882 4781 1974 4837 67.
2010 4782 2221 4844 Quarto
2254 4778 2528 4851 probatur
2554 4792 2625 4833 ex
2654 4777 2716 4832 D.
2764 4777 2967 4833 Thom.
2995 4784 3391 4850 quarumnam

3218 4847 3362 4891 tunda-

3193 4903 3388 4944 mentum.

1808 4863 1901 4929 28,
1932 4862 1995 4917 de
2033 4859 2201 4917 Verit.
2231 4867 2339 4916 art.
2367 4861 2400 4915 8
2432 4863 2489 4915 in
2523 4877 2669 4934 corp.
2703 4858 2800 4915 ubi
2832 4860 3007 4915 relata
3049 4860 3177 4931 opi-

1810 4943 1986 5000 nione
2013 4943 2270 5007 illorum,
2292 4942 2390 5013 qui
2413 4941 2742 4999 asserebant
2763 4941 3009 5015 gratiam
3033 4957 3178 5012 prae-

1808 5021 2009 5080 cedere
2029 5020 2456 5088 contritionem,
2482 5026 2538 5079 et
2564 5037 2631 5079 ea
2661 5022 2952 5079 mediante
2977 5023 3177 5094 expel-

3206 2081 3348 2124 Alvar.
