3647 5753
64 1018 272 1064 Primum

104 1079 244 1122 ²¹3¹!-

65 1126 282 1164 mentum.

1476 438 1655 499 DISP.
1698 439 1769 508 11,
1813 441 1981 501 DUB.
2023 442 2095 502 V.

299 621 538 678 Suarius
568 622 631 676 D.
659 621 1148 677 Bonaventuram,
1178 617 1510 679 Gersonem,
1543 613 1660 667 Ar-

297 703 618 777 gentinam,
668 697 1085 757 Alexandrum.
1130 700 1186 751 et
1231 695 1376 751 alios
1423 695 1660 766 plures;

297 785 564 858 quamvis
587 781 860 840 nonnulli
885 795 958 837 ex
986 779 1076 835 his
1105 780 1328 833 tantum
1352 777 1665 848 loquantur

297 865 368 923 de
407 865 740 922 necessitate
777 861 976 936 gratim
1015 857 1343 925 habitualiS,
1390 853 1663 913 ut.dubio

295 945 555 1022 sequenti
583 943 931 1002 videbimus.
971 969 974 972 ·

372 1024 509 1087 Qum
533 1019 820 1078 sententia
837 1012 1257 1092 potestsuaderi
1283 1011 1490 1084 primo,
1517 1023 1663 1082 quo-

300 1104 461 1160 niam
489 1104 624 1160 licet
647 1101 718 1159 de
747 1101 890 1158 facto
913 1101 1080 1164 Deus,
1111 1112 1240 1153 cum
1266 1092 1511 1152 remittit
1531 1106 1662 1164 pec-

298 1189 509 1251 catum,
559 1181 831 1240 infundat
874 1181 1052 1238 etiam
1099 1177 1382 1252 gratiam;
1438 1172 1662 1230 nihilo-

299 1267 501 1324 minus
541 1265 802 1323 remissio
830 1261 1038 1337 peccati
1082 1274 1198 1316 non
1239 1256 1304 1312 fit
1344 1271 1444 1329 per
1473 1254 1672 1328 ipsam-

296 1351 568 1425 gratiam,
592 1348 690 1414 sed
714 1363 813 1421 per
833 1346 1217 1403 extrinsecam
1243 1340 1344 1397 Dei
1367 1336 1661 1395 condona-

297 1431 518 1488 tionem
546 1451 559 1487 :
588 1444 723 1503 ergo
745 1442 863 1484 non
891 1425 1168 1498 implicat,
1194 1419 1342 1496 quod
1368 1424 1659 1491 peccatum

296 1511 544 1569 mortale
571 1509 740 1583 hujus
758 1512 938 1562 status
966 1505 1296 1562 remittatur
1327 1499 1536 1572 absque
1558 1498 1662 1553 ali-

296 1592 456 1666 cujus
494 1591 693 1666 gratiae
733 1587 1045 1651 infusione,
1091 1588 1148 1641 et
1174 1582 1386 1655 absque
1413 1579 1535 1634 ulla
1561 1576 1660 1633 in-

299 1674 545 1730 trinseca
561 1669 870 1744 peccatoris
890 1664 1227 1723 mutatione.
1244 1658 1662 1733 Consequentia

298 1754 512 1827 liquet;
552 1769 688 1809 nam
715 1751 766 1806 si
807 1750 985 1807 semel
1012 1746 1083 1803 de
1111 1746 1255 1802 facto
1283 1743 1499 1800 infusio
1523 1756 1660 1814 gra-

298 1837 390 1894 tiae
419 1852 534 1894 non
572 1833 863 1892 concurrit
905 1845 1004 1904 per
1042 1844 1103 1884 se
1144 1827 1216 1883 ad
1249 1824 1653 1882 remissionem

277 1917 528 1989 peccati,
577 1917 677 1971 sed
706 1928 847 1987 pure
883 1907 1336 1968 concomitanter
1377 1920 1437 1961 se
1466 1902 1653 1969 habet,

301 1999 465 2053 nulla
490 2002 576 2053 est
616 1996 781 2061 ratio,
814 1992 885 2050 ob
911 2007 1086 2064 quam
1126 1983 1659 2060 indispensabiliter

275 2083 281 2088 ’
301 2078 628 2150 requiratur
642 2074 712 2132 ad
731 2073 938 2148 peccati
954 2069 1402 2127 destructionem
1419 2090 1432 2133 ;
1454 2079 1661 2120 unum·

92 2900 214 2944 conti
221 2910 259 2942 r·

126 2954 268 3007 matur

97 3008 254 3050 primo.

88 4311 251 4354 cundo·

298 2158 561 2231 quodque
584 2156 744 2214 enim
772 2157 952 2228 potest
971 2150 1257 2207 divinitus
1283 2147 1502 2203 salvari
1526 2143 1661 2201 abs-

301 2255 411 2313 que
450 2240 587 2306 illis,
639 2255 672 2294 a
716 2234 921 2310 quibus
968 2250 1068 2307 per
1095 2249 1156 2288 se
1193 2247 1309 2287 non
1354 2226 1655 2300 dependet,

302 2323 570 2393 quamvis
589 2320 659 2376 de
686 2320 829 2376 facto
858 2319 1045 2390 ipsum
1079 2315 1449 2371 comitentur.
1481 2312 1660 2365 Ante-

304 2402 509 2459 cedens
523 2406 713 2458 autem
737 2397 1036 2472 probatur:
1056 2401 1179 2451 tum
1195 2394 1328 2466 quia
1342 2391 1526 2466 gratia
1543 2404 1660 2445 non

305 2488 393 2537 est.
436 2497 508 2537 ex
554 2484 761 2535 natura
804 2493 906 2533 sua
951 2477 1136 2533 forma
1177 2467 1661 2544 incompossibilis

306 2577 439 2617 cum
476 2565 696 2633 peccato
727 2580 740 2613 :
782 2564 904 2613 tum
943 2557 1074 2629 quia
1111 2571 1227 2611 non
1253 2552 1460 2627 gaudet
1500 2555 1661 2606 tanta

308 2641 678 2714 perfectione,
731 2645 789 2694 ut
840 2643 1124 2693 mereatur
1178 2632 1658 2691 condonationem

307 2723 535 2794 peccati,
581 2725 637 2777 et
675 2720 854 2775 multo
894 2717 1090 2773 minus
1128 2714 1344 2772 offensa
1381 2713 1503 2778 Dei,
1536 2725 1661 2784 quas

301 2803 473 2860 habet
491 2803 832 2878 gravitatem
859 2799 1200 2873 simpliciter
1230 2795 1542 2851 infinitam.

376 2884 763 2943 confirmatur
810 2883 1019 2955 primo,
1052 2880 1187 2953 quia
1231 2882 1517 2951 peccatum
1554 2873 1661 2929 ha-

301 2966 515 3022 bituale
542 2965 693 3021 nihil
714 2962 874 3021 aliud
895 2966 997 3028 est,
1023 2977 1195 3034 quam
1217 2957 1511 3031 obligatio,
1537 2957 1660 3014 sive

298 3052 490 3104 reatus
516 3045 584 3101 ad
614 3059 841 3118 poenam
871 3048 1168 3107 aeternam,
1205 3045 1434 3113 propter
1471 3043 1657 3093 actum

298 3129 756 3201 peccaminosum
811 3126 1170 3199 praeteritum
1224 3145 1236 3179 :
1293 3137 1428 3196 ergo
1479 3125 1659 3193 potest

295 3216 444 3269 Deus
489 3209 633 3267 illud
678 3209 749 3265 ab
775 3209 1099 3265 extrinseco
1128 3207 1422 3263 remittere
1448 3201 1658 3275 absque

298 3293 416 3348 ulla
453 3290 757 3364 peccatoris
784 3288 1207 3345 immutatione.
1241 3283 1658 3365 Consequentia

293 3376 380 3431 est
405 3373 731 3438 manifesta,
751 3371 884 3444 quia
900 3368 1172 3444 obligatio
1190 3368 1455 3441 provenit
1479 3365 1658 3422 libere

295 3472 331 3512 a
351 3457 465 3511 Deo
485 3453 845 3518 decernente,
877 3456 932 3507 et
963 3455 1192 3506 taxante
1222 3464 1449 3521 poenam
1478 3468 1490 3502 ε
1521 3461 1658 3520 ergo

296 3543 478 3611 potest
505 3536 685 3592 libere
706 3551 739 3592 a
761 3537 874 3591 Deo
889 3530 1179 3605 suspendi,
1209 3532 1298 3587 vel
1315 3528 1650 3588 condonari.

295 3618 563 3692 quamvis
605 3616 754 3672 nihil
781 3614 852 3671 de
894 3630 1044 3671 novo
1072 3611 1297 3669 homini
1326 3609 1657 3668 communi-

293 3703 401 3755 cet.
434 3695 786 3754 Antecedens
826 3700 1015 3751 autem
1046 3692 1338 3766 probatur,
1371 3692 1505 3764 quia
1528 3707 1658 3764 pec-

296 3786 486 3836 catum
510 3777 801 3835 habituale
827 3780 911 3833 est
939 3775 1083 3832 illud
1113 3775 1352 3840 malum,
1385 3774 1534 3846 quod
1563 3789 1658 3830 re-

299 3865 497 3916 manet
543 3864 664 3931 post
718 3862 1004 3930 peccatum
1056 3856 1272 3911 actuale
1331 3874 1344 3909 ε
1390 3853 1489 3909 sed
1537 3858 1660 3926 post

299 3948 488 3998 actum
529 3942 736 4014 peccati
779 3940 1006 3995 nullum
1036 3936 1192 3994 aliud
1223 3938 1442 3993 malum
1473 3936 1658 3992 relin-

298 4027 517 4099 quitur,
569 4024 681 4080 nisi
721 4022 1010 4097 obligatio,
1060 4021 1183 4078 sive
1220 4026 1408 4077 reatus
1436 4019 1506 4076 ad
1535 4037 1657 4092 poe-

300 4122 439 4163 nam
469 4127 482 4162 :
510 4121 645 4179 ergo
674 4109 958 4175 peccatum
1001 4101 1291 4158 habituale
1319 4102 1465 4157 nihil
1499 4102 1657 4157 aliud

295 4192 403 4254 est,
438 4186 548 4241 nisi
574 4182 838 4256 praedicta
859 4181 1150 4253 obligatio,
1181 4197 1279 4237 seu
1314 4188 1524 4238 reatuS.

373 4264 761 4323 confirmatur
801 4262 1066 4329 secundo,
1103 4262 1238 4334 quia
1275 4262 1326 4318 si
1368 4268 1656 4334 peccatum

296 4347 590 4406 habituale
623 4345 838 4419 aliquid
869 4345 1100 4401 adderet
1127 4361 1299 4417 supra
1327 4347 1654 4417 praedictam

296 4430 729 4505 obligationem,
774 4433 829 4485 et
859 4433 1099 4493 reatum,
1133 4428 1388 4484 maxime
1413 4444 1657 4485 conver-

295 4512 520 4568 sionem
562 4508 630 4565 ad
661 4509 877 4565 bonum
916 4506 1340 4576 commutabile,
1384 4512 1655 4581 tanquam

297 4592 369 4650 ad
417 4593 689 4648 ultimum
730 4591 908 4648 tinem
944 4612 956 4645 ε
996 4591 1093 4647 sed
1132 4597 1309 4663 potest
1355 4594 1500 4647 Deus
1526 4590 1647 4649 des·

297 4679 492 4730 truere
513 4673 660 4729 hanc
679 4672 1114 4728 conversionem
1137 4670 1345 4745 absque
1367 4672 1657 4730 infusione

297 4754 537 4828 alicujus
562 4753 763 4828 gratim
788 4775 801 4809 ε
825 4768 961 4826 ergo
985 4752 1200 4808 nullius
1215 4752 1413 4825 gratiae
1442 4752 1657 4810 infusio

298 4838 616 4911 requiritur
656 4835 726 4892 ad
762 4834 1207 4892 destructionem
1249 4836 1477 4908 peccati.
1513 4838 1657 4894 Pro·

297 4920 466 4977 batur
486 4919 720 4985 minor3
751 4933 887 4974 nam
919 4915 1186 4989 praedicta
1213 4918 1512 4975 conversio
1541 4919 1658 4975 im-

299 5007 483 5075 portat
503 5001 710 5055 saltem
740 4996 1137 5064 materialiter,
1170 5005 1225 5055 et
1249 5015 1319 5055 ex
1348 5003 1509 5070 parte
1534 4999 1660 5056 fun·

295 5081 554 5142 damenti
572 5081 826 5152 aliquam
843 5078 1142 5136 entitatem
1160 5080 1463 5153 positivam
1491 5096 1524 5136 a
1544 5082 1658 5140 Deo

3050 447 3163 500 415

1725 620 1740 646 ⁸
1793 610 2231 685 dependentem,
2256 631 2383 687 quae
2410 616 2458 671 si
2482 614 2768 684 deficeret,
2792 631 2859 672 eo
2883 617 3006 689 ipso
3026 615 3157 672 des-

1796 700 2083 753 trueretur
2112 702 2226 753 tota
2251 699 2568 765 conversiO,
2600 704 2657 753 et
2697 699 2890 755 omnis
2932 696 3161 755 inordi-

1795 777 1952 833 natio
1996 777 2061 833 in
2106 794 2173 834 ea
2218 784 2491 851 reperta:
2530 779 2675 836 sicut
2719 779 3025 847 destructa,
3063 780 3158 837 vel

1794 859 2071 933 impedita
2090 862 2328 919 entitate
2368 863 2657 918 materiali
2687 867 2842 918 actus
2870 863 3154 935 peccami-

1795 944 1942 1011 nosi,
1972 960 2040 1002 eo
2067 945 2190 1018 ipso
2215 944 2548 1011 destruitur,
2580 950 2635 1001 et
2675 944 2989 1017 impeditur
3033 947 3155 1020 ejus

1793 1026 2019 1082 malitia
2053 1046 2066 1082 ε
2098 1027 2261 1083 nulla
2289 1031 2478 1083 autem
2508 1031 2743 1097 apparet
2772 1028 3155 1099 repugnantia

1793 1103 1857 1159 in
1883 1120 1970 1172 eo,
2013 1104 2162 1178 quod
2206 1109 2350 1163 Deus
2388 1106 2642 1163 destruat
2678 1105 2975 1161 entitatem
3016 1121 3155 1162 con-

1794 1187 2078 1244 versionis
2133 1188 2295 1243 illius
2345 1203 2446 1260 per
2504 1188 2688 1244 solam
2747 1186 3153 1258 supensionem

1773 1267 2113 1337 concursus,
2138 1274 2194 1327 et
2214 1268 2423 1343 absque
2444 1268 2738 1326 infusione
2765 1269 3004 1342 alicujus
3017 1285 3156 1343 gra-

1792 1350 1888 1405 tiae
1917 1348 2291 1409 inhaerentis:
2321 1350 2465 1406 sicut
2487 1351 2549 1405 in
2592 1350 2931 1406 universum
2975 1355 3155 1422 potest

1792 1428 2086 1488 destruere
2107 1431 2250 1487 alias
2270 1432 2535 1488 entitates
2559 1446 2659 1502 per
2679 1431 2861 1486 solam
2884 1432 3153 1488 cessatio-

1760 1524 1927 1565 ·nem
1978 1525 2285 1567 concursus
2337 1511 2718 1568 conservativi
2771 1511 3034 1577 illarum,
3097 1518 3153 1567 et

1791 1588 2003 1661 absque
2044 1591 2162 1647 ulla
2190 1591 2410 1648 actione
2447 1590 2626 1647 alium
2668 1591 2984 1647 terminum
3014 1607 3149 1664 pro-

1789 1669 2050 1729 ducente.

1867 1756 1981 1811 Hoc
2013 1759 2416 1829 argumentum
2443 1770 2572 1809 curn
2600 1754 2716 1809 suis
2755 1753 3147 1811 confirmatio·
3165 1755 3348 1800 solvitur

1792 1833 1963 1889 nibus
1987 1836 2242 1893 continet
2269 1833 2501 1906 propria
2524 1834 2824 1906 principia,
2856 1841 2912 1892 et
2939 1834 3145 1891 funda·
3167 1815 3361 1900 ηῗέξῗηῖῃ.

1792 1919 2052 1972 mentum
2076 1914 2494 1981 Nominalium,
2525 1930 2648 1987 quae
2672 1918 2921 1972 Joannes
2947 1915 3017 1972 de
3045 1917 3149 1971 Ri-

1793 1994 1963 2068 palda
1982 1995 2381 2060 extumulavit,
2402 1999 2457 2051 et
2476 2011 2599 2068 quae
2613 2012 2682 2052 ex
2700 1997 2969 2052 hactenus
2985 1995 3149 2052 dictis

1792 2079 1855 2134 in
1896 2079 1999 2136 hoc
2028 2084 2265 2136 tractatu
2293 2085 2530 2134 manent
2556 2078 2694 2134 satis
2740 2080 3029 2134 convulsa.
3064 2078 3149 2133 Ad

1793 2166 2196 2234 argumentum
2223 2175 2357 2233 ergo
2378 2164 2617 2233 negatur
2639 2159 2991 2224 antecedens,
3015 2159 3152 2232 quia

1792 2239 2052 2297 doctrina
2095 2241 2149 2297 ei
2195 2241 2412 2296 inserta
2456 2245 2540 2296 est
2582 2245 2781 2295 contra
2828 2239 3150 2295 Concilium

1792 2321 2223 2386 Tridentinum,
2250 2327 2308 2375 ut
2327 2321 2436 2376 late
2457 2319 2810 2376 ostendimus
2830 2319 2956 2375 dub.
2993 2322 3039 2386 l,
3065 2323 3096 2389 g
3129 2322 3143 2374 Ι

1791 2408 1841 2455 et
1866 2401 1990 2457 dub.
2014 2402 2118 2470 3,§
2144 2403 2187 2464 1,
2213 2398 2419 2471 quibus
2448 2399 2583 2455 locis
2598 2399 2875 2454 diluimus
2899 2399 3149 2471 primam

1793 2481 1953 2536 illius
1975 2481 2357 2538 antecedentis
2387 2479 2801 2553 probationem.
2832 2479 2920 2557 :Ad
2942 2495 3150 2536 secuu-

1792 2561 1924 2618 dam
1946 2563 2118 2619 etiam
2161 2562 2339 2634 liquet
2358 2578 2428 2618 ex
2448 2560 2612 2617 dictis
2639 2579 2793 2616 num.
2840 2562 2941 2616 100
2967 2578 2979 2623 ;
3011 2577 3147 2617 nam

1790 2646 1975 2719 gratia
2004 2661 2121 2700 non
2160 2643 2397 2715 expellit
2439 2649 2743 2716 peccatum,
2776 2648 2833 2699 et
2871 2642 3148 2699 offensam

1794 2727 1892 2783 Dei
1923 2726 2149 2798 praecise
2190 2723 2491 2779 moraliter
2535 2739 2634 2795 per
2663 2721 2897 2778 modum
2929 2723 3144 2787 meriti,

1791 2808 1884 2863 vel
1931 2804 2371 2881 impetrationiS,
2423 2805 2514 2860 vel
2559 2803 2999 2869 satisfactionis;
3054 2802 3153 2859 sed

1793 2888 2024 2962 physice
2078 2903 2177 2959 per
2229 2885 2464 2942 modum
2512 2884 2712 2942 formae
2766 2884 3151 2941 essentialiter

1792 2967 2273 3041 incompossibilis
2302 2965 2636 3022 immediate
2661 2982 2792 3020 cum
2824 2970 3062 3036 peccato,
3095 2971 3153 3022 et
3208 3004 3217 3013 .

1792 3051 2039 3108 mediate
2083 3066 2212 3105 cum
2256 3049 2354 3104 Dei
2395 3047 2650 3103 offensa:
2695 3047 2953 3119 implicat
2987 3046 3146 3103 enim

1791 3132 2213 3203 hominem'per
2238 3128 2485 3203 gratiam
2508 3126 2859 3183 habitualem
2889 3128 3144 3182 converti

1790 3213 1862 3269 ad
1907 3216 2085 3268 Deum
2126 3217 2399 3283 tanquam
2440 3207 2511 3263 ad
2553 3208 2823 3262 ultimum
2862 3206 3059 3271 finem,
3092 3211 3179 3262 et·

1788 3292 1938 3366 quod
1954 3293 2044 3348 vel
2060 3292 2180 3363 ipse
2198 3292 2515 3363 perseveret
2538 3287 2599 3341 in
2623 3292 2857 3358 peccato,
2884 3287 2977 3342 vel
3000 3288 3145 3341 Deus

1788 3391 1849 3430 se
1870 3373 2074 3430 habeat
2104 3378 2163 3427 ut
2189 3372 2456 3427 offensus.
2493 3368 2816 3424 Praesertim
2856 3383 2984 3423 cum
3015 3383 3144 3439 pec-

1788 3459 1977 3510 catum
2018 3451 2307 3507 habituale
2341 3449 2509 3522 hujus
2548 3452 2724 3502 status
2768 3448 3038 3503 consistat
3084 3448 3145 3503 in

1789 3531 2117 3589 voluntaria
2145 3530 2342 3604 gratiae
2372 3527 2694 3601 privatione
2722 3547 2733 3580 ε
2760 3542 2938 3599 quare
2966 3526 3147 3599 posita

1788 3614 1975 3688 gratia
2010 3612 2204 3667 statim
2250 3608 2537 3666 evanescit
2579 3606 2911 3678 praedictum
2944 3623 3139 3680 pecca-

1790 3702 1942 3761 tum;
1991 3710 2059 3767 eo
2102 3698 2291 3750 autem
2338 3691 2634 3756 destructe,
2687 3689 2883 3761 nequit
2927 3689 3143 3748 offensa

1790 3777 1890 3833 Dei
1941 3773 2240 3832 moraliter
2300 3785 2671 3844 permanere,
2726 3777 3141 3828 connectuntur

1788 3859 1998 3932 quippe
2023 3854 2402 3913 essentialiter
2429 3852 2580 3906 inter
2604 3866 2687 3908 se.

1868 3936 2030 3999 Unde
2054 3935 2229 3993 etiam
2258 3934 2433 4006 liquet
2460 3930 2529 3988 ad
2561 3931 2809 4004 primam
2829 3932 3142 3990 confirma·
3174 3934 3331 3976 00¹¹&-

1789 4023 2041 4085 tionem;
2091 4018 2336 4074 libenter
2375 4014 2534 4071 enim
2576 4014 2951 4082 admittimus
2991 4017 3144 4073 obli-
3184 3989 3327 4089 'Si-‚¹323

1787 4104 2077 4179 gationem
2124 4101 2448 4174 proximam
2476 4095 2544 4152 ad
2576 4112 2801 4170 poenam
2830 4113 2990 4169 posse
3014 4116 3143 4156 sus·
3161 4082 3324 4125 mmm·

1790 4185 1962 4259 pendi
2003 4184 2211 4256 absque
2250 4181 2440 4253 aliqua
2481 4180 2792 4236 intrinseca
2834 4184 3139 4252 peccatoris

1790 4266 2209 4322 immutatione.
2265 4260 2463 4318 Adhuc
2514 4270 2705 4318 tamen
2781 4271 3143 4334 permaneret

1790 4354 2075 4423 peccatum
2093 4345 2385 4402 habituale
2399 4345 2719 4417 importans
2734 4343 3140 4418 obligationem

1789 4432 2115 4496 radicalem,
2149 4434 2204 4486 et
2226 4421 2455 4484 ‘reatum
2499 4427 2875 4482 intrinsecum
2904 4427 2973 4484 ad
3001 4430 3139 4486 sub-

1786 4512 2035 4571 eundam
2078 4524 2322 4582 poenam,
2356 4508 2418 4562 in
2445 4507 2669 4580 quibuS,
2714 4513 2769 4563 et
2798 4524 2914 4564 non
2943 4510 3006 4566 in
3036 4508 3140 4568 illa

1789 4594 2055 4668 proxima
2080 4589 2424 4662 obligatione
2450 4588 2705 4644 consistit
2733 4591 2965 4660 propria
2995 4592 3140 4648 ratio

1789 4674 1998 4748 peccati
2049 4669 2358 4726 habitualis
2378 4711 2391 4736 ,
2450 4674 2510 4723 ut
2563 4668 2732 4723 latius
2782 4670 3140 4727 ostendimus

1786 4759 1928 4831 disp.
1969 4756 2014 4821 l,
2040 4753 2169 4809 dub.
2202 4753 2247 4807 1.
2400 4812 2403 4815 ,
2692 4815 2697 4820 ,

1862 4835 1949 4892 Ad
1968 4830 2274 4892 secundam
2301 4831 2476 4886 etiam
2502 4834 2746 4898 constat;
2779 4842 2915 4888 nam
2943 4848 3139 4890 essen-
3180 4868 3183 4869 ν

1790 4918 1870 4975 tia
1896 4914 2102 4990 peccati
2144 4910 2454 4967 habitualis
2495 4925 2610 4966 non
2636 4911 2894 4966 consistit
2915 4912 2977 4966 in
2998 4929 3139 4970 con-

1789 4999 2054 5055 versione
2075 4992 2145 5049 ad
2173 4990 2386 5047 bonum
2408 4988 2830 5055 commutabile,
2864 4994 3137 5064 tanquam

1789 5080 1861 5138 ad
1884 5078 2153 5136 ultimum
2171 5071 2373 5140 finem;
2397 5070 2496 5128 sed
2512 5070 2574 5127 in
2597 5070 2920 5143 privatione
2935 5075 3138 5132 volun-
