3647 5753
71 3032 287 3081 Secundo

1466 381 1646 437 DISP.
1691 378 1787 444 VI,
1833 376 1998 431 DUB.
2043 376 2086 430 1.
2849 362 2852 363 ⁷
3071 365 3174 420 801

323 557 587 614 turaliter
610 557 872 631 respiciat
894 557 1198 631 praemium
1230 560 1291 612 ut
1320 554 1599 619 futurum,
1623 555 1681 609 et

320 636 784 710 consequendum
829 640 955 708 (est
995 637 1156 694 enim
1198 634 1545 692 naturaliter
1592 631 1681 688 lo-

320 718 545 791 quendo
567 720 681 787 via,
713 725 768 775 et
792 725 981 776 motus
1003 718 1072 776 ad
1097 717 1265 790 illud)
1293 716 1475 790 magis
1503 729 1681 786 repu-

318 805 457 874 gnat
482 801 678 857 meriti
705 805 944 865 naturae,
989 799 1139 872 quod
1184 799 1488 874 praemium
1528 800 1679 851 tem-

322 898 460 956 pore
488 884 851 957 praecesserit,
884 898 1056 955 quam
1083 883 1231 956 quod
1258 882 1434 938 simul
1469 878 1679 935 merito

318 963 608 1029 coexistat,
651 968 706 1020 et
735 965 921 1035 ipsum
961 964 1084 1020 sola
1114 962 1416 1036 prioritate
1453 963 1679 1015 naturae

321 1042 614 1103 antecedat
644 1066 656 1101 :
686 1045 832 1100 sicut
876 1044 1059 1117 magis
1102 1042 1272 1100 distat
1320 1040 1677 1117 praeteritum

322 1141 355 1182 a
395 1124 607 1194 tuturo,
652 1140 825 1199 quam
866 1124 1014 1180 illud
1059 1123 1207 1199 quod
1255 1138 1508 1198 praesens
1550 1125 1676 1177 est:

318 1208 474 1281 atqui
498 1212 794 1282 repugnat,
813 1205 963 1280 quod
990 1213 1145 1264 actus
1166 1205 1476 1280 procedens
1499 1222 1530 1262 a
1551 1218 1679 1278 gra·

316 1292 397 1348 tia
424 1296 715 1348 mereatur
755 1293 939 1365 ipsam
967 1291 1214 1366 gratiam
1240 1288 1354 1345 sibi
1383 1289 1449 1346 in
1475 1285 1677 1345 eodem

318 1374 557 1429 instanti
585 1375 1010 1441 coexistentem,
1035 1373 1159 1430 sive
1198 1373 1399 1447 gratiae
1428 1367 1677 1444 produc-

318 1456 533 1513 tionem
563 1472 665 1528 pro
691 1455 794 1512 illo
841 1455 1099 1523 instanti,
1134 1458 1195 1510 ut
1223 1452 1527 1528 praedictus
1553 1453 1675 1506 Au-

318 1539 447 1595 thor
475 1537 725 1595 admittit
757 1559 769 1594 :
798 1553 932 1613 ergo
971 1539 1155 1612 magis
1198 1538 1497 1612 repugnat,
1525 1531 1675 1607 quod

267 1676 272 1681 ,
313 1623 469 1674 actus
494 1634 527 1674 a
546 1619 733 1693 gratia
772 1617 1085 1692 procedens
1111 1622 1403 1674 mereatur
1422 1614 1675 1688 gratiam

310 1704 568 1773 tempore
590 1699 1023 1776 praecedentem,
1053 1700 1177 1755 sive
1196 1701 1273 1770 (et
1299 1699 1361 1754 in
1393 1695 1548 1754 idem
1581 1708 1675 1750 re-

311 1779 416 1853 dit)
443 1779 594 1853 quod
635 1788 944 1846 mereatur,
979 1787 1039 1837 ut
1064 1782 1252 1855 gratia
1279 1785 1537 1850 tempore
1566 1790 1675 1832 an-

312 1860 592 1920 tecedenti
620 1860 796 1917 fuerit
822 1861 1123 1935 producta;
1166 1866 1223 1917 et
1260 1856 1675 1931 consequenter

312 1943 361 1998 si
386 1942 640 2015 primum
685 1941 829 1998 illud
853 1943 1130 2015 implicat,
1153 1940 1477 2014 implicabit
1495 1938 1673 1995 etiam

315 2022 419 2079 hoc
448 2022 745 2095 posterius,
774 2025 1042 2098 Urgetur,
1064 2029 1121 2080 et
1141 2024 1467 2080 declaratur
1495 2041 1509 2076 ε
1534 2033 1673 2075 nam

314 2106 765 2178 implicatorium
791 2111 876 2162 est
906 2105 1207 2180 praemium
1236 2105 1326 2161 cui
1356 2100 1675 2161 essentiali-

312 2194 400 2244 ter
429 2194 711 2262 repugnat
735 2189 895 2261 sequi
945 2193 1067 2261 post
1094 2189 1390 2253 meritum,
1421 2201 1552 2242 cum
1599 2183 1676 2239 sit

309 2269 364 2326 ei
391 2271 762 2327 connaturale
788 2272 947 2343 sequi
970 2277 1090 2343 post
1120 2269 1265 2327 illud
1293 2291 1305 2326 :
1336 2267 1436 2325 sed
1475 2267 1673 2342 gratiae

312 2351 596 2424 productae
624 2354 688 2409 in
714 2353 956 2410 instanti
984 2357 1050 2419 A,
1081 2352 1469 2410 essentialiter
1499 2365 1673 2423 repu-

310 2440 450 2509 gnat
496 2437 656 2508 sequi
704 2442 826 2507 post
871 2437 1148 2493 meritum
1175 2437 1428 2494 existens
1454 2436 1518 2491 in
1548 2436 1672 2490 ins-

312 2514 457 2570 tanti
494 2516 535 2569 B
569 2536 582 2570 :
612 2515 755 2572 sicut
787 2523 1082 2592 repugnat,
1112 2516 1262 2591 quod
1301 2517 1491 2592 gratia
1515 2513 1672 2573 exis-

312 2601 437 2651 tens
482 2594 544 2650 in
600 2596 838 2651 instanti
887 2600 955 2664 A,
1013 2598 1089 2653 sit
1150 2605 1274 2670 post
1313 2598 1562 2670 seipsam
1612 2600 1673 2651 ut

310 2676 651 2732 existentem
694 2677 757 2732 in
784 2678 1025 2734 instanti
1072 2679 1115 2732 Β
1149 2698 1162 2733 :
1192 2694 1327 2751 ergo
1355 2677 1673 2750 implicato-

314 2757 467 2813 rium
490 2763 592 2823 est,
613 2756 762 2829 quod
782 2760 967 2832 gratia
989 2765 1050 2815 ut
1069 2760 1321 2818 existens
1342 2761 1404 2816 in
1429 2760 1669 2816 instanti

309 2842 376 2906 A,
408 2836 484 2893 sit
511 2839 816 2911 praemium
839 2839 1184 2898 meritorum
1205 2840 1578 2898 existentium
1604 2839 1671 2896 in

311 2919 553 2975 instanti
581 2921 643 2975 B.

384 3000 652 3067 Secunde,
682 3001 814 3073 quia
850 3007 1128 3077 repugnat
1153 3009 1343 3060 actum
1371 3002 1671 3059 meritorie

310 3098 543 3139 causare
566 3083 727 3151 illud,
761 3083 908 3156 quod
935 3086 1318 3142 essentialiter
1347 3099 1673 3155 praesuppo-

310 3163 413 3231 nit,
448 3169 509 3219 ut
529 3169 747 3220 constat
773 3179 845 3220 ex
869 3181 1043 3237 supra
1069 3164 1252 3230 dietis,
1284 3170 1339 3221 et
1368 3163 1525 3221 docet
1550 3164 1673 3234 ipse

307 3245 551 3318 Ripalda
574 3266 586 3300 ε
609 3248 764 3318 atqui
788 3247 1061 3302 meritum
1085 3246 1156 3302 de
1181 3243 1464 3318 condigno
1485 3258 1672 3301 essen·

305 3327 521 3382 tialiter
570 3328 960 3401 praesupponit
1001 3328 1253 3399 primam
1294 3327 1494 3399 gratias
1535 3341 1671 3399 pro-

306 3405 650 3472 ductionem,
685 3406 814 3462 licet
851 3407 1064 3464 accidat
1091 3412 1208 3463 tam
1238 3408 1466 3473 meritc,
1498 3421 1671 3480 quam

306 3490 525 3562 gratias,
559 3487 708 3561 quod
735 3489 851 3545 haec
880 3489 1223 3562 producatur
1263 3491 1356 3548 vel
1386 3490 1448 3546 in
1470 3488 1671 3547 eodem

309 3569 505 3626 meriti
535 3575 846 3636 momento,
878 3574 970 3629 vel
1000 3577 1256 3643 ternpore
1279 3569 1620 3644 praecedenti
1655 3593 1668 3627 ε

306 3666 442 3724 ergo
464 3650 741 3723 implicat,
765 3651 914 3721 quod
937 3658 1091 3710 actus
1111 3652 1461 3725 subsequens
1482 3658 1671 3710 causet

308 3732 603 3788 meritorie
658 3732 910 3803 primam
964 3733 1398 3806 productionem
1448 3735 1666 3808 gratiae,

305 3811 428 3870 sive
448 3811 564 3867 haec
586 3810 686 3868 fiat
706 3813 769 3868 in
792 3809 990 3870 eodem
1015 3814 1276 3881 instanti,
1303 3813 1510 3871 sivein
1534 3831 1674 3889 prae-

305 3891 525 3949 cedenti
572 3891 893 3948 duratione.
938 3892 1219 3950 Suadetur
1265 3894 1479 3961 minor,
1536 3895 1673 3968 quia

306 3973 580 4029 meritum
603 3971 673 4029 de
693 3972 976 4049 condigno
997 3975 1380 4033 essentialiter
1401 3977 1673 4049 supponit

303 4054 550 4127 gratiam
595 4053 657 4108 in
700 4053 886 4126 ipsum
934 4053 1273 4111 influentem
1306 4056 1446 4113 :sed
1485 4058 1672 4131 gratia

306 4134 505 4208 nequit
537 4134 602 4189 in
639 4136 914 4191 meritum
944 4135 1207 4205 influere,
1239 4137 1354 4193 nisi
1380 4140 1540 4211 prius
1562 4155 1673 4196 na-

305 4221 455 4281 tura,
509 4222 605 4272 aut
653 4222 910 4288 tempore
955 4216 1132 4274 fuerit
1176 4218 1495 4291 producta:
1538 4239 1674 4297 ergo

305 4296 581 4353 meritum
639 4297 1025 4354 essentialiter
1088 4300 1359 4373 supponit
1418 4303 1671 4375 primam

303 4380 502 4453 gratiae
530 4378 980 4453 productionem,
1014 4381 1143 4437 licet
1183 4382 1333 4451 huic,
1365 4390 1425 4441 et
1462 4386 1672 4444 merito

305 4464 536 4533 accidat,
570 4465 717 4539 quod
753 4465 843 4521 vel
879 4464 1022 4522 fiant
1061 4466 1124 4523 in
1159 4466 1360 4525 eodem
1403 4469 1666 4538 instanti,

305 4548 399 4604 vel
425 4547 574 4621 quod
603 4546 789 4621 gratia
816 4546 992 4604 ruerit
1030 4552 1287 4622 tempore
1314 4551 1671 4609 antecedenti

307 4630 599 4702 producta.
624 4633 816 4701 ltaque
845 4630 976 4686 licet
995 4632 1269 4690 meritum
1292 4632 1362 4691 de
1390 4634 1673 4710 condigno

308 4727 425 4769 non
442 4714 686 4786 postulet
704 4711 1090 4770 essentialiter
1110 4712 1508 4784 determinate,
1522 4716 1673 4790 quod

304 4793 491 4869 gratia
537 4792 899 4867 producatur,
934 4799 1030 4851 aut
1068 4793 1132 4851 in
1169 4795 1371 4853 eodem
1399 4797 1667 4866 instanti,

306 4875 369 4932 in
395 4890 506 4948 quo
526 4879 610 4932 est
636 4874 930 4942 meritum,
958 4880 1054 4932 aut
1078 4876 1141 4933 in
1168 4884 1427 4951 tempore
1453 4884 1673 4937 antece·

303 4954 492 5022 denti;
518 4956 656 5030 petit
678 4961 871 5013 tamen
891 4959 1298 5025 essentialiter,
1313 4959 1463 5032 quod
1484 4962 1671 5036 gratia

303 5038 381 5094 sit
423 5043 556 5096 ante
593 5037 845 5112 seipsum
894 5038 1182 5113 producta,
1214 5042 1429 5116 alioqui
1471 5044 1670 5117 nequit

1798 547 1888 617 ⁴ab
1914 564 1981 605 ea
2008 544 2332 620 procedere,
2367 557 2470 599 nec
2497 543 2619 616 ejus
2645 539 2991 614 participare
3018 540 3185 598 valo-

1817 648 1962 688 rem.
1996 628 2161 686 Unde
2185 627 2329 683 sicut
2358 625 2570 682 mereri
2599 639 2717 680 non
2746 624 2901 679 valet
2927 622 3181 695 primam

1812 714 2013 790 gratiae
2059 710 2490 786 productionem
2535 724 2635 780 pro
2681 705 2922 763 instanti
2970 705 3032 760 in
3074 722 3185 778 quo

1813 800 1918 861 est,
1952 795 2032 850 ita
2074 809 2177 849 nec
2215 790 2427 847 mereri
2472 792 2652 861 potest
2693 787 2945 860 primam
2983 787 3185 859 gratias

1817 877 2249 950 productionem
2306 888 2409 946 pro
2455 877 2713 944 tempore
2775 868 3132 925 antecedenti
3167 893 3181 936 3

1814 960 2119 1033 utrobique
2164 958 2324 1016 enim
2371 954 2703 1027 implicatur
2745 953 2950 1025 primae
2985 952 3185 1024 gratias

1815 1040 2131 1116 productio,
2156 1055 2329 1113 quarn
2372 1036 2645 1093 meritum
2688 1034 2758 1090 de
2784 1032 3068 1107 condigno
3090 1049 3185 1090 es-

1813 1123 2135 1181 sentialiter
2157 1120 2561 1195 praesupponit.
2584 1116 2842 1173 variatio
2865 1120 3054 1171 autem
3079 1116 3184 1172 illa

1813 1206 2189 1264 durationum
2220 1205 2371 1261 nihil
2401 1206 2646 1276 praestat,
2680 1200 2814 1273 quia
2840 1214 3068 1271 semper
3095 1198 3184 1254 af·-

1814 1286 1953 1353 ficit,
1996 1294 2055 1346 et
2091 1288 2403 1345 circunstat
2445 1283 2697 1356 primam
2746 1280 3180 1353 productionem

1812 1369 2030 1443 gratiae,
2057 1385 2182 1442 quae
2208 1367 2278 1424 ad
2301 1367 2576 1422 meritum
2602 1361 2964 1436 praesupponi
2986 1376 3184 1418 essen-

1816 1453 2031 1510 tialiter
2075 1451 2257 1508 debet.
2293 1452 2403 1506 Per
2447 1447 2596 1521 quod
2637 1445 2822 1503 obiter
2855 1444 3183 1502 excluditur

1813 1536 2143 1608 exemplum
2165 1530 2618 1590 continuationis
2638 1529 2856 1603 gratiae,
2882 1543 3054 1599 quam
3080 1527 3183 1583 ali-

1812 1616 1911 1689 qui
1941 1615 2301 1673 arbitrantur
2330 1629 2491 1686 posse
2517 1610 2718 1668 cadere
2743 1608 2848 1665 sub
2875 1609 3085 1666 merito
3113 1607 3184 1665 de

1811 1697 2129 1772 condigno;
2162 1711 2300 1752 nam
2341 1692 2698 1751 continuatio
2740 1690 2947 1747 futurae
2985 1688 3184 1763 gratiae

1812 1794 1932 1835 non
1976 1785 2061 1835 est
2108 1776 2178 1833 de
2232 1773 2642 1849 praerequisitis
2681 1771 3067 1829 essentialiter
3113 1768 3184 1826 ad

1812 1861 2071 1934 primum
2112 1875 2234 1916 esse
2261 1857 2490 1925 meriti;
2523 1854 2959 1930 praesuppositio
2989 1857 3182 1911 autem

1809 1944 2008 2018 gratiae
2035 1949 2117 1999 est
2142 1942 2350 1998 merito
2372 1939 2715 1997 essentialis.
2745 1936 2908 1993 Unde
2936 1952 3183 2009 praesup-

1812 2025 2019 2098 positio
2048 2025 2247 2097 gratiae
2277 2025 2366 2081 vel
2411 2029 2684 2095 tempore,
2719 2020 2807 2075 vel
2838 2025 3045 2075 natura
3075 2035 3176 2075 ne·

1810 2105 1935 2178 quit
1975 2104 2080 2160 sub
2123 2105 2330 2162 merito
2370 2103 2589 2167 cadere,
2623 2105 2742 2158 esto
2768 2101 2967 2174 gratia-,³
2993 2100 3183 2156 conti-

1812 2186 2013 2242 nuatio
2039 2185 2144 2241 sub
2167 2186 2375 2261 merito
2402 2183 2601 2241 cadere
2625 2182 2816 2254 possit.
2844 2180 2952 2238 Sed
2981 2179 3050 2236 de
3076 2179 3183 2237 hoc

1809 2283 1882 2324 ex
1912 2266 2164 2340 professo
2191 2266 2446 2323 dicemus
2471 2265 2600 2320 dub.
2625 2266 2679 2319 5.

1893 2349 2091 2414 Tertio,
2124 2350 2401 2421 quoniam
2428 2364 2495 2405 eo
2536 2347 2677 2418 ipso,
2709 2342 2858 2418 quod
2903 2343 3181 2400 meritum
3209 2340 3372 2384 Tertio.

1809 2431 1882 2489 de
1907 2431 2191 2506 condigno
2217 2431 2418 2505 gratias
2455 2430 2616 2503 prius
2657 2427 2944 2502 productas
2984 2441 3184 2482 essen-

1810 2515 2028 2571 tialiter
2071 2515 2324 2588 gratiam
2362 2514 2426 2570 in
2461 2511 2660 2570 eodem
2711 2509 2949 2591 instanti
2979 2506 3184 2565 ordine

1811 2603 2032 2653 naturas
2054 2601 2474 2670 praesupponat,
2502 2601 2561 2651 ut
2589 2594 2842 2652 admittit
2883 2590 3184 2665 praedictus

1808 2677 2051 2742 Author,
2080 2678 2277 2750 nequit
2301 2691 2417 2733 non
2443 2675 2828 2731 essentialiter
2852 2687 3184 2745 praesuppo-

1809 2773 1950 2814 nere
1974 2758 2243 2832 gratiam,
2277 2759 2368 2815 vel
2412 2763 2473 2812 ut
2520 2756 2707 2828 primo
2742 2753 3072 2826 productam
3117 2753 3182 2808 in

1809 2838 1914 2896 illo
1944 2839 2202 2908 instanti,
2235 2838 2327 2895 vel
2355 2838 2558 2896 saltem
2601 2842 2661 2893 ut
2687 2841 3087 2894 conservatam
3117 2835 3180 2891 in

1806 2938 1895 2989 e0,
1927 2927 1983 2979 et
2011 2938 2188 2997 usque
2219 2921 2288 2978 ad
2319 2922 2506 2994 ipsum
2534 2922 2965 2985 continuatam;
2998 2933 3182 2991 neque

1807 3004 1970 3061 enim
1992 3007 2198 3078 gratia,
2219 3021 2345 3077 quae
2367 3011 2452 3061 est
2473 3005 2669 3060 meriti
2685 3003 2990 3060 essentiale
3013 3002 3183 3073 prin-

1809 3087 2045 3158 cipium,
2080 3087 2232 3143 valet
2279 3086 2342 3141 in
2392 3087 2772 3157 exequutione
2824 3083 2894 3140 ab
2944 3089 3181 3155 utraque

1809 3167 2036 3223 ratione
2083 3166 2479 3238 praescindere.
2522 3167 2579 3220 Si
2625 3164 2848 3221 dicatur
2895 3163 3176 3236 primum,

1810 3247 1983 3319 plane
2029 3247 2281 3302 infertur
2329 3246 2648 3318 implicare,
2680 3243 2829 3317 quod
2875 3244 3062 3317 gratia
3107 3244 3183 3299 sit

1811 3326 2117 3398 praemium
2145 3325 2379 3391 meriti;
2422 3341 2551 3382 cum
2589 3326 2667 3381 ita
2696 3331 2915 3397 accepta
2954 3325 3029 3380 sit
3057 3324 3181 3398 ejus

1809 3406 2113 3463 essentiale
2142 3406 2516 3479 principium,
2550 3411 2609 3462 ut
2639 3408 2740 3464 ille
2774 3406 2996 3462 Author
3032 3405 3179 3462 fate-

1809 3492 1923 3544 tur.
1956 3489 2016 3543 Si
2061 3489 2308 3563 eligatur
2354 3488 2687 3553 secundum,
2732 3488 2882 3545 idem
2932 3488 3182 3562 profecto

1806 3568 2118 3642 colligitur,
2159 3570 2431 3641 quoniam
2462 3570 2818 3627 conservatio
2843 3570 3045 3643 gratiae
3075 3585 3178 3642 pro

1809 3650 1914 3707 hoc
1942 3651 2180 3707 instanti
2208 3653 2594 3710 essentialiter
2637 3652 3025 3726 praesupponit
3054 3653 3179 3724 pri-

1808 3748 1967 3789 mam
1990 3734 2188 3808 gratiae
2214 3735 2644 3807 productionem
2673 3752 2774 3809 pro
2797 3741 3054 3807 tempore
3079 3751 3179 3791 an·

1807 3816 2088 3875 tecedenti
2136 3838 2148 3873 :
2192 3834 2328 3892 ergo
2378 3818 2426 3874 si
2469 3821 2745 3876 meritum
2790 3819 3179 3876 essentialiter

1811 3901 2201 3972 praesupponit
2226 3901 2471 3975 gratiam
2497 3907 2558 3956 ut
2582 3917 2648 3958 eo
2675 3901 2915 3970 instanti
2944 3917 3179 3958 conser-

1809 3986 2021 4046 vatam,
2041 3982 2424 4039 essentialiter
2446 3983 2622 4039 etiam
2637 3983 2910 4055 supponit
2924 3982 3176 4055 gratiam

1809 4067 1872 4117 ut
1917 4067 2174 4134 tempore
2220 4064 2572 4122 antecedenti
2622 4062 2976 4138 productam.
3012 4062 3177 4120 Unde

1806 4142 1952 4197 sicut
1989 4141 2062 4199 ob
2089 4142 2237 4198 hanc
2273 4144 2641 4201 essentialem
2670 4143 2871 4218 gratias
2910 4144 3178 4216 supposi-

1808 4225 2027 4288 tionem
2080 4230 2393 4299 repugnat,
2451 4225 2600 4298 quod
2654 4227 2930 4283 meritum
2986 4231 3179 4283 causet

1805 4307 2052 4380 gratiam
2095 4312 2157 4361 ut
2194 4306 2535 4364 existentem
2576 4308 2640 4364 in
2676 4308 2877 4365 eodem
2909 4306 3172 4375 instanti,

1808 4390 1888 4446 ita
1918 4395 2196 4463 repugnat
2222 4388 2371 4462 quod
2416 4396 2606 4448 causet
2641 4392 2891 4467 gratiam
2935 4394 2997 4446 ut
3038 4407 3176 4464 pro-

1807 4470 2034 4529 ductam
2057 4479 2313 4545 tempore
2340 4473 2715 4540 antecedenti,
2742 4479 2799 4530 et
2819 4489 3175 4547 consequen-

1808 4559 1895 4611 ter
1920 4554 2070 4627 quod
2108 4558 2296 4610 causet
2325 4554 2575 4627 primam
2602 4556 2802 4630 gratiae
2850 4554 3178 4629 productio—

1808 4653 1967 4694 nem.

1881 4719 2042 4776 Adde
2083 4718 2235 4792 quod
2283 4719 2430 4776 sicut
2475 4720 2683 4778 merito
2734 4720 2974 4788 accidit,
3026 4721 3176 4795 quod

1805 4801 1993 4873 gratia
2016 4801 2204 4874 prima
2234 4800 2406 4856 fuerit
2432 4805 2566 4857 ante
2592 4799 2740 4856 illud
2770 4803 2995 4859 instans
3036 4818 3176 4875 pro-

1807 4881 1992 4949 ducta,
2028 4883 2108 4939 ita
2151 4883 2330 4940 etiam
2376 4883 2486 4954 ipsi
2530 4882 2753 4950 accidit,
2798 4883 2946 4957 quod
2987 4886 3175 4959 gratia

1808 4964 1982 5022 fuerit
2005 4979 2178 5036 usque
2207 4963 2277 5020 ad
2305 4964 2452 5020 illud
2479 4964 2703 5020 instans
2731 4963 3174 5044 inclusive'con-

1804 5047 2056 5116 tinuata;
2076 5051 2259 5120 posset
2275 5045 2433 5104 enim
2451 5063 2609 5120 aeque
2622 5045 2771 5113 fieri,
2787 5046 2836 5103 si
2850 5046 3035 5121 gratia
3052 5063 3169 5104 non
