3647 5753
1434 397 1611 453 DISP.
1655 396 1752 463 vl,
1797 394 1962 451 DUB.
2007 394 2076 451 11.
3062 384 3174 440 813

315 577 554 651 quidam
605 575 970 649 respondent,
1008 573 1255 647 gratiam
1278 574 1342 626 ut
1361 568 1530 626 alteri
1561 582 1680 624 non

320 658 514 733 digno,
547 664 603 714 et
625 672 741 713 non
765 656 918 730 justo
955 651 1361 711 conferendam
1408 647 1681 706 excedere

324 741 387 795 in
418 740 640 796 ratione
670 737 891 811 praemii
926 735 1167 792 eandem
1195 732 1440 808 gratiam
1483 735 1546 787 ut
1570 729 1681 803 ipsi

313 821 470 894 justo
497 820 744 875 merenti
771 813 1331 881 communicandam,
1363 811 1513 868 nihil
1544 826 1681 883 pro-

323 901 464 960 dest.
496 903 643 957 Tum
670 902 805 973 quia
828 899 1131 973 praedictus
1151 912 1412 955 excessus
1451 909 1569 951 non
1596 898 1681 951 est

322 982 607 1050 infinitus,
639 981 735 1038 sed
757 987 943 1037 certus
975 986 1030 1037 et
1057 978 1489 1042 determinatus,
1523 980 1583 1030 ut
1609 989 1680 1030 ex

317 1080 381 1121 se
403 1064 582 1136 liquet
615 1083 627 1117 ε
657 1061 753 1118 sed
781 1063 946 1118 valor
971 1076 1211 1133 operum
1238 1057 1375 1132 justi
1407 1059 1586 1128 potest
1614 1054 1678 1110 in

321 1143 616 1200 infinitum
642 1142 838 1215 augeri
860 1141 930 1198 ob
954 1156 1244 1215 magnam,
1267 1143 1322 1195 et
1342 1135 1677 1193 continuam

319 1231 473 1282 actus
520 1224 907 1280 intensionem
943 1238 1120 1297 :ergo
1160 1219 1466 1294 praedictus
1514 1217 1679 1273 valor

319 1322 560 1379 operum
612 1305 752 1379 justi
809 1303 1016 1377 poterit
1070 1302 1371 1374 adaequare
1416 1298 1676 1355 valorem

314 1388 522 1461 gratiae
544 1388 711 1443 alteri
737 1385 1114 1451 conferendas,
1150 1392 1205 1441 et
1234 1388 1296 1438 ut
1324 1381 1491 1438 alteri
1536 1394 1676 1436 con-

320 1466 769 1539 ferendae,atque
792 1467 919 1524 ideo
941 1467 1003 1523 in
1027 1467 1248 1523 ratione
1271 1462 1677 1537 praemii.Tum

314 1548 513 1616 etiam,
556 1550 691 1621 quia
719 1550 822 1605 hac
862 1548 1083 1605 ratione
1111 1562 1281 1603 nemo
1300 1545 1490 1602 dicere
1510 1541 1680 1599 aude-

321 1626 425 1695 bit,
470 1630 676 1685 merita
699 1646 752 1686 v.
779 1647 829 1703 g.
866 1632 930 1684 B.
960 1627 1223 1701 Virginis
1246 1625 1457 1682 habere
1481 1624 1677 1680 mino-

325 1726 445 1766 rem
475 1712 733 1768 valorem
758 1712 820 1766 in
844 1711 1064 1767 ratione
1084 1706 1360 1782 obsequii,
1381 1712 1438 1763 et
1458 1705 1671 1772 meriti,

321 1808 385 1849 ac
451 1792 684 1849 haberet
750 1794 997 1849 minima
1041 1792 1228 1867 gratia
1273 1791 1440 1847 alteri
1482 1788 1677 1846 confe-

322 1875 501 1933 renda
551 1877 612 1932 in
663 1876 886 1932 ratione
932 1874 1156 1948 praemii
1191 1890 1363 1948 :ergo
1391 1872 1554 1928 nulla
1583 1885 1677 1927 re-

319 1957 638 2030 pugnantia
686 1962 867 2029 potest
906 1954 1212 2028 excogitari
1253 1970 1324 2010 ex
1364 1952 1547 2025 capite
1573 1967 1676 2007 ex-

310 2053 504 2094 cessus
567 2040 767 2113 gratiae
831 2037 1001 2094 alteri
1060 2035 1262 2092 dandae
1327 2035 1391 2090 in
1453 2034 1676 2091 ratione

319 2120 546 2193 praemii
588 2137 761 2192 supra
814 2120 1024 2175 merita
1075 2118 1332 2192 Virginis
1361 2118 1423 2173 in
1454 2116 1676 2173 ratione

314 2201 606 2275 obsequii;
635 2208 690 2259 et
730 2206 1138 2273 consequenter
1166 2197 1527 2273 impossibile
1555 2213 1672 2254 non

319 2284 447 2351 fuit,
482 2282 628 2356 quod
658 2286 720 2340 B.
754 2285 930 2358 Virgo
956 2282 1260 2340 meruisset
1279 2281 1348 2338 de
1369 2279 1669 2355 condigne,

321 2372 379 2421 ut
408 2369 554 2423 Deus
583 2367 747 2423 alteri
776 2368 1023 2441 gratiam
1062 2364 1367 2422 conferret.
1399 2365 1545 2419 Tum
1574 2361 1676 2420 de-

320 2447 513 2520 nique,
538 2447 671 2519 quia
693 2463 952 2504 excessus
979 2448 1098 2512 ille,
1129 2451 1184 2502 et
1212 2444 1396 2518 major
1423 2444 1676 2500 aestima-

319 2528 512 2585 bilitas
541 2530 767 2601 praemii
798 2535 857 2584 ut
886 2529 1018 2584 aliis
1044 2527 1218 2584 dandi
1243 2570 1257 2590 ,
1310 2531 1492 2599 potest
1516 2525 1676 2581 suffi-

315 2610 534 2667 cienter
553 2612 913 2683 compensari
936 2626 1035 2682 per
1064 2608 1512 2665 diminutionem
1539 2623 1677 2681 gra—

318 2693 427 2756 tiae,
472 2709 596 2765 quae
660 2698 743 2749 est
802 2692 1126 2764 praemium,
1180 2698 1238 2748 et
1300 2695 1673 2764 augmentum

316 2773 532 2829 valoris
574 2773 635 2828 in
683 2790 870 2846 opere,
915 2772 1063 2845 quod
1091 2777 1175 2829 est
1207 2772 1503 2834 meritum,
1536 2776 1598 2825 ut
1623 2770 1673 2826 si

312 2854 500 2928 gratia
527 2859 588 2910 ut
620 2870 796 2910 unum
827 2854 1188 2916 conferretur
1224 2853 1401 2910 Paulo
1443 2857 1673 2926 propter

313 2940 502 2992 actum
529 2936 684 2993 Petri
715 2935 1021 2992 habentem
1047 2937 1303 2992 valorem
1333 2938 1393 2990 ut
1419 2934 1607 2989 mille.

81 3013 301 3116 Δὲὲῗηῐιξ·
390 3018 486 3073 33.
524 3017 681 3082 Quod
705 3026 894 3075 autem
919 3018 1021 3074 alii
1044 3017 1259 3082 dicunt,
1286 3016 1535 3091 gratiam
1554 3030 1674 3072 non

113 3112 275 3206 cygn-
314 3113 436 3154 esse
459 3100 809 3173 principium
840 3097 1102 3156 merendi
1130 3097 1200 3154 de
1226 3096 1529 3170 condign0,
1558 3095 1673 3150 nisi

317 3180 551 3252 proprio
594 3182 885 3254 supposito
929 3180 1020 3234 cui
1069 3180 1235 3241 inest,
1279 3193 1345 3233 eo
1390 3176 1540 3250 quod
1590 3181 1674 3232 est

313 3275 510 3316 semen
548 3262 752 3334 gloriae
781 3261 844 3315 in
875 3259 1108 3331 proprio
1141 3257 1390 3329 subjecto
1413 3298 1427 3323 ,
1472 3261 1527 3311 et
1557 3271 1674 3311 non

315 3339 378 3394 in
407 3340 556 3406 aliis,
599 3339 825 3395 facilius
851 3337 1034 3394 adhuc
1064 3337 1338 3410 rejicitur.
1372 3336 1517 3400 Quia
1544 3335 1676 3390 licet

310 3435 530 3487 semen,
565 3427 624 3475 ut
664 3421 744 3476 sic
785 3419 1059 3484 dicamus,
1096 3419 1394 3493 physicum
1425 3432 1542 3474 non
1570 3432 1674 3489 pa-

315 3499 427 3555 riat
472 3500 754 3565 effectum,
802 3500 915 3555 nisi
946 3501 1009 3556 in
1040 3499 1273 3572 proprio
1317 3496 1587 3571 subjecto.
1618 3500 1675 3553 et

313 3578 393 3635 ita
437 3581 622 3653 gratia
651 3586 893 3653 nequeat
922 3580 1152 3653 physice
1181 3578 1439 3634 radicare
1474 3578 1674 3634 lumen

306 3662 529 3734 gloriae,
561 3669 617 3718 et
644 3662 927 3719 visionem
952 3662 1197 3726 beatam,
1226 3659 1338 3715 nisi
1370 3660 1433 3715 in
1461 3676 1675 3733 suppo-

310 3743 441 3808 sito,
467 3742 558 3797 cui
589 3742 859 3810 inhaeret3
892 3742 1280 3813 nihilominus
1318 3756 1516 3797 semen
1546 3757 1674 3798 mo-

315 3824 437 3879 rale
487 3823 747 3881 effectum
800 3824 976 3881 etiam
1025 3825 1179 3896 parit
1213 3822 1277 3878 in
1305 3822 1455 3888 aliis,
1482 3826 1540 3879 et
1569 3839 1675 3880 ex-

315 3905 577 3962 trinsecis
623 3904 913 3979 subjectis.
957 3904 1122 3961 Unde
1168 3903 1433 3961 videmus
1460 3948 1474 3972 ,
1523 3903 1673 3977 quod

308 3988 493 4060 justus
540 3993 719 4062 potest
760 3989 892 4045 aliis
923 3987 1135 4044 mereri
1162 3987 1410 4060 gratiam
1438 3987 1509 4044 de
1533 4002 1674 4044 con-

306 4084 474 4140 gru0,
532 4069 895 4143 ut§praeced.
953 4067 1207 4124 diximus
1256 4089 1269 4123 :
1318 4072 1499 4140 potest
1542 4067 1674 4124 aliis

314 4149 587 4208 beneficia
637 4152 949 4224 impetrare
1001 4174 1013 4207 ι
1065 4155 1244 4222 potest
1283 4148 1529 4223 denique
1570 4165 1673 4221 pro

316 4247 484 4305 poena
535 4233 841 4304 temporali
903 4231 1154 4287 aliorum
1215 4231 1453 4303 peccatis
1482 4228 1675 4285 debita

311 4312 657 4377 satisfacere,
685 4317 747 4367 ut
772 4311 973 4369 docent
995 4326 1196 4368 omnes
1237 4308 1531 4367 Catholici.
1563 4309 1673 4374 Qui

317 4392 568 4465 profecto
595 4392 823 4449 effectus
849 4392 1099 4448 morales
1138 4397 1293 4458 sunt,
1318 4396 1376 4447 et
1401 4390 1465 4446 in
1486 4390 1675 4464 gratia

316 4472 559 4530 velutin
586 4472 797 4528 morali
819 4472 1042 4528 semine
1067 4472 1459 4528 continentur.
1493 4473 1674 4532 Cons-

317 4559 417 4622 tat,
448 4552 597 4628 quod
643 4554 918 4610 meritum
960 4553 1205 4626 praemii,
1257 4552 1381 4610 sive
1414 4553 1491 4608 sit
1517 4553 1668 4619 aliis,

314 4636 441 4693 sive
466 4636 543 4691 sit
588 4634 821 4708 proprio
846 4633 1096 4709 subjecto
1123 4633 1557 4701 conferendum,
1589 4640 1675 4700 αἱ

312 4716 545 4774 effectus
571 4715 804 4789 quidam
837 4716 1095 4782 moralis,
1126 4721 1182 4772 et
1209 4716 1509 4773 moraliter
1535 4731 1674 4773 cau-

316 4803 495 4855 satur.
548 4798 695 4871 Ergo
739 4799 926 4870 gratia
953 4797 1014 4853 in
1038 4799 1189 4872 justo
1215 4796 1467 4853 existens
1493 4801 1676 4870 potest

318 4895 421 4952 per
472 4877 709 4935 modum
766 4879 1015 4936 seminis
1043 4880 1282 4936 moralis
1331 4878 1578 4953 gratiam
1609 4878 1674 4935 in

318 4961 451 5018 aliis
509 4959 840 5028 moraliter,
891 4965 949 5018 et
994 4960 1292 5017 meritorie
1338 4959 1673 5033 producere.

319 5048 602 5108 materen,
633 5039 683 5095 si
712 5040 828 5098 haec
868 5040 1346 5100 Adversariorum
1379 5041 1675 5115 responsio

1812 580 2019 623 verum
2057 564 2397 629 contineret,
2433 565 2768 635 sequeretur
2801 559 3020 633 justum
3070 570 3178 612 nec

1813 646 2100 704 divinitus
2151 662 2313 719 posse
2350 645 2516 702 alteri
2544 644 2614 701 de
2640 641 2923 714 condigno
2953 639 3173 696 mereri

1812 729 2128 785 minimum
2154 729 2354 802 gratias
2375 725 2683 788 auxilium,
2717 722 2836 777 imo
2864 736 2967 777 nec
2987 719 3175 776 mini-

1813 826 1976 867 mum
2018 808 2361 867 beneficium
2407 807 2725 878 temporale
2764 825 2778 859 ε
2820 817 3173 874 consequens

1814 894 2133 967 plurimum
2156 891 2389 964 derogat
2414 889 2630 946 divinae
2650 887 2871 950 virtuti,
2895 890 2951 941 et
2971 882 3173 957 gratiae

1812 974 1999 1031 valori
2025 995 2038 1030 ε
2063 989 2217 1047 ergo,
2264 979 2366 1029 etc.
2410 970 2649 1027 Tandem
2678 973 2886 1024 natura
2913 965 3171 1021 humana

1812 1071 1846 1110 a
1873 1061 2035 1127 parte
2074 1059 2314 1126 accepta,
2357 1067 2481 1123 quae
2524 1056 2610 1107 est
2653 1048 2773 1105 filio
2815 1045 3168 1120 principium

1810 1135 2074 1193 merendi
2118 1135 2266 1209 apud
2296 1142 2538 1209 patrem,
2570 1134 2759 1189 solum
2790 1129 2959 1209 habet
2987 1128 3165 1185 ratio-

1811 1231 1947 1272 nem
2000 1217 2246 1272 seminis
2307 1215 2524 1289 physici
2575 1216 2829 1284 respectu
2878 1209 3169 1282 operatio-

1811 1312 1974 1363 num,
2005 1312 2130 1370 quae
2182 1297 2245 1353 in
2291 1295 2414 1353 filio
2445 1296 2837 1367 recipiuntur;
2867 1297 2921 1348 et
2944 1290 3167 1346 nihilo-

1810 1378 2008 1434 minus
2054 1378 2209 1435 filius
2245 1394 2346 1449 per
2373 1378 2734 1450 operationes
2761 1376 2824 1430 in
2843 1390 2910 1456 se
2938 1371 3170 1445 physice

1811 1466 2064 1533 receptas
2109 1463 2290 1531 potest
2340 1456 2410 1513 de
2452 1457 2735 1529 condigno
2782 1454 2996 1510 mereri
3020 1450 3171 1524 apud

1811 1546 2054 1613 patrem,
2087 1545 2148 1595 ut
2169 1538 2302 1594 aliis
2323 1536 2471 1594 dona
2499 1537 2798 1602 retribuat,
2831 1540 2887 1590 et
2910 1534 2990 1589 ita
3018 1532 3172 1605 parit

1809 1620 2112 1679 moraliter
2136 1619 2366 1677 effectus
2407 1621 2469 1676 in
2499 1620 2630 1676 aliis
2650 1616 2960 1691 suppositis
2989 1636 3001 1671 :
3029 1630 3165 1689 ergo

1808 1703 2084 1759 similiter
2110 1743 2122 1767 ,
2174 1702 2305 1757 licet
2349 1700 2535 1775 gratia
2587 1700 2819 1773 physice
2887 1694 3170 1770 loquendo

1809 1787 1997 1842 solum
2018 1784 2095 1840 sit
2116 1784 2300 1850 radix,
2341 1790 2397 1840 et
2417 1799 2616 1840 semen
2643 1781 2919 1856 operandi
2944 1781 3007 1836 in
3031 1793 3170 1853 pro-

1811 1866 1938 1939 prio
1962 1866 2271 1939 supposito,
2321 1868 2501 1937 potest
2530 1869 2722 1920 tamen
2752 1878 2853 1936 per
2880 1858 3170 1935 operatio-

1809 1961 1912 2002 nes
1933 1946 1997 2001 in
2022 1962 2090 2003 eo
2120 1952 2371 2018 receptas
2399 1945 2532 2001 aliis
2552 1945 2768 2001 mereri
2792 1942 2940 2016 apud
2965 1944 3166 2008 Deum,

1807 2033 1866 2085 et
1890 2030 2212 2087 extrinseca
2258 2027 2508 2101 subjecta
2535 2022 2838 2084 moraliter
2871 2023 3161 2098 perficere.

1811 2112 2139 2168 Praesertim
2179 2126 2309 2166 cum
2338 2108 2656 2173 videamus,
2683 2109 2902 2181 aliquas
2929 2108 3174 2163 virtutes

1807 2190 2038 2249 effluere
2063 2207 2096 2247 a
2121 2191 2323 2266 gratia,
2367 2205 2492 2263 quae
2525 2190 2774 2246 aliorum
2806 2188 3040 2244 utilitati
3067 2187 3171 2244 de-

1806 2274 2090 2339 serviunt,
2122 2280 2187 2329 ut
2213 2272 2548 2339 liberalitas,
2582 2271 2997 2336 misericordia,
3037 2270 3166 2344 jus-

1807 2354 1954 2421 titia,
1980 2354 2248 2422 charitaS,
2275 2360 2330 2410 et
2357 2354 2503 2411 aliae.
2531 2353 2696 2411 Unde
2732 2351 3165 2425 restringendus

1807 2435 1949 2492 adeo
1978 2450 2095 2491 non
2121 2439 2207 2490 est
2233 2434 2486 2491 influxus
2519 2437 2721 2491 saltem
2763 2434 3004 2489 moralis
3029 2448 3168 2507 gra-

1808 2516 1928 2583 tiae,
1959 2522 2020 2572 ut
2047 2517 2304 2573 limitant
2329 2517 2689 2574 Adversarii.

1883 2601 1973 2656 34.
2004 2599 2162 2663 Quod
2183 2598 2429 2672 denique
2449 2599 2552 2655 alii
2575 2603 2896 2665 causantur,
2915 2598 3165 2673 gratiam
3181 2611 3358 2715 &ott-2

3178 2711 3246 2754 sio
3272 2720 3384 2755 con·

1808 2762 2029 2834 praemii
2056 2764 2261 2819 saltem
2293 2762 2561 2836 condigni
2592 2768 2844 2835 respectu
2874 2762 3013 2836 justi
3041 2777 3168 2818 me-
3191 2761 3349 2805 ramur

1807 2682 1976 2737 alteri
2024 2681 2217 2738 datam
2265 2698 2379 2739 non
2424 2697 2583 2754 posse
2623 2681 2832 2740 habere
2875 2682 3161 2738 rationem

1807 2844 2007 2913 tentis,
2058 2848 2226 2918 atque
2271 2843 2398 2902 ideo
2442 2859 2584 2918 opus
2632 2843 3001 2901 meritorium
3026 2843 3166 2917 justi

1807 2943 1924 2984 non
1970 2943 2132 2999 posse
2172 2926 2241 2983 ad
2290 2927 2618 3000 hujusmodi
2651 2927 2956 2999 praemium
3006 2925 3169 2983 ordi-

1806 3008 1958 3073 nari,
2005 3007 2204 3064 eadem
2245 3007 2517 3063 facilitate
2546 3007 2851 3064 refellitur.
2878 3006 3166 3071 Quoniam

1807 3088 1953 3144 illud
2001 3095 2182 3160 potest
2227 3089 2438 3145 habere
2483 3090 2766 3144 rationem
2819 3087 3047 3159 praemii
3094 3085 3165 3143 de

1805 3170 2107 3244 condigno,
2126 3169 2275 3242 quod
2294 3176 2380 3226 est
2399 3171 2646 3225 merenti
2668 3175 2917 3242 gratum,
2941 3174 2997 3224 et
3012 3168 3166 3224 inter

1806 3251 1928 3324 ejus
1957 3249 2104 3306 bona
2130 3256 2491 3324 computatur
2529 3270 2544 3303 ε
2585 3248 2683 3305 sed
2712 3249 2959 3306 minime
2988 3264 3164 3322 repu-

1805 3336 1946 3407 gnat
1971 3331 2119 3405 quod
2143 3334 2319 3388 Deum
2348 3331 2603 3387 tribuere
2619 3332 2781 3387 alteri
2799 3331 3067 3406 gratiam,
3087 3332 3164 3387 sit

1801 3416 1954 3489 justo
1979 3420 2228 3489 gratum,
2253 3420 2309 3471 et
2337 3414 2487 3471 inter
2513 3415 2635 3488 ejus
2674 3416 2824 3470 bona
2861 3418 3158 3487 compute-

1806 3501 1903 3553 tur
1935 3518 1947 3552 :
1977 3513 2112 3570 ergo
2133 3512 2249 3553 non
2275 3502 2569 3569 repugnat,
2602 3494 2752 3568 quod
2785 3496 2972 3570 gratia
2994 3497 3166 3553 alteri

1807 3578 1940 3636 data
1955 3580 2028 3634 sit
2051 3579 2323 3635 meritum
2345 3577 2415 3634 de
2435 3577 2718 3652 condigno
2736 3583 2989 3651 respectu
3001 3578 3162 3652 justi.
3195 3593 3203 3599 ⁴

1807 3662 2224 3734 Consequentia
2270 3666 2440 3733 patet.
2493 3662 2562 3716 Et
2607 3660 2793 3734 major
2838 3665 3056 3718 constat
3095 3677 3168 3719 ex

1805 3741 2171 3815 generalibus
2214 3740 2639 3798 conditionibus
2692 3742 2902 3808 meriti,
2934 3748 2989 3800 et
3017 3759 3167 3816 prae-

1806 3823 1941 3890 mii;
1975 3838 2110 3879 nam
2140 3827 2202 3877 ut
2228 3821 2445 3896 aliquid
2471 3821 2675 3878 habeat
2702 3823 2986 3881 rationem
3017 3839 3166 3898 prae-

1806 3904 1932 3972 mii,
1979 3921 2120 3978 opus
2160 3920 2278 3961 non
2324 3903 2429 3973 est,
2459 3904 2608 3978 quod
2650 3903 2748 3961 fiat
2771 3906 3042 3977 perfectio
3065 3908 3165 3963 in-

1806 3985 2053 4042 trinseca
2080 3987 2376 4052 merentis,
2408 3986 2506 4043 sed
2526 3985 2748 4052 sufficit,
2774 3985 2923 4059 quod
2943 3986 3020 4042 sit
3046 3987 3158 4061 ipsi

1804 4070 2053 4140 gratum,
2075 4073 2134 4125 et
2153 4069 2339 4125 valeat
2361 4065 2644 4125 recenseri
2669 4066 2822 4123 inter
2841 4069 2966 4142 ejus
2988 4067 3160 4136 bona,

1805 4148 2009 4204 saltem
2035 4149 2374 4218 extrinseca,
2407 4155 2470 4205 ut
2496 4150 2672 4221 liquet
2701 4154 2817 4203 tam
2848 4149 2910 4205 in
2934 4154 3166 4206 natura·

1806 4227 1992 4294 libus,
2040 4245 2213 4301 quam
2261 4230 2324 4285 in
2369 4227 2924 4302 supernaturalibus.
2959 4231 3025 4286 In
3052 4229 3166 4285 hu-

1806 4309 1998 4365 manis
2040 4310 2204 4366 enim
2251 4308 2547 4378 videmus,
2598 4308 2750 4381 quod
2790 4314 2951 4382 pater
2995 4326 3054 4366 v.
3101 4326 3157 4385 g.

1808 4396 2064 4448 meretur
2091 4391 2394 4463 praemium
2429 4391 2499 4448 de
2524 4390 2805 4466 condigno
2827 4390 2964 4448 filiis
2992 4393 3170 4450 retri-

1807 4470 2119 4537 buendum,
2151 4477 2206 4528 et
2231 4471 2379 4544 quod
2409 4471 2736 4545 hujusmodi
2774 4472 3077 4545 praemium
3106 4479 3172 4530 ut

1807 4553 1940 4611 aliis
1977 4552 2233 4610 dandum
2262 4569 2379 4611 non
2419 4555 2667 4610 minoris
2700 4553 2962 4622 habetur,
2992 4572 3169 4628 quam

1805 4635 1855 4690 si
1884 4639 2201 4691 merentem
2233 4635 2541 4692 intrinsece
2576 4634 2836 4691 afficeret.
2870 4638 2934 4691 In
2960 4653 3170 4710 super-

1807 4714 2173 4771 naturalibus
2196 4715 2372 4772 etiam
2407 4715 2726 4791 redemptio
2753 4717 3080 4784 hominum,
3111 4723 3171 4775 et

1804 4800 1993 4871 gratia
2034 4797 2367 4854 hominibus
2394 4797 2524 4854 data
2552 4799 2788 4856 fuerunt
2816 4800 3054 4873 praemia
3096 4799 3169 4858 de

1805 4878 2090 4954 condigno
2111 4877 2321 4934 Christi
2351 4879 2561 4950 merito
2584 4878 3008 4952 respondentia,
3037 4881 3171 4938 licet

1806 4959 2068 5015 Christus
2112 4957 2439 5032 huiusmodi
2486 4958 2653 5017 bonis
2694 4975 2810 5017 non
2854 4959 3029 5018 fuerit
3070 4961 3168 5018 in-

1766 5039 1773 5046 ’
1808 5041 2054 5098 trinsece
2082 5037 2327 5097 affectus.
2368 5041 2562 5098 Minor
2601 5043 2776 5099 etiam
2819 5042 3164 5112 ostenditur,
