3647 5753
336 2525 494 2566 Instau-

318 2574 426 2629 ratio
441 2583 508 2615 su-

319 2622 497 2673 penoris

361 2682 481 2728 argu·

343 2728 488 2765 menti.

533 384 609 438 48
1564 389 1656 443 DE
1694 389 1965 444 GRATIA
2004 389 2345 445 EFFICACI.

535 562 893 636 imprudenti
922 565 1112 634 modu,
1153 566 1252 624 sed
1277 573 1451 637 certo,
1490 567 1813 634 infallibili,
1844 573 1900 625 et

535 641 777 715 provido
819 659 1095 702 concursu
1148 647 1413 705 effectum
1463 648 1895 720 praeintentum,

533 738 743 796 nempe
786 740 1129 784 consensum
1179 735 1433 787 creatum
1482 729 1733 787 liberum
1760 746 1896 788 exe-

531 812 824 877 queretur.
858 809 922 864 In
942 824 1057 881 quo
1081 825 1253 866 sensu
1280 810 1481 870 docent
1510 812 1599 868 illi
1626 811 1899 868 Thomis-

533 893 622 951 tae,
668 886 818 959 quod
857 889 908 944 si
953 892 1099 946 Deus
1125 897 1317 965 ageret
1345 892 1682 958 necessario,
1715 891 1901 949 adhuc

530 973 794 1025 creatura
817 975 1008 1043 ageret
1037 969 1237 1029 libere.
1270 974 1339 1028 Et
1356 973 1622 1046 quamvis
1645 988 1747 1046 per
1767 988 1900 1031 con-
1932 998 1940 1005 ‚

530 1050 859 1122 sequentias
881 1051 1163 1109 mediatas
1189 1052 1409 1111 inferre
1436 1060 1636 1128 posset,
1666 1053 1818 1128 quod
1847 1055 1897 1109 si

534 1130 683 1185 Deus
727 1132 1047 1189 necessario
1093 1138 1299 1208 ageret,
1344 1150 1464 1192 non
1490 1141 1639 1192 esset
1668 1150 1898 1191 summe

532 1210 763 1282 sapiens
785 1254 799 1278 ,
843 1217 899 1268 et
941 1221 1351 1287 consequenter
1377 1214 1527 1288 quod
1554 1230 1697 1273 caeco
1725 1213 1897 1272 modo

532 1300 930 1361 concurreret;
975 1301 1229 1354 attamen
1269 1296 1332 1352 in
1371 1297 1671 1372 hypothesi
1720 1312 1897 1371 argu-

533 1374 717 1429 menti
766 1375 1023 1447 primum
1069 1378 1444 1450 supponitur,
1475 1382 1532 1435 et
1570 1377 1895 1436 excluditur

529 1452 864 1512 secundum.
896 1456 1043 1513 Nam
1090 1455 1391 1514 difficultas
1416 1463 1519 1524 est,
1553 1474 1628 1516 an
1654 1458 1704 1515 si
1747 1459 1895 1515 Deus

530 1536 853 1593 necessario
909 1537 1209 1595 exhiberet
1260 1555 1604 1597 concursum
1632 1581 1646 1605 ,
1720 1555 1894 1612 quem

531 1612 702 1670 modo
728 1615 981 1682 exhibet,
1020 1623 1282 1677 creatura
1321 1625 1513 1694 ageret
1558 1618 1740 1677 libere
1767 1622 1795 1675 Ρ
1820 1618 1894 1677 ad

528 1691 679 1765 quod
707 1694 1017 1752 Thomistae
1035 1696 1122 1752 illi
1145 1696 1487 1756 affirmative
1510 1698 1890 1771 respondent:

534 1787 654 1829 non
695 1790 851 1841 vero,
884 1791 961 1833 an
988 1777 1038 1833 si
1079 1780 1223 1835 Deus
1250 1794 1410 1845 caecO,
1448 1785 1504 1836 et
1533 1778 1892 1852 imprudenti

533 1852 704 1911 modo
726 1863 934 1929 ageret,
961 1857 1196 1915 daretur
1217 1858 1278 1914 in
1300 1865 1560 1917 creatura
1580 1875 1892 1916 consensus

534 1931 701 1992 liber.
758 1942 814 1992 et
866 1939 1185 2009 praesertim
1251 1940 1708 2012 supernaturalis
1734 1943 1762 1996 P
1819 1939 1891 1997 ad

530 2015 680 2087 quod
709 2017 798 2073 illi
827 2034 1027 2077 omnes
1055 2020 1403 2093 respondent
1431 2023 1725 2097 negative;
1752 2039 1890 2079 nam

531 2095 755 2154 sublata
786 2101 883 2156 Dei
921 2100 1301 2173 providentia,
1332 2104 1455 2160 sive
1482 2105 1766 2161 naturalis
1791 2104 1885 2172 sit,

531 2176 654 2235 sive
677 2180 876 2246 libera,
912 2182 1109 2255 nequit
1132 2184 1285 2239 ullus
1316 2183 1477 2250 ord0,
1500 2190 1558 2241 et
1577 2187 1760 2244 multo
1784 2187 1891 2242 mi·

534 2272 643 2313 nus
670 2268 954 2334 respectus
976 2262 1046 2318 ad
1075 2263 1347 2320 ultimum
1379 2263 1555 2321 finem
1587 2281 1891 2324 remanere

532 2337 595 2392 in
618 2342 916 2413 agentibus
935 2342 1219 2411 secundis,
1240 2352 1298 2400 ut
1319 2361 1391 2401 ex
1415 2346 1477 2401 D.
1497 2346 1717 2402 Thoma
1733 2365 1884 2404 num.

530 2419 602 2473 67
626 2420 906 2480 videmus.

606 2501 701 2556 71.
746 2505 828 2559 Ex
854 2504 1059 2577 quibus
1086 2505 1355 2563 omnibus
1393 2506 1750 2564 instauratur
1791 2525 1890 2567 ar-

532 2589 872 2658 gumentum
919 2602 1070 2641 num.
1103 2587 1174 2640 58
1199 2588 1548 2659 propositum
1579 2591 1888 2661 :quoniam

536 2665 606 2722 ab
651 2665 866 2722 eisdem
910 2667 1212 2740 principiis
1256 2667 1536 2741 dependet
1581 2685 1890 2729 consensus

534 2748 921 2804 conditionate
947 2747 1174 2803 futurus
1213 2749 1276 2804 in
1301 2754 1450 2805 statu
1477 2749 1883 2819 conditionato,

532 2845 567 2886 a
586 2828 791 2901 quibus
815 2843 915 2901 per
934 2843 994 2885 se
1007 2828 1286 2902 dependet
1304 2844 1612 2887 consensus
1633 2831 1889 2892 absolute

533 2909 762 2966 futurus
790 2910 852 2966 in
877 2915 1026 2966 statu
1054 2908 1310 2967 absoluto
1343 2932 1356 2966 :
1392 2911 1533 2977 sive,
1560 2920 1615 2969 et
1646 2914 1705 2969 in
1733 2913 1886 2971 idem

534 2987 699 3057 redit,
743 3004 810 3046 ea
837 2991 1224 3063 praesupponit
1250 3006 1558 3047 consensus
1601 2994 1888 3053 conditio-

532 3075 665 3126 nate
691 3069 918 3126 futurus
946 3071 1007 3126 in
1030 3077 1176 3128 statu
1204 3071 1608 3137 conditionato‚
1633 3090 1758 3147 quae
1786 3091 1887 3147 per

529 3164 591 3205 se
618 3151 1005 3223 praesupponit
1031 3166 1336 3208 consensus
1375 3150 1630 3210 absolute
1657 3154 1887 3211 futurus

531 3229 594 3285 in
622 3236 770 3287 statu
798 3230 1073 3299 absoluto,
1102 3237 1161 3287 ut
1188 3231 1519 3289 Adversarii
1548 3233 1883 3293 admittunt:

531 3309 675 3366 alias
693 3326 764 3367 ex
794 3316 954 3383 parte
998 3310 1358 3380 conditionis,
1403 3312 1509 3368 sub
1533 3330 1646 3386 qua
1675 3316 1885 3387 praevi-

528 3388 698 3446 detur
738 3390 996 3457 futurus,
1050 3407 1166 3449 non
1201 3392 1640 3466 implicarentur
1688 3395 1886 3452 omnia

529 3472 817 3546 principia
860 3473 1130 3546 requisita
1152 3473 1221 3530 ad
1241 3476 1363 3548 ejus
1388 3476 1790 3545 existentiam3
1822 3493 1887 3534 ac

528 3553 772 3626 proinde
798 3553 982 3611 adhuc
1008 3555 1187 3627 posita
1213 3555 1541 3614 conditione
1566 3598 1579 3620 ,
1628 3573 1744 3614 non
1791 3573 1886 3614 se-

523 3643 796 3709 queretur
821 3639 1070 3705 effectus,
1101 3644 1158 3696 et
1208 3644 1439 3696 nutaret
1481 3640 1735 3697 scientiae
1758 3656 1885 3697 me-

526 3717 636 3775 dice
653 3718 952 3776 certitudo.
974 3720 1142 3792 Atqui
1157 3735 1464 3776 consensus
1481 3720 1543 3776 in
1554 3727 1698 3777 statu
1715 3720 1884 3778 abso-

531 3799 652 3857 luto
672 3797 954 3873 dependet
978 3816 1076 3872 per
1090 3817 1150 3857 se
1173 3817 1204 3857 a
1219 3801 1403 3874 gratia
1417 3800 1886 3858 efficaciefficacia

526 3879 928 3948 antecedentiS,
948 3885 1003 3936 et
1019 3880 1347 3938 infallibilis
1363 3883 1737 3940 connexionis
1752 3899 1881 3939 cum

524 3959 648 4032 ipso
674 3975 972 4026 consensu,
1003 3961 1283 4034 illamque
1306 3977 1405 4034 per
1424 3977 1484 4017 se
1504 3962 1791 4034 supponit,
1821 3969 1883 4017 ut

524 4038 796 4096 hactenus
811 4039 1166 4097 ostendimus
1183 4057 1343 4116 :ergo
1356 4056 1665 4099 consensus
1690 4040 1884 4098 condi-

522 4120 736 4180 tionate
764 4122 990 4178 futurus
1012 4124 1073 4179 in
1087 4129 1234 4179 statu
1249 4123 1639 4180 conditionato
1664 4123 1881 4196 depen-

520 4201 615 4258 det
635 4219 733 4274 per
749 4220 808 4259 se
831 4219 861 4258 a
883 4204 1067 4276 gratia
1089 4203 1295 4259 efficaci
1316 4202 1641 4260 efficacitate
1662 4203 1881 4261 infalli-

521 4279 656 4336 bilis
679 4282 1052 4339 connexionis
1077 4281 1479 4349 antecedentis,
1506 4289 1563 4339 et
1584 4283 1749 4339 illam
1778 4298 1881 4355 per

519 4377 579 4418 se
619 4364 937 4421 necessario
966 4364 1372 4437 praesupponit.
1407 4365 1637 4422 Constat
1663 4369 1872 4431 autem,

516 4443 667 4513 quod
708 4445 809 4501 illa
836 4444 1080 4501 efficacia
1108 4459 1224 4501 non
1249 4443 1520 4519 dirigitur
1550 4461 1650 4519 per
1686 4446 1877 4502 scien-

520 4523 661 4580 tiam
689 4525 959 4591 mediam‚
987 4541 1090 4583 nec
1124 4526 1185 4582 in
1213 4542 1278 4583 ea
1306 4525 1613 4594 fundatum
1649 4527 1745 4585 sed
1773 4544 1877 4601 po-

519 4606 632 4661 tius
650 4610 1105 4681 praesupponitur
1127 4607 1196 4666 ad
1220 4610 1404 4681 ipsam
1428 4615 1487 4665 ut
1505 4609 1644 4682 quid
1677 4626 1737 4667 se
1792 4617 1881 4668 te-

522 4701 667 4742 nens
682 4703 750 4744 ex
775 4694 934 4761 parte
954 4688 1177 4762 objecti:
1199 4705 1335 4764 ergo
1361 4689 1427 4746 ad
1450 4689 1878 4756 salvandum‚et

516 4767 950 4840 concipiendum
979 4812 991 4836 ,
1023 4769 1170 4842 quod
1208 4771 1392 4845 gratia
1418 4771 1494 4826 sit
1530 4771 1724 4829 efficax
1750 4771 1875 4829 effi·-

515 4846 671 4903 cacia
699 4847 1105 4917 antecedentis,
1127 4856 1183 4908 et
1205 4850 1534 4907 infallibilis
1560 4852 1874 4910 connexio-

517 4926 610 4981 nis
636 4942 766 4982 cum
795 4942 1106 4997 consensu,
1151 4935 1207 4986 et
1255 4929 1402 5002 quod
1456 4929 1706 4988 libertati
1754 4949 1873 4989 non

516 5006 862 5080 praejudicet‚
885 5008 1130 5065 minime
1154 5011 1467 5083 requiritur
1487 5012 1722 5069 scientia
1745 5028 1873 5069 me·

2030 566 2148 625 dia.
2179 567 2427 626 Aliunde
2455 568 2629 645 igitur
2649 570 2998 629 desumenda
3022 577 3107 630 est
3128 589 3259 631 vera
3286 589 3383 630 ra·

2031 648 2113 714 tio
2135 648 2336 722 gratias
2361 649 2616 709 efficacis.

2622 829 2654 895 5
2690 827 2786 882 ιιι.

2028 959 2206 1029 Atinii
2228 972 2651 1045 fundamentum
2670 981 2859 1030 contra
2878 976 3181 1049 efficaciam
3190 980 3382 1047 qratia·

2248 1052 2625 1126 dependentem
2651 1071 2688 1109 a
2706 1056 2934 1111 scientia
2956 1055 3155 1112 media.

2100 1207 2195 1262 72.
2238 1206 2495 1265 Secundo
2522 1207 2796 1280 probatur
2817 1213 3012 1267 nostra
3045 1210 3335 1269 conclusio
3367 1234 3379 1266 ι
3415 1247 3526 1289 m

2025 1285 2300 1358 quoniam
2326 1287 2375 1342 si
2414 1288 2600 1363 gratia
2624 1294 2770 1346 esset
2793 1289 2987 1347 efficax
3011 1306 3081 1348 eo
3104 1291 3252 1364 quod
3283 1307 3384 1364 per
3395 1297 3540 1353 amne

2025 1364 2326 1423 scientiam
2368 1366 2621 1424 mediam
2663 1369 2909 1441 praevisa
2956 1369 3068 1425 fuit
3112 1368 3381 1427 habitura
3423 1351 3517 1439 (ἐξ

2024 1444 2287 1502 effectum
2312 1488 2326 1513 ,
2376 1453 2659 1505 everteret
2704 1447 3026 1506 libertatem
3059 1471 3074 1505 ε
3100 1466 3236 1526 ergo
3262 1466 3378 1508 non
3406 1452 3528 1538 ³53*

2026 1524 2196 1585 habet
2215 1543 2380 1584 suam
2408 1527 2713 1586 efficaciam
2742 1529 2812 1588 ab
2838 1531 3168 1605 hujusmodi
3204 1550 3378 1606 praes-

2025 1606 2252 1676 cientia,
2284 1607 2382 1665 sed
2409 1608 2662 1667 aliunde.
2696 1612 3109 1685 Consequentia
3141 1619 3229 1670 est
3253 1631 3382 1671 ma-

2026 1689 2250 1755 nifesta,
2279 1695 2334 1747 et
2356 1692 2674 1762 praesertim
2697 1692 2846 1765 apud
2867 1692 3260 1763 Adversarius,
3285 1697 3378 1769 qui

2025 1776 2235 1846 negant
2253 1772 2500 1846 gratiam
2519 1788 2593 1830 ex
2617 1790 2679 1831 se
2705 1775 3007 1843 efficacem,
3040 1791 3114 1833 ne
3135 1779 3230 1834 vel
3252 1784 3381 1835 tau-

2025 1855 2218 1911 tillum
2266 1854 2654 1912 imminuatur
2701 1854 2935 1914 libertas
2973 1857 3229 1915 arbitrii.
3259 1863 3380 1917 An-

2024 1932 2283 1991 tecedeus
2300 1940 2490 1991 autem
2508 1934 2801 2008 probatur,
2822 1938 2956 2010 quia
2972 1938 3043 1994 ad
3060 1938 3380 1997 libertatem

2025 2014 2360 2088 requiritur,
2386 2015 2536 2089 quod
2565 2023 2873 2090 utrumque
2911 2018 3033 2092 ejus
3053 2026 3375 2078 extremum

2022 2098 2098 2154 sit
2125 2097 2379 2156 absolute
2406 2099 2695 2172 possibile,
2729 2102 2872 2157 alias
2893 2117 3009 2160 non
3031 2101 3222 2160 aderit
3250 2120 3377 2161 vera

2023 2179 2443 2250 indifferentia,
2488 2182 2586 2240 sed
2613 2182 2949 2242 omnimoda
2973 2183 3378 2242 determinatio

2022 2259 2094 2316 ad
2133 2276 2315 2317 unum
2348 2283 2361 2317 ε
2392 2263 2547 2334 atqui
2574 2264 2884 2337 supposito,
2916 2263 3066 2337 quod
3106 2267 3255 2322 Deus
3282 2281 3377 2339 per

2021 2340 2320 2398 scientiam
2359 2341 2610 2399 mediam
2668 2344 2996 2415 praeviderit
3052 2366 3066 2400 z
3095 2344 3166 2403 Si
3187 2346 3439 2410 Petrus..
3497 2394 3501 2399 .

2021 2424 2435 2478 constitueretur
2463 2425 2525 2478 in
2544 2424 2652 2479 tali·
2668 2427 2960 2491 occasione,
2983 2432 3036 2480 et
3055 2444 3177 2482 mea
3194 2400 3521 2499 ,qratia‘'‘³12{{2²i‘{÷{³

2020 2508 2323 2566 vocaretur,
2360 2504 2680 2559 consentiret
2692 2521 2713 2571 ,·
2727 2503 3031 2571 dissensus,
3060 2507 3154 2561 vel
3176 2494 3520 2588 caten-{effi

2022 2582 2101 2637 tia
2126 2597 2433 2639 consensus
2476 2589 2563 2640 est
2598 2584 2940 2658 simpliciter
2976 2586 3369 2658 impossibilis,
3404 2601 3507 2637 um

2019 2663 2246 2737 quando
2281 2667 2484 2722 Petrus
2521 2668 2887 2723 constituitur
2915 2668 2976 2723 in
3007 2668 3278 2740 praedi'cta
3297 2686 3377 2728 oc·

2020 2746 2264 2811 casione.
2299 2751 2356 2803 et
2382 2752 2615 2803 vocatur
2637 2750 2738 2805 tali
2759 2749 2944 2823 gratia
2975 2769 2989 2804 1
3015 2752 3226 2824 ergosssi
3247 2768 3369 2826 gra-

2020 2827 2099 2884 tia
2117 2832 2266 2884 esset
2285 2825 2498 2893 efficax,
2523 2827 2658 2900 quia
2680 2844 2780 2901 per
2800 2828 3099 2886 scientiam
3130 2831 3376 2888 mediam

2022 2907 2263 2981 praevisa
2292 2907 2401 2963 fuit
2415 2906 2683 2964 habitura
2697 2908 2977 2974 effectum,
2997 2917 3287 2970 everteret
3307 2913 3377 2968 li-

2019 2987 2316 3044 bertatem.
2342 2987 2537 3044 Minor
2575 2988 2745 3061 hujus
2790 2989 3134 3063 syllogismi,
3166 2992 3233 3047 in
3274 3009 3376 3065 qua

2018 3070 2141 3125 sola
2159 3074 2244 3125 est
2263 3067 2581 3136 difficultaS,
2607 3068 2958 3127 ostenditur:
2979 3086 3115 3126 nam
3147 3078 3208 3127 ut
3235 3073 3298 3128 in
3316 3088 3377 3128 ea

2019 3149 2308 3206 occasione
2333 3147 2622 3205 dissensus
2659 3154 2806 3206 esset
2843 3150 3099 3209 absolute
3138 3152 3376 3225 possibi-

2020 3227 2110 3294 lis,
2137 3226 2409 3285 deberent
2436 3242 2597 3300 posse
2612 3227 2870 3285 absolute
2889 3231 3108 3288 auferri
3132 3232 3377 3309 impedi-

2019 3315 2231 3375 menta,
2263 3326 2394 3365 cum
2420 3307 2627 3382 quibus
2653 3308 2942 3367 dissensus
2969 3313 3171 3387 nequit
3207 3313 3372 3370 ahso-

2018 3389 2135 3446 lute
2170 3390 2441 3464 conjungi
2471 3410 2484 3444 :
2510 3390 2665 3446 inter
2703 3391 3031 3466 hujusmodi
3055 3399 3251 3451 autem
3275 3394 3373 3451 im·

2018 3470 2346 3543 pedimenta
2383 3478 2746 3544 computatur
2784 3474 3022 3531 scientia
3064 3475 3257 3532 media
3308 3475 3371 3532 de

1972 3553 1975 3558 ’
2017 3569 2294 3611 consensu
2324 3553 2388 3609 in
2407 3553 2511 3609 tali
2539 3554 2830 3611 occasione
2852 3555 3080 3623 futur03
3108 3557 3369 3630 componi

2015 3633 2175 3690 enim
2204 3648 2321 3689 non
2364 3633 2543 3700 valet,
2588 3632 2737 3704 quod
2766 3636 2912 3691 Deus
2940 3635 3275 3708 praeviderit
3313 3637 3371 3692 in

2015 3714 2116 3771 tali
2144 3715 2433 3771 occasione
2481 3715 2810 3785 ponendum
2858 3715 2981 3774 fore
3006 3733 3362 3783 consensum,

2014 3799 2072 3850 et
2094 3793 2245 3866 quod
2271 3793 2560 3850 dissensus
2584 3792 2645 3849 in
2668 3794 2767 3850 tali
2788 3797 3081 3853 occasione
3103 3803 3366 3869 ponatur;

2015 3874 2158 3931 alias
2183 3873 2587 3932 falsificaretur
2612 3875 2851 3933 scientia
2876 3876 3096 3940 diviua,
3117 3879 3267 3950 quod
3288 3885 3365 3937 est

2014 3954 2347 4020 absurdum,
2382 3961 2444 4012 ut
2474 3956 2806 4013 Adversarii
2835 3959 3168 4016 concedunt.
3199 3961 3364 4033 Atqui

2012 4053 2085 4094 ex
2110 4037 2500 4109 suppositione
2528 4079 2541 4102 ,
2573 4035 2721 4109 quod
2750 4041 2896 4095 Deus
2922 4038 2993 4094 ab
3020 4046 3236 4098 aeterno
3263 4042 3365 4098 ha-

2014 4117 2204 4176 buerit
2248 4120 2547 4175 scientiam
2594 4119 2844 4176 mediam
2891 4120 2960 4178 de
2997 4137 3276 4179 consensu
3304 4123 3363 4179 in

2011 4201 2113 4257 tali
2160 4202 2451 4258 occasione
2480 4203 2693 4268 futuro,
2726 4197 3085 4275 impossibile
3135 4210 3220 4261 est
3264 4222 3365 4262 au-

2011 4280 2164 4338 ferre
2191 4280 2517 4354 hujusmodi
2560 4282 2995 4354 praescientiam,
3026 4298 3094 4340 eo
3119 4284 3268 4355 quod
3298 4283 3360 4341 ad

2011 4363 2367 4434 praeteritum
2392 4379 2509 4420 non
2524 4362 2693 4420 datur
2708 4365 2870 4422 actio.
2890 4367 3039 4439 Ergo
3051 4369 3357 4439 supposito.

2008 4443 2157 4515 quod
2186 4446 2332 4500 Deus
2371 4443 2637 4501 habuerit
2675 4444 2974 4502 scientiam
3018 4446 3269 4504 mediam
3295 4447 3361 4503 de

2009 4525 2203 4583 futuro
2246 4542 2523 4582 consensu
2550 4570 2563 4593 ,
2614 4526 2928 4593 dissensus,
2972 4531 3067 4586 vel
3106 4530 3355 4587 carentia

2005 4621 2313 4664 consensus
2339 4612 2420 4662 est
2446 4607 2785 4680 simpliciter
2811 4607 3210 4680 impossibilis.

2080 4677 2485 4748 confirmatur,
2517 4687 2576 4737 et
2598 4679 2920 4738 declaratur
2968 4683 3157 4756 primo
3175 4708 3190 4751 ;
3222 4699 3347 4742 nam
3379 4705 3501 4750 consr-

2007 4764 2070 4816 ut
2117 4759 2407 4817 dissensus
2433 4762 2507 4818 sit
2547 4760 2802 4818 absolute
2854 4762 3161 4836 possibilis,
3193 4755 3515 4823 debetwffl·

2003 4858 2125 4900 esse
2173 4842 2430 4900 absolute
2488 4842 2776 4916 possibilis
2836 4843 3049 4904 ablatio
3108 4847 3354 4921 impedi-

2003 4925 2204 4992 menti,
2229 4941 2358 4981 cum
2380 4940 2490 4997 quo
2511 4923 2799 4982 dissensus
2823 4928 3092 5003 conjungi
3118 4944 3235 4986 non
3258 4944 3353 5002 po·

2003 5011 2129 5072 test,
2188 5006 2449 5064 videlicet
2495 5007 2738 5066 scientia
2764 5009 2954 5067 media
2986 5010 3058 5069 de
3083 5026 3349 5070 consensu

3129 5094 3353 5149 futuro:
