3647 5753
1414 384 1592 441 DISP.
1638 386 1755 444 vn.
1799 387 1962 443 DUB.
2011 390 2048 443 Ι.
3110 388 3145 439 5

277 551 410 608 ideo
441 551 631 620 docet,
659 556 859 629 gratias
885 555 1188 616 efficaciam
1221 550 1293 617 ab
1311 562 1510 620 effectu
1539 580 1658 622 non

279 632 536 703 desumi,
562 635 666 692 sed
687 636 946 694 effectum
977 640 1166 711 potius
1187 657 1220 698 a
1238 644 1425 716 gratia
1450 646 1658 705 efficaci

286 714 660 773 antecedenti
697 716 1093 777 infallibiliter
1129 725 1439 796 provenire
1463 726 1657 784 deter-

291 794 495 854 minat.

363 875 625 933 Secunda
646 878 821 935 etiam
849 881 1236 940 antecedentis
1271 901 1402 957 pars
1439 891 1657 945 constat

287 972 363 1013 ex
387 958 629 1030 epistola
656 962 721 1015 D.
774 960 985 1018 Hilarii
1014 963 1084 1019 ad
1110 966 1518 1041 Augustinum,
1558 969 1654 1026 ubi

297 1038 490 1106 refert,
521 1040 910 1101 Massilienses
929 1046 1422 1122 semipelagianos
1458 1052 1656 1108 nulla·-

296 1122 462 1174 tenus
489 1116 783 1178 admisisse
806 1123 970 1180 illam
994 1123 1320 1183 doctrinam
1346 1129 1651 1203 Augustini

291 1216 474 1274 supra
519 1202 776 1270 relatam,
825 1221 938 1278 qua
966 1210 1247 1265 statuerat
1274 1226 1655 1283 perseveran-

292 1281 457 1347 tiam,
504 1288 562 1339 et
599 1286 802 1358 gratiae
825 1286 1133 1345 efficaciam
1169 1307 1201 1347 a
1251 1293 1364 1350 Deo
1391 1293 1655 1365 praedeii-

286 1362 485 1418 niente
524 1363 775 1422 actiones
800 1371 1026 1425 nostras
1067 1368 1477 1429 desumendam
1507 1372 1647 1441 fore,

281 1442 338 1493 et
390 1453 513 1496 esse
555 1442 1070 1521 inconjungibilem
1121 1466 1249 1529 cum
1300 1458 1494 1511 nostro
1530 1452 1652 1510 dis-

281 1535 505 1578 sensu:
568 1525 669 1581 sed
712 1530 1031 1601 oppositam
1101 1549 1333 1604 prorsus
1380 1536 1651 1593 stravisse

285 1600 464 1657 viam.
518 1601 806 1673 Ceterum,
840 1608 1031 1682 inquit
1078 1613 1144 1667 D.
1177 1613 1454 1680 Hilarius,
1482 1616 1650 1691 quid-

286 1680 412 1735 libet
446 1682 718 1741 donatum
767 1689 841 1743 sit
893 1690 1292 1761 pra-destinatis
1318 1734 1330 1758 ‚
1391 1693 1451 1748 id
1493 1711 1650 1766 posse

282 1770 333 1815 et
373 1761 682 1831 admittere,
725 1774 777 1821 et
820 1770 1051 1826 retinere
1099 1775 1329 1845 propria
1370 1774 1650 1830 tvluntate

283 1843 639 1900 contendunt.
667 1845 825 1919 Quod
843 1855 974 1904 tuno
994 1850 1358 1920 falsumesset,
1388 1856 1439 1908 si
1461 1870 1648 1910 verum

279 1931 544 1996 putarent
583 1945 707 1982 eam
734 1930 960 2006 quidam
978 1937 1438 2005 perseverantiam
1459 1953 1647 2008 perce-

278 2007 444 2078 pisse,
476 2014 538 2061 ut
586 2011 697 2063 nisi
717 2019 1122 2083 perseuerantes
1145 2031 1254 2069 esse
1279 2032 1387 2070 non
1413 2020 1640 2088 possint.

283 2088 443 2154 Quod
468 2091 685 2162 pariter
727 2094 927 2149 asserit
955 2094 1193 2163 Molina,
1226 2096 1365 2153 dum
1388 2097 1548 2156 docet
1583 2099 1645 2156 in

285 2173 550 2230 facultate
594 2173 765 2230 liberi
795 2175 1023 2232 arbitrii
1065 2194 1205 2243 esse,
1239 2181 1490 2253 gratiam
1530 2180 1643 2237 sibi

277 2270 316 2309 a
344 2257 456 2310 Deo
484 2255 989 2322 communicatam,
1013 2258 1314 2324 efficacem,
1344 2262 1436 2317 vel
1466 2261 1646 2318 ineffi-

277 2354 470 2395 cacem
502 2336 775 2405 reddere;
802 2339 1139 2412 nullumque
1162 2344 1448 2401 auxilium
1472 2360 1504 2399 a
1530 2344 1644 2401 Deo

280 2418 700 2476 communicari
748 2419 992 2485 homini,
1031 2421 1331 2492 quodcum
1380 2418 1641 2480 dissensu

276 2501 357 2556 sit
389 2499 860 2573 inconjungibile,
911 2501 1002 2558 vel
1047 2502 1196 2574 quod
1219 2519 1517 2560 assensum
1546 2504 1641 2560 in-

285 2580 616 2637 fallibiliter
644 2579 866 2646 inierat,
897 2580 993 2637 sed
1024 2583 1210 2653 potius
1237 2584 1436 2641 omnia
1471 2585 1642 2641 auxi-

289 2663 373 2719 lia
418 2678 525 2733 pro
560 2662 740 2735 priori
797 2662 864 2717 ad
892 2662 1062 2719 liberi
1092 2663 1320 2721 arbitrii
1367 2681 1639 2739 coopera-

281 2746 504 2802 tionem
558 2759 681 2800 esse
724 2760 955 2815 prorsus
1007 2745 1416 2815 indifferentia,
1453 2755 1510 2804 et
1540 2766 1640 2822 per

285 2827 474 2899 ipsum
505 2822 813 2881 arbitrium
857 2825 1097 2882 ulterius
1141 2825 1633 2896 determinabilia‚

276 2914 334 2965 et
357 2906 708 2964 refutabilia.
727 2909 896 2980 Cujus
921 2910 1245 2981 oppositum
1270 2910 1443 2967 tradit
1462 2914 1637 2970 etiam

91 2992 226 3058 ⁰54³·
280 2988 575 3060 perspicue
595 2985 749 3043 idem
790 2989 856 3042 D.
886 2990 1120 3062 August.
1154 2988 1216 3044 in
1247 2989 1395 3047 libro
1415 2991 1486 3049 de
1502 3009 1639 3065 prae·

87 3046 419 3125 '’¹¹¹⁴'¹⁵·dest.
450 3069 548 3123 SS.
577 3082 749 3139 quem
778 3066 1046 3124 adversus
1073 3069 1467 3141 querimonias
1492 3075 1638 3129 Mas-

275 3149 606 3206 siliensium
657 3149 992 3221 composuit,
1041 3148 1136 3206 ubi
1177 3169 1297 3225 cap.
1354 3154 1389 3207 8
1439 3155 1637 3211 statuit

269 3231 705 3288 conclusionem
766 3235 884 3286 tam
933 3231 1052 3286 illis
1116 3232 1593 3308 semipelagianis
1616 3280 1629 3305 ,

270 3327 445 3383 quam
492 3310 728 3368 Molinae
773 3308 984 3367 directe
1039 3312 1390 3368 contrariam
1426 3335 1440 3368 :
1483 3313 1628 3382 Hae,

274 3392 481 3464 inquit,
517 3394 709 3460 qratia
732 3408 846 3467 quoe
870 3391 1071 3446 occulte
1096 3392 1359 3448 humanis
1381 3394 1634 3451 cordibus

267 3471 466 3527 divina
509 3472 768 3541 laryitate
794 3471 1076 3536 tribuitur,
1103 3490 1138 3526 α
1161 3471 1315 3528 nullo
1343 3475 1496 3529 corde
1515 3493 1632 3530 res—

261 3553 492 3623 puitur:
517 3550 634 3606 ideo
661 3551 859 3627 quippe
885 3550 1167 3618 tribuitur,
1193 3558 1255 3607 ut
1276 3554 1454 3608 cordis
1479 3554 1632 3610 duri·

264 3632 351 3686 tia
370 3633 633 3703 primitus
653 3629 1082 3703 nasceretur-,Ubi
1107 3631 1361 3702 loquitur
1388 3635 1630 3694 omnino

265 3717 683 3783 consequenter
709 3709 780 3767 ad
806 3710 1018 3782 scripta
1035 3713 1096 3766 in
1120 3710 1272 3769 libro
1293 3711 1363 3771 de
1388 3722 1623 3773 correct.

264 3795 330 3845 et
350 3790 554 3862 gralia,
585 3805 755 3861 quem
778 3789 1160 3847 Massilienses
1183 3790 1625 3866 impugnabaut5

271 3887 412 3927 nam
447 3871 662 3928 ibidem
696 3888 818 3943 cap.
854 3873 937 3937 14,
961 3869 1228 3928 dixerat:
1269 3873 1381 3930 Deo
1425 3876 1629 3932 volenti

251 3952 486 4008 ,salvum
536 3953 716 4025 faeere.
765 3951 981 4006 nullum
1020 3952 1261 4008 hominis
1297 3957 1501 4011 resistit
1527 3975 1627 4012 ar·-

257 4033 498 4089 bitrium
518 4052 536 4086 .·
575 4037 655 4102 sic
674 4035 819 4087 enim
841 4034 991 4099 velle,
1024 4035 1109 4090 vel
1134 4037 1271 4092 nolte
1293 4039 1349 4091 in
1381 4038 1621 4105 vokntis',

257 4122 368 4169 aut
415 4115 649 4170 nolentis
686 4121 763 4169 est
808 4122 1084 4186 potestate,
1134 4123 1195 4170 ut
1232 4117 1485 4173 divinam
1527 4135 1625 4174 vo-

250 4197 538 4250 luntatem
565 4212 674 4249 non
706 4195 986 4266 impediat,
1019 4213 1113 4251 nec
1149 4205 1360 4269 superet
1381 4205 1627 4269 potesta·-

262 4284 396 4330 tem.
456 4276 524 4328 Et
570 4275 630 4329 in
686 4274 1041 4338 Euchiridio‚
1091 4292 1223 4346 cap.
1280 4278 1369 4343 95,
1424 4277 1626 4349 probat

255 4354 570 4411 efficaciam
593 4355 792 4427 gratiae
812 4369 881 4410 ex
897 4354 999 4410 illo
1022 4356 1247 4410 Psalm:
1275 4354 1423 4411 Deus
1441 4365 1624 4414 autem

253 4441 447 4490 noster
469 4437 527 4489 in
546 4435 692 4499 02210,
722 4441 769 4488 et
799 4435 855 4488 in
883 4440 1046 4497 terra,
1075 4437 1261 4490 omnia
1284 4453 1623 4516 quacumque

253 4516 462 4580 volaeeit,
504 4518 631 4588 fecit
652 4533 670 4568 .·
695 4521 753 4572 et
780 4514 1037 4588 adjungit
1064 4536 1078 4570 ε
1127 4516 1286 4589 Quod
1304 4521 1492 4596 utique
1513 4538 1623 4575 non

249 4602 342 4652 est
367 4613 578 4664 verum,
625 4598 677 4650 si
720 4595 910 4672 aliqua
931 4595 1125 4664 voluit,
1156 4605 1206 4653 et
1226 4617 1333 4654 non
1372 4602 1500 4672 fecit
1533 4618 1550 4653 :
1571 4607 1622 4654 et

251 4682 408 4760 quod
427 4688 504 4735 est
541 4678 843 4747 indiyniuS,
876 4679 992 4734 ideo
1019 4697 1128 4734 non
1165 4681 1313 4752 feeit,
1358 4683 1620 4758 quoniam

245 4780 330 4818 ne
368 4762 515 4830 fieret
539 4760 682 4838 quod
706 4758 915 4815 volebat
945 4758 1311 4833 Omnipotens,
1363 4762 1621 4818 voluntas

248 4843 501 4899 luminis
549 4840 873 4914 impedivit.
928 4843 1050 4905 Quo
1100 4840 1253 4898 nihil
1294 4842 1620 4900 evidentius

244 4923 370 4980 dici
414 4923 594 4996 potuit
645 4921 717 4980 ad
745 4922 1152 4979 refutationem
1200 4924 1434 4980 Molinae
1459 4939 1620 4981 asse-

248 5006 462 5070 rentis,
514 5005 643 5063 ideo
685 5005 934 5079 gratiam
985 5020 1107 5061 esse
1143 5005 1437 5063 efficacem.
1483 5006 1617 5077 quia

1787 565 1964 623 homo
1984 547 2107 623 vult
2139 592 2153 634 ;
2184 573 2241 626 et
2288 565 2446 624 reddi
2477 565 2835 630 inefficacem,
2861 564 2997 637 quia
3024 580 3141 621 non

1791 648 1930 703 vult.

1862 728 1919 783 8.
1962 728 2350 786 confirmatur
2394 727 2643 786 secundo
2694 725 2764 784 ad
2798 726 3138 785 hominem:
3179 718 3339 811 25¹1}ssae

1784 810 2059 881 quoniam
2110 812 2330 869 Molina
2369 815 2562 885 aperte
2617 811 2844 873 fatetur,
2903 807 3137 899 modum
3168 827 3335 910 3¹:¹1³th

1786 890 2131 947 conciliandi
2183 892 2487 949 efficaciam
2536 891 2735 965 gratim
2780 905 2908 946 cum
2957 892 3135 945 nostri
3153 916 3249 959 uam
3270 925 3351 957 non

1786 969 2017 1027 arbitrii
2063 970 2347 1036 libertate,
2399 988 2516 1028 non
2553 970 2728 1027 fuisse
2756 967 3140 1058 traditam-ab
3167 966 3335 1066 533}ss

1786 1052 2126 1124 Augustino,
2151 1050 2251 1109 sed
2272 1068 2304 1108 a
2329 1067 2391 1108 se
2419 1052 2715 1108 inventam
2745 1071 2758 1104 ε
2787 1054 2843 1106 at
2870 1047 3139 1121 praedicta
3203 1064 3299 1107 tini.

1784 1133 2093 1191 concordia
2139 1134 2200 1190 in
2236 1150 2303 1190 eo
2344 1133 2623 1206 praecipue
2661 1131 2938 1194 consistit,
2988 1128 3139 1203 quod

1786 1211 2031 1269 efficacia
2046 1213 2244 1287 gratim
2263 1212 2595 1269 desumatur
2615 1209 2686 1267 ab
2702 1209 2920 1276 effectu,
2941 1214 2996 1264 et
3021 1223 3137 1264 non

1771 1294 2125 1365 -praeveniat‚
2175 1299 2231 1350 et
2291 1293 2502 1351 inierat
2548 1290 2936 1349 infallibiliter
2982 1294 3137 1346 actus

1757 1380 2012 1431 nostros
2034 1396 2047 1429 ε
2069 1390 2205 1447 ergo
2233 1373 2559 1448 hujusmodi
2586 1373 2828 1430 efficacia
2852 1387 2968 1427 non
2998 1384 3139 1443 prac-

1783 1454 2040 1518 veniens,
2071 1455 2169 1511 sed
2196 1470 2541 1527 consequens
2568 1459 2722 1510 actus
2745 1458 2985 1515 nostroe,
3021 1466 3136 1508 non

1782 1540 1867 1592 est
1905 1534 1975 1592 de
1998 1541 2190 1591 mente
2212 1536 2536 1608 Augustini,
2567 1534 2664 1591 sed
2686 1537 2881 1590 contra
2912 1534 3136 1604 Augus-

1781 1616 1992 1682 tinum,
2019 1622 2074 1673 et
2102 1634 2200 1689 per
2225 1631 2573 1689 consequens
2590 1613 2918 1688 rejicienda.
2940 1614 3134 1670 Minor

1781 1695 2024 1753 habetur
2062 1713 2327 1770 expresse
2374 1698 2435 1753 in
2457 1696 2649 1753 verbis
2682 1695 2915 1751 Molinae
2960 1710 3133 1766 supra

1782 1776 1997 1833 relatis.
2023 1778 2297 1850 Majorem
2323 1783 2513 1834 autem
2536 1780 2748 1850 aperte,
2796 1780 2851 1830 et
2873 1774 3134 1830 animose

1780 1855 1955 1912 tradit
1974 1857 2177 1913 citatus
2198 1859 2417 1915 Author
2434 1858 2495 1913 in
2517 1873 2619 1912 sua
2635 1853 2948 1911 Concordia
2972 1856 3135 1927 Ulys-

1777 1937 1979 2009 sipone
2001 1938 2300 2010 impressa,
2333 1939 2429 2011 sol.
2461 1939 2591 2002 489,
2616 1940 2647 2006 ξ
2676 1935 2793 1993 Nos
2815 1952 2917 2007 pro
2943 1943 3128 1990 nostra

1776 2022 2063 2086 tenuitate,
2098 2019 2190 2075 ubi
2221 2020 2291 2076 de
2319 2019 2617 2092 principiis
2638 2035 2672 2074 a
2696 2032 2757 2074 se
2779 2017 3031 2073 inventis
3050 2016 3129 2073 ita

1776 2100 2031 2173 loquitur
2057 2124 2070 2159 :
2103 2102 2232 2175 Quat
2250 2104 2301 2157 si
2320 2103 2473 2166 data.
2498 2100 2903 2175 explanataque
2927 2116 3133 2170 semper

1775 2182 2027 2252 fuissent,
2059 2186 2198 2257 sorte
2219 2201 2311 2238 nec
2354 2183 2659 2253 Pelayiana
2705 2180 2917 2235 heresis
2935 2182 3127 2251 fuisset

1774 2270 1988 2329 exorta,
2014 2281 2107 2319 nec
2142 2264 2446 2320 Lutherani
2478 2271 2595 2318 tam
2631 2260 2967 2334 impudenter
2984 2260 3132 2315 arbi-

1774 2343 1875 2396 trii
1918 2345 2091 2398 nostri
2136 2342 2438 2398 libertatem
2480 2343 2715 2413 fuissent
2761 2340 2889 2394 ausi
2938 2356 3135 2408 neyare

1773 2421 2127 2491 obtendentes,
2172 2441 2295 2477 cum
2314 2423 2510 2477 divina
2532 2422 2739 2491 qratia,
2761 2422 3124 2492 praescientia,

1772 2509 1821 2556 et
1836 2502 2305 2574 predestinatione
2329 2502 2584 2557 echan-ere
2604 2518 2711 2556 non
2719 2517 2872 2573 posse
2892 2518 2912 2567 ,·
2939 2518 3032 2555 nec
3057 2519 3130 2557 eae

1773 2581 2077 2653 Auqustini
2115 2587 2368 2659 opinione
2394 2583 2983 2657 concertationibusque
3004 2601 3123 2638 cum

1772 2662 2093 2733 Pelayianis
2132 2671 2206 2719 tot
2247 2662 2456 2719 Fideles
2504 2664 2738 2735 fuissent
2790 2661 3018 2727 turbati,
3052 2664 3127 2717 aet

1772 2742 2201 2821 Pelaqianosque
2220 2745 2553 2817 defecissent.
2586 2744 2656 2798 Et
2677 2742 2770 2801 inf
2774 2759 2856 2798 ra.
2880 2743 3088 2814 sol.49l
3107 2788 3119 2810 ,

1771 2823 1975 2883 addit:
2018 2827 2204 2906 Neque
2235 2827 2443 2894 dubim,
2491 2828 2628 2904 quin
2670 2825 2740 2881 ab
2787 2824 3120 2894 Auyustin0‚

1769 2915 1818 2962 et
1845 2912 2046 2965 canteris
2066 2910 2329 2966 Patribus
2352 2910 2608 2965 unanimi
2634 2925 2896 2962 consensu
2918 2925 3123 2980 appro-

1768 2987 1898 3043 bata
1937 2991 2129 3060 fuisset
2175 2991 2281 3045 hato
2319 2997 2506 3046 nostra
2546 2989 2609 3043 de
2653 2987 3124 3059 predestinatione

1766 3073 2051 3137 sententia,
2084 3072 2334 3146 ratioque
2353 3069 2686 3126 conciliandi
2707 3068 3008 3122 libertatem
3033 3086 3125 3123 ar-

1767 3147 1924 3204 bitrii
1967 3169 2091 3206 cum
2135 3151 2330 3205 divina
2377 3151 2604 3220 qratia,
2644 3149 3019 3220 prascientia,
3075 3157 3122 3203 et

1763 3229 2249 3302 predestinatione,
2287 3233 2332 3285 si
2368 3231 2447 3285 eis
2470 3229 2748 3302 proposita
2776 3228 2990 3299 luisset.
3050 3230 3116 3282 Et

1765 3311 1866 3383 fol.
1897 3313 2025 3375 492,
2052 3311 2337 3368 concludit
2370 3332 2383 3366 ε
2414 3309 2538 3366 Haeo
2553 3315 2741 3364 nostra
2763 3310 2908 3362 ratio
2934 3311 3121 3363 οοηοί-

1768 3393 1953 3449 liandi
1997 3393 2298 3449 libertatem
2335 3410 2459 3447 oum
2510 3391 2706 3446 divina
2760 3390 3117 3461 predestina-

1763 3476 1924 3539 tione,
1950 3492 1985 3528 a
2005 3476 2237 3542 nemine,
2259 3490 2416 3550 quem
2437 3471 2969 3546 vider-imflammato
2996 3477 3119 3524 tra-

1759 3555 1881 3610 dita
1926 3563 2021 3611 est.
2079 3557 2161 3610 Ex
2199 3552 2405 3627 quibus
2438 3551 2889 3612 efficacissimum
2943 3567 3117 3625 argu·

1762 3641 2023 3692 mentum
2048 3634 2369 3691 desumitur
2395 3633 2463 3690 ad
2487 3630 2864 3691 refellendam
2877 3632 3108 3688 Melina}

1762 3715 2099 3787 opinionem
2125 3714 2194 3771 de
2237 3714 2480 3770 efficacia
2520 3714 2705 3788 gratia
2725 3712 3021 3783 desumpta
3044 3711 3113 3768 ad

1760 3794 1981 3857 effectu,
2039 3799 2094 3849 et
2138 3799 2480 3864 consequuta
2536 3794 2606 3848 ad
2660 3796 2814 3848 actus
2867 3795 3111 3848 nostros.

1764 3873 1993 3930 Etenim
2012 3872 2253 3928 omnIno
2268 3878 2485 3928 certum
2506 3878 2609 3936 est,
2639 3874 2700 3927 D.
2727 3871 3114 3944 Augustinum

1759 3953 1823 4008 in
1846 3951 2251 4009 controversiis
2278 3967 2406 4007 cum
2431 3951 2677 4025 Pelagi0,
2708 3955 2763 4007 et
2796 3952 2917 4023 ejus
2943 3949 3117 4009 disci·

1761 4035 1915 4106 pulis
1928 4031 3113 4106 explicuisseefficaciamgratiae,etmodum

1757 4130 1884 4171 eam
1914 4113 2256 4170 conciliandi
2283 4128 2411 4169 cum
2436 4111 2697 4169 libertate
2719 4119 2934 4169 nostra.
2967 4115 3112 4169 Tum

1756 4195 1891 4266 quia
1915 4193 2255 4251 incredibile
2283 4199 2366 4249 est
2398 4194 2452 4249 S.
2480 4195 2773 4250 Doctorem
2816 4193 3107 4256 intactam,

1755 4284 1811 4334 et
1863 4278 2171 4334 insolutam
2224 4276 2520 4349 reliquisse
2559 4276 2934 4349 principalem
2962 4274 3113 4331 diffi-

1759 4359 2047 4426 cultatem,
2078 4373 2249 4430 quam
2279 4357 2540 4431 Pelagius
2584 4356 2673 4411 illi
2702 4352 3020 4428 objiciebat,
3052 4361 3110 4412 et

1755 4455 1929 4511 quam
1959 4439 2080 4511 ipsc
2102 4454 2206 4510 pro
2246 4436 2469 4494 viribus
2492 4451 2779 4510 exponere
2804 4432 3103 4492 laboravit.

1754 4521 1904 4574 Tum
1934 4520 2071 4591 quia
2098 4521 2361 4575 Clemens
2389 4519 2535 4584 VIII,
2593 4517 2656 4572 in
2703 4515 3111 4573 controversiis
3131 4520 3327 4588 Clemens

1753 4599 1823 4658 de
1845 4600 2080 4656 auxiliis
2108 4599 2387 4672 praecepit,
2422 4605 2482 4656 ut
2516 4614 2717 4657 omnes
2742 4596 2812 4655 ad
2839 4600 3101 4671 Augusti·
3168 4571 3284 4613 ΗΠ·

1757 4698 1901 4738 num
1920 4686 2282 4737 recurrerent
2297 4697 2400 4754 pro
2416 4681 2672 4756 legitima
2690 4679 2946 4737 efficaciae
2971 4697 3104 4754 gra-

1752 4764 1855 4820 tiae
1899 4760 2324 4828 declaratione;
2379 4760 2529 4834 quod
2568 4776 2786 4817 vanum
2830 4765 2996 4826 esset,
3051 4766 3108 4817 et

1751 4843 2063 4916 indignum
2082 4842 2380 4914 gravitate,
2405 4845 2463 4898 et
2487 4840 2831 4897 authoritate
2858 4839 3106 4896 Pontifi-

1748 4927 1849 4990 ciS,
1883 4923 1995 4981 nisi
2025 4923 2087 4978 in
2134 4921 2450 4996 Augustino
2496 4919 2849 4991 reperiretur
2898 4918 3100 4976 modus

1748 5002 2074 5079 exponendi
2092 5003 2395 5062 efficaciam
2417 4999 2630 5074 gratiae,
2658 5014 2898 5073 eamque
2915 4999 3102 5055 conci-
