3647 5753
46 4088 139 4129 Bes
168 4094 239 4129 on·

105 4145 126 4177 s
147 4145 187 4179 0.

44 4893 227 4949 Replicn

48 4953 247 5000 diluitur.

1317 459 1496 525 DISP.
1539 469 1608 535 11,
1652 468 1817 525 DUB.
1864 469 2175 525 UNICUM.

272 636 420 695 ratio
440 642 525 694 est
550 653 622 695 ex
654 636 823 694 dictis
864 640 1171 697 manifesta
1199 642 1511 716 :quoniam
1539 641 1632 697 vel

269 717 548 775 meritum
574 717 742 776 habet
762 721 1042 793 aequalern
1059 725 1317 780 valorem
1340 739 1470 779 cum
1496 736 1635 795 prae·

270 798 391 855 mio
438 798 631 869 (modo
657 819 810 858 num.
843 803 878 857 2
924 804 1226 875 explicato)
1265 805 1357 860 vel
1385 805 1546 860 non?
1573 801 1632 858 Si

269 878 460 946 habet,
492 888 748 940 meretur
796 882 945 940 illud
972 883 1042 941 de
1081 883 1365 959 condigno
1392 905 1404 939 ε
1435 886 1484 940 si
1514 897 1632 940 non

268 961 461 1030 habet,
511 969 768 1022 meretur
807 964 878 1024 de
923 983 1191 1042 congruo.
1245 969 1401 1023 Inter
1439 966 1633 1021 habere

268 1050 482 1112 autem,
508 1051 563 1103 et
602 1065 712 1104 non
752 1049 943 1106 habere
989 1049 1324 1123 praedictum
1372 1050 1631 1106 valorem

269 1143 388 1185 non
416 1127 567 1185 cadit
595 1128 855 1188 medium
884 1146 1057 1206 :ergo
1085 1147 1269 1205 neque
1307 1131 1463 1187 inter
1505 1144 1632 1185 me-

271 1210 451 1268 ritum
477 1210 548 1269 de
575 1229 844 1289 congruo,
877 1219 933 1271 et
954 1214 1024 1271 de
1062 1213 1381 1288 condign0.>
1417 1216 1632 1270 Praete-

271 1308 369 1355 rea
384 1297 476 1352 vel
500 1295 776 1352 meritum
802 1301 885 1353 est
912 1296 1046 1353 talis
1072 1295 1439 1364 conditionis,
1474 1300 1536 1351 ut
1561 1311 1632 1353 ex

265 1375 492 1451 iustitia
520 1376 823 1449 praemium
851 1377 941 1433 illi
965 1376 1238 1435 debeatur
1262 1420 1275 1443 ,
1322 1378 1415 1434 vel
1442 1378 1632 1433 solum

270 1455 511 1514 debetur
531 1458 583 1514 ei
612 1473 683 1514 ex
704 1457 978 1525 decentia,
1010 1464 1066 1516 et
1092 1459 1466 1533 congruitate,
1513 1473 1632 1514 non

272 1539 648 1615 pertingendo
670 1540 741 1597 ad
776 1540 1090 1615 propriam,
1121 1547 1177 1598 et
1202 1541 1504 1599 formalem
1536 1555 1633 1596 ra-

271 1621 490 1679 tionem
511 1624 748 1698 justitiae
765 1648 779 1691 ;
811 1625 964 1681 inter
993 1625 1109 1681 haec
1130 1624 1290 1681 enim
1321 1640 1438 1681 non
1468 1622 1629 1679 vide-

271 1708 368 1760 tur
394 1704 595 1762 cadere
623 1705 880 1764 medium
911 1728 923 1762 :
950 1706 1206 1780 primum
1238 1710 1320 1762 est
1354 1704 1631 1761 meritum

269 1786 342 1845 de
366 1787 666 1863 condigne,
693 1788 1006 1847 secundum
1034 1789 1105 1846 de
1136 1804 1388 1863 congruo
1413 1810 1426 1846 ε
1456 1786 1633 1862 igitur

270 1867 384 1926 duo
412 1868 532 1928 haec
550 1867 817 1926 dividunt
845 1870 1138 1943 adaequate
1181 1871 1464 1927 rationem
1507 1884 1634 1925 me-

274 1948 396 2005 riti.

345 2023 403 2079 5.
445 2022 723 2097 Objicies:
754 2023 804 2080 si
843 2027 1094 2082 Joannes
1120 2041 1179 2080 v.
1208 2041 1260 2099 g.
1306 2022 1412 2078 sub
1456 2039 1634 2096 spon-

270 2105 453 2171 sione,
484 2110 540 2161 et
563 2112 720 2178 pacto
747 2112 970 2178 accepto
999 2123 1031 2163 a
1060 2109 1229 2164 Petro
1259 2106 1558 2179 promittat
1579 2106 1632 2162 ei

273 2185 517 2244 fundum
545 2205 647 2262 pro
673 2188 888 2252 valore,
921 2195 977 2245 et
996 2190 1236 2246 servitio
1264 2187 1497 2244 dimidii
1527 2204 1633 2245 va-

275 2268 416 2325 loris
438 2314 451 2337 ,
504 2285 565 2326 ac
599 2273 683 2326 est
705 2271 825 2343 ipse
854 2270 1083 2336 iunduS,
1120 2273 1321 2327 Petrus
1351 2286 1451 2343 per
1482 2284 1633 2343 prae-

272 2348 486 2408 dictum
509 2351 764 2408 laborem
793 2357 1050 2410 meretur
1085 2351 1351 2416 fundum,
1385 2359 1448 2408 ut
1473 2368 1545 2408 ex
1572 2366 1634 2408 se

274 2437 531 2492 constare
559 2433 786 2490 videtur
820 2433 958 2490 :sed
1012 2449 1129 2489 non
1177 2438 1432 2490 meretur
1460 2434 1631 2489 illum

277 2531 459 2589 neque
484 2516 551 2572 de
579 2515 858 2589 condigno
887 2531 1066 2588 neque
1093 2515 1162 2572 de
1182 2533 1432 2590 congruo
1462 2537 1473 2572 :
1497 2533 1633 2591 ergo

277 2597 445 2655 datur
473 2601 587 2655 alia
614 2600 825 2671 species
853 2599 1064 2664 meriti,
1099 2605 1267 2672 atquo
1296 2599 1436 2656 adeo
1459 2614 1633 2673 supra

276 2681 423 2738 dicta
449 2681 659 2739 divisio
687 2698 802 2739 non
828 2686 914 2738 est
939 2681 1248 2755 adaequata.
1301 2683 1522 2747 Minor,
1568 2682 1632 2737 in

272 2780 384 2837 qua
411 2763 533 2818 sola
561 2768 739 2834 potest
757 2779 878 2819 esse
905 2762 1203 2819 difficultas
1228 2763 1411 2836 quoad
1451 2763 1632 2819 meri-

273 2852 393 2902 tum
434 2845 703 2922 condigni
747 2845 1052 2919 probatum
1091 2847 1367 2919 quoniam
1417 2844 1487 2902 de
1534 2860 1632 2903 ra·

271 2928 426 2985 tione
448 2929 615 3003 hujus
638 2930 832 2985 meriti
860 2934 962 2995 est,
987 2935 1047 2985 ut
1069 2929 1322 3002 adaequet
1348 2930 1410 2985 in
1434 2930 1632 2986 valore

272 3011 575 3083 praemium
601 3030 613 3064 z
643 3016 699 3068 at
726 3010 886 3069 labor
926 3012 1084 3069 Petri
1114 3013 1176 3067 in
1208 3010 1472 3084 praedicto
1498 3028 1631 3068 casu

271 3110 388 3151 non
410 3100 493 3151 est
520 3095 665 3151 tanti
694 3095 928 3163 valoriS‚
962 3111 1025 3151 ac
1058 3096 1386 3166 praemium,
1414 3095 1631 3152 scilicet

269 3174 480 3231 fundus
513 3192 691 3250 :ergo
739 3192 857 3233 non
906 3182 1164 3233 meretur
1207 3175 1354 3230 illud
1395 3174 1465 3232 de
1491 3191 1631 3232 con-

267 3255 461 3330 digno.
492 3255 688 3322 Quoad
732 3258 1011 3321 meritum
1054 3271 1194 3313 vero
1239 3256 1308 3316 de
1352 3271 1624 3329 congru0,
1716 3274 1725 3282 ·

267 3337 442 3392 etiam
468 3335 739 3394 suadetur
752 3363 767 3406 ς
800 3356 937 3395 nam
962 3340 1132 3396 Petro
1166 3337 1388 3395 ratione
1420 3336 1510 3394 sui
1541 3339 1630 3393 la-

270 3418 424 3475 boris
462 3419 700 3478 debetur
745 3438 816 3478 ex
852 3423 1075 3496 J’ustitia
1118 3422 1329 3478 fundus
1365 3444 1377 3479 ε
1421 3422 1630 3479 merito

272 3504 459 3556 autem
481 3499 551 3558 de
578 3518 826 3576 congruo
873 3519 989 3560 non
1035 3504 1273 3563 debetur
1324 3503 1628 3576 praemium

270 3595 340 3637 ex
362 3582 603 3655 Justitia,
635 3588 697 3637 ut
718 3581 933 3641 dictum
962 3590 1044 3642 est
1073 3607 1085 3641 z
1110 3601 1264 3661 ergo,
1296 3592 1400 3641 etc.

346 3664 506 3720 Dices
552 3665 825 3721 meritum
871 3652 1019 3722 illud
1058 3683 1179 3723 esse
1214 3667 1283 3724 de
1318 3666 1623 3741 condignO,
1662 3701 1668 3706 -

270 3760 387 3800 non
443 3749 637 3801 tamen
683 3745 752 3801 ad
805 3747 1207 3819 aequalitatem.
1255 3747 1362 3805 Sed
1404 3755 1622 3814 contra,

267 3827 401 3897 quia
428 3825 498 3884 de
528 3827 750 3884 ratione
783 3828 1151 3901 condigniest
1175 3830 1490 3902 aequalitas,
1513 3845 1613 3885 seu

269 3911 506 3983 aequalis
532 3910 780 3984 dignitas
810 3917 1126 3985 :repugnat
1172 3929 1307 3986 ergo
1348 3912 1625 3968 meritum

268 4008 391 4051 esse
417 3993 488 4051 de
513 3992 815 4067 condigno,
847 4000 903 4051 et
932 4010 1046 4050 non
1079 3994 1149 4051 ad
1176 3995 1583 4066 aequalitatem.

344 4075 759 4148 Respondetur,
793 4076 1066 4132 meritum
1116 4075 1454 4149 praedictum
1507 4089 1628 4132 esse

266 4153 336 4212 de
363 4154 664 4224 condigno,
695 4162 750 4212 et
771 4155 841 4211 ad
886 4156 1293 4229 aequalitatem,
1353 4172 1470 4212 non
1503 4172 1627 4212 res-

265 4241 428 4310 pectu
458 4239 629 4295 totius
668 4237 855 4306 fundi,
880 4238 976 4295 sed
1000 4238 1159 4293 illius
1190 4237 1367 4310 partis
1393 4237 1628 4295 dumta-

262 4324 381 4386 xat,
437 4335 560 4392 quae
597 4319 673 4375 sit
718 4320 954 4393 aequalis
997 4318 1213 4376 valoris
1267 4335 1396 4375 cum
1431 4318 1626 4377 labore

266 4399 474 4465 Petri3
534 4400 818 4472 reliquum
867 4415 1004 4457 vero
1054 4399 1214 4455 illius
1278 4398 1446 4456 fundi
1509 4415 1626 4456 non

267 4479 418 4537 cadit
447 4479 553 4536 sub
601 4481 704 4538 illo
749 4482 999 4548 merito;
1042 4480 1209 4538 debet
1234 4488 1430 4537 tamen
1463 4481 1624 4538 reddi

269 4562 438 4619 Petro
476 4566 625 4618 totus
653 4561 886 4629 fundus„
936 4578 1053 4620 non
1082 4567 1357 4635 tanquam
1388 4578 1621 4631 merces,

269 4646 366 4697 aut
389 4643 694 4715 praemium
737 4642 968 4712 laboris,
994 4643 1093 4700 sed
1123 4644 1346 4700 ratione
1377 4645 1627 4716 promis-

269 4721 450 4778 sionis
489 4722 647 4779 factae
687 4738 720 4779 a
746 4724 985 4789 Joanne,
1016 4729 1071 4780 et
1113 4722 1183 4780 ab
1210 4722 1408 4780 eodem
1458 4726 1627 4781 Petro

267 4810 582 4877 acceptatae.

342 4881 397 4936 6.
443 4880 580 4935 Etsi
610 4895 832 4954 urgeaS‚
876 4879 1025 4951 quod
1063 4884 1213 4936 totus
1252 4877 1464 4934 fundus
1493 4878 1626 4934 red-

267 4958 424 5016 ditur
445 4962 620 5018 Petro
665 4959 1021 5033 exjustitia:
1052 4975 1187 5035 ergo
1233 4962 1403 5024 totae,
1434 4963 1488 5015 et
1511 4974 1627 5016 non

267 5042 390 5098 sola
435 5058 567 5112 pars
599 5040 749 5098 cadit
775 5038 881 5096 sub
921 5040 1042 5113 ejus
1090 5040 1321 5097 merito.
1348 5040 1629 5096 Transeat

273 5118 628 5187 antecedens,
678 5124 735 5176 et
777 5120 1033 5194 neganda
1072 5125 1160 5177 est
1178 5117 1625 5191 consequentia3

3017 472 3130 528 703

1763 640 1899 713 quia
1914 640 2138 715 justitia
2167 643 2321 700 Petri
2339 647 2593 715 respectu
2611 642 2785 700 totius
2813 642 2979 699 fundi
3011 660 3129 699 non

1766 719 2044 777 fundatur
2083 723 2146 779 in
2190 724 2312 797 ejus
2358 724 2587 789 merito,
2632 723 2730 780 sed
2774 724 2836 780 in
2878 725 3129 797 promis-

1765 801 1929 859 sione
1982 803 2125 861 facta
2153 806 2450 871 aJoanne,
2501 811 2558 862 et
2604 804 2674 862 ab
2727 804 2927 862 eodem
2959 807 3130 864 Petro

1766 887 2099 957 acceptata:
2166 903 2290 959 quae
2343 887 2649 960 promissio
2708 887 2937 944 etiamsi
2984 893 3129 945 esset

1763 965 2032 1039 simplex,
2065 974 2121 1023 et
2147 983 2265 1025 non
2292 968 2397 1025 sub
2423 967 2752 1026 conditione
2773 967 2989 1025 laboris
3019 971 3129 1026 Pe—

1764 1045 1863 1112 tri,
1891 1044 2206 1106 dummodo
2244 1051 2496 1105 Joannes
2526 1050 2870 1122 promittens
2894 1048 3130 1107 haberet

1765 1128 2030 1186 animum
2056 1145 2116 1186 se
2143 1128 2457 1207 obligandi,
2485 1135 2541 1187 et
2563 1131 2869 1204 promissio
2896 1148 2928 1187 a
2960 1134 3128 1191 Petro

1764 1214 2172 1283 acceptaretur,
2193 1209 2474 1285 obligaret
2485 1213 2769 1270 Joannem
2795 1211 2864 1268 ad
2879 1212 3128 1270 redden-

1764 1291 1901 1348 dum
1943 1298 2125 1349 totum
2176 1291 2419 1350 fundum
2467 1311 2538 1351 ex
2572 1295 2796 1369 justitia
2824 1340 2834 1360 ‚
2867 1312 2932 1352 eo
2978 1298 3127 1369 quod

1766 1375 2072 1449 promissio
2098 1376 2279 1432 adhuc
2299 1378 2546 1450 simplex
2571 1376 2715 1434 facta
2744 1376 2940 1444 alicui,
2973 1384 3029 1436 et
3055 1379 3127 1436 ab

1763 1474 1831 1516 eo
1853 1464 2152 1532 acceptata,
2169 1459 2382 1536 obligat
2399 1459 2833 1531 promittentem
2862 1478 2931 1518 ex
2950 1462 3125 1536 justi-

3162 1521 3308 1566 Thom.

1765 1539 1863 1605 tia,
1899 1546 1958 1596 ut
1984 1541 2210 1600 erudite
2241 1541 2441 1617 probat
2469 1542 2721 1607 Thomas
2747 1545 2999 1601 Sanchez
3028 1547 3119 1603 lib.
3137 1573 3338 1619 Sanchez.

1774 1623 1819 1688 l,
1844 1622 1907 1677 de
1927 1625 2243 1681 matri-mon.
2274 1626 2415 1697 disp.
2448 1625 2501 1690 5,
2534 1642 2570 1679 a
2591 1642 2746 1681 num.
2775 1627 2866 1683 20.

1842 1703 2122 1772 Diximus»,
2150 1714 2393 1763 transeat
2420 1707 2736 1762 antecedens
2758 1727 2777 1775 ‚·
2803 1708 2937 1780 quia
2959 1708 3124 1782 juxta

1764 1785 2103 1857 oppositam,
2137 1793 2192 1843 et
2217 1788 2390 1846 etiam
2416 1787 2581 1845 valde
2602 1788 2957 1861 prohabilem
2986 1807 3125 1847 sen-

1766 1864 2028 1930 tentiam,
2085 1867 2234 1939 quod
2279 1869 2491 1925 scilicet
2530 1870 2776 1941 simplex
2821 1870 3125 1942 promissio

1766 1943 1951 2002 adhuc
1978 1953 2258 2020 acceptata
2286 1965 2404 2005 non
2426 1950 2640 2023 obligat
2665 1964 2736 2004 ex
2752 1949 2994 2022 justitia,
3028 1951 3126 2008 sed

1765 2042 1838 2083 ex
1862 2030 1984 2085 sola
2006 2028 2298 2096 fidelitate,
2326 2030 2631 2087 dicendum
2661 2031 2772 2088 erit
2796 2048 2911 2090 non
2942 2039 3124 2090 totum
3189 2101 3196 2106 ,

1766 2109 2013 2167 fundum
2043 2112 2238 2170 deberi
2262 2116 2430 2171 Petro
2451 2115 2776 2189 exjustitia,
2808 2116 2905 2173 sed
2935 2118 3123 2174 solum

1765 2209 1893 2250 eam
1938 2199 2174 2267 partem,
2208 2213 2332 2270 quae
2358 2201 2441 2253 est
2482 2198 2716 2269 aequalis
2745 2200 2961 2255 valoris
2992 2217 3124 2256 cum

1766 2292 1868 2332 suo
1898 2276 2108 2345 labore,
2139 2280 2423 2351 reliquum
2447 2296 2584 2337 vero
2606 2280 2910 2337 deberetur
2940 2282 3031 2337 illi
3054 2298 3124 2339 ex

1764 2360 1886 2415 sola
1933 2358 2227 2424 fidelitate.
2284 2362 2446 2419 Unde
2476 2376 2591 2418 non
2640 2361 2721 2429 fit,
2771 2362 2920 2435 quod
2973 2369 3124 2420 totns

1767 2440 1979 2498 fundus
1998 2443 2160 2501 cadat
2199 2443 2303 2500 sub
2328 2445 2597 2518 praedicto
2639 2446 2864 2509 merito,
2897 2445 2996 2501 sed
3020 2447 3126 2504 illa

1766 2521 2064 2580 dumtaxat
2109 2541 2259 2596 pars,
2291 2543 2414 2599 quae
2460 2526 2714 2601 ejusdem
2755 2527 2970 2583 valoris
2991 2544 3123 2583 cum

1766 2605 1908 2677 ipso,
1959 2612 2020 2662 ut
2046 2606 2259 2663 dictum
2286 2614 2399 2665 est:
2428 2614 2680 2681 respectu
2712 2614 2901 2665 autem
2951 2609 3126 2683 hujus

1768 2687 2095 2758 parti5‚quze
2113 2689 2235 2745 sola
2257 2688 2405 2745 cadit
2425 2689 2529 2745 sub
2553 2690 2951 2754 merito‚labor
2965 2690 3122 2746 Petri

1767 2765 1936 2823 habet
1962 2784 2161 2825 omnes
2187 2770 2560 2838 conditioneS,
2588 2787 2714 2842 quae
2743 2771 3124 2842 requiruntur

1766 2847 1837 2904 ad
1861 2850 2134 2907 meritum
2162 2850 2231 2908 de
2256 2852 2561 2928 condigno.

2358 3019 2389 3084 s
2431 3016 2525 3070 111.
2597 3046 2610 3056 -

1842 3167 1998 3240 thod
2017 3168 2276 3240 praede‘cta
2304 3170 2505 3225 divisio
2527 3188 2634 3225 -ηοη
2661 3173 2732 3225 sit
2751 3171 2962 3239 pencris
2985 3171 3044 3224 in

1932 3251 2148 3321 speciei,
2175 3251 2265 3305 sed
2287 3250 2513 3322 analoqi
2535 3252 2595 3304 in
2623 3252 2942 3320 analoqata.

1836 3405 1892 3460 7.
1935 3402 2093 3468 Quod
2133 3420 2268 3462 vero
2308 3405 2423 3462 haec
2448 3406 2644 3463 meriti
2667 3406 2876 3464 divisio
2905 3422 3022 3463 non
3045 3406 3310 3507 sitsssgargs

1764 3484 2025 3551 univoca,
2057 3502 2155 3541 seu
2182 3487 2412 3560 generis
2436 3488 2497 3543 in
2518 3489 2747 3559 specieS,
2774 3487 2871 3544 sed
2889 3489 3116 3560 analog1
3134 3504 3245 3548 dicta
3273 3505 3334 3549 di-

1763 3564 1826 3621 in
1875 3567 2190 3641 analogata‚
2236 3567 2371 3623 satis
2430 3570 2721 3642 perspicue
2760 3567 3002 3625 habetur
3049 3585 3119 3625 ex

1762 3647 1887 3721 ipsa
1907 3649 2098 3704 meriti
2128 3649 2488 3716 diffinitione,
2522 3667 2692 3722 quam
2722 3652 2862 3723 disp.
2893 3651 3113 3722 praeced.

1761 3728 1887 3784 dub.
1907 3728 2007 3807 ult.
2041 3729 2438 3803 explicuimuS,
2464 3736 2518 3786 et
2547 3747 2617 3787 ex
2637 3728 3119 3804 descriptionibus

1759 3810 2101 3867 meritorum
2132 3811 2201 3869 de
2226 3812 2525 3886 condignO,
2558 3819 2613 3870 et
2633 3814 2702 3870 de
2722 3815 2973 3889 congruo
2996 3818 3119 3869 tra-

1761 3891 1898 3948 ditis
1921 3893 1983 3948 in
2024 3893 2129 3949 hoc
2156 3892 2348 3960 dubio,
2397 3914 2550 3952 num.
2586 3898 2648 3960 ⁸1,
2695 3912 2765 3952 ex
2791 3895 2999 3969 quibus
3026 3911 3119 3951 se-

1759 3989 1942 4046 quens
1971 3973 2116 4030 ratio
2145 3989 2247 4046 pro
2268 3975 2372 4032 hac
2402 3978 2751 4034 resolutione
2772 3975 3075 4033 deducitur
3104 3998 3115 4031 ε

1759 4055 2038 4126 quoniam
2091 4054 2279 4110 solum
2307 4057 2585 4113 meritum
2627 4056 2698 4114 de
2723 4057 3009 4131 condigno
3035 4063 3121 4113 est

1765 4137 2038 4196 meritum
2091 4136 2433 4210 simpliciter
2463 4164 2478 4208 3
2525 4140 2799 4197 meritum
2867 4155 3004 4195 vero
3049 4139 3121 4197 de

1758 4235 2009 4296 congruo
2038 4235 2153 4276 non
2184 4219 2295 4276 nisi
2324 4219 2638 4277 secundum
2665 4220 2801 4293 quid
2837 4242 2849 4276 :
2874 4236 3009 4293 ergo
3033 4236 3121 4276 ra-

1759 4301 1840 4359 tio
1856 4302 2050 4359 meriti
2076 4317 2190 4358 non
2211 4304 2296 4357 est
2323 4300 2584 4365 univoca,
2609 4300 2708 4357 sed
2731 4301 2970 4373 analoga
2997 4316 3118 4357 res-

1760 4391 1919 4459 pectu
1964 4385 2280 4456 utriusque.
2326 4384 2743 4455 Consequentia
2762 4389 2848 4439 est
2876 4389 3029 4447 nota,
3063 4390 3118 4440 et

1760 4465 2096 4523 antecedens
2119 4463 2391 4537 probatur
2412 4481 2484 4521 ex
2513 4465 2636 4538 ipso
2646 4463 2794 4537 jure,
2822 4471 2878 4521 et
2895 4465 3120 4524 ratione

1758 4546 1956 4614 debiti,
2007 4545 2156 4621 quod
2209 4547 2270 4602 in
2300 4545 2645 4603 diffinitione
2672 4546 2867 4602 meriti
2894 4546 3120 4621 impor-

1759 4634 1913 4685 tatur
1945 4652 1958 4695 ;
2009 4644 2146 4683 nam
2189 4628 2301 4701 jus,
2331 4642 2429 4684 seu
2457 4625 2737 4692 debitum,
2770 4627 2917 4699 quod
2941 4636 3024 4685 est
3053 4631 3117 4688 in

1758 4711 1969 4767 merito
2016 4708 2085 4766 de
2125 4709 2410 4785 condigno
2459 4714 2710 4782 respectu
2756 4712 3000 4782 praemii,
3034 4719 3120 4770 est

1754 4794 1848 4868 jus
1892 4792 2254 4864 simpliciter,
2287 4800 2342 4851 et
2387 4792 2644 4850 debitum
2678 4808 2749 4849 ex
2779 4796 3032 4865 proprio,
3065 4800 3121 4851 et

1761 4874 1995 4933 formali
2019 4874 2240 4948 justitia
2274 4872 2461 4947 :quod
2498 4878 2687 4929 autem
2710 4875 2878 4929 estin
2908 4876 3117 4934 merito

1759 4956 1830 5013 de
1856 4972 2124 5029 congruo,
2165 4961 2390 5012 tantum
2419 4962 2503 5012 est
2524 4957 2635 5030 jus,
2663 4960 2717 5010 et
2744 4954 3001 5011 debitum
3025 4975 3118 5013 se·-

1759 5037 2014 5093 cundum
2056 5035 2211 5109 quid,
2267 5041 2323 5092 et
2349 5052 2421 5092 ex
2446 5033 2694 5107 quadam
2735 5033 3013 5101 decentia,
3056 5042 3120 5092 ut

1759 5135 1833 5176 ex
1857 5119 2022 5176 dictis
2043 5123 2279 5176 constat.
2313 5122 2455 5175 Cum
2483 5132 2618 5190 ergo
2635 5113 2836 5173 eadem
2862 5116 2938 5171 sit
2968 5118 3121 5175 ratio

3163 3555 3286 3599 visin.
