3647 5753
70 1115 294 1159 Praelu-

109 1164 267 1210 ditur.

1472 465 1651 522 DISP.
1695 465 1790 530 111,
1835 464 2000 521 DUB.
2052 465 2147 520 IV.
3083 466 3196 521 593

326 644 388 696 ut
411 642 761 697 resultarent
779 640 985 715 gratia,
1003 642 1061 696 et
1079 638 1342 695 virtutes.
1370 637 1540 693 Actus
1560 651 1697 709 ergo

325 722 561 788 amoriS,
586 721 687 795 qui
714 722 777 778 in
803 721 1047 778 instanti
1075 718 1464 793 conceptionis
1492 717 1692 783 adfuit,

322 804 623 881 dispositio
650 820 771 862 non
813 803 923 861 fuit
963 801 1033 860 ad
1072 802 1344 878 gratiam,
1373 801 1472 858 sed
1498 800 1698 875 gratiae

324 891 836 963 complementum,
875 891 931 944 et
976 889 1235 952 ornatus,
1278 885 1424 941 sicut
1468 881 1696 939 illumi-

332 969 491 1027 natio
528 984 591 1026 se
628 967 800 1027 habet
840 966 911 1025 ad
953 968 1160 1034 lucem,
1193 970 1250 1024 et
1293 963 1587 1023 calefactio
1625 962 1696 1020 ad

328 1051 677 1184 calsogcanaec
721 1123 1018 1199 responsio
1064 1138 1184 1180 non
1221 1119 1515 1179 satisfacit.
1546 1121 1694 1174 Tum

325 1208 461 1282 quia
501 1215 695 1282 aperte
737 1205 1079 1266 contradicit
1116 1208 1181 1261 D.
1233 1205 1505 1271 Thomae3
1556 1216 1695 1258 nam

324 1294 381 1349 S.
439 1294 643 1350 Doctor
707 1291 954 1349 affirmat
1017 1287 1312 1345 Christum
1378 1284 1695 1345 Dominum

323 1372 740 1431 sanctificatum
777 1371 952 1428 fuisse
990 1386 1091 1444 per
1121 1368 1425 1443 proprium
1455 1370 1646 1423 actum
1675 1384 1691 1422 ε

321 1454 423 1513 sed
450 1457 511 1531 ly
526 1474 641 1529 par,
674 1455 929 1529 aliquam
954 1451 1351 1511 causalitatem
1377 1446 1691 1525 significat3

323 1540 382 1593 et
418 1536 609 1593 omnis
635 1551 803 1592 causa
836 1532 1117 1591 antecedit
1158 1532 1222 1588 in
1263 1531 1459 1604 aliquo
1484 1543 1696 1604 genere

324 1632 495 1673 suum
528 1616 790 1674 effectum
820 1637 834 1673 ε
863 1631 1000 1690 ergo
1027 1617 1183 1671 actus
1208 1612 1427 1670 amoris
1467 1609 1696 1669 elicitus

323 1717 359 1758 a
384 1700 609 1757 Christo
638 1699 884 1757 Domino
914 1698 1197 1772 praecessit
1218 1697 1341 1771 ejus
1366 1692 1696 1752 sanctifica-

324 1780 541 1838 tionem
567 1782 630 1837 in
653 1780 845 1853 quuo
869 1795 1050 1837 causae
1070 1793 1315 1853 genere3
1357 1773 1455 1833 sed
1483 1790 1602 1833 non
1631 1773 1694 1829 in

325 1861 441 1919 alio
464 1878 692 1937 genere,
725 1877 899 1934 quam
939 1876 1123 1917 causae
1149 1857 1475 1915 materialis
1508 1855 1695 1929 dispo·

321 1945 508 2002 sitivae
542 1966 554 2001 ε
581 1961 717 2019 ergo
739 1945 802 2000 in
830 1945 935 2001 hoc
959 1958 1170 2018 genere
1198 1940 1501 2016 praecessit,
1527 1943 1695 2012 atque

318 2025 448 2084 ideo
476 2042 594 2083 non
640 2024 750 2081 fuit
793 2024 1093 2098 dispositio
1135 2038 1278 2096 pure
1318 2034 1688 2093 consequens,

314 2106 413 2165 sed
437 2105 796 2164 antecedens,
828 2108 977 2163 Tum
1005 2106 1203 2171 etiam,
1230 2104 1369 2177 quia
1393 2104 1458 2161 D.
1484 2101 1688 2158 Thom.

318 2190 522 2246 asserit
546 2189 840 2245 Christum
869 2189 1186 2245 Dominum
1220 2187 1402 2242 fuisse
1436 2182 1693 2241 sanctifi-

318 2274 510 2328 catum
549 2286 617 2327 eo
643 2268 1113 2327 sanctificationis
1141 2266 1331 2332 modo,
1357 2282 1470 2340 quo
1511 2263 1690 2322 adulti

320 2350 752 2409 sanctificantur
803 2371 817 2407 ε
868 2350 967 2408 sed
1027 2350 1129 2406 alii
1202 2347 1384 2405 adulti
1434 2344 1693 2403 sanctifi-

318 2439 523 2490 cantur
552 2448 653 2505 per
679 2431 1138 2506 dispositionem,
1169 2446 1293 2505 quae
1334 2428 1543 2487 ordine
1585 2444 1693 2485 na-

320 2520 463 2570 turae
484 2512 732 2587 gratiam
755 2511 1055 2577 antecedit,
1077 2516 1140 2567 ut
1160 2515 1379 2568 constat
1399 2526 1470 2567 ex
1490 2508 1691 2566 eodem

318 2596 374 2651 S.
432 2596 671 2652 Doctore
719 2596 765 2656 1.
816 2596 872 2659 2,
919 2600 1106 2670 quaest.
1156 2593 1276 2658 112,
1325 2598 1437 2648 art.
1484 2590 1541 2657 2,
1595 2587 1691 2645 ubi

314 2677 386 2732 in
425 2690 658 2749 genere,
708 2679 763 2731 et
804 2672 1190 2731 abstrahendo
1240 2669 1311 2729 ab
1362 2676 1511 2727 statu
1562 2686 1692 2743 pec-

318 2758 429 2815 cati
456 2755 745 2814 concludit
773 2757 1167 2813 necessitatem
1194 2751 1593 2826 dispositionis
1620 2749 1691 2806 ad

318 2839 567 2917 gratiam
614 2837 969 2897 habitualem
1000 2860 1014 2896 ε
1046 2837 1268 2905 Gratia,
1315 2834 1525 2910 inquit,
1556 2834 1691 2890 dici·

320 2930 414 2977 tur
455 2921 766 2995 dupliciter,
815 2921 1139 2999 quandoque
1185 2923 1367 2994 ipsum
1408 2916 1692 2974 habitante

319 3006 524 3060 donum
558 3006 681 3071 Dei,
713 3004 1035 3082 quandoque
1064 3010 1249 3059 aulem
1274 3001 1560 3057 auxilium
1588 2997 1692 3054 Det

319 3090 572 3144 animam
610 3089 874 3144 moventis
917 3087 993 3142 ad
1037 3086 1258 3142 bonum.
1288 3084 1482 3141 Primo
1518 3084 1692 3152 ἐρίων

321 3169 477 3226 modo
503 3169 818 3242 accipiendo
827 3170 1094 3240 qratiam,
1107 3167 1465 3240 praeeaeiqitur
1484 3162 1690 3237 (pende

324 3249 587 3322 verbum)
607 3251 682 3306 ad
704 3252 950 3320 qratiam
969 3249 1163 3325 aliqua
1186 3248 1381 3318 pratia>
1402 3262 1690 3319 praepara-

321 3334 398 3389 tio
448 3332 760 3407 (perpende
810 3332 1045 3402 iterum)
1097 3332 1232 3408 quia
1294 3329 1451 3385 nulla
1504 3329 1690 3402 [orma

320 3421 490 3487 polest
515 3431 642 3479 esse,
667 3415 779 3469 nisi
800 3414 859 3468 in
878 3413 1115 3468 materia
1135 3411 1426 3484 disposita.
1444 3411 1513 3464 Et
1533 3407 1689 3465 idem

324 3491 485 3549 docet
504 3495 563 3547 in
584 3510 725 3565 resp.
755 3493 829 3548 acl
857 3492 913 3558 3;
943 3507 1079 3566 ergo
1106 3496 1263 3548 actus
1284 3488 1500 3546 amoris
1526 3488 1690 3545 elici-

328 3578 417 3627 tus
444 3588 476 3628 a
503 3573 727 3630 Christo
753 3573 998 3631 Domino
1045 3573 1155 3629 fuit
1191 3569 1491 3644 dispositio
1534 3574 1691 3628 ante-

327 3651 530 3709 cedens
583 3654 646 3709 in
700 3652 892 3724 aliquo
942 3670 1122 3710 causae
1173 3665 1383 3728 genere
1440 3650 1689 3724 gratiam

322 3730 795 3789 sanctificantem.
828 3734 975 3789 Tum
1004 3739 1296 3806 praeterea,
1321 3731 1458 3804 quia
1483 3729 1691 3788 absur-

326 3815 582 3882 dissime,
614 3821 669 3872 et
697 3814 982 3873 abutendo
1019 3814 1252 3873 vocibus
1279 3813 1509 3881 dicitur,
1541 3814 1689 3887 quod

327 3897 543 3970 aliquid
565 3903 648 3955 est
673 3896 988 3971 dispositio,
1019 3903 1075 3955 et
1113 3914 1231 3955 non
1270 3903 1355 3955 est
1392 3896 1690 3971 dispositio

324 3977 529 4035 ordine
558 3984 777 4034 naturae
816 3976 1174 4035 antecedens.
1206 3980 1353 4042 Nam
1393 3976 1690 4050 dispositio

327 4059 390 4114 in
424 4075 491 4116 ea
528 4059 766 4126 ratione,
796 4059 859 4115 in
898 4075 1010 4132 qua
1048 4058 1347 4131 dispositio
1385 4063 1489 4126 est,
1521 4058 1690 4115 habet

278 4179 281 4182 -
329 4140 611 4197 rationem
638 4155 819 4196 causae
848 4143 1102 4213 respectu
1130 4138 1253 4212 ejus
1280 4137 1351 4195 ad
1389 4137 1541 4212 quod
1568 4137 1689 4194 dis-

326 4222 488 4294 ponit
513 4245 527 4289 ;
577 4222 789 4294 alioqui
845 4238 962 4280 non
1017 4220 1165 4279 foret
1221 4219 1542 4294 dispositio,
1590 4218 1689 4277 sed

326 4320 502 4375 purus
527 4303 774 4370 effectus,
801 4308 864 4360 ut
889 4304 1070 4376 liquet
1087 4302 1368 4376 exemplis
1392 4302 1690 4358 illumina-

326 4386 518 4455 tionis,
551 4392 608 4443 e't
644 4386 1049 4454 calefactionis,
1101 4385 1308 4459 quibus
1353 4384 1688 4443 Adversarii

324 4471 607 4524 utuntur:
636 4467 826 4524 omnis
854 4473 1045 4524 autem
1084 4482 1255 4524 causa
1298 4465 1564 4540 praecedit
1589 4481 1688 4524 or-

323 4549 462 4607 dine
500 4554 722 4606 natura}
745 4565 916 4605 suum
955 4548 1236 4615 effectum,
1261 4547 1425 4621 juxta
1458 4563 1526 4604 ea
1564 4562 1689 4620 quae

322 4630 588 4704 superius
626 4629 901 4697 diximus,
933 4648 969 4685 a
1008 4646 1161 4685 num.
1190 4630 1297 4694 713
1325 4642 1460 4701 ergo
1498 4625 1689 4684 omnis

322 4711 620 4786 dispositio
643 4709 909 4784 praecedit
933 4708 1139 4767 ordine
1165 4711 1387 4765 naturae
1413 4707 1681 4775 formam,

321 4792 392 4851 ad
418 4809 592 4868 quam
615 4792 888 4864 disponit.
912 4792 1061 4846 Tum
1084 4789 1357 4862 denique;
1382 4805 1517 4845 nam
1541 4789 1688 4846 ratio

318 4872 391 4932 ob
411 4889 586 4948 quam
614 4872 801 4929 caeteri
828 4870 1012 4928 adulti
1041 4869 1304 4944 indigent
1339 4868 1688 4944 generaliter

316 4956 693 5033 dispositione
715 4955 907 5030 aliquo
936 4953 1108 5012 modo
1134 4953 1500 5011 antecedente
1514 4950 1686 5026 justi-

317 5041 664 5106 ficationem,
698 5053 816 5097 non
842 5044 928 5096 est
953 5038 1089 5112 quia
1122 5036 1365 5095 debeant
1413 5051 1514 5110 per
1557 5050 1685 5092 eam

315 5124 755 5200 dispositionem
794 5120 1106 5196 expurgari
1153 5119 1226 5176 ab
1272 5116 1687 5192 impedimento

1831 637 2039 709 peccati
2060 636 2199 709 (haec
2218 637 2428 711 quippe
2450 638 2596 695 ratio
2618 654 2736 695 non
2757 642 2842 695 est
2859 636 3188 712 generalis),

1828 718 1928 775 sed
1954 720 2089 792 quia
2116 725 2360 793 oportet,
2390 719 2574 795 utqui
2604 721 2775 779 habet
2814 719 3066 778 liberum
3094 734 3195 775 ar·

1825 800 2094 871 bitrium,
2119 804 2468 872 voluntarie,
2499 809 2556 862 et
2594 803 2776 861 libere
2812 804 3059 878 gratiam
3099 816 3194 859 re-

1827 885 2021 959 cipiat,
2053 893 2116 943 ut
2152 892 2369 945 constat
2394 903 2467 945 ex
2504 886 2763 944 discursu
2794 888 2856 943 D.
2894 886 3097 943 Thom.
3132 886 3193 939 in

1823 982 1982 1040 praes.
2006 975 2116 1024 art.
2148 968 2201 1036 3,
2237 967 2335 1023 ubi
2365 968 2482 1025 ait:
2517 988 2544 1021 α
2575 968 2724 1025 Deus
2763 971 2956 1023 movet
2993 962 3192 1022 omnia

1834 1067 1863 1101 or
1902 1046 2217 1104 secundum
2256 1048 2492 1106 modum
2535 1047 3009 1122 uniuscujusque;
3051 1043 3199 1100 sicut

1836 1148 1863 1181 α
1905 1126 1969 1183 in
1998 1127 2359 1185 naturalibus
2382 1127 2665 1197 videmus,
2696 1127 2845 1201 quod
2871 1126 3041 1182 aliter
3067 1137 3198 1180 mo-

1836 1230 1863 1263 «
1903 1213 2115 1266 ventur
2159 1207 2231 1265 ab
2272 1210 2397 1283 ipso
2434 1210 2656 1285 gravia,
2707 1214 2766 1267 et
2804 1208 2974 1265 aliter
3020 1205 3190 1273 levia,

1836 1312 1863 1344 α
1905 1292 2138 1362 propter
2187 1288 2480 1348 diversam
2542 1295 2813 1347 naturam
2874 1287 3193 1359 utriusque.

1833 1393 1860 1425 α
1903 1371 2070 1429 Unde
2108 1377 2163 1429 et
2205 1373 2505 1431 hominem
2552 1373 2624 1430 ad
2672 1371 2954 1448 justitiam
3001 1374 3194 1427 movet

1835 1475 1862 1507 α
1901 1453 2218 1510 secundum
2238 1454 2629 1513 conditionem
2652 1460 2874 1512 naturae
2902 1452 3188 1507 humanae.

1834 1555 1860 1588 α
1904 1537 2089 1592 Homo
2128 1539 2317 1593 autem
2347 1534 2662 1592 secundum
2692 1533 2989 1609 propriam
3024 1534 3198 1587 natu-

1836 1637 1863 1669 «
1904 1631 2031 1672 ram
2070 1616 2260 1683 habet,
2301 1615 2452 1689 quod
2491 1615 2567 1671 sit
2606 1616 2777 1674 liberi
2831 1611 3081 1670 arbitrii.
3128 1613 3199 1668 Et

1833 1718 1861 1750 er
1904 1695 2032 1753 ideo
2058 1696 2121 1753 in
2155 1713 2240 1764 ec,
2272 1696 2369 1770 qui
2394 1695 2564 1753 habet
2585 1693 2835 1753 liberum
2858 1692 3191 1759 arbitrium,

1836 1802 1863 1834 α
1905 1796 2022 1838 non
2049 1777 2112 1835 fit
2138 1779 2317 1836 motio
2345 1796 2379 1836 a
2406 1781 2519 1836 Deo
2558 1779 2629 1836 ad
2650 1778 2937 1854 justitiam
2980 1775 3195 1850 absque

1835 1885 1863 1917 er
1902 1868 2062 1919 motu
2115 1861 2288 1918 liberi
2340 1860 2603 1927 arbitrii;
2648 1859 2748 1918 sed
2800 1861 2883 1918 ita
2934 1857 3194 1916 infundit

1833 1966 1861 1998 α
1902 1944 2119 2002 donum
2167 1942 2365 2017 gratias
2399 1941 2784 2017 justificantis,
2829 1940 2978 2015 quod
3017 1939 3191 1997 etiam

1833 2047 1860 2080 α
1903 2025 2079 2081 simul
2106 2041 2237 2081 cum
2260 2025 2362 2081 hoc
2391 2028 2585 2081 movet
2604 2022 2856 2080 liberum
2884 2019 3195 2078 arbitrium
3233 2028 3240 2033 ‘

1832 2128 1862 2161 α
1905 2106 1975 2163 ad
2019 2106 2237 2163 donum
2281 2104 2481 2179 gratiae
2526 2103 2933 2176 acceptandum
2975 2103 3038 2157 in
3082 2099 3191 2163 his,

1835 2209 1862 2241 α
1901 2186 1999 2261 qui
2044 2192 2181 2242 sunt
2226 2186 2397 2262 hujus
2442 2185 2716 2242 motionis
2755 2198 3004 2256 capaces.
3055 2203 3082 2233 »
3128 2181 3197 2235 Et

1828 2268 2085 2341 loquitur
2104 2266 2176 2324 de
2194 2271 2353 2324 motu
2374 2265 2731 2339 disponente,
2757 2268 2812 2320 et
2834 2266 3194 2336 praeparante

1822 2348 1899 2406 ad
1940 2347 2245 2424 justitiam,
2284 2353 2347 2403 ut
2385 2351 2603 2405 constat
2643 2361 2715 2403 ex
2741 2342 3035 2402 communi
3065 2357 3195 2398 om-

1828 2430 1996 2487 nium
2025 2433 2410 2502 interpretum
2436 2426 2813 2502 expositione.
2845 2426 2974 2480 Haec
3001 2427 3191 2480 autem

1828 2511 1977 2569 ratio
2002 2511 2177 2569 etiam
2202 2511 2417 2567 militat
2438 2510 2502 2566 in
2515 2505 2964 2565 sanctificatione
2979 2503 3190 2560 Christi

1826 2593 2060 2651 Domini
2097 2608 2199 2667 per
2237 2591 2487 2667 gratiam
2527 2589 2907 2653 habitualem,
2939 2591 3001 2642 ut
3029 2584 3193 2643 facile

1826 2674 2214 2733 consideranti
2239 2671 2543 2731 constabit.
2568 2674 2683 2728 Nec
2706 2675 2792 2728 est
2815 2668 3013 2727 eadem
3046 2667 3192 2724 ratio

1826 2758 1898 2816 de
1934 2755 2383 2815 sanctificatione
2430 2770 2532 2829 per
2570 2754 2931 2810 sanctitatem
2960 2752 3187 2807 increa-

1826 2846 1944 2899 tam
1987 2840 2386 2915 personalem;
2435 2836 2553 2894 haec
2590 2834 2747 2894 enim
2795 2830 3188 2891 substantialis

1823 2927 1927 2987 est,
1958 2927 2016 2978 et
2056 2921 2305 2994 pertinet
2340 2919 2412 2977 ad
2445 2933 2588 2985 esse,
2620 2915 3190 2986 communicaturque

1825 3002 2282 3077 independenter
2321 2999 2393 3059 ab
2434 3001 2558 3057 ulla
2602 2998 2977 3073 dispositione
3019 2994 3191 3051 liberi

1823 3083 2080 3141 arbitrii.
2128 3086 2199 3139 Et
2244 3083 2382 3140 hinc
2425 3081 2564 3138 satis
2615 3085 2766 3154 patet
2811 3077 2882 3134 ad
2933 3077 3190 3148 primum

1825 3167 2110 3223 motivum
2134 3165 2416 3239 praedictae
2436 3161 2845 3236 responsionis.
2865 3156 3190 3215 Secundum

1821 3248 2000 3305 etiam
2028 3246 2249 3303 nullius
2277 3244 2501 3302 roboris
2538 3248 2655 3311 est;
2686 3241 2820 3315 quia
2857 3237 3045 3314 gratia
3073 3252 3190 3294 non

1821 3329 2146 3386 dimanavit
2176 3327 2407 3401 physice
2445 3324 2518 3382 ab
2556 3323 2772 3381 unione
2812 3319 3184 3395 hypostatica,

1823 3411 1917 3468 vel
1944 3426 1978 3467 a
1999 3424 2242 3482 persona
2267 3406 2491 3473 divina,
2529 3420 2658 3461 cum
2690 3406 2895 3460 neutra
2922 3399 3190 3456 habuerit

1826 3492 2112 3550 rationem
2144 3491 2346 3547 formas
2373 3487 2638 3562 physicae,
2671 3491 2733 3541 ut
2760 3483 3189 3540 insinuavimus

1825 3582 1986 3632 tract.
2015 3573 2236 3648 proeced.
2260 3572 2403 3644 disp.
2434 3573 2490 3637 4,
2521 3568 2649 3625 dub.
2674 3569 2729 3634 6,
2760 3571 2816 3623 et
2841 3582 2943 3623 suo
2970 3565 3092 3622 loco
3117 3579 3188 3621 ex

1826 3655 2079 3730 professo
2100 3651 2484 3725 ostendemus.
2509 3648 2786 3705 Videatur
2812 3648 2987 3704 etiam
3009 3647 3189 3702 Gone-
3226 3654 3376 3697 eoum.

1825 3743 1915 3793 tus
1939 3737 2082 3808 disp.
2123 3736 2207 3803 12,
2233 3734 2299 3789 de
2319 3732 2609 3790 Incarnat.
2640 3736 2751 3787 art.
2792 3731 2838 3795 1,
2871 3744 3022 3784 num.
3053 3727 3146 3783 23.

1897 3818 1991 3874 89.
2017 3814 2273 3872 Tandem
2299 3817 2477 3888 potest
2499 3811 2736 3869 assertio
2759 3814 2955 3867 nostra
2974 3805 3187 3864 confir-

1823 4061 2043 4120 amoris
2063 4058 2379 4125 charitatis,
2404 4063 2461 4115 et
2479 4053 2846 4114 contritionis
2867 4050 3188 4126 dependere

1821 4143 2211 4202 essentialiter
2238 4159 2272 4199 a
2297 4139 2485 4216 grat-ia
2505 4136 2893 4195 sanctificante
2915 4141 3187 4207 tanquam

1823 4243 1859 4284 a
1899 4225 2184 4300 principio
2221 4222 2516 4291 effectiv03
2545 4236 2616 4279 ea
2638 4219 2848 4294 quippe
2887 4233 2921 4274 a
2962 4215 3187 4273 fortiori

1822 4306 2173 4365 confirmant
2219 4307 2557 4378 praesentem
2600 4300 2946 4366 doctrinam,
2970 4301 3028 4354 et
3052 4312 3187 4353 sua-

1821 4389 1980 4456 dent,
2010 4388 2158 4463 quod
2187 4386 2442 4462 praedicti
2469 4389 2626 4442 actus
2656 4383 2947 4454 nequeunt
2975 4394 3093 4435 non
3118 4378 3189 4435 de

1822 4469 1947 4544 lege
1973 4468 2272 4526 ordinaria
2292 4483 2326 4524 a
2353 4463 2621 4540 praedicta
2643 4462 2831 4537 gratia
2860 4458 3181 4534 procedere,

1822 4549 1893 4607 ad
1913 4566 2087 4623 quam
2114 4549 2289 4607 etiam
2332 4547 2395 4603 in
2424 4544 2615 4619 primo
2642 4540 2884 4598 instanti
2906 4538 3187 4613 J‘ustifica-

1820 4630 1998 4688 tionis
2025 4629 2356 4704 disponunt.
2388 4625 2495 4683 Sed
2521 4624 2656 4698 quia
2684 4623 2788 4678 illa
2815 4622 3032 4678 motiva
3075 4621 3187 4678 late

1820 4710 2201 4783 expendimus
2230 4711 2350 4767 loco
2377 4708 2562 4775 citat0,
2592 4708 2649 4763 et
2677 4702 3078 4775 responsiones
3102 4701 3186 4759 eis

1819 4791 2107 4849 adhibitas
2150 4790 2592 4854 confutavimus,
2623 4786 2762 4842 satis
2789 4783 2901 4841 erit
2929 4783 2991 4839 in
3034 4797 3184 4855 prae-

1819 4875 1970 4932 senti
1997 4890 2198 4933 eorum
2227 4871 2574 4931 memoriam
2602 4867 2856 4926 breviter
2884 4866 3177 4923 refricare.

1823 4956 2077 5014 Primum
2117 4955 2440 5013 desumitur
2477 4969 2550 5010 ex
2588 4968 2676 5020 eo,
2706 4946 2855 5024 quod
2882 4951 2947 5005 D.
2972 4943 3176 5004 Thom.
3213 4972 3372 5016 mmm,

1816 5036 2041 5103 asserit,
2106 5034 2524 5109 impossibilem
2590 5046 2712 5090 esse
2776 5027 3180 5087 remissionem

1819 5117 2029 5192 peccati
2081 5117 2290 5190 absque
2338 5113 2628 5172 infusione
2671 5111 2871 5187 gratiae
2920 5106 3181 5168 sanctifi-

3202 3799 3403 3891 Uritimum

1825 3898 1976 3955 mari
1999 3895 2271 3955 omnibus
2291 3894 2544 3963 motivis,
2571 3891 2778 3966 quibus
2798 3892 2939 3964 disp.
2964 3888 3183 3963 praeced.
3204 3849 3385 3958 ωὲιῖῗιῗᾷι

1821 3982 1951 4039 dub.
1983 3983 2038 4046 6,
2071 3980 2161 4036 usi
2190 3978 2427 4045 fuimus,
2457 3981 2523 4033 ut
2566 3973 2995 4033 ostenderemus
3035 3977 3190 4028 actus
3202 3957 3390 4043 ‘⁰35¹‘
