3647 5753
1369 445 1545 502 DISP.
1590 445 1711 513 vn,
1754 443 1920 503 DUB.
1963 444 2059 502 1v.
3010 442 3125 498 179·

88 641 207 698 ,ιιι-χ
243 620 547 693 pendetur
574 621 834 696 negando
855 623 1132 697 maJ‘orem
1154 620 1504 677 intellectam
1545 617 1615 674 de

88 689 231 783 taff-¹·
250 699 591 757 resistentia
619 702 851 774 proprie
876 700 1041 768 dicta,
1066 698 1349 759 elicienda
1374 699 1438 755 in
1467 712 1617 771 prae-

241 781 445 837 sentia
466 781 673 838 auxilii
700 783 955 847 efficacis,
987 788 1043 839 et
1067 778 1462 855 conjungenda
1484 793 1615 833 cum

94 857 393 929 Ans-illm
426 877 563 918 nam
602 865 927 937 oppositum
965 863 1124 921 docet
1165 866 1230 920 D.
1261 860 1617 936 Augustinus

241 942 347 999 ub.
382 942 449 997 de
474 953 699 1017 corrept.
727 952 776 999 et
796 948 1006 1015 qratia,
1039 963 1159 1017 cap.
1214 945 1276 999 14
1298 985 1311 1009 ,
1358 941 1455 997 ubi
1484 939 1566 996 ait
1598 961 1612 996 ε

247 1046 279 1076 α
322 1024 419 1080 Sic
443 1024 603 1080 enim
643 1025 809 1091 velle,
834 1031 890 1083 et
919 1025 1073 1082 nolle
1115 1025 1179 1080 in
1206 1021 1477 1089 volentis,
1513 1024 1612 1076 aut

245 1128 278 1158 «ι
325 1106 582 1163 nolentis
607 1112 692 1162 est
716 1113 1006 1178 potestate,
1041 1111 1102 1161 ut
1121 1105 1387 1161 divinam
1410 1104 1616 1160 volun-

249 1207 280 1238 α
323 1190 505 1243 tatem
547 1202 664 1244 non
708 1186 1007 1259 impediat,
1039 1202 1143 1244 nec
1168 1190 1398 1259 superet
1427 1189 1615 1257 potes-

246 1289 277 1319 «
322 1273 523 1325 tatem.
549 1268 709 1334 Quod
731 1267 843 1324 nisi
870 1268 1170 1326 credamus
1196 1267 1373 1339 (addit
1408 1269 1467 1322 in
1489 1265 1617 1322 En-

239 1351 616 1424 chirid..cap.
651 1352 763 1422 95),
809 1351 1167 1422 periclitatur
1198 1350 1386 1422 ipsum
1405 1353 1615 1406 nostrae

251 1453 280 1482 ι
327 1429 492 1487 Fidei
537 1431 911 1488 confessionis
950 1430 1185 1488 initium
1213 1472 1226 1496 ,
1256 1446 1368 1503 quo
1408 1445 1513 1486 nos
1552 1429 1615 1484 in

250 1534 280 1564 ιι
324 1513 511 1570 Deum
528 1515 757 1569 Patrem
772 1514 1227 1585 omnipotentem
1243 1511 1477 1570 credere
1490 1525 1617 1583 pro-

250 1617 281 1647 «
324 1593 585 1651 fitemur.
618 1615 644 1646 ι)
672 1594 893 1652 Etsatis
918 1599 1137 1650 constat
1156 1610 1229 1651 ex
1250 1609 1424 1667 supra
1451 1590 1617 1647 dictis

243 1678 281 1744 g
321 1677 379 1742 4,
414 1673 511 1730 ubi
534 1690 662 1731 cum
683 1673 883 1731 eodem
906 1675 963 1729 S.
987 1675 1222 1730 Doctore
1236 1671 1610 1737 ostendimus„

246 1756 437 1811 Deum
467 1753 679 1812 habere
705 1770 1039 1827 supremum
1079 1753 1408 1811 dominium
1443 1766 1614 1824 supra

248 1837 584 1893 voluntates
604 1841 848 1901 nostras,
873 1851 983 1907 quo
1007 1841 1189 1909 potest
1202 1834 1500 1892 efficaciter
1528 1832 1617 1888 fa-

249 1932 402 1983 eere,
430 1924 494 1972 ut
519 1917 768 1973 velimus
807 1914 1107 1988 quomodo,
1140 1920 1194 1973 et
1217 1915 1314 1971 ubi
1344 1912 1611 1979 voluerit,

249 1997 418 2053 salva
438 2012 667 2069 semper
689 1995 870 2052 nostri
893 1993 1122 2051 arbitrii
1142 1994 1428 2052 libertate.
1445 1993 1618 2066 Cujus

248 2078 516 2149 supremi
538 2074 784 2133 dominii
807 2075 1109 2131 efficaciam
1135 2075 1436 2148 participat
1458 2073 1619 2130 auxi·

254 2158 406 2212 lium
434 2156 650 2222 efficax,
683 2170 782 2228 per
809 2153 959 2227 quod
986 2154 1264 2220 defertur,
1297 2160 1353 2211 et
1397 2153 1619 2209 diffun-

250 2237 415 2294 ditur
446 2238 545 2294 Dei
576 2236 889 2310 imperium
924 2257 937 2291 ε
969 2235 1121 2293 unde
1148 2237 1373 2292 nullam
1403 2235 1619 2309 reperit

252 2322 318 2373 in
348 2320 648 2375 voluntate
677 2316 971 2383 duritiem,
1003 2314 1418 2382 obsistentium,
1449 2320 1503 2372 et
1533 2314 1617 2370 ri-

248 2415 475 2472 gorem,
501 2414 629 2470 quae
653 2413 771 2454 non
796 2402 1044 2470 superet,
1094 2402 1149 2452 et
1174 2395 1438 2453 devincat
1462 2438 1475 2462 ‚
1522 2410 1616 2452 re·

254 2479 573 2551 linquendo
602 2482 794 2532 tamen
820 2476 884 2531 in
911 2492 977 2532 ea
1004 2481 1334 2548 potestatem
1358 2473 1427 2532 ad
1448 2490 1618 2548 oppo-

251 2559 437 2613 situm
466 2559 529 2613 in
548 2572 719 2612 sensu
749 2554 954 2611 diviso,
987 2557 1163 2610 Datur
1191 2555 1350 2612 enim
1374 2554 1616 2627 praedic-

258 2648 385 2695 tum
421 2638 733 2703 auxilium,
776 2643 836 2692 ut
882 2638 1147 2694 voluntas
1177 2637 1530 2701 consentiat,
1560 2641 1619 2693 et

253 2722 577 2778 consentiat
624 2718 804 2775 libere
836 2724 935 2774 :et
977 2719 1115 2791 quia
1163 2734 1281 2775 non
1331 2722 1441 2774 stat
1469 2716 1617 2774 liber

251 2819 567 2862 consensus
612 2798 821 2873 absque
861 2805 1133 2872 potestate
1161 2799 1230 2855 ad
1259 2799 1610 2872 oppositum,

254 2891 566 2958 propterea
593 2882 878 2939 auxilium
912 2880 1107 2937 efficax
1129 2881 1209 2938 ita
1231 2882 1412 2937 infert
1437 2880 1616 2937 infal-

251 2967 506 3024 libiliter
556 2971 762 3031 actum,
809 2964 1193 3020 nihilominus
1213 2962 1611 3029 dissentiendi,

250 3052 341 3107 vel
394 3065 516 3107 non
557 3046 949 3105 consentiendi
999 3046 1330 3119 proximam
1368 3052 1616 3119 potesta-

252 3139 370 3189 tem
410 3132 726 3204 relinquat.

324 3211 413 3268 Ad
446 3212 701 3285 primam
730 3215 918 3266 autem
948 3207 1346 3283 probationem
1376 3209 1437 3264 in
1477 3223 1616 3264 con-

250 3295 510 3351 trarium
550 3290 854 3349 dicendum
881 3298 982 3357 est,
1008 3292 1157 3364 quod
1185 3292 1319 3347 licet
1346 3290 1617 3346 voluntas

251 3380 448 3431 creata
481 3373 687 3430 habeat
720 3372 993 3429 virtutem
1029 3374 1190 3429 velut
1227 3375 1617 3445 syncategore-

254 3457 465 3513 matice
482 3454 796 3523 infinitam,
822 3460 884 3509 ut
905 3454 1081 3526 possit
1104 3453 1369 3510 resistere
1382 3451 1619 3508 cuilibet

249 3539 444 3613 agenti
472 3542 663 3593 creato
687 3579 700 3602 ,
743 3541 800 3592 et
834 3535 1083 3592 refutare
1108 3533 1401 3607 quodlibet
1427 3532 1616 3607 objec-

252 3627 376 3675 tum
406 3617 521 3674 sibi
548 3633 678 3673 cum
702 3614 1092 3672 indifferentia
1115 3615 1492 3686 propositum
1520 3612 1616 3667 ni-

250 3701 578 3758 hilominus
606 3714 724 3754 non
752 3696 921 3754 habet
948 3702 1168 3752 tantam
1199 3695 1472 3751 virtutem
1500 3736 1513 3760 ,
1556 3699 1617 3750 ut

248 3779 690 3852 omnipotentiae
715 3778 815 3833 Dei
844 3791 1185 3833 consensum
1212 3774 1334 3848 ejus
1372 3773 1617 3830 efficaci-

253 3869 340 3918 ter
369 3859 695 3916 intendenti
740 3858 928 3914 valeat
966 3854 1259 3922 obsistere,
1286 3853 1384 3911 sed
1410 3854 1466 3910 ei
1492 3853 1616 3912 effi-

254 3945 469 4000 caciter
491 3941 746 3999 moventi
778 3938 1171 3995 infallibiliter
1210 3936 1355 3993 cedit
1384 3957 1397 3992 z
1430 3936 1616 4012 maJ’or

254 4024 470 4098 quippe
489 4027 574 4079 est
593 4022 780 4077 virtus
800 4019 999 4076 divina
1041 4033 1298 4082 movenS,
1325 4032 1498 4089 quam
1528 4016 1617 4072 vis

83 4110 221 4161 >Ans-
257 4105 518 4161 restitiva
538 4102 868 4159 voluntatis
896 4099 1060 4156 Unde
1082 4102 1145 4156 D.
1171 4102 1406 4171 August.
1422 4100 1482 4152 in
1501 4096 1619 4153 En-

254 4184 455 4240 chirid.
482 4201 605 4256 cap.
628 4184 720 4250 95,
743 4180 931 4254 inquit
958 4200 970 4234 ε
1002 4178 1152 4235 Tunc
1173 4193 1379 4249 nempe
1401 4178 1464 4232 in
1480 4176 1616 4233 bea-

254 4266 527 4331 titudine,
559 4265 830 4320 videbitur
856 4281 1023 4342 quam
1046 4278 1237 4317 verum
1263 4264 1355 4327 sit,
1387 4260 1530 4338 quod
1556 4262 1616 4314 in

256 4345 482 4402 Psalmo
501 4347 740 4411 canitur,
774 4343 921 4400 Deus
947 4349 1130 4396 autem
1159 4348 1339 4395 noster
1371 4342 1432 4395 in
1465 4339 1611 4406 coelo,

252 4435 301 4483 et
330 4430 389 4481 in
431 4434 579 4481 terra
617 4426 804 4480 omnia
848 4438 1187 4501 quascumque
1213 4421 1386 4476 voluit
1405 4461 1418 4484 ‚
1462 4421 1611 4493 fecit.

258 4507 415 4576 Quod
436 4509 622 4580 utique
641 4522 749 4560 non
773 4511 850 4559 est
876 4520 1084 4566 verum,
1109 4503 1160 4556 si
1185 4502 1377 4578 aliqua
1412 4500 1610 4565 voluit,

254 4597 304 4645 et
344 4607 455 4644 non
498 4589 626 4661 fecit
663 4606 680 4641 .·
716 4593 766 4641 et
816 4585 958 4663 quod
1000 4590 1078 4637 est
1120 4583 1403 4652 indiynius
1433 4624 1447 4648 ,
1499 4581 1616 4637 ideo

254 4687 363 4725 non
402 4670 554 4741 fecit,
610 4668 871 4745 quoniam
921 4682 987 4720 ne
1029 4665 1174 4735 fieret
1215 4662 1358 4739 quod
1408 4660 1616 4716 volebat

253 4752 595 4822 omnipotens
618 4791 631 4812 ‚
685 4747 943 4802 voluntas
997 4745 1244 4799 hominis
1305 4743 1613 4815 impedivit.

254 4835 323 4888 Et
361 4850 411 4889 c.
461 4831 556 4896 97,
606 4828 686 4885 ait
724 4849 738 4883 :
781 4825 918 4894 Quis
976 4832 1093 4879 tam
1133 4825 1296 4897 impie
1352 4822 1606 4895 desipiat,

252 4923 313 4970 ut
341 4913 493 4968 dicat
528 4908 706 4966 Deum
756 4908 937 4962 malas
985 4906 1270 4961 hominum
1307 4904 1616 4959 voluntates

251 4995 469 5068 (ntique
495 4989 853 5053 durissimas,
877 4994 936 5044 et
960 4986 1177 5042 divinae
1200 4984 1401 5058 gratize
1432 4981 1615 5039 obsis-

255 5076 456 5140 tentes,
490 5076 659 5142 atque
680 5067 984 5126 adversum
1008 5067 1189 5122 Deum
1216 5078 1276 5119 se
1296 5060 1615 5119 obfirman-

1750 619 1854 689 tes)
1876 634 2017 695 quas
2037 617 2288 684 voluerit,
2316 617 2535 695 quondo
2560 616 2814 682 voluerit,
2848 613 3124 690 quomoda
3157 667 3162 672 .

1748 700 2003 767 voluerit,
2023 700 2118 756 ubi
2132 701 2385 766 voluerit,
2404 702 2464 756 in
2483 700 2682 755 bonum
2698 717 2806 754 non
2819 714 2970 772 posse
2990 714 3112 752 con-

1747 788 1969 839 vertere.
2018 782 2319 839 Auxilium
2363 787 2553 837 autem
2583 779 2779 837 efficax
2807 779 3113 851 participat

1748 863 2045 931 virtutem,
2061 870 2118 921 et
2139 864 2452 937 imperium
2471 862 2570 919 Dei
2585 861 2872 919 moventis
2880 886 2894 928 ς
2912 874 3111 933 quam-

1747 944 1948 1004 obrem
1984 945 2238 1003 excludit
2279 946 2558 1003 actualem
2589 943 2976 1001 resistentiam
3003 957 3112 999 vo-

1747 1027 2006 1093 luntatis,
2028 1032 2084 1083 et
2105 1026 2283 1084 infert
2297 1024 2691 1082 infallibiliter
2713 1023 2966 1080 liberum
2991 1022 3114 1096 ejus

1746 1123 2108 1166 consensum.
2142 1106 2460 1164 videantur
2499 1122 2626 1179 quae
2666 1105 2924 1161 diximus
2948 1104 3114 1160 dubio

1744 1189 1966 1261 prceced.
1991 1192 2024 1259 5
2049 1190 2085 1243 4
2111 1197 2160 1243 et
2188 1190 2242 1256 5,
2268 1194 2325 1245 et
2352 1191 2413 1243 in
2432 1188 2532 1244 hoc
2552 1186 2680 1243 dub.
2706 1189 2736 1256 ἓ
2758 1188 2814 1252 4,
2841 1184 2942 1241 ubi
2964 1184 3116 1241 hanc

1747 1267 2075 1325 doctrinam
2104 1270 2218 1326 late
2237 1266 2737 1335 confirmavimus,
2762 1271 2818 1323 et
2835 1265 3116 1322 Adversa-

1749 1353 1974 1409 riorum
1994 1351 2206 1427 effugia
2234 1350 2647 1424 praeclusimuS.

1819 1431 1908 1488 Ad
1943 1431 2252 1489 secundam
2283 1431 2680 1505 probationem
2716 1444 2992 1504 negamus
3018 1444 3111 1485 se-

1746 1515 1978 1588 quelam
2008 1514 2357 1570 intellectam
2380 1513 2450 1570 de
2477 1512 2807 1570 necessitate
2828 1509 3110 1574 absoluta,

1747 1602 1803 1653 et
1844 1595 2181 1653 excludente
2221 1600 2555 1668 potestatem
2594 1593 2664 1650 ad
2692 1591 3016 1666 oppositum
3048 1591 3119 1647 in

1747 1692 1920 1733 sensu
1941 1675 2157 1743 diviso;
2204 1676 2479 1749 quoniam
2503 1674 2787 1731 auxilium
2810 1671 3006 1730 efficax
3029 1671 3114 1728 ita

1748 1760 1980 1829 superat
2009 1755 2394 1812 resistentiam
2438 1754 2718 1810 actualem
2772 1751 3106 1817 voluntatis,

1749 1835 2014 1893 faciendo
2041 1835 2225 1907 ipsam
2253 1834 2599 1900 consentire,
2629 1832 2776 1906 quod
2806 1847 2924 1889 non
2953 1830 3112 1904 peri—

1749 1923 1871 1973 mat
1884 1921 2215 1989 potestatem
2231 1913 2737 1979 dissentiendi,nec
2754 1912 2969 1969 inierat
2982 1925 3114 1968 con-

1748 2012 1984 2055 sensum
2024 2001 2296 2060 coactum,
2328 2000 2384 2051 et
2411 1994 2816 2058 necessarium,
2843 1991 2940 2050 sed
2962 1991 3114 2049 libe-

1752 2096 1884 2136 rum
1917 2102 1930 2136 ε
1960 2084 2151 2137 causat
2177 2078 2335 2134 enim
2384 2082 2501 2132 tam
2544 2074 2926 2131 substantiam
2974 2090 3114 2148 ope·

1753 2163 1995 2220 rationis
2021 2203 2033 2225 ,
2089 2175 2263 2232 quam
2313 2156 2550 2215 modum
2615 2154 2931 2220 libertatis;
2979 2153 3112 2210 cum

1751 2251 2059 2316 utrumque
2086 2239 2448 2297 contineatur
2479 2239 2540 2294 in
2568 2235 2992 2308 omnipotentia
3017 2234 3113 2292 di—

1748 2327 1909 2390 vina,
1941 2330 1997 2380 et
2035 2321 2198 2379 cadat
2226 2318 2331 2375 sub
2377 2319 2701 2375 intentione
2729 2317 2828 2372 Dei
2851 2314 3066 2373 efficaci
3092 2360 3108 2383 ,

1749 2421 1994 2479 quarum
2017 2404 2290 2459 virtutem
2316 2398 2647 2472 praedictum
2672 2397 2958 2454 auxilium
2983 2412 3109 2469 par·

1750 2485 1963 2558 ticipat.
1991 2482 2202 2539 Etideo
2229 2482 2331 2537 illo
2359 2479 2558 2553 posito,
2585 2479 2842 2552 sequitur
2864 2493 3108 2534 consen-

1748 2584 1845 2623 sus
1872 2565 2191 2622 necessario
2213 2561 2539 2619 necessitate
2563 2559 3021 2626 infallibilitatis,
3053 2564 3110 2616 et

1748 2647 2163 2720 consequentiae
2207 2645 2435 2719 logicae3
2479 2657 2596 2698 non
2638 2647 2832 2697 tamen
2861 2641 3109 2698 necessi-

1749 2733 1862 2785 tate
1887 2725 2283 2798 consequentis
2312 2768 2325 2791 ,
2376 2727 2434 2779 et
2475 2737 2575 2795 per
2615 2719 2851 2777 modum
2889 2724 3110 2776 naturae

1748 2806 2145 2864 determinatas
2167 2803 2236 2861 ad
2262 2819 2441 2860 unum
2471 2802 2535 2857 in
2563 2806 2686 2857 actu
2718 2800 2907 2873 primo
2941 2821 2953 2856 ε
2982 2815 3109 2872 quae

1748 2889 1871 2946 sola
1899 2886 2221 2953 necessitas,
2248 2890 2303 2941 et
2326 2900 2440 2941 non
2464 2883 2568 2938 illa
2585 2884 2762 2954 prior,
2783 2880 3110 2954 praejudicat

1749 2970 2026 3027 libertati.
2049 2971 2232 3034 Quam
2259 2966 2581 3024 doctrinam
2610 2963 2783 3020 tradit
2807 2965 2869 3020 D.
2897 2964 3105 3020 Thom.
3140 2968 3302 3013 D-'rho.

1749 3058 1935 3128 quaest.
1959 3050 2052 3116 23,
2084 3049 2147 3103 de
2207 3046 2443 3106 Veritate
2486 3052 2598 3103 art.
2624 3045 2658 3098 5
2679 3044 2754 3099 ad
2772 3044 2827 3109 4,
2855 3042 2946 3098 his
2973 3057 3108 3099 ver-

1749 3132 1839 3188 bis
1870 3153 1884 3188 :
1920 3154 1946 3185 α
1976 3131 2256 3187 Voluntas
2281 3127 2483 3183 divina
2520 3131 2605 3183 est
2644 3141 2819 3199 agens
2859 3124 3111 3181 fortissi-

1755 3235 1777 3265 α
1823 3228 2018 3278 mum;
2052 3209 2204 3266 unde
2229 3213 2450 3282 oportet
2469 3208 2590 3281 ejus
2614 3206 2876 3262 effectum
2904 3206 2958 3262 ei
2981 3222 3111 3263 om-

1755 3317 1781 3347 «
1825 3293 1998 3350 nibus
2020 3290 2207 3348 modis
2229 3288 2565 3353 assimilari,
2588 3291 2647 3342 ut
2669 3301 2785 3343 non
2807 3286 2996 3343 solum
3013 3285 3114 3343 fiat

1755 3400 1780 3431 «
1825 3374 1974 3449 quod
2006 3377 2154 3431 Deus
2180 3373 2307 3428 vult
2331 3370 2480 3437 fieri,
2511 3369 2659 3443 quod
2686 3374 2769 3425 est
2797 3368 3113 3426 assimilari

1756 3481 1781 3505 ‘e
1823 3455 2139 3514 secundum
2167 3452 2448 3526 speciem;
2479 3450 2577 3507 sed
2601 3456 2659 3505 ut
2701 3448 2798 3506 fiat
2825 3464 2892 3505 eo
2919 3446 3107 3517 mod0,

1756 3562 1780 3591 ιι
1822 3552 1936 3610 quo
1957 3539 2103 3592 Deus
2123 3534 2249 3590 vult
2271 3531 2416 3588 illud
2434 3529 2583 3598 fieri,
2603 3529 2746 3586 idest
2767 3529 3108 3596 necessari0,

1755 3640 1780 3671 «
1825 3617 1916 3673 vel
1942 3614 2360 3687 contingenter,
2393 3610 2522 3676 cite,
2552 3610 2640 3665 vel
2664 3606 2847 3664 tarde.
2880 3628 2905 3659 n
2939 3608 3009 3663 Et
3029 3608 3112 3664 si-

1749 3696 1919 3752 milia
1940 3692 2117 3749 tradit
2143 3697 2331 3769 quaest.
2358 3691 2453 3756 22,
2483 3696 2590 3744 art.
2631 3688 2685 3752 8,
2721 3691 2783 3741 ut
2806 3701 2982 3758 supra
3008 3702 3111 3743 ex-

1750 3774 2058 3849 pendimus
2085 3776 2116 3842 ἕ
2142 3773 2197 3840 3,
2246 3769 2341 3826 ubi
2387 3770 2534 3826 hanc
2570 3766 2892 3824 doctrinam
2941 3768 3111 3823 latius

1748 3853 2153 3929 expendimus,-

2327 4032 2359 4098 g
2399 4027 2545 4082 mv,
2603 4024 2612 4033 ·

1749 4183 2110 4256 Proponitur,
2141 4186 2189 4234 et
2231 4176 2550 4236 dissolvitur
2589 4179 2806 4228 seaetum
2845 4173 3111 4227 motivum

2159 4259 2397 4313 adversat
2415 4255 2708 4327 opinionis,

1820 4418 1952 4473 256.
1982 4412 2261 4489 Arguitur
2299 4416 2477 4475 sexto,
2521 4412 2579 4465 et
2597 4406 2774 4462 simul
2800 4404 3108 4480 impugna·
3138 4440 3313 4483 sextum

1748 4502 1845 4554 tur
1864 4495 2124 4553 doctrina
2151 4495 2182 4563 §
2206 4488 2543 4565 praecedenti
2572 4485 2809 4542 tradita:
2833 4485 3109 4556 quoniam
3156 4498 3274 4540 mu·

1748 4579 1798 4635 si
1817 4575 2087 4652 quaelibet
2125 4572 2381 4647 operatio
2406 4565 2687 4641 dependet
2724 4564 3112 4623 essentialiter
3126 4541 3321 4582 mentum.

1748 4676 1782 4717 a
1808 4671 2088 4715 concursu
2111 4654 2213 4710 Dei
2232 4651 2459 4719 efficaci,
2491 4653 2550 4705 et
2584 4644 2820 4719 praevio,
2852 4645 3111 4718 sequitur

1747 4737 1899 4814 quod
1927 4737 2102 4793 homo
2134 4747 2336 4789 carens
2378 4727 2647 4803 praedicto
2673 4741 2950 4782 concursu
2991 4741 3111 4784 non

1749 4820 1928 4894 possit
1946 4815 2337 4890 operationem
2365 4810 2574 4868 elicere
2606 4829 2620 4864 ι
2649 4821 3002 4880 consequens
3027 4814 3112 4866 est

1748 4896 2063 4957 absurdum
2099 4916 2112 4950 t
2141 4909 2278 4967 ergo
2301 4889 2604 4965 praedictus
2630 4902 2956 4956 concursus,
2989 4888 3113 4946 sive

1749 4977 2034 5037 auxilium
2074 4973 2268 5031 efficax
2315 4987 2433 5027 non
2481 4966 2818 5041 requiritur.
2868 4967 3113 5039 Sequela

1748 5057 1979 5116 videtur
2005 5052 2261 5121 evidens,
2292 5049 2427 5124 quia
2454 5048 2627 5105 homo
2661 5061 2778 5103 non
2804 5050 2889 5103 est
2912 5052 3115 5121 potens
