<?xml version="1.0" encoding="UTF-8"?>
<!DOCTYPE html PUBLIC "-//W3C//DTD XHTML 1.0 Transitional//EN"
    "http://www.w3.org/TR/xhtml1/DTD/xhtml1-transitional.dtd">
<html xmlns="http://www.w3.org/1999/xhtml" xml:lang="en" lang="en">
 <head>
  <title>
</title>
<meta http-equiv="Content-Type" content="text/html;charset=utf-8" />
  <meta name='ocr-system' content='tesseract 3.04.00' />
  <meta name='ocr-capabilities' content='ocr_page ocr_carea ocr_par ocr_line ocrx_word'/>
</head>
<body>
  <div class='ocr_page' id='page_1' title='image "./collegiisalmant00carmgoog_0587.png"; bbox 0 0 3647 5753; ppageno 0'>
   <div class='ocr_carea' id='block_1_1' title="bbox 49 4630 263 4676">
    <p class='ocr_par' dir='ltr' id='par_1_1' title="bbox 49 4630 263 4676">
     <span class='ocr_line' id='line_1_1' title="bbox 49 4630 263 4676; baseline -0.023 0"><span class='ocrx_word' id='word_1_1' title='bbox 49 4630 263 4676; x_wconf 75' lang='lat' dir='ltr'>Fulcitur</span> 
     </span>
    </p>
   </div>
   <div class='ocr_carea' id='block_1_2' title="bbox 78 4679 242 4735">
    <p class='ocr_par' dir='ltr' id='par_1_2' title="bbox 78 4679 242 4735">
     <span class='ocr_line' id='line_1_2' title="bbox 78 4679 242 4735; baseline -0.006 -9"><span class='ocrx_word' id='word_1_2' title='bbox 78 4679 242 4735; x_wconf 77' lang='lat' dir='ltr'>magis.</span> 
     </span>
    </p>
   </div>
   <div class='ocr_carea' id='block_1_3' title="bbox 1475 371 3147 449">
    <p class='ocr_par' dir='ltr' id='par_1_3' title="bbox 1475 371 3147 449">
     <span class='ocr_line' id='line_1_3' title="bbox 1475 371 3147 449; baseline 0.012 -25"><span class='ocrx_word' id='word_1_3' title='bbox 1475 371 1654 428; x_wconf 86' lang='lat' dir='ltr'>DISP.</span> <span class='ocrx_word' id='word_1_4' title='bbox 1695 372 1790 438; x_wconf 87' lang='lat'>111,</span> <span class='ocrx_word' id='word_1_5' title='bbox 1835 374 1999 431; x_wconf 92' lang='lat' dir='ltr'>DUB.</span> <span class='ocrx_word' id='word_1_6' title='bbox 2045 377 2141 432; x_wconf 87' lang='lat'>111.</span> <span class='ocrx_word' id='word_1_7' title='bbox 2186 445 2191 449; x_wconf 13' lang='grc' dir='ltr'><strong>ἢ</strong></span> <span class='ocrx_word' id='word_1_8' title='bbox 3032 390 3147 444; x_wconf 80' lang='lat'>565</span> 
     </span>
    </p>
   </div>
   <div class='ocr_carea' id='block_1_4' title="bbox 278 533 1648 4430">
    <p class='ocr_par' dir='ltr' id='par_1_4' title="bbox 278 533 1648 4430">
     <span class='ocr_line' id='line_1_4' title="bbox 288 533 1645 613; baseline 0.012 -30"><span class='ocrx_word' id='word_1_9' title='bbox 288 554 315 583; x_wconf 81' lang='lat'>«</span> <span class='ocrx_word' id='word_1_10' title='bbox 359 533 551 605; x_wconf 88' lang='lat' dir='ltr'>aliqua</span> <span class='ocrx_word' id='word_1_11' title='bbox 604 535 790 593; x_wconf 86' lang='lat' dir='ltr'>forma</span> <span class='ocrx_word' id='word_1_12' title='bbox 844 552 962 594; x_wconf 90' lang='lat' dir='ltr'>non</span> <span class='ocrx_word' id='word_1_13' title='bbox 1017 538 1207 596; x_wconf 89' lang='lat' dir='ltr'>subito</span> <span class='ocrx_word' id='word_1_14' title='bbox 1271 542 1645 613; x_wconf 83' lang='lat' dir='ltr'>imprimatur</span> 
     </span>
     <span class='ocr_line' id='line_1_5' title="bbox 287 613 1645 698; baseline 0.013 -34"><span class='ocrx_word' id='word_1_15' title='bbox 287 636 312 664; x_wconf 66' lang='grc' dir='ltr'>ι(</span> <span class='ocrx_word' id='word_1_16' title='bbox 358 613 625 687; x_wconf 86' lang='lat' dir='ltr'>subjecto,</span> <span class='ocrx_word' id='word_1_17' title='bbox 671 618 953 693; x_wconf 82' lang='lat' dir='ltr'>contingit</span> <span class='ocrx_word' id='word_1_18' title='bbox 991 635 1060 677; x_wconf 83' lang='lat' dir='ltr'>ex</span> <span class='ocrx_word' id='word_1_19' title='bbox 1090 621 1212 688; x_wconf 90' lang='lat' dir='ltr'>hoc,</span> <span class='ocrx_word' id='word_1_20' title='bbox 1245 624 1393 695; x_wconf 90' lang='lat' dir='ltr'>quod</span> <span class='ocrx_word' id='word_1_21' title='bbox 1421 623 1645 698; x_wconf 88' lang='lat' dir='ltr'>subjec-</span> 
     </span>
     <span class='ocr_line' id='line_1_6' title="bbox 290 700 1647 781; baseline 0.013 -33"><span class='ocrx_word' id='word_1_22' title='bbox 290 718 315 748; x_wconf 78' lang='grc' dir='ltr'>α</span> <span class='ocrx_word' id='word_1_23' title='bbox 358 701 481 753; x_wconf 87' lang='lat' dir='ltr'>tum</span> <span class='ocrx_word' id='word_1_24' title='bbox 507 713 624 756; x_wconf 89' lang='lat' dir='ltr'>non</span> <span class='ocrx_word' id='word_1_25' title='bbox 651 706 736 754; x_wconf 76' lang='lat' dir='ltr'>est</span> <span class='ocrx_word' id='word_1_26' title='bbox 762 700 1120 774; x_wconf 90' lang='lat' dir='ltr'>dispositum,</span> <span class='ocrx_word' id='word_1_27' title='bbox 1151 710 1207 762; x_wconf 91' lang='lat' dir='ltr'>et</span> <span class='ocrx_word' id='word_1_28' title='bbox 1233 721 1406 779; x_wconf 88' lang='lat' dir='ltr'>agens</span> <span class='ocrx_word' id='word_1_29' title='bbox 1428 706 1647 781; x_wconf 84' lang='lat' dir='ltr'>indiget</span> 
     </span>
     <span class='ocr_line' id='line_1_7' title="bbox 288 777 1639 859; baseline 0.01 -30"><span class='ocrx_word' id='word_1_30' title='bbox 288 798 315 829; x_wconf 86' lang='lat'>«</span> <span class='ocrx_word' id='word_1_31' title='bbox 354 779 612 849; x_wconf 87' lang='lat' dir='ltr'>tempore</span> <span class='ocrx_word' id='word_1_32' title='bbox 629 777 699 835; x_wconf 90' lang='lat' dir='ltr'>ad</span> <span class='ocrx_word' id='word_1_33' title='bbox 717 779 838 845; x_wconf 91' lang='lat' dir='ltr'>hoc,</span> <span class='ocrx_word' id='word_1_34' title='bbox 857 781 1006 852; x_wconf 91' lang='lat' dir='ltr'>quod</span> <span class='ocrx_word' id='word_1_35' title='bbox 1023 782 1338 857; x_wconf 81' lang='lat' dir='ltr'>subJ&#39;ectum</span> <span class='ocrx_word' id='word_1_36' title='bbox 1355 785 1639 859; x_wconf 83' lang='lat' dir='ltr'>disponat.</span> 
     </span>
     <span class='ocr_line' id='line_1_8' title="bbox 287 860 1644 938; baseline 0.013 -30"><span class='ocrx_word' id='word_1_37' title='bbox 287 880 313 910; x_wconf 82' lang='lat'>«</span> <span class='ocrx_word' id='word_1_38' title='bbox 357 860 584 916; x_wconf 87' lang='lat' dir='ltr'>Dictum</span> <span class='ocrx_word' id='word_1_39' title='bbox 612 866 698 917; x_wconf 91' lang='lat' dir='ltr'>est</span> <span class='ocrx_word' id='word_1_40' title='bbox 737 867 926 919; x_wconf 89' lang='lat' dir='ltr'>autem</span> <span class='ocrx_word' id='word_1_41' title='bbox 967 881 1160 937; x_wconf 90' lang='lat' dir='ltr'>supra,</span> <span class='ocrx_word' id='word_1_42' title='bbox 1208 866 1357 938; x_wconf 92' lang='lat' dir='ltr'>quod</span> <span class='ocrx_word' id='word_1_43' title='bbox 1399 870 1545 925; x_wconf 88' lang='lat' dir='ltr'>Deus</span> <span class='ocrx_word' id='word_1_44' title='bbox 1574 868 1644 925; x_wconf 88' lang='lat' dir='ltr'>ad</span> 
     </span>
     <span class='ocr_line' id='line_1_9' title="bbox 292 940 1644 1016; baseline 0.011 -24"><span class='ocrx_word' id='word_1_45' title='bbox 292 963 317 993; x_wconf 86' lang='lat'>«</span> <span class='ocrx_word' id='word_1_46' title='bbox 360 940 481 1009; x_wconf 91' lang='lat' dir='ltr'>hoc,</span> <span class='ocrx_word' id='word_1_47' title='bbox 536 949 595 998; x_wconf 90' lang='lat' dir='ltr'>ut</span> <span class='ocrx_word' id='word_1_48' title='bbox 640 944 887 1016; x_wconf 83' lang='lat' dir='ltr'>gratiam</span> <span class='ocrx_word' id='word_1_49' title='bbox 936 945 1207 1002; x_wconf 87' lang='lat' dir='ltr'>infundat</span> <span class='ocrx_word' id='word_1_50' title='bbox 1249 948 1480 1015; x_wconf 72' lang='lat' dir='ltr'>animm,</span> <span class='ocrx_word' id='word_1_51' title='bbox 1526 967 1644 1007; x_wconf 89' lang='lat' dir='ltr'>non</span> 
     </span>
     <span class='ocr_line' id='line_1_10' title="bbox 289 1025 1642 1104; baseline 0.01 -29"><span class='ocrx_word' id='word_1_52' title='bbox 289 1044 314 1074; x_wconf 75' lang='grc' dir='ltr'>κ</span> <span class='ocrx_word' id='word_1_53' title='bbox 360 1025 603 1097; x_wconf 88' lang='lat' dir='ltr'>requirit</span> <span class='ocrx_word' id='word_1_54' title='bbox 619 1026 871 1099; x_wconf 86' lang='lat' dir='ltr'>aliquam</span> <span class='ocrx_word' id='word_1_55' title='bbox 885 1027 1642 1104; x_wconf 90' lang='lat' dir='ltr'>dispositionem,nisiquam</span> 
     </span>
     <span class='ocr_line' id='line_1_11' title="bbox 288 1103 1646 1181; baseline 0.01 -26"><span class='ocrx_word' id='word_1_56' title='bbox 288 1125 313 1155; x_wconf 87' lang='lat'>«</span> <span class='ocrx_word' id='word_1_57' title='bbox 358 1103 479 1178; x_wconf 89' lang='lat' dir='ltr'>ipse</span> <span class='ocrx_word' id='word_1_58' title='bbox 518 1106 844 1164; x_wconf 78' lang='lat' dir='ltr'>facit..Cum</span> <span class='ocrx_word' id='word_1_59' title='bbox 887 1108 1063 1181; x_wconf 89' lang='lat' dir='ltr'>igitur</span> <span class='ocrx_word' id='word_1_60' title='bbox 1098 1111 1283 1166; x_wconf 85' lang='lat' dir='ltr'>virtus</span> <span class='ocrx_word' id='word_1_61' title='bbox 1325 1111 1531 1169; x_wconf 87' lang='lat' dir='ltr'>divina</span> <span class='ocrx_word' id='word_1_62' title='bbox 1569 1113 1646 1169; x_wconf 89' lang='lat' dir='ltr'>sit</span> 
     </span>
     <span class='ocr_line' id='line_1_12' title="bbox 290 1183 1644 1263; baseline 0.008 -26"><span class='ocrx_word' id='word_1_63' title='bbox 290 1206 315 1237; x_wconf 93' lang='lat'>«</span> <span class='ocrx_word' id='word_1_64' title='bbox 358 1183 607 1252; x_wconf 84' lang='lat' dir='ltr'>infinita,</span> <span class='ocrx_word' id='word_1_65' title='bbox 655 1192 833 1259; x_wconf 89' lang='lat' dir='ltr'>potest</span> <span class='ocrx_word' id='word_1_66' title='bbox 870 1205 1288 1263; x_wconf 83' lang='lat' dir='ltr'>quamcumque</span> <span class='ocrx_word' id='word_1_67' title='bbox 1336 1194 1644 1250; x_wconf 79' lang='lat' dir='ltr'>materiam</span> 
     </span>
     <span class='ocr_line' id='line_1_13' title="bbox 291 1267 1645 1349; baseline 0.007 -29"><span class='ocrx_word' id='word_1_68' title='bbox 291 1287 317 1318; x_wconf 77' lang='grc' dir='ltr'>α</span> <span class='ocrx_word' id='word_1_69' title='bbox 358 1272 573 1323; x_wconf 87' lang='lat' dir='ltr'>certam</span> <span class='ocrx_word' id='word_1_70' title='bbox 599 1267 788 1325; x_wconf 91' lang='lat' dir='ltr'>subito</span> <span class='ocrx_word' id='word_1_71' title='bbox 809 1268 1132 1341; x_wconf 84' lang='lat' dir='ltr'>disponere,</span> <span class='ocrx_word' id='word_1_72' title='bbox 1166 1278 1222 1329; x_wconf 91' lang='lat' dir='ltr'>et</span> <span class='ocrx_word' id='word_1_73' title='bbox 1250 1274 1433 1330; x_wconf 90' lang='lat' dir='ltr'>multo</span> <span class='ocrx_word' id='word_1_74' title='bbox 1462 1274 1645 1349; x_wconf 87' lang='lat' dir='ltr'>magis</span> 
     </span>
     <span class='ocr_line' id='line_1_14' title="bbox 292 1345 1645 1427; baseline 0.008 -27"><span class='ocrx_word' id='word_1_75' title='bbox 292 1367 317 1399; x_wconf 87' lang='lat'>«</span> <span class='ocrx_word' id='word_1_76' title='bbox 361 1345 611 1403; x_wconf 90' lang='lat' dir='ltr'>liberum</span> <span class='ocrx_word' id='word_1_77' title='bbox 635 1350 942 1406; x_wconf 81' lang='lat' dir='ltr'>arbitrium</span> <span class='ocrx_word' id='word_1_78' title='bbox 967 1352 1243 1419; x_wconf 77' lang='lat' dir='ltr'>hominiS,</span> <span class='ocrx_word' id='word_1_79' title='bbox 1269 1355 1428 1427; x_wconf 89' lang='lat' dir='ltr'>cujus</span> <span class='ocrx_word' id='word_1_80' title='bbox 1456 1361 1645 1411; x_wconf 89' lang='lat' dir='ltr'>motus</span> 
     </span>
     <span class='ocr_line' id='line_1_15' title="bbox 293 1431 1645 1501; baseline 0.01 -23"><span class='ocrx_word' id='word_1_81' title='bbox 293 1448 320 1478; x_wconf 77' lang='grc' dir='ltr'>α</span> <span class='ocrx_word' id='word_1_82' title='bbox 364 1435 543 1501; x_wconf 88' lang='lat' dir='ltr'>potest</span> <span class='ocrx_word' id='word_1_83' title='bbox 563 1446 682 1487; x_wconf 90' lang='lat' dir='ltr'>esse</span> <span class='ocrx_word' id='word_1_84' title='bbox 709 1431 1107 1489; x_wconf 81' lang='lat' dir='ltr'>instantaneus</span> <span class='ocrx_word' id='word_1_85' title='bbox 1133 1436 1447 1493; x_wconf 90' lang='lat' dir='ltr'>secundum</span> <span class='ocrx_word' id='word_1_86' title='bbox 1473 1442 1645 1494; x_wconf 89' lang='lat' dir='ltr'>natu-</span> 
     </span>
     <span class='ocr_line' id='line_1_16' title="bbox 292 1513 1647 1592; baseline 0.01 -30"><span class='ocrx_word' id='word_1_87' title='bbox 292 1531 319 1562; x_wconf 83' lang='lat'>«</span> <span class='ocrx_word' id='word_1_88' title='bbox 366 1525 511 1566; x_wconf 89' lang='lat' dir='ltr'>ram.</span> <span class='ocrx_word' id='word_1_89' title='bbox 539 1513 628 1568; x_wconf 88' lang='lat' dir='ltr'>Sic</span> <span class='ocrx_word' id='word_1_90' title='bbox 656 1513 829 1587; x_wconf 87' lang='lat' dir='ltr'>igitur</span> <span class='ocrx_word' id='word_1_91' title='bbox 844 1514 1176 1587; x_wconf 85' lang='lat' dir='ltr'>justificatio</span> <span class='ocrx_word' id='word_1_92' title='bbox 1199 1517 1452 1592; x_wconf 87' lang='lat' dir='ltr'>impiifit</span> <span class='ocrx_word' id='word_1_93' title='bbox 1479 1536 1511 1576; x_wconf 88' lang='lat' dir='ltr'>a</span> <span class='ocrx_word' id='word_1_94' title='bbox 1535 1522 1647 1577; x_wconf 90' lang='lat' dir='ltr'>Deo</span> 
     </span>
     <span class='ocr_line' id='line_1_17' title="bbox 293 1593 1647 1660; baseline 0.011 -17"><span class='ocrx_word' id='word_1_95' title='bbox 293 1614 318 1645; x_wconf 90' lang='lat'>«</span> <span class='ocrx_word' id='word_1_96' title='bbox 361 1593 425 1648; x_wconf 89' lang='lat' dir='ltr'>in</span> <span class='ocrx_word' id='word_1_97' title='bbox 454 1593 760 1650; x_wconf 70' lang='lat' dir='ltr'>instanti.»</span> <span class='ocrx_word' id='word_1_98' title='bbox 796 1599 916 1660; x_wconf 88' lang='lat' dir='ltr'>Quo</span> <span class='ocrx_word' id='word_1_99' title='bbox 938 1599 1058 1655; x_wconf 92' lang='lat' dir='ltr'>loco</span> <span class='ocrx_word' id='word_1_100' title='bbox 1077 1601 1316 1658; x_wconf 89' lang='lat' dir='ltr'>nomine</span> <span class='ocrx_word' id='word_1_101' title='bbox 1335 1601 1647 1659; x_wconf 85' lang='lat' dir='ltr'>infusionis</span> 
     </span>
     <span class='ocr_line' id='line_1_18' title="bbox 286 1675 1641 1753; baseline 0.008 -24"><span class='ocrx_word' id='word_1_102' title='bbox 286 1675 489 1747; x_wconf 81' lang='lat' dir='ltr'>gratiae</span> <span class='ocrx_word' id='word_1_103' title='bbox 526 1675 835 1749; x_wconf 83' lang='lat' dir='ltr'>significari</span> <span class='ocrx_word' id='word_1_104' title='bbox 882 1680 1129 1752; x_wconf 82' lang='lat' dir='ltr'>gratiam</span> <span class='ocrx_word' id='word_1_105' title='bbox 1169 1682 1641 1753; x_wconf 87' lang='lat' dir='ltr'>sanctificantem,</span> 
     </span>
     <span class='ocr_line' id='line_1_19' title="bbox 288 1754 1642 1835; baseline 0.008 -24"><span class='ocrx_word' id='word_1_106' title='bbox 288 1754 518 1812; x_wconf 84' lang='lat' dir='ltr'>videtur</span> <span class='ocrx_word' id='word_1_107' title='bbox 541 1773 641 1829; x_wconf 89' lang='lat' dir='ltr'>per</span> <span class='ocrx_word' id='word_1_108' title='bbox 666 1773 727 1814; x_wconf 92' lang='lat' dir='ltr'>se</span> <span class='ocrx_word' id='word_1_109' title='bbox 754 1765 954 1816; x_wconf 91' lang='lat' dir='ltr'>notum</span> <span class='ocrx_word' id='word_1_110' title='bbox 984 1783 996 1817; x_wconf 73' lang='grc' dir='ltr'><strong><em>ε</em></strong></span> <span class='ocrx_word' id='word_1_111' title='bbox 1027 1768 1148 1817; x_wconf 90' lang='lat' dir='ltr'>tum</span> <span class='ocrx_word' id='word_1_112' title='bbox 1175 1764 1310 1835; x_wconf 85' lang='lat' dir='ltr'>qnia</span> <span class='ocrx_word' id='word_1_113' title='bbox 1340 1766 1403 1821; x_wconf 94' lang='lat' dir='ltr'>D.</span> <span class='ocrx_word' id='word_1_114' title='bbox 1436 1765 1642 1822; x_wconf 90' lang='lat' dir='ltr'>Thom.</span> 
     </span>
     <span class='ocr_line' id='line_1_20' title="bbox 290 1838 1643 1918; baseline 0.007 -24"><span class='ocrx_word' id='word_1_115' title='bbox 290 1838 510 1902; x_wconf 90' lang='lat' dir='ltr'>asserit,</span> <span class='ocrx_word' id='word_1_116' title='bbox 560 1840 709 1913; x_wconf 89' lang='lat' dir='ltr'>quod</span> <span class='ocrx_word' id='word_1_117' title='bbox 759 1859 859 1914; x_wconf 75' lang='lat' dir='ltr'>per</span> <span class='ocrx_word' id='word_1_118' title='bbox 903 1860 1029 1900; x_wconf 88' lang='lat' dir='ltr'>eam</span> <span class='ocrx_word' id='word_1_119' title='bbox 1077 1846 1243 1918; x_wconf 88' lang='lat' dir='ltr'>culpa</span> <span class='ocrx_word' id='word_1_120' title='bbox 1293 1846 1643 1916; x_wconf 81' lang='lat' dir='ltr'>remittitur3</span> 
     </span>
     <span class='ocr_line' id='line_1_21' title="bbox 284 1918 1648 1999; baseline 0.008 -26"><span class='ocrx_word' id='word_1_121' title='bbox 284 1918 434 1991; x_wconf 90' lang='lat' dir='ltr'>quod</span> <span class='ocrx_word' id='word_1_122' title='bbox 487 1921 595 1976; x_wconf 89' lang='lat' dir='ltr'>nisi</span> <span class='ocrx_word' id='word_1_123' title='bbox 645 1922 964 1996; x_wconf 87' lang='lat' dir='ltr'>improprie</span> <span class='ocrx_word' id='word_1_124' title='bbox 1011 1929 1209 1999; x_wconf 91' lang='lat' dir='ltr'>nequit</span> <span class='ocrx_word' id='word_1_125' title='bbox 1248 1926 1534 1985; x_wconf 87' lang='lat' dir='ltr'>verificari</span> <span class='ocrx_word' id='word_1_126' title='bbox 1577 1926 1648 1984; x_wconf 90' lang='lat' dir='ltr'>de</span> 
     </span>
     <span class='ocr_line' id='line_1_22' title="bbox 284 2003 1646 2083; baseline 0.006 -26"><span class='ocrx_word' id='word_1_127' title='bbox 284 2003 501 2059; x_wconf 89' lang='lat' dir='ltr'>auxilio</span> <span class='ocrx_word' id='word_1_128' title='bbox 518 2007 858 2062; x_wconf 86' lang='lat' dir='ltr'>transeunti.</span> <span class='ocrx_word' id='word_1_129' title='bbox 886 2009 1034 2063; x_wconf 90' lang='lat' dir='ltr'>Tum</span> <span class='ocrx_word' id='word_1_130' title='bbox 1057 2010 1191 2082; x_wconf 90' lang='lat' dir='ltr'>quia</span> <span class='ocrx_word' id='word_1_131' title='bbox 1212 2010 1375 2066; x_wconf 87' lang='lat' dir='ltr'>illam</span> <span class='ocrx_word' id='word_1_132' title='bbox 1398 2010 1646 2083; x_wconf 87' lang='lat' dir='ltr'>gratiam</span> 
     </span>
     <span class='ocr_line' id='line_1_23' title="bbox 284 2081 1648 2162; baseline 0.007 -25"><span class='ocrx_word' id='word_1_133' title='bbox 284 2081 421 2138; x_wconf 90' lang='lat' dir='ltr'>dicit</span> <span class='ocrx_word' id='word_1_134' title='bbox 460 2100 581 2141; x_wconf 89' lang='lat' dir='ltr'>esse</span> <span class='ocrx_word' id='word_1_135' title='bbox 626 2085 915 2154; x_wconf 85' lang='lat' dir='ltr'>formam;</span> <span class='ocrx_word' id='word_1_136' title='bbox 968 2088 1073 2145; x_wconf 92' lang='lat' dir='ltr'>hoc</span> <span class='ocrx_word' id='word_1_137' title='bbox 1118 2091 1279 2146; x_wconf 90' lang='lat' dir='ltr'>enim</span> <span class='ocrx_word' id='word_1_138' title='bbox 1331 2091 1648 2162; x_wconf 87' lang='lat' dir='ltr'>important</span> 
     </span>
     <span class='ocr_line' id='line_1_24' title="bbox 286 2163 1641 2241; baseline 0.007 -23"><span class='ocrx_word' id='word_1_139' title='bbox 286 2163 391 2219; x_wconf 89' lang='lat' dir='ltr'>illa</span> <span class='ocrx_word' id='word_1_140' title='bbox 423 2165 643 2224; x_wconf 80' lang='lat' dir='ltr'>verba:</span> <span class='ocrx_word' id='word_1_141' title='bbox 688 2166 893 2225; x_wconf 69' lang='lat' dir='ltr'>Gratias</span> <span class='ocrx_word' id='word_1_142' title='bbox 931 2170 1141 2241; x_wconf 77' lang='lat' dir='ltr'>infusio</span> <span class='ocrx_word' id='word_1_143' title='bbox 1182 2171 1246 2237; x_wconf 75' lang='lat' dir='ltr'>fit</span> <span class='ocrx_word' id='word_1_144' title='bbox 1286 2174 1347 2226; x_wconf 88' lang='lat' dir='ltr'>in</span> <span class='ocrx_word' id='word_1_145' title='bbox 1387 2173 1641 2238; x_wconf 83' lang='lat' dir='ltr'>instanti,</span> 
     </span>
     <span class='ocr_line' id='line_1_25' title="bbox 286 2247 1645 2325; baseline 0.006 -26"><span class='ocrx_word' id='word_1_146' title='bbox 286 2247 418 2320; x_wconf 84' lang='lat' dir='ltr'>quia</span> <span class='ocrx_word' id='word_1_147' title='bbox 433 2248 573 2322; x_wconf 83' lang='lat' dir='ltr'>quod</span> <span class='ocrx_word' id='word_1_148' title='bbox 587 2249 779 2325; x_wconf 83' lang='lat' dir='ltr'>aliqua</span> <span class='ocrx_word' id='word_1_149' title='bbox 801 2251 1003 2322; x_wconf 81' lang='lat' dir='ltr'>forma,</span> <span class='ocrx_word' id='word_1_150' title='bbox 1023 2256 1122 2308; x_wconf 86' lang='lat' dir='ltr'>etc.</span> <span class='ocrx_word' id='word_1_151' title='bbox 1143 2252 1430 2308; x_wconf 84' lang='lat' dir='ltr'>auxilium</span> <span class='ocrx_word' id='word_1_152' title='bbox 1453 2257 1645 2310; x_wconf 88' lang='lat' dir='ltr'>autem</span> 
     </span>
     <span class='ocr_line' id='line_1_26' title="bbox 289 2324 1647 2406; baseline 0.007 -26"><span class='ocrx_word' id='word_1_153' title='bbox 289 2340 407 2380; x_wconf 89' lang='lat' dir='ltr'>non</span> <span class='ocrx_word' id='word_1_154' title='bbox 436 2324 606 2383; x_wconf 90' lang='lat' dir='ltr'>habet</span> <span class='ocrx_word' id='word_1_155' title='bbox 628 2330 909 2387; x_wconf 86' lang='lat' dir='ltr'>rationem</span> <span class='ocrx_word' id='word_1_156' title='bbox 940 2331 1140 2388; x_wconf 79' lang='lat' dir='ltr'>formae</span> <span class='ocrx_word' id='word_1_157' title='bbox 1164 2332 1224 2387; x_wconf 88' lang='lat' dir='ltr'>in</span> <span class='ocrx_word' id='word_1_158' title='bbox 1242 2330 1647 2406; x_wconf 85' lang='lat' dir='ltr'>justificatione</span> 
     </span>
     <span class='ocr_line' id='line_1_27' title="bbox 288 2404 1642 2485; baseline 0.008 -27"><span class='ocrx_word' id='word_1_159' title='bbox 288 2404 475 2476; x_wconf 90' lang='lat' dir='ltr'>impii,</span> <span class='ocrx_word' id='word_1_160' title='bbox 511 2413 570 2462; x_wconf 91' lang='lat' dir='ltr'>ut</span> <span class='ocrx_word' id='word_1_161' title='bbox 608 2424 678 2464; x_wconf 86' lang='lat' dir='ltr'>ex</span> <span class='ocrx_word' id='word_1_162' title='bbox 704 2425 764 2465; x_wconf 89' lang='lat' dir='ltr'>se</span> <span class='ocrx_word' id='word_1_163' title='bbox 810 2410 1006 2481; x_wconf 86' lang='lat' dir='ltr'>liquet.</span> <span class='ocrx_word' id='word_1_164' title='bbox 1053 2414 1219 2479; x_wconf 88' lang='lat' dir='ltr'>Tum,</span> <span class='ocrx_word' id='word_1_165' title='bbox 1253 2417 1310 2469; x_wconf 88' lang='lat' dir='ltr'>et</span> <span class='ocrx_word' id='word_1_166' title='bbox 1342 2412 1642 2485; x_wconf 86' lang='lat' dir='ltr'>praecipue,</span> 
     </span>
     <span class='ocr_line' id='line_1_28' title="bbox 287 2487 1646 2566; baseline 0.006 -26"><span class='ocrx_word' id='word_1_167' title='bbox 287 2487 424 2557; x_wconf 88' lang='lat' dir='ltr'>quia</span> <span class='ocrx_word' id='word_1_168' title='bbox 455 2487 708 2559; x_wconf 89' lang='lat' dir='ltr'>loquitur</span> <span class='ocrx_word' id='word_1_169' title='bbox 734 2489 804 2547; x_wconf 93' lang='lat' dir='ltr'>de</span> <span class='ocrx_word' id='word_1_170' title='bbox 825 2491 928 2547; x_wconf 88' lang='lat' dir='ltr'>illa</span> <span class='ocrx_word' id='word_1_171' title='bbox 952 2493 1156 2565; x_wconf 89' lang='lat' dir='ltr'>gratia,</span> <span class='ocrx_word' id='word_1_172' title='bbox 1193 2509 1296 2566; x_wconf 91' lang='lat' dir='ltr'>pro</span> <span class='ocrx_word' id='word_1_173' title='bbox 1315 2509 1427 2566; x_wconf 88' lang='lat' dir='ltr'>qua</span> <span class='ocrx_word' id='word_1_174' title='bbox 1451 2492 1646 2566; x_wconf 89' lang='lat' dir='ltr'>requi-</span> 
     </span>
     <span class='ocr_line' id='line_1_29' title="bbox 290 2566 1643 2641; baseline 0.006 -21"><span class='ocrx_word' id='word_1_175' title='bbox 290 2566 443 2622; x_wconf 87' lang='lat' dir='ltr'>ritur</span> <span class='ocrx_word' id='word_1_176' title='bbox 468 2566 784 2641; x_wconf 86' lang='lat' dir='ltr'>dispositio,</span> <span class='ocrx_word' id='word_1_177' title='bbox 815 2575 875 2625; x_wconf 88' lang='lat' dir='ltr'>ut</span> <span class='ocrx_word' id='word_1_178' title='bbox 899 2576 1119 2628; x_wconf 89' lang='lat' dir='ltr'>constat</span> <span class='ocrx_word' id='word_1_179' title='bbox 1144 2588 1215 2629; x_wconf 84' lang='lat' dir='ltr'>ex</span> <span class='ocrx_word' id='word_1_180' title='bbox 1254 2572 1376 2628; x_wconf 87' lang='lat' dir='ltr'>illis</span> <span class='ocrx_word' id='word_1_181' title='bbox 1405 2573 1598 2631; x_wconf 85' lang='lat' dir='ltr'>verbis</span> <span class='ocrx_word' id='word_1_182' title='bbox 1628 2594 1643 2629; x_wconf 74' lang='grc' dir='ltr'><strong><em>ε</em></strong></span> 
     </span>
     <span class='ocr_line' id='line_1_30' title="bbox 279 2645 1646 2728; baseline 0.006 -25"><span class='ocrx_word' id='word_1_183' title='bbox 279 2645 429 2703; x_wconf 84' lang='lat' dir='ltr'>Deus</span> <span class='ocrx_word' id='word_1_184' title='bbox 460 2648 537 2702; x_wconf 87' lang='lat' dir='ltr'>ad</span> <span class='ocrx_word' id='word_1_185' title='bbox 575 2650 689 2718; x_wconf 80' lang='lat' dir='ltr'>lzoc,</span> <span class='ocrx_word' id='word_1_186' title='bbox 745 2653 887 2728; x_wconf 81' lang='lat' dir='ltr'>quod</span> <span class='ocrx_word' id='word_1_187' title='bbox 919 2656 1164 2722; x_wconf 70' lang='lat' dir='ltr'>¹qratiam</span> <span class='ocrx_word' id='word_1_188' title='bbox 1206 2655 1492 2727; x_wconf 80' lang='lat' dir='ltr'>infundat,</span> <span class='ocrx_word' id='word_1_189' title='bbox 1536 2672 1646 2709; x_wconf 79' lang='lat' dir='ltr'>non</span> 
     </span>
     <span class='ocr_line' id='line_1_31' title="bbox 278 2729 1646 2814; baseline 0.006 -32"><span class='ocrx_word' id='word_1_190' title='bbox 278 2729 516 2806; x_wconf 75' lang='lat' dir='ltr'>requirit</span> <span class='ocrx_word' id='word_1_191' title='bbox 561 2732 811 2808; x_wconf 82' lang='lat' dir='ltr'>aliquam</span> <span class='ocrx_word' id='word_1_192' title='bbox 849 2734 1275 2806; x_wconf 63' lang='lat' dir='ltr'>dispositionem,</span> <span class='ocrx_word' id='word_1_193' title='bbox 1320 2753 1488 2814; x_wconf 84' lang='lat' dir='ltr'>quam</span> <span class='ocrx_word' id='word_1_194' title='bbox 1532 2737 1646 2809; x_wconf 83' lang='lat' dir='ltr'>ipse</span> 
     </span>
     <span class='ocr_line' id='line_1_32' title="bbox 282 2812 1646 2891; baseline 0.004 -25"><span class='ocrx_word' id='word_1_195' title='bbox 282 2828 391 2866; x_wconf 81' lang='lat' dir='ltr'>non</span> <span class='ocrx_word' id='word_1_196' title='bbox 430 2812 618 2885; x_wconf 81' lang='lat' dir='ltr'>facit:</span> <span class='ocrx_word' id='word_1_197' title='bbox 657 2815 942 2871; x_wconf 85' lang='lat' dir='ltr'>auxilium</span> <span class='ocrx_word' id='word_1_198' title='bbox 991 2821 1179 2873; x_wconf 89' lang='lat' dir='ltr'>autem</span> <span class='ocrx_word' id='word_1_199' title='bbox 1230 2833 1347 2874; x_wconf 90' lang='lat' dir='ltr'>non</span> <span class='ocrx_word' id='word_1_200' title='bbox 1393 2818 1646 2891; x_wconf 83' lang='lat' dir='ltr'>exposcit</span> 
     </span>
     <span class='ocr_line' id='line_1_33' title="bbox 280 2892 1645 2974; baseline 0.006 -26"><span class='ocrx_word' id='word_1_201' title='bbox 280 2892 735 2966; x_wconf 87' lang='lat' dir='ltr'>dispositionem,</span> <span class='ocrx_word' id='word_1_202' title='bbox 769 2895 913 2954; x_wconf 91' lang='lat' dir='ltr'>bene</span> <span class='ocrx_word' id='word_1_203' title='bbox 938 2905 1131 2955; x_wconf 89' lang='lat' dir='ltr'>autem</span> <span class='ocrx_word' id='word_1_204' title='bbox 1158 2899 1347 2974; x_wconf 87' lang='lat' dir='ltr'>gratia</span> <span class='ocrx_word' id='word_1_205' title='bbox 1374 2899 1645 2956; x_wconf 90' lang='lat' dir='ltr'>habitua-</span> 
     </span>
     <span class='ocr_line' id='line_1_34' title="bbox 280 2973 1639 3051; baseline 0.005 -22"><span class='ocrx_word' id='word_1_206' title='bbox 280 2973 353 3030; x_wconf 88' lang='lat' dir='ltr'>lis</span> <span class='ocrx_word' id='word_1_207' title='bbox 372 2973 751 3043; x_wconf 87' lang='lat' dir='ltr'>sanctificans,</span> <span class='ocrx_word' id='word_1_208' title='bbox 775 2982 835 3032; x_wconf 91' lang='lat' dir='ltr'>ut</span> <span class='ocrx_word' id='word_1_209' title='bbox 849 2983 1068 3035; x_wconf 90' lang='lat' dir='ltr'>constat</span> <span class='ocrx_word' id='word_1_210' title='bbox 1086 2994 1157 3035; x_wconf 84' lang='lat' dir='ltr'>ex</span> <span class='ocrx_word' id='word_1_211' title='bbox 1177 2979 1488 3051; x_wconf 78' lang='lat' dir='ltr'>quaestione</span> <span class='ocrx_word' id='word_1_212' title='bbox 1518 2982 1535 3036; x_wconf 95' lang='lat' dir='ltr'>l</span> <span class='ocrx_word' id='word_1_213' title='bbox 1556 2983 1639 3048; x_wconf 81' lang='lat'>12,</span> 
     </span>
     <span class='ocr_line' id='line_1_35' title="bbox 281 3057 1639 3131; baseline 0.005 -19"><span class='ocrx_word' id='word_1_214' title='bbox 281 3064 388 3113; x_wconf 85' lang='lat' dir='ltr'>art.</span> <span class='ocrx_word' id='word_1_215' title='bbox 416 3059 470 3123; x_wconf 79' lang='lat'>2,</span> <span class='ocrx_word' id='word_1_216' title='bbox 498 3057 568 3114; x_wconf 90' lang='lat' dir='ltr'>ad</span> <span class='ocrx_word' id='word_1_217' title='bbox 595 3075 765 3131; x_wconf 91' lang='lat' dir='ltr'>quem</span> <span class='ocrx_word' id='word_1_218' title='bbox 789 3062 975 3117; x_wconf 90' lang='lat' dir='ltr'>locum</span> <span class='ocrx_word' id='word_1_219' title='bbox 1006 3065 1067 3118; x_wconf 91' lang='lat' dir='ltr'>D.</span> <span class='ocrx_word' id='word_1_220' title='bbox 1095 3063 1348 3118; x_wconf 87' lang='lat' dir='ltr'>Thomas</span> <span class='ocrx_word' id='word_1_221' title='bbox 1377 3063 1639 3120; x_wconf 89' lang='lat' dir='ltr'>remittit.</span> 
     </span>
     <span class='ocr_line' id='line_1_36' title="bbox 280 3137 1645 3215; baseline 0.004 -22"><span class='ocrx_word' id='word_1_222' title='bbox 280 3138 361 3195; x_wconf 90' lang='lat' dir='ltr'>De</span> <span class='ocrx_word' id='word_1_223' title='bbox 385 3137 491 3195; x_wconf 91' lang='lat' dir='ltr'>hac</span> <span class='ocrx_word' id='word_1_224' title='bbox 529 3140 704 3214; x_wconf 86' lang='lat' dir='ltr'>igitur</span> <span class='ocrx_word' id='word_1_225' title='bbox 733 3142 918 3215; x_wconf 86' lang='lat' dir='ltr'>gratia</span> <span class='ocrx_word' id='word_1_226' title='bbox 946 3141 1359 3211; x_wconf 89' lang='lat' dir='ltr'>sanctificante,</span> <span class='ocrx_word' id='word_1_227' title='bbox 1392 3149 1448 3199; x_wconf 92' lang='lat' dir='ltr'>et</span> <span class='ocrx_word' id='word_1_228' title='bbox 1474 3143 1645 3200; x_wconf 89' lang='lat' dir='ltr'>habi-</span> 
     </span>
     <span class='ocr_line' id='line_1_37' title="bbox 279 3219 1645 3299; baseline 0.005 -25"><span class='ocrx_word' id='word_1_229' title='bbox 279 3219 423 3275; x_wconf 88' lang='lat' dir='ltr'>tuali</span> <span class='ocrx_word' id='word_1_230' title='bbox 453 3222 653 3277; x_wconf 89' lang='lat' dir='ltr'>asserit</span> <span class='ocrx_word' id='word_1_231' title='bbox 684 3224 746 3277; x_wconf 92' lang='lat' dir='ltr'>D.</span> <span class='ocrx_word' id='word_1_232' title='bbox 778 3223 985 3280; x_wconf 87' lang='lat' dir='ltr'>Thom.</span> <span class='ocrx_word' id='word_1_233' title='bbox 1026 3223 1176 3295; x_wconf 92' lang='lat' dir='ltr'>quod</span> <span class='ocrx_word' id='word_1_234' title='bbox 1214 3224 1279 3280; x_wconf 92' lang='lat' dir='ltr'>in</span> <span class='ocrx_word' id='word_1_235' title='bbox 1320 3226 1441 3299; x_wconf 86' lang='lat' dir='ltr'>ejus</span> <span class='ocrx_word' id='word_1_236' title='bbox 1482 3225 1645 3280; x_wconf 78' lang='lat' dir='ltr'>infu-</span> 
     </span>
     <span class='ocr_line' id='line_1_38' title="bbox 280 3299 1645 3379; baseline 0.005 -25"><span class='ocrx_word' id='word_1_237' title='bbox 280 3299 445 3357; x_wconf 88' lang='lat' dir='ltr'>sione</span> <span class='ocrx_word' id='word_1_238' title='bbox 484 3302 742 3357; x_wconf 86' lang='lat' dir='ltr'>consistit</span> <span class='ocrx_word' id='word_1_239' title='bbox 784 3304 1148 3378; x_wconf 81' lang='lat' dir='ltr'>originaliter</span> <span class='ocrx_word' id='word_1_240' title='bbox 1177 3309 1289 3361; x_wconf 91' lang='lat' dir='ltr'>tota</span> <span class='ocrx_word' id='word_1_241' title='bbox 1313 3304 1645 3379; x_wconf 81' lang='lat' dir='ltr'>justificatio</span> 
     </span>
     <span class='ocr_line' id='line_1_39' title="bbox 282 3381 1645 3455; baseline 0.004 -19"><span class='ocrx_word' id='word_1_242' title='bbox 282 3381 473 3453; x_wconf 89' lang='lat' dir='ltr'>impii,</span> <span class='ocrx_word' id='word_1_243' title='bbox 505 3387 560 3438; x_wconf 91' lang='lat' dir='ltr'>et</span> <span class='ocrx_word' id='word_1_244' title='bbox 586 3381 733 3454; x_wconf 92' lang='lat' dir='ltr'>quod</span> <span class='ocrx_word' id='word_1_245' title='bbox 761 3399 863 3455; x_wconf 90' lang='lat' dir='ltr'>per</span> <span class='ocrx_word' id='word_1_246' title='bbox 889 3402 1016 3442; x_wconf 91' lang='lat' dir='ltr'>eam</span> <span class='ocrx_word' id='word_1_247' title='bbox 1050 3383 1300 3441; x_wconf 89' lang='lat' dir='ltr'>liberum</span> <span class='ocrx_word' id='word_1_248' title='bbox 1331 3385 1645 3443; x_wconf 84' lang='lat' dir='ltr'>arbitrium</span> 
     </span>
     <span class='ocr_line' id='line_1_40' title="bbox 283 3466 1643 3542; baseline 0.004 -24"><span class='ocrx_word' id='word_1_249' title='bbox 283 3469 568 3520; x_wconf 89' lang='lat' dir='ltr'>movetur.</span> <span class='ocrx_word' id='word_1_250' title='bbox 598 3466 745 3539; x_wconf 86' lang='lat' dir='ltr'>Ergo</span> <span class='ocrx_word' id='word_1_251' title='bbox 768 3466 1071 3523; x_wconf 82' lang='lat' dir='ltr'>manifeste</span> <span class='ocrx_word' id='word_1_252' title='bbox 1089 3468 1368 3539; x_wconf 86' lang='lat' dir='ltr'>exprimit</span> <span class='ocrx_word' id='word_1_253' title='bbox 1391 3468 1643 3542; x_wconf 85' lang='lat' dir='ltr'>gratiam</span> 
     </span>
     <span class='ocr_line' id='line_1_41' title="bbox 285 3546 1647 3623; baseline 0.003 -21"><span class='ocrx_word' id='word_1_254' title='bbox 285 3546 736 3604; x_wconf 87' lang='lat' dir='ltr'>sanctificantem</span> <span class='ocrx_word' id='word_1_255' title='bbox 802 3564 924 3606; x_wconf 87' lang='lat' dir='ltr'>esse</span> <span class='ocrx_word' id='word_1_256' title='bbox 983 3550 1237 3620; x_wconf 90' lang='lat' dir='ltr'>priorem</span> <span class='ocrx_word' id='word_1_257' title='bbox 1302 3551 1647 3623; x_wconf 86' lang='lat' dir='ltr'>simpliciter</span> 
     </span>
     <span class='ocr_line' id='line_1_42' title="bbox 287 3626 1644 3702; baseline 0.004 -20"><span class='ocrx_word' id='word_1_258' title='bbox 287 3626 435 3690; x_wconf 87' lang='lat' dir='ltr'>aliis,</span> <span class='ocrx_word' id='word_1_259' title='bbox 460 3643 581 3700; x_wconf 81' lang='lat' dir='ltr'>qaae</span> <span class='ocrx_word' id='word_1_260' title='bbox 611 3627 681 3683; x_wconf 89' lang='lat' dir='ltr'>ad</span> <span class='ocrx_word' id='word_1_261' title='bbox 720 3629 888 3701; x_wconf 91' lang='lat' dir='ltr'>impii</span> <span class='ocrx_word' id='word_1_262' title='bbox 914 3626 1381 3702; x_wconf 85' lang='lat' dir='ltr'>justificationem</span> <span class='ocrx_word' id='word_1_263' title='bbox 1403 3646 1644 3687; x_wconf 89' lang='lat' dir='ltr'>concur-</span> 
     </span>
     <span class='ocr_line' id='line_1_43' title="bbox 289 3707 1646 3780; baseline 0.001 -17"><span class='ocrx_word' id='word_1_264' title='bbox 289 3711 445 3772; x_wconf 90' lang='lat' dir='ltr'>runt,</span> <span class='ocrx_word' id='word_1_265' title='bbox 477 3713 532 3764; x_wconf 88' lang='lat' dir='ltr'>et</span> <span class='ocrx_word' id='word_1_266' title='bbox 561 3709 706 3780; x_wconf 90' lang='lat' dir='ltr'>quod</span> <span class='ocrx_word' id='word_1_267' title='bbox 734 3715 926 3767; x_wconf 89' lang='lat' dir='ltr'>movet</span> <span class='ocrx_word' id='word_1_268' title='bbox 956 3708 1205 3765; x_wconf 91' lang='lat' dir='ltr'>liberum</span> <span class='ocrx_word' id='word_1_269' title='bbox 1235 3707 1545 3766; x_wconf 85' lang='lat' dir='ltr'>arbitrium</span> <span class='ocrx_word' id='word_1_270' title='bbox 1573 3709 1646 3767; x_wconf 89' lang='lat' dir='ltr'>ad</span> 
     </span>
     <span class='ocr_line' id='line_1_44' title="bbox 286 3788 1646 3862; baseline 0.002 -20"><span class='ocrx_word' id='word_1_271' title='bbox 286 3790 462 3852; x_wconf 76' lang='lat' dir='ltr'>actuS,</span> <span class='ocrx_word' id='word_1_272' title='bbox 514 3803 617 3859; x_wconf 89' lang='lat' dir='ltr'>per</span> <span class='ocrx_word' id='word_1_273' title='bbox 655 3805 793 3861; x_wconf 93' lang='lat' dir='ltr'>quos</span> <span class='ocrx_word' id='word_1_274' title='bbox 838 3789 1164 3862; x_wconf 88' lang='lat' dir='ltr'>disponitur</span> <span class='ocrx_word' id='word_1_275' title='bbox 1204 3793 1326 3843; x_wconf 91' lang='lat' dir='ltr'>tum</span> <span class='ocrx_word' id='word_1_276' title='bbox 1368 3788 1438 3844; x_wconf 88' lang='lat' dir='ltr'>ad</span> <span class='ocrx_word' id='word_1_277' title='bbox 1465 3789 1646 3862; x_wconf 89' lang='lat' dir='ltr'>ipsius</span> 
     </span>
     <span class='ocr_line' id='line_1_45' title="bbox 285 3867 1643 3941; baseline 0.002 -19"><span class='ocrx_word' id='word_1_278' title='bbox 285 3867 487 3941; x_wconf 64' lang='lat' dir='ltr'>gratias</span> <span class='ocrx_word' id='word_1_279' title='bbox 514 3870 950 3940; x_wconf 89' lang='lat' dir='ltr'>susceptionem,</span> <span class='ocrx_word' id='word_1_280' title='bbox 989 3875 1111 3924; x_wconf 89' lang='lat' dir='ltr'>tum</span> <span class='ocrx_word' id='word_1_281' title='bbox 1141 3868 1211 3924; x_wconf 90' lang='lat' dir='ltr'>ad</span> <span class='ocrx_word' id='word_1_282' title='bbox 1242 3869 1643 3927; x_wconf 90' lang='lat' dir='ltr'>remissionem</span> 
     </span>
     <span class='ocr_line' id='line_1_46' title="bbox 288 3950 1647 4026; baseline 0.003 -20"><span class='ocrx_word' id='word_1_283' title='bbox 288 3950 487 4022; x_wconf 62' lang='lat' dir='ltr'>culpas.</span> <span class='ocrx_word' id='word_1_284' title='bbox 508 3951 565 4006; x_wconf 90' lang='lat' dir='ltr'>Si</span> <span class='ocrx_word' id='word_1_285' title='bbox 590 3956 781 4008; x_wconf 88' lang='lat' dir='ltr'>autem</span> <span class='ocrx_word' id='word_1_286' title='bbox 804 3950 1130 4026; x_wconf 85' lang='lat' dir='ltr'>hujusmodi</span> <span class='ocrx_word' id='word_1_287' title='bbox 1150 3956 1304 4008; x_wconf 90' lang='lat' dir='ltr'>actus</span> <span class='ocrx_word' id='word_1_288' title='bbox 1326 3968 1357 4008; x_wconf 89' lang='lat' dir='ltr'>a</span> <span class='ocrx_word' id='word_1_289' title='bbox 1379 3954 1647 4025; x_wconf 82' lang='lat' dir='ltr'>praedicta</span> 
     </span>
     <span class='ocr_line' id='line_1_47' title="bbox 286 4032 1646 4106; baseline 0.004 -19"><span class='ocrx_word' id='word_1_290' title='bbox 286 4032 491 4106; x_wconf 88' lang='lat' dir='ltr'>gratia,</span> <span class='ocrx_word' id='word_1_291' title='bbox 524 4038 797 4105; x_wconf 71' lang='lat' dir='ltr'>tanqua-m</span> <span class='ocrx_word' id='word_1_292' title='bbox 826 4049 859 4089; x_wconf 88' lang='lat' dir='ltr'>a</span> <span class='ocrx_word' id='word_1_293' title='bbox 900 4033 1185 4106; x_wconf 88' lang='lat' dir='ltr'>principio</span> <span class='ocrx_word' id='word_1_294' title='bbox 1230 4033 1487 4092; x_wconf 79' lang='lat' dir='ltr'>effectivo</span> <span class='ocrx_word' id='word_1_295' title='bbox 1528 4052 1646 4094; x_wconf 89' lang='lat' dir='ltr'>non</span> 
     </span>
     <span class='ocr_line' id='line_1_48' title="bbox 287 4111 1646 4189; baseline 0.004 -21"><span class='ocrx_word' id='word_1_296' title='bbox 287 4111 677 4186; x_wconf 89' lang='lat' dir='ltr'>procederent,</span> <span class='ocrx_word' id='word_1_297' title='bbox 709 4115 956 4173; x_wconf 90' lang='lat' dir='ltr'>minime</span> <span class='ocrx_word' id='word_1_298' title='bbox 981 4112 1265 4171; x_wconf 87' lang='lat' dir='ltr'>verificari</span> <span class='ocrx_word' id='word_1_299' title='bbox 1293 4121 1492 4188; x_wconf 87' lang='lat' dir='ltr'>posset,</span> <span class='ocrx_word' id='word_1_300' title='bbox 1519 4117 1646 4189; x_wconf 87' lang='lat' dir='ltr'>jus-</span> 
     </span>
     <span class='ocr_line' id='line_1_49' title="bbox 288 4190 1642 4270; baseline 0.005 -23"><span class='ocrx_word' id='word_1_301' title='bbox 288 4190 660 4250; x_wconf 84' lang='lat' dir='ltr'>tificationem</span> <span class='ocrx_word' id='word_1_302' title='bbox 702 4195 869 4268; x_wconf 90' lang='lat' dir='ltr'>impii</span> <span class='ocrx_word' id='word_1_303' title='bbox 910 4195 1218 4252; x_wconf 90' lang='lat' dir='ltr'>consistere</span> <span class='ocrx_word' id='word_1_304' title='bbox 1256 4195 1642 4270; x_wconf 87' lang='lat' dir='ltr'>originaliter,</span> 
     </span>
     <span class='ocr_line' id='line_1_50' title="bbox 288 4275 1647 4352; baseline 0.003 -20"><span class='ocrx_word' id='word_1_305' title='bbox 288 4291 389 4332; x_wconf 85' lang='lat' dir='ltr'>seu</span> <span class='ocrx_word' id='word_1_306' title='bbox 407 4275 862 4348; x_wconf 89' lang='lat' dir='ltr'>primordialiter</span> <span class='ocrx_word' id='word_1_307' title='bbox 879 4279 941 4334; x_wconf 92' lang='lat' dir='ltr'>in</span> <span class='ocrx_word' id='word_1_308' title='bbox 964 4277 1255 4334; x_wconf 82' lang='lat' dir='ltr'>infusione</span> <span class='ocrx_word' id='word_1_309' title='bbox 1269 4277 1469 4352; x_wconf 81' lang='lat' dir='ltr'>gratiae</span> <span class='ocrx_word' id='word_1_310' title='bbox 1488 4295 1647 4336; x_wconf 90' lang='lat' dir='ltr'>sanc-</span> 
     </span>
     <span class='ocr_line' id='line_1_51' title="bbox 287 4353 1648 4430; baseline 0.005 -20"><span class='ocrx_word' id='word_1_311' title='bbox 287 4353 579 4423; x_wconf 83' lang='lat' dir='ltr'>tificantis,</span> <span class='ocrx_word' id='word_1_312' title='bbox 605 4363 660 4414; x_wconf 91' lang='lat' dir='ltr'>et</span> <span class='ocrx_word' id='word_1_313' title='bbox 679 4357 827 4430; x_wconf 92' lang='lat' dir='ltr'>quod</span> <span class='ocrx_word' id='word_1_314' title='bbox 850 4358 1100 4414; x_wconf 89' lang='lat' dir='ltr'>liberum</span> <span class='ocrx_word' id='word_1_315' title='bbox 1123 4358 1433 4415; x_wconf 88' lang='lat' dir='ltr'>arbitrium</span> <span class='ocrx_word' id='word_1_316' title='bbox 1456 4376 1648 4418; x_wconf 87' lang='lat' dir='ltr'>move-</span> 
     </span>
    </p>
   </div>
   <div class='ocr_carea' id='block_1_5' title="bbox 287 4436 1687 4515">
    <p class='ocr_par' dir='ltr' id='par_1_5' title="bbox 287 4436 1687 4515">
     <span class='ocr_line' id='line_1_52' title="bbox 287 4436 1687 4515; baseline 0.004 -21"><span class='ocrx_word' id='word_1_317' title='bbox 287 4442 450 4494; x_wconf 85' lang='lat' dir='ltr'>retur</span> <span class='ocrx_word' id='word_1_318' title='bbox 471 4454 571 4510; x_wconf 90' lang='lat' dir='ltr'>per</span> <span class='ocrx_word' id='word_1_319' title='bbox 598 4440 840 4497; x_wconf 91' lang='lat' dir='ltr'>eandem</span> <span class='ocrx_word' id='word_1_320' title='bbox 862 4441 1129 4515; x_wconf 83' lang='lat' dir='ltr'>gratiam,</span> <span class='ocrx_word' id='word_1_321' title='bbox 1156 4458 1258 4513; x_wconf 91' lang='lat' dir='ltr'>per</span> <span class='ocrx_word' id='word_1_322' title='bbox 1278 4458 1450 4515; x_wconf 90' lang='lat' dir='ltr'>quam</span> <span class='ocrx_word' id='word_1_323' title='bbox 1479 4436 1647 4515; x_wconf 80' lang='lat' dir='ltr'>culpa</span> <span class='ocrx_word' id='word_1_324' title='bbox 1686 4437 1687 4440; x_wconf 60' lang='grc'>’</span> 
     </span>
    </p>
   </div>
   <div class='ocr_carea' id='block_1_6' title="bbox 288 4519 1650 5085">
    <p class='ocr_par' dir='ltr' id='par_1_6' title="bbox 290 4519 1643 4588">
     <span class='ocr_line' id='line_1_53' title="bbox 290 4519 1643 4588; baseline 0.004 -13"><span class='ocrx_word' id='word_1_325' title='bbox 290 4519 628 4588; x_wconf 80' lang='lat' dir='ltr'>remittitur,</span> <span class='ocrx_word' id='word_1_326' title='bbox 657 4526 718 4576; x_wconf 89' lang='lat' dir='ltr'>ut</span> <span class='ocrx_word' id='word_1_327' title='bbox 740 4521 906 4579; x_wconf 87' lang='lat' dir='ltr'>facile</span> <span class='ocrx_word' id='word_1_328' title='bbox 926 4520 1314 4578; x_wconf 88' lang='lat' dir='ltr'>consideranti</span> <span class='ocrx_word' id='word_1_329' title='bbox 1342 4523 1643 4580; x_wconf 88' lang='lat' dir='ltr'>constabit.</span> 
     </span>
    </p>

    <p class='ocr_par' dir='ltr' id='par_1_7' title="bbox 288 4602 1650 5085">
     <span class='ocr_line' id='line_1_54' title="bbox 363 4602 1648 4680; baseline 0.005 -23"><span class='ocrx_word' id='word_1_330' title='bbox 363 4604 455 4658; x_wconf 91' lang='lat'>51.</span> <span class='ocrx_word' id='word_1_331' title='bbox 478 4602 864 4660; x_wconf 83' lang='lat' dir='ltr'>confirmatur</span> <span class='ocrx_word' id='word_1_332' title='bbox 878 4603 1141 4672; x_wconf 83' lang='lat' dir='ltr'>secunde,</span> <span class='ocrx_word' id='word_1_333' title='bbox 1166 4609 1222 4661; x_wconf 91' lang='lat' dir='ltr'>et</span> <span class='ocrx_word' id='word_1_334' title='bbox 1237 4604 1421 4662; x_wconf 91' lang='lat' dir='ltr'>adhuc</span> <span class='ocrx_word' id='word_1_335' title='bbox 1442 4623 1648 4680; x_wconf 88' lang='lat' dir='ltr'>urgen-</span> 
     </span>
     <span class='ocr_line' id='line_1_55' title="bbox 290 4682 1649 4759; baseline 0.004 -21"><span class='ocrx_word' id='word_1_336' title='bbox 290 4682 432 4750; x_wconf 87' lang='lat' dir='ltr'>tius;</span> <span class='ocrx_word' id='word_1_337' title='bbox 455 4683 591 4755; x_wconf 87' lang='lat' dir='ltr'>quia</span> <span class='ocrx_word' id='word_1_338' title='bbox 617 4685 683 4739; x_wconf 88' lang='lat' dir='ltr'>D.</span> <span class='ocrx_word' id='word_1_339' title='bbox 716 4684 759 4736; x_wconf 82' lang='lat' dir='ltr'>T</span> <span class='ocrx_word' id='word_1_340' title='bbox 764 4684 917 4740; x_wconf 92' lang='lat' dir='ltr'>hom.</span> <span class='ocrx_word' id='word_1_341' title='bbox 949 4686 1129 4740; x_wconf 84' lang='lat' dir='ltr'>eodem</span> <span class='ocrx_word' id='word_1_342' title='bbox 1152 4691 1264 4739; x_wconf 85' lang='lat' dir='ltr'>art.</span> <span class='ocrx_word' id='word_1_343' title='bbox 1287 4687 1343 4753; x_wconf 87' lang='lat'>7,</span> <span class='ocrx_word' id='word_1_344' title='bbox 1377 4687 1649 4759; x_wconf 90' lang='lat' dir='ltr'>proponit</span> 
     </span>
     <span class='ocr_line' id='line_1_56' title="bbox 289 4764 1644 4838; baseline 0.004 -21"><span class='ocrx_word' id='word_1_345' title='bbox 289 4768 559 4835; x_wconf 88' lang='lat' dir='ltr'>quartum</span> <span class='ocrx_word' id='word_1_346' title='bbox 608 4771 1013 4838; x_wconf 87' lang='lat' dir='ltr'>argumentum</span> <span class='ocrx_word' id='word_1_347' title='bbox 1060 4765 1124 4821; x_wconf 91' lang='lat' dir='ltr'>in</span> <span class='ocrx_word' id='word_1_348' title='bbox 1166 4766 1319 4821; x_wconf 90' lang='lat' dir='ltr'>hunc</span> <span class='ocrx_word' id='word_1_349' title='bbox 1360 4764 1644 4823; x_wconf 85' lang='lat' dir='ltr'>modum:</span> 
     </span>
     <span class='ocr_line' id='line_1_57' title="bbox 288 4843 1650 4926; baseline 0 -23"><span class='ocrx_word' id='word_1_350' title='bbox 288 4843 479 4903; x_wconf 83' lang='lat' dir='ltr'>Motus</span> <span class='ocrx_word' id='word_1_351' title='bbox 519 4845 675 4900; x_wconf 85' lang='lat' dir='ltr'>liberi</span> <span class='ocrx_word' id='word_1_352' title='bbox 711 4846 954 4912; x_wconf 84' lang='lat' dir='ltr'>arbitrii,</span> <span class='ocrx_word' id='word_1_353' title='bbox 980 4848 1078 4923; x_wconf 84' lang='lat' dir='ltr'>qui</span> <span class='ocrx_word' id='word_1_354' title='bbox 1104 4847 1178 4900; x_wconf 87' lang='lat' dir='ltr'>ad</span> <span class='ocrx_word' id='word_1_355' title='bbox 1194 4847 1650 4926; x_wconf 76' lang='lat' dir='ltr'>justificationem</span> 
     </span>
     <span class='ocr_line' id='line_1_58' title="bbox 290 4924 1644 4999; baseline 0.003 -20"><span class='ocrx_word' id='word_1_356' title='bbox 290 4925 455 4997; x_wconf 80' lang='lat' dir='ltr'>impii</span> <span class='ocrx_word' id='word_1_357' title='bbox 480 4924 739 4998; x_wconf 65' lang='lat' dir='ltr'>disponit,</span> <span class='ocrx_word' id='word_1_358' title='bbox 769 4934 845 4982; x_wconf 83' lang='lat' dir='ltr'>est</span> <span class='ocrx_word' id='word_1_359' title='bbox 871 4927 1218 4994; x_wconf 84' lang='lat' dir='ltr'>meritorius;</span> <span class='ocrx_word' id='word_1_360' title='bbox 1242 4933 1290 4981; x_wconf 82' lang='lat' dir='ltr'>et</span> <span class='ocrx_word' id='word_1_361' title='bbox 1319 4930 1400 4981; x_wconf 87' lang='lat' dir='ltr'>ita</span> <span class='ocrx_word' id='word_1_362' title='bbox 1420 4934 1644 4999; x_wconf 77' lang='lat' dir='ltr'>oportet,</span> 
     </span>
     <span class='ocr_line' id='line_1_59' title="bbox 291 5005 1646 5085; baseline 0.001 -23"><span class='ocrx_word' id='word_1_363' title='bbox 291 5006 436 5085; x_wconf 79' lang='lat' dir='ltr'>quod</span> <span class='ocrx_word' id='word_1_364' title='bbox 466 5008 727 5081; x_wconf 81' lang='lat' dir='ltr'>procedat</span> <span class='ocrx_word' id='word_1_365' title='bbox 761 5027 798 5064; x_wconf 88' lang='lat' dir='ltr'>a</span> <span class='ocrx_word' id='word_1_366' title='bbox 827 5009 1015 5079; x_wconf 70' lang='lat' dir='ltr'>qratia</span> <span class='ocrx_word' id='word_1_367' title='bbox 1041 5008 1259 5081; x_wconf 89' lang='lat' dir='ltr'>(utique</span> <span class='ocrx_word' id='word_1_368' title='bbox 1279 5005 1646 5083; x_wconf 84' lang='lat' dir='ltr'>justificante,</span> 
     </span>
    </p>
   </div>
   <div class='ocr_carea' id='block_1_7' title="bbox 1768 544 3163 1925">
    <p class='ocr_par' dir='ltr' id='par_1_8' title="bbox 1768 544 3163 1925">
     <span class='ocr_line' id='line_1_60' title="bbox 1778 544 3140 636; baseline 0.011 -36"><span class='ocrx_word' id='word_1_369' title='bbox 1778 544 1848 601; x_wconf 91' lang='lat' dir='ltr'>de</span> <span class='ocrx_word' id='word_1_370' title='bbox 1869 562 1980 617; x_wconf 90' lang='lat' dir='ltr'>qua</span> <span class='ocrx_word' id='word_1_371' title='bbox 2003 548 2254 620; x_wconf 87' lang='lat' dir='ltr'>loquitur</span> <span class='ocrx_word' id='word_1_372' title='bbox 2275 550 2340 606; x_wconf 90' lang='lat' dir='ltr'>in</span> <span class='ocrx_word' id='word_1_373' title='bbox 2360 567 2596 625; x_wconf 90' lang='lat' dir='ltr'>corpore</span> <span class='ocrx_word' id='word_1_374' title='bbox 2617 555 2868 626; x_wconf 86' lang='lat' dir='ltr'>articuli)</span> <span class='ocrx_word' id='word_1_375' title='bbox 2893 559 3010 614; x_wconf 81' lang='lat' dir='ltr'>sine</span> <span class='ocrx_word' id='word_1_376' title='bbox 3031 576 3140 636; x_wconf 83' lang='lat' dir='ltr'>qua</span> 
     </span>
     <span class='ocr_line' id='line_1_61' title="bbox 1778 627 3145 713; baseline 0.012 -32"><span class='ocrx_word' id='word_1_377' title='bbox 1778 627 1998 683; x_wconf 80' lang='lat' dir='ltr'>nullum</span> <span class='ocrx_word' id='word_1_378' title='bbox 2017 637 2092 684; x_wconf 84' lang='lat' dir='ltr'>cst</span> <span class='ocrx_word' id='word_1_379' title='bbox 2113 634 2389 699; x_wconf 82' lang='lat' dir='ltr'>meritum,</span> <span class='ocrx_word' id='word_1_380' title='bbox 2417 641 2477 689; x_wconf 86' lang='lat' dir='ltr'>ut</span> <span class='ocrx_word' id='word_1_381' title='bbox 2500 637 2658 709; x_wconf 79' lang='lat' dir='ltr'>infra</span> <span class='ocrx_word' id='word_1_382' title='bbox 2678 638 2888 693; x_wconf 82' lang='lat' dir='ltr'>dicetur</span> <span class='ocrx_word' id='word_1_383' title='bbox 2911 642 3145 713; x_wconf 87' lang='lat' dir='ltr'>(nempe</span> 
     </span>
     <span class='ocr_line' id='line_1_62' title="bbox 1779 713 3146 794; baseline 0.012 -32"><span class='ocrx_word' id='word_1_384' title='bbox 1779 715 1962 784; x_wconf 67' lang='lat' dir='ltr'>quaest.</span> <span class='ocrx_word' id='word_1_385' title='bbox 2015 713 2134 777; x_wconf 88' lang='lat'>114,</span> <span class='ocrx_word' id='word_1_386' title='bbox 2167 719 2276 769; x_wconf 87' lang='lat' dir='ltr'>art.</span> <span class='ocrx_word' id='word_1_387' title='bbox 2312 716 2366 780; x_wconf 81' lang='lat'>2,</span> <span class='ocrx_word' id='word_1_388' title='bbox 2398 713 2498 771; x_wconf 90' lang='lat' dir='ltr'>ubi</span> <span class='ocrx_word' id='word_1_389' title='bbox 2527 719 2593 772; x_wconf 91' lang='lat' dir='ltr'>D.</span> <span class='ocrx_word' id='word_1_390' title='bbox 2622 718 2826 776; x_wconf 89' lang='lat' dir='ltr'>Thom.</span> <span class='ocrx_word' id='word_1_391' title='bbox 2876 736 3045 794; x_wconf 89' lang='lat' dir='ltr'>agere</span> <span class='ocrx_word' id='word_1_392' title='bbox 3070 720 3146 778; x_wconf 86' lang='lat' dir='ltr'>de</span> 
     </span>
     <span class='ocr_line' id='line_1_63' title="bbox 1777 790 3143 867; baseline 0.01 -24"><span class='ocrx_word' id='word_1_393' title='bbox 1777 790 1964 862; x_wconf 86' lang='lat' dir='ltr'>gratia</span> <span class='ocrx_word' id='word_1_394' title='bbox 1979 791 2326 864; x_wconf 75' lang='lat' dir='ltr'>Justificante</span> <span class='ocrx_word' id='word_1_395' title='bbox 2345 802 2430 852; x_wconf 88' lang='lat' dir='ltr'>est</span> <span class='ocrx_word' id='word_1_396' title='bbox 2445 798 2840 867; x_wconf 89' lang='lat' dir='ltr'>manifestum,</span> <span class='ocrx_word' id='word_1_397' title='bbox 2867 808 2924 858; x_wconf 91' lang='lat' dir='ltr'>et</span> <span class='ocrx_word' id='word_1_398' title='bbox 2939 802 3143 859; x_wconf 90' lang='lat' dir='ltr'>docent</span> 
     </span>
     <span class='ocr_line' id='line_1_64' title="bbox 1777 873 3142 954; baseline 0.01 -30"><span class='ocrx_word' id='word_1_399' title='bbox 1777 873 2164 929; x_wconf 90' lang='lat' dir='ltr'>communiter</span> <span class='ocrx_word' id='word_1_400' title='bbox 2185 874 2307 947; x_wconf 88' lang='lat' dir='ltr'>ejus</span> <span class='ocrx_word' id='word_1_401' title='bbox 2336 875 2699 950; x_wconf 85' lang='lat' dir='ltr'>interpretes)</span> <span class='ocrx_word' id='word_1_402' title='bbox 2727 901 2740 935; x_wconf 75' lang='grc' dir='ltr'><strong><em>ε</em></strong></span> <span class='ocrx_word' id='word_1_403' title='bbox 2769 883 2861 936; x_wconf 83' lang='lat' dir='ltr'>sed</span> <span class='ocrx_word' id='word_1_404' title='bbox 2876 885 3039 954; x_wconf 79' lang='lat' dir='ltr'>prius</span> <span class='ocrx_word' id='word_1_405' title='bbox 3062 889 3142 937; x_wconf 81' lang='lat' dir='ltr'>cst</span> 
     </span>
     <span class='ocr_line' id='line_1_65' title="bbox 1778 950 3142 1035; baseline 0.01 -31"><span class='ocrx_word' id='word_1_406' title='bbox 1778 950 1996 1027; x_wconf 79' lang='lat' dir='ltr'>aliquid</span> <span class='ocrx_word' id='word_1_407' title='bbox 2034 957 2285 1031; x_wconf 79' lang='lat' dir='ltr'>consequi</span> <span class='ocrx_word' id='word_1_408' title='bbox 2321 957 2584 1028; x_wconf 82' lang='lat' dir='ltr'>sormam,</span> <span class='ocrx_word' id='word_1_409' title='bbox 2632 976 2798 1035; x_wconf 79' lang='lat' dir='ltr'>quam</span> <span class='ocrx_word' id='word_1_410' title='bbox 2845 962 3142 1017; x_wconf 77' lang='lat' dir='ltr'>secundum</span> 
     </span>
     <span class='ocr_line' id='line_1_66' title="bbox 1777 1032 3163 1113; baseline 0.009 -28"><span class='ocrx_word' id='word_1_411' title='bbox 1777 1032 2020 1104; x_wconf 79' lang='lat' dir='ltr'>forma-m</span> <span class='ocrx_word' id='word_1_412' title='bbox 2046 1038 2265 1108; x_wconf 82' lang='lat' dir='ltr'>operari</span> <span class='ocrx_word' id='word_1_413' title='bbox 2289 1054 2308 1089; x_wconf 92' lang='lat'>.·</span> <span class='ocrx_word' id='word_1_414' title='bbox 2332 1055 2455 1108; x_wconf 70' lang='lat' dir='ltr'>erqo</span> <span class='ocrx_word' id='word_1_415' title='bbox 2475 1042 2638 1111; x_wconf 83' lang='lat' dir='ltr'>prius</span> <span class='ocrx_word' id='word_1_416' title='bbox 2664 1042 2986 1107; x_wconf 80' lang='lat' dir='ltr'>infunditur</span> <span class='ocrx_word' id='word_1_417' title='bbox 3002 1060 3163 1113; x_wconf 63' lang='lat' dir='ltr'>=qra-⁴</span> 
     </span>
     <span class='ocr_line' id='line_1_67' title="bbox 1780 1115 3145 1189; baseline 0.01 -22"><span class='ocrx_word' id='word_1_418' title='bbox 1780 1115 1882 1178; x_wconf 83' lang='lat' dir='ltr'>tia,</span> <span class='ocrx_word' id='word_1_419' title='bbox 1918 1122 1967 1169; x_wconf 84' lang='lat' dir='ltr'>ct</span> <span class='ocrx_word' id='word_1_420' title='bbox 2005 1125 2189 1189; x_wconf 81' lang='lat' dir='ltr'>postca</span> <span class='ocrx_word' id='word_1_421' title='bbox 2216 1118 2445 1175; x_wconf 82' lang='lat' dir='ltr'>liberum</span> <span class='ocrx_word' id='word_1_422' title='bbox 2471 1121 2769 1178; x_wconf 78' lang='lat' dir='ltr'>arbitrium</span> <span class='ocrx_word' id='word_1_423' title='bbox 2808 1131 3055 1180; x_wconf 83' lang='lat' dir='ltr'>movetur</span> <span class='ocrx_word' id='word_1_424' title='bbox 3083 1127 3145 1181; x_wconf 86' lang='lat' dir='ltr'>in</span> 
     </span>
     <span class='ocr_line' id='line_1_68' title="bbox 1786 1193 3148 1275; baseline 0.007 -24"><span class='ocrx_word' id='word_1_425' title='bbox 1786 1193 1976 1260; x_wconf 87' lang='lat' dir='ltr'>Deum,</span> <span class='ocrx_word' id='word_1_426' title='bbox 2018 1199 2148 1252; x_wconf 83' lang='lat' dir='ltr'>etin</span> <span class='ocrx_word' id='word_1_427' title='bbox 2174 1198 2578 1255; x_wconf 78' lang='lat' dir='ltr'>detestationem</span> <span class='ocrx_word' id='word_1_428' title='bbox 2598 1205 2812 1275; x_wconf 83' lang='lat' dir='ltr'>peccati</span> <span class='ocrx_word' id='word_1_429' title='bbox 2838 1223 2856 1256; x_wconf 90' lang='lat'>.·</span> <span class='ocrx_word' id='word_1_430' title='bbox 2881 1222 2991 1259; x_wconf 80' lang='lat' dir='ltr'>non</span> <span class='ocrx_word' id='word_1_431' title='bbox 3018 1221 3148 1275; x_wconf 75' lang='lat' dir='ltr'>erqo</span> 
     </span>
     <span class='ocr_line' id='line_1_69' title="bbox 1768 1276 3147 1358; baseline 0.007 -27"><span class='ocrx_word' id='word_1_432' title='bbox 1768 1276 2102 1347; x_wconf 74' lang='lat' dir='ltr'>justificatio</span> <span class='ocrx_word' id='word_1_433' title='bbox 2144 1285 2222 1333; x_wconf 85' lang='lat' dir='ltr'>est</span> <span class='ocrx_word' id='word_1_434' title='bbox 2272 1286 2385 1335; x_wconf 87' lang='lat' dir='ltr'>tota</span> <span class='ocrx_word' id='word_1_435' title='bbox 2429 1282 2618 1338; x_wconf 81' lang='lat' dir='ltr'>simul.</span> <span class='ocrx_word' id='word_1_436' title='bbox 2659 1284 2761 1339; x_wconf 91' lang='lat' dir='ltr'>Cui</span> <span class='ocrx_word' id='word_1_437' title='bbox 2803 1289 3147 1358; x_wconf 84' lang='lat' dir='ltr'>argumento</span> 
     </span>
     <span class='ocr_line' id='line_1_70' title="bbox 1778 1355 3144 1438; baseline 0.008 -27"><span class='ocrx_word' id='word_1_438' title='bbox 1778 1355 2112 1413; x_wconf 86' lang='lat' dir='ltr'>Adversarii</span> <span class='ocrx_word' id='word_1_439' title='bbox 2175 1360 2356 1415; x_wconf 87' lang='lat' dir='ltr'>nostri</span> <span class='ocrx_word' id='word_1_440' title='bbox 2410 1362 2823 1434; x_wconf 85' lang='lat' dir='ltr'>responderent</span> <span class='ocrx_word' id='word_1_441' title='bbox 2879 1364 3144 1438; x_wconf 86' lang='lat' dir='ltr'>negando</span> 
     </span>
     <span class='ocr_line' id='line_1_71' title="bbox 1780 1437 3139 1516; baseline 0.007 -24"><span class='ocrx_word' id='word_1_442' title='bbox 1780 1437 2059 1511; x_wconf 84' lang='lat' dir='ltr'>majorem</span> <span class='ocrx_word' id='word_1_443' title='bbox 2088 1439 2272 1512; x_wconf 90' lang='lat' dir='ltr'>quoad</span> <span class='ocrx_word' id='word_1_444' title='bbox 2298 1442 2606 1499; x_wconf 88' lang='lat' dir='ltr'>secundam</span> <span class='ocrx_word' id='word_1_445' title='bbox 2649 1449 2904 1516; x_wconf 70' lang='lat' dir='ltr'>partem,</span> <span class='ocrx_word' id='word_1_446' title='bbox 2935 1446 3139 1501; x_wconf 84' lang='lat' dir='ltr'>existi-</span> 
     </span>
     <span class='ocr_line' id='line_1_72' title="bbox 1780 1520 3141 1600; baseline 0.008 -26"><span class='ocrx_word' id='word_1_447' title='bbox 1780 1524 1941 1575; x_wconf 89' lang='lat' dir='ltr'>mant</span> <span class='ocrx_word' id='word_1_448' title='bbox 1965 1520 2143 1589; x_wconf 90' lang='lat' dir='ltr'>enim,</span> <span class='ocrx_word' id='word_1_449' title='bbox 2165 1521 2314 1595; x_wconf 91' lang='lat' dir='ltr'>quod</span> <span class='ocrx_word' id='word_1_450' title='bbox 2337 1528 2397 1578; x_wconf 87' lang='lat' dir='ltr'>ut</span> <span class='ocrx_word' id='word_1_451' title='bbox 2421 1529 2576 1580; x_wconf 88' lang='lat' dir='ltr'>actus</span> <span class='ocrx_word' id='word_1_452' title='bbox 2603 1526 2810 1582; x_wconf 90' lang='lat' dir='ltr'>ultimo</span> <span class='ocrx_word' id='word_1_453' title='bbox 2832 1526 3141 1600; x_wconf 87' lang='lat' dir='ltr'>disponens</span> 
     </span>
     <span class='ocr_line' id='line_1_73' title="bbox 1781 1601 3146 1676; baseline 0.007 -18"><span class='ocrx_word' id='word_1_454' title='bbox 1781 1602 1852 1658; x_wconf 88' lang='lat' dir='ltr'>ad</span> <span class='ocrx_word' id='word_1_455' title='bbox 1870 1601 2338 1676; x_wconf 88' lang='lat' dir='ltr'>justificationem</span> <span class='ocrx_word' id='word_1_456' title='bbox 2361 1606 2437 1661; x_wconf 86' lang='lat' dir='ltr'>sit</span> <span class='ocrx_word' id='word_1_457' title='bbox 2457 1608 2811 1673; x_wconf 89' lang='lat' dir='ltr'>meritorius,</span> <span class='ocrx_word' id='word_1_458' title='bbox 2840 1625 2956 1665; x_wconf 92' lang='lat' dir='ltr'>non</span> <span class='ocrx_word' id='word_1_459' title='bbox 2979 1608 3146 1667; x_wconf 88' lang='lat' dir='ltr'>debet</span> 
     </span>
     <span class='ocr_line' id='line_1_74' title="bbox 1781 1686 3139 1764; baseline 0.005 -24"><span class='ocrx_word' id='word_1_460' title='bbox 1781 1686 2102 1742; x_wconf 89' lang='lat' dir='ltr'>necessario</span> <span class='ocrx_word' id='word_1_461' title='bbox 2129 1687 2433 1757; x_wconf 87' lang='lat' dir='ltr'>procedere</span> <span class='ocrx_word' id='word_1_462' title='bbox 2461 1705 2494 1745; x_wconf 88' lang='lat' dir='ltr'>a</span> <span class='ocrx_word' id='word_1_463' title='bbox 2518 1690 2706 1764; x_wconf 87' lang='lat' dir='ltr'>gratia</span> <span class='ocrx_word' id='word_1_464' title='bbox 2730 1689 3139 1757; x_wconf 88' lang='lat' dir='ltr'>sanctificante,</span> 
     </span>
     <span class='ocr_line' id='line_1_75' title="bbox 1779 1765 3151 1847; baseline 0.005 -25"><span class='ocrx_word' id='word_1_465' title='bbox 1779 1765 1880 1822; x_wconf 86' lang='lat' dir='ltr'>sed</span> <span class='ocrx_word' id='word_1_466' title='bbox 1924 1767 2062 1823; x_wconf 90' lang='lat' dir='ltr'>satis</span> <span class='ocrx_word' id='word_1_467' title='bbox 2098 1772 2201 1835; x_wconf 90' lang='lat' dir='ltr'>est,</span> <span class='ocrx_word' id='word_1_468' title='bbox 2245 1770 2396 1843; x_wconf 91' lang='lat' dir='ltr'>quod</span> <span class='ocrx_word' id='word_1_469' title='bbox 2441 1771 2550 1843; x_wconf 92' lang='lat' dir='ltr'>ipsi</span> <span class='ocrx_word' id='word_1_470' title='bbox 2597 1772 2888 1837; x_wconf 86' lang='lat' dir='ltr'>coexistat,</span> <span class='ocrx_word' id='word_1_471' title='bbox 2941 1779 2999 1830; x_wconf 92' lang='lat' dir='ltr'>et</span> <span class='ocrx_word' id='word_1_472' title='bbox 3046 1790 3151 1847; x_wconf 85' lang='lat' dir='ltr'>per</span> 
     </span>
     <span class='ocr_line' id='line_1_76' title="bbox 1782 1849 3146 1925; baseline 0.007 -22"><span class='ocrx_word' id='word_1_473' title='bbox 1782 1849 1946 1904; x_wconf 89' lang='lat' dir='ltr'>illam</span> <span class='ocrx_word' id='word_1_474' title='bbox 1977 1849 2322 1908; x_wconf 81' lang='lat' dir='ltr'>informetur</span> <span class='ocrx_word' id='word_1_475' title='bbox 2346 1876 2360 1919; x_wconf 90' lang='lat'>;</span> <span class='ocrx_word' id='word_1_476' title='bbox 2390 1857 2447 1909; x_wconf 92' lang='lat' dir='ltr'>et</span> <span class='ocrx_word' id='word_1_477' title='bbox 2475 1853 2579 1909; x_wconf 93' lang='lat' dir='ltr'>hoc</span> <span class='ocrx_word' id='word_1_478' title='bbox 2606 1858 2765 1925; x_wconf 89' lang='lat' dir='ltr'>pacto</span> <span class='ocrx_word' id='word_1_479' title='bbox 2792 1856 3021 1912; x_wconf 84' lang='lat' dir='ltr'>elevare</span> <span class='ocrx_word' id='word_1_480' title='bbox 3047 1872 3146 1913; x_wconf 90' lang='lat' dir='ltr'>co-</span> 
     </span>
    </p>
   </div>
   <div class='ocr_carea' id='block_1_8' title="bbox 1781 1933 3238 2010">
    <p class='ocr_par' dir='ltr' id='par_1_9' title="bbox 1781 1933 3238 2010">
     <span class='ocr_line' id='line_1_77' title="bbox 1781 1933 3238 2010; baseline 0.008 -25"><span class='ocrx_word' id='word_1_481' title='bbox 1781 1935 1997 1987; x_wconf 88' lang='lat' dir='ltr'>nantur</span> <span class='ocrx_word' id='word_1_482' title='bbox 2020 1933 2186 2005; x_wconf 88' lang='lat' dir='ltr'>plura</span> <span class='ocrx_word' id='word_1_483' title='bbox 2213 1936 2276 1989; x_wconf 93' lang='lat' dir='ltr'>D.</span> <span class='ocrx_word' id='word_1_484' title='bbox 2305 1934 2511 1991; x_wconf 90' lang='lat' dir='ltr'>Thom.</span> <span class='ocrx_word' id='word_1_485' title='bbox 2543 1937 2893 2003; x_wconf 86' lang='lat' dir='ltr'>testimonia,</span> <span class='ocrx_word' id='word_1_486' title='bbox 2920 1937 2984 1992; x_wconf 90' lang='lat' dir='ltr'>in</span> <span class='ocrx_word' id='word_1_487' title='bbox 3011 1940 3146 2010; x_wconf 86' lang='lat' dir='ltr'>qui·</span> <span class='ocrx_word' id='word_1_488' title='bbox 3235 2002 3238 2005; x_wconf 51' lang='grc'>,</span> 
     </span>
    </p>
   </div>
   <div class='ocr_carea' id='block_1_9' title="bbox 1777 2010 3167 5084">
    <p class='ocr_par' dir='ltr' id='par_1_10' title="bbox 1777 2010 3167 5084">
     <span class='ocr_line' id='line_1_78' title="bbox 1781 2010 3147 2086; baseline 0.006 -21"><span class='ocrx_word' id='word_1_489' title='bbox 1781 2010 1886 2066; x_wconf 90' lang='lat' dir='ltr'>bus</span> <span class='ocrx_word' id='word_1_490' title='bbox 1928 2010 2088 2067; x_wconf 88' lang='lat' dir='ltr'>docet</span> <span class='ocrx_word' id='word_1_491' title='bbox 2126 2013 2471 2086; x_wconf 85' lang='lat' dir='ltr'>oppositum.</span> <span class='ocrx_word' id='word_1_492' title='bbox 2518 2019 2797 2073; x_wconf 83' lang='lat' dir='ltr'>Caeterum</span> <span class='ocrx_word' id='word_1_493' title='bbox 2839 2020 2893 2073; x_wconf 91' lang='lat' dir='ltr'>S.</span> <span class='ocrx_word' id='word_1_494' title='bbox 2943 2018 3147 2074; x_wconf 88' lang='lat' dir='ltr'>Doctor</span> 
     </span>
     <span class='ocr_line' id='line_1_79' title="bbox 1782 2092 3147 2170; baseline 0.004 -23"><span class='ocrx_word' id='word_1_495' title='bbox 1782 2092 2002 2148; x_wconf 82' lang='lat' dir='ltr'>nonita</span> <span class='ocrx_word' id='word_1_496' title='bbox 2027 2093 2347 2166; x_wconf 87' lang='lat' dir='ltr'>respondet,</span> <span class='ocrx_word' id='word_1_497' title='bbox 2375 2094 2472 2151; x_wconf 89' lang='lat' dir='ltr'>sed</span> <span class='ocrx_word' id='word_1_498' title='bbox 2495 2096 2750 2153; x_wconf 89' lang='lat' dir='ltr'>concedit</span> <span class='ocrx_word' id='word_1_499' title='bbox 2767 2097 3066 2170; x_wconf 87' lang='lat' dir='ltr'>maj0rem,</span> <span class='ocrx_word' id='word_1_500' title='bbox 3088 2102 3147 2155; x_wconf 90' lang='lat' dir='ltr'>et</span> 
     </span>
     <span class='ocr_line' id='line_1_80' title="bbox 1780 2173 3148 2249; baseline 0.001 -19"><span class='ocrx_word' id='word_1_501' title='bbox 1780 2173 2096 2240; x_wconf 91' lang='lat' dir='ltr'>minorem,</span> <span class='ocrx_word' id='word_1_502' title='bbox 2143 2179 2200 2231; x_wconf 89' lang='lat' dir='ltr'>et</span> <span class='ocrx_word' id='word_1_503' title='bbox 2251 2175 2504 2246; x_wconf 89' lang='lat' dir='ltr'>primam</span> <span class='ocrx_word' id='word_1_504' title='bbox 2552 2179 3037 2249; x_wconf 89' lang='lat' dir='ltr'>consequentiam,</span> <span class='ocrx_word' id='word_1_505' title='bbox 3088 2183 3148 2234; x_wconf 91' lang='lat' dir='ltr'>et</span> 
     </span>
     <span class='ocr_line' id='line_1_81' title="bbox 1782 2255 3143 2336; baseline 0.001 -25"><span class='ocrx_word' id='word_1_506' title='bbox 1782 2260 1951 2329; x_wconf 89' lang='lat' dir='ltr'>negat</span> <span class='ocrx_word' id='word_1_507' title='bbox 1968 2255 2298 2312; x_wconf 88' lang='lat' dir='ltr'>secundam.</span> <span class='ocrx_word' id='word_1_508' title='bbox 2337 2278 2363 2309; x_wconf 85' lang='lat'>«</span> <span class='ocrx_word' id='word_1_509' title='bbox 2392 2257 2727 2324; x_wconf 90' lang='lat' dir='ltr'>Dicendum,</span> <span class='ocrx_word' id='word_1_510' title='bbox 2759 2261 2958 2336; x_wconf 81' lang='lat' dir='ltr'>inquit,</span> <span class='ocrx_word' id='word_1_511' title='bbox 2991 2257 3143 2331; x_wconf 90' lang='lat' dir='ltr'>quod</span> 
     </span>
     <span class='ocr_line' id='line_1_82' title="bbox 1785 2335 3145 2412; baseline 0.003 -23"><span class='ocrx_word' id='word_1_512' title='bbox 1785 2357 1810 2389; x_wconf 77' lang='grc' dir='ltr'>α</span> <span class='ocrx_word' id='word_1_513' title='bbox 1855 2336 1919 2392; x_wconf 92' lang='lat' dir='ltr'>in</span> <span class='ocrx_word' id='word_1_514' title='bbox 1947 2335 2147 2393; x_wconf 90' lang='lat' dir='ltr'>eodem</span> <span class='ocrx_word' id='word_1_515' title='bbox 2175 2337 2434 2404; x_wconf 89' lang='lat' dir='ltr'>instanti,</span> <span class='ocrx_word' id='word_1_516' title='bbox 2463 2338 2525 2394; x_wconf 90' lang='lat' dir='ltr'>in</span> <span class='ocrx_word' id='word_1_517' title='bbox 2547 2355 2658 2411; x_wconf 90' lang='lat' dir='ltr'>quo</span> <span class='ocrx_word' id='word_1_518' title='bbox 2679 2340 2866 2396; x_wconf 86' lang='lat' dir='ltr'>forma</span> <span class='ocrx_word' id='word_1_519' title='bbox 2889 2338 3145 2412; x_wconf 89' lang='lat' dir='ltr'>acquiri-</span> 
     </span>
     <span class='ocr_line' id='line_1_83' title="bbox 1785 2418 3145 2491; baseline 0.004 -21"><span class='ocrx_word' id='word_1_520' title='bbox 1785 2438 1811 2470; x_wconf 79' lang='lat'>«</span> <span class='ocrx_word' id='word_1_521' title='bbox 1855 2423 1968 2484; x_wconf 91' lang='lat' dir='ltr'>tur,</span> <span class='ocrx_word' id='word_1_522' title='bbox 2010 2418 2211 2491; x_wconf 87' lang='lat' dir='ltr'>incipit</span> <span class='ocrx_word' id='word_1_523' title='bbox 2257 2434 2347 2475; x_wconf 90' lang='lat' dir='ltr'>res</span> <span class='ocrx_word' id='word_1_524' title='bbox 2393 2420 2621 2491; x_wconf 91' lang='lat' dir='ltr'>operari</span> <span class='ocrx_word' id='word_1_525' title='bbox 2662 2418 2975 2477; x_wconf 88' lang='lat' dir='ltr'>secundum</span> <span class='ocrx_word' id='word_1_526' title='bbox 3018 2420 3145 2477; x_wconf 87' lang='lat' dir='ltr'>for-</span> 
     </span>
     <span class='ocr_line' id='line_1_84' title="bbox 1785 2498 3144 2575; baseline 0.006 -26"><span class='ocrx_word' id='word_1_527' title='bbox 1785 2517 1811 2549; x_wconf 80' lang='lat'>«</span> <span class='ocrx_word' id='word_1_528' title='bbox 1855 2513 2032 2554; x_wconf 89' lang='lat' dir='ltr'>mam.</span> <span class='ocrx_word' id='word_1_529' title='bbox 2061 2498 2216 2553; x_wconf 88' lang='lat' dir='ltr'>Sicut</span> <span class='ocrx_word' id='word_1_530' title='bbox 2242 2498 2394 2573; x_wconf 88' lang='lat' dir='ltr'>ignis</span> <span class='ocrx_word' id='word_1_531' title='bbox 2414 2501 2607 2556; x_wconf 87' lang='lat' dir='ltr'>statim</span> <span class='ocrx_word' id='word_1_532' title='bbox 2636 2517 2765 2557; x_wconf 88' lang='lat' dir='ltr'>cum</span> <span class='ocrx_word' id='word_1_533' title='bbox 2787 2505 2871 2558; x_wconf 90' lang='lat' dir='ltr'>est</span> <span class='ocrx_word' id='word_1_534' title='bbox 2897 2516 3144 2575; x_wconf 85' lang='lat' dir='ltr'>genera-</span> 
     </span>
     <span class='ocr_line' id='line_1_85' title="bbox 1784 2583 3142 2657; baseline 0.004 -25"><span class='ocrx_word' id='word_1_535' title='bbox 1784 2599 1810 2631; x_wconf 81' lang='lat'>«</span> <span class='ocrx_word' id='word_1_536' title='bbox 1854 2584 1965 2645; x_wconf 90' lang='lat' dir='ltr'>tus,</span> <span class='ocrx_word' id='word_1_537' title='bbox 2012 2587 2276 2636; x_wconf 89' lang='lat' dir='ltr'>movetur</span> <span class='ocrx_word' id='word_1_538' title='bbox 2314 2596 2546 2637; x_wconf 87' lang='lat' dir='ltr'>sursum</span> <span class='ocrx_word' id='word_1_539' title='bbox 2573 2606 2586 2650; x_wconf 89' lang='lat'>;</span> <span class='ocrx_word' id='word_1_540' title='bbox 2618 2588 2675 2639; x_wconf 89' lang='lat' dir='ltr'>et</span> <span class='ocrx_word' id='word_1_541' title='bbox 2712 2583 2762 2638; x_wconf 90' lang='lat' dir='ltr'>si</span> <span class='ocrx_word' id='word_1_542' title='bbox 2790 2588 2980 2639; x_wconf 91' lang='lat' dir='ltr'>motus</span> <span class='ocrx_word' id='word_1_543' title='bbox 3018 2583 3142 2657; x_wconf 86' lang='lat' dir='ltr'>ejus</span> 
     </span>
     <span class='ocr_line' id='line_1_86' title="bbox 1786 2661 3145 2729; baseline 0.005 -16"><span class='ocrx_word' id='word_1_544' title='bbox 1786 2679 1812 2712; x_wconf 79' lang='grc' dir='ltr'><strong>α</strong></span> <span class='ocrx_word' id='word_1_545' title='bbox 1854 2666 2003 2717; x_wconf 90' lang='lat' dir='ltr'>esset</span> <span class='ocrx_word' id='word_1_546' title='bbox 2052 2661 2486 2729; x_wconf 76' lang='lat' dir='ltr'>instantaneuS,</span> <span class='ocrx_word' id='word_1_547' title='bbox 2539 2663 2603 2720; x_wconf 90' lang='lat' dir='ltr'>in</span> <span class='ocrx_word' id='word_1_548' title='bbox 2655 2664 2853 2722; x_wconf 91' lang='lat' dir='ltr'>eodem</span> <span class='ocrx_word' id='word_1_549' title='bbox 2903 2664 3145 2721; x_wconf 90' lang='lat' dir='ltr'>instanti</span> 
     </span>
     <span class='ocr_line' id='line_1_87' title="bbox 1785 2741 3148 2813; baseline 0.005 -21"><span class='ocrx_word' id='word_1_550' title='bbox 1785 2761 1812 2792; x_wconf 86' lang='lat'>«</span> <span class='ocrx_word' id='word_1_551' title='bbox 1853 2741 2259 2813; x_wconf 90' lang='lat' dir='ltr'>compleretur.</span> <span class='ocrx_word' id='word_1_552' title='bbox 2279 2743 2468 2800; x_wconf 87' lang='lat' dir='ltr'>Motus</span> <span class='ocrx_word' id='word_1_553' title='bbox 2486 2749 2677 2800; x_wconf 88' lang='lat' dir='ltr'>autem</span> <span class='ocrx_word' id='word_1_554' title='bbox 2695 2744 2872 2801; x_wconf 88' lang='lat' dir='ltr'>liberi</span> <span class='ocrx_word' id='word_1_555' title='bbox 2897 2744 3148 2811; x_wconf 89' lang='lat' dir='ltr'>arbitrii,</span> 
     </span>
     <span class='ocr_line' id='line_1_88' title="bbox 1786 2820 3153 2893; baseline 0.006 -20"><span class='ocrx_word' id='word_1_556' title='bbox 1786 2841 1811 2873; x_wconf 82' lang='grc' dir='ltr'>α</span> <span class='ocrx_word' id='word_1_557' title='bbox 1853 2820 1951 2893; x_wconf 91' lang='lat' dir='ltr'>qui</span> <span class='ocrx_word' id='word_1_558' title='bbox 1973 2826 2057 2878; x_wconf 90' lang='lat' dir='ltr'>est</span> <span class='ocrx_word' id='word_1_559' title='bbox 2079 2823 2246 2891; x_wconf 86' lang='lat' dir='ltr'>velle,</span> <span class='ocrx_word' id='word_1_560' title='bbox 2272 2838 2390 2880; x_wconf 91' lang='lat' dir='ltr'>non</span> <span class='ocrx_word' id='word_1_561' title='bbox 2409 2829 2493 2880; x_wconf 89' lang='lat' dir='ltr'>est</span> <span class='ocrx_word' id='word_1_562' title='bbox 2512 2827 2881 2891; x_wconf 87' lang='lat' dir='ltr'>successivus,</span> <span class='ocrx_word' id='word_1_563' title='bbox 2905 2824 3003 2882; x_wconf 89' lang='lat' dir='ltr'>sed</span> <span class='ocrx_word' id='word_1_564' title='bbox 3027 2825 3153 2881; x_wconf 89' lang='lat' dir='ltr'>ins-</span> 
     </span>
     <span class='ocr_line' id='line_1_89' title="bbox 1786 2903 3149 2980; baseline 0.006 -26"><span class='ocrx_word' id='word_1_565' title='bbox 1786 2923 1812 2954; x_wconf 79' lang='grc' dir='ltr'>α</span> <span class='ocrx_word' id='word_1_566' title='bbox 1856 2907 2182 2959; x_wconf 88' lang='lat' dir='ltr'>tantaneus.</span> <span class='ocrx_word' id='word_1_567' title='bbox 2203 2905 2273 2959; x_wconf 90' lang='lat' dir='ltr'>Et</span> <span class='ocrx_word' id='word_1_568' title='bbox 2293 2903 2420 2962; x_wconf 94' lang='lat' dir='ltr'>ideo</span> <span class='ocrx_word' id='word_1_569' title='bbox 2443 2921 2559 2961; x_wconf 93' lang='lat' dir='ltr'>non</span> <span class='ocrx_word' id='word_1_570' title='bbox 2586 2911 2828 2979; x_wconf 90' lang='lat' dir='ltr'>oportet,</span> <span class='ocrx_word' id='word_1_571' title='bbox 2853 2904 3002 2978; x_wconf 88' lang='lat' dir='ltr'>quod</span> <span class='ocrx_word' id='word_1_572' title='bbox 3020 2907 3149 2980; x_wconf 86' lang='lat' dir='ltr'>jus-</span> 
     </span>
     <span class='ocr_line' id='line_1_90' title="bbox 1783 2983 3146 3059; baseline 0.006 -21"><span class='ocrx_word' id='word_1_573' title='bbox 1783 3004 1809 3036; x_wconf 78' lang='lat'>«</span> <span class='ocrx_word' id='word_1_574' title='bbox 1851 2983 2086 3042; x_wconf 87' lang='lat' dir='ltr'>tificatio</span> <span class='ocrx_word' id='word_1_575' title='bbox 2126 2986 2295 3059; x_wconf 90' lang='lat' dir='ltr'>impii</span> <span class='ocrx_word' id='word_1_576' title='bbox 2334 2988 2411 3043; x_wconf 91' lang='lat' dir='ltr'>sit</span> <span class='ocrx_word' id='word_1_577' title='bbox 2449 2990 2780 3045; x_wconf 83' lang='lat' dir='ltr'>successiva.</span> <span class='ocrx_word' id='word_1_578' title='bbox 2816 3009 2841 3039; x_wconf 68' lang='grc' dir='ltr'>ι)</span> <span class='ocrx_word' id='word_1_579' title='bbox 2892 2987 2998 3043; x_wconf 90' lang='lat' dir='ltr'>Ubi</span> <span class='ocrx_word' id='word_1_580' title='bbox 3029 2987 3146 3046; x_wconf 89' lang='lat' dir='ltr'>duo</span> 
     </span>
     <span class='ocr_line' id='line_1_91' title="bbox 1780 3062 3144 3140; baseline 0.002 -19"><span class='ocrx_word' id='word_1_581' title='bbox 1780 3062 2152 3137; x_wconf 87' lang='lat' dir='ltr'>ponderanda</span> <span class='ocrx_word' id='word_1_582' title='bbox 2190 3071 2345 3122; x_wconf 89' lang='lat' dir='ltr'>sunt.</span> <span class='ocrx_word' id='word_1_583' title='bbox 2392 3067 2617 3131; x_wconf 85' lang='lat' dir='ltr'>Primo,</span> <span class='ocrx_word' id='word_1_584' title='bbox 2663 3067 2813 3140; x_wconf 91' lang='lat' dir='ltr'>quod</span> <span class='ocrx_word' id='word_1_585' title='bbox 2852 3066 3144 3140; x_wconf 88' lang='lat' dir='ltr'>superflue</span> 
     </span>
     <span class='ocr_line' id='line_1_92' title="bbox 1780 3144 3147 3219; baseline 0.002 -18"><span class='ocrx_word' id='word_1_586' title='bbox 1780 3144 2070 3202; x_wconf 88' lang='lat' dir='ltr'>laboraret</span> <span class='ocrx_word' id='word_1_587' title='bbox 2087 3147 2150 3201; x_wconf 93' lang='lat' dir='ltr'>D.</span> <span class='ocrx_word' id='word_1_588' title='bbox 2167 3146 2373 3203; x_wconf 89' lang='lat' dir='ltr'>Thom.</span> <span class='ocrx_word' id='word_1_589' title='bbox 2402 3146 2464 3203; x_wconf 91' lang='lat' dir='ltr'>in</span> <span class='ocrx_word' id='word_1_590' title='bbox 2480 3147 2839 3219; x_wconf 83' lang='lat' dir='ltr'>explicando,</span> <span class='ocrx_word' id='word_1_591' title='bbox 2859 3145 3147 3219; x_wconf 90' lang='lat' dir='ltr'>quomodo</span> 
     </span>
     <span class='ocr_line' id='line_1_93' title="bbox 1778 3224 3135 3299; baseline 0.001 -18"><span class='ocrx_word' id='word_1_592' title='bbox 1778 3230 1970 3281; x_wconf 90' lang='lat' dir='ltr'>motus</span> <span class='ocrx_word' id='word_1_593' title='bbox 1997 3224 2171 3282; x_wconf 89' lang='lat' dir='ltr'>liberi</span> <span class='ocrx_word' id='word_1_594' title='bbox 2196 3224 2446 3293; x_wconf 89' lang='lat' dir='ltr'>arbitrii,</span> <span class='ocrx_word' id='word_1_595' title='bbox 2481 3228 2614 3283; x_wconf 89' lang='lat' dir='ltr'>licet</span> <span class='ocrx_word' id='word_1_596' title='bbox 2637 3227 2715 3282; x_wconf 88' lang='lat' dir='ltr'>sit</span> <span class='ocrx_word' id='word_1_597' title='bbox 2742 3232 2867 3299; x_wconf 90' lang='lat' dir='ltr'>post</span> <span class='ocrx_word' id='word_1_598' title='bbox 2893 3226 3135 3283; x_wconf 80' lang='lat' dir='ltr'>infusio-</span> 
     </span>
     <span class='ocr_line' id='line_1_94' title="bbox 1779 3305 3142 3379; baseline 0.001 -18"><span class='ocrx_word' id='word_1_599' title='bbox 1779 3321 1913 3362; x_wconf 88' lang='lat' dir='ltr'>nem</span> <span class='ocrx_word' id='word_1_600' title='bbox 1940 3306 2141 3379; x_wconf 81' lang='lat' dir='ltr'>gratiae</span> <span class='ocrx_word' id='word_1_601' title='bbox 2165 3305 2592 3374; x_wconf 87' lang='lat' dir='ltr'>sanctificantis,</span> <span class='ocrx_word' id='word_1_602' title='bbox 2621 3322 2738 3362; x_wconf 90' lang='lat' dir='ltr'>non</span> <span class='ocrx_word' id='word_1_603' title='bbox 2766 3306 2968 3362; x_wconf 86' lang='lat' dir='ltr'>efficiat</span> <span class='ocrx_word' id='word_1_604' title='bbox 2994 3311 3142 3362; x_wconf 90' lang='lat' dir='ltr'>tem-</span> 
     </span>
     <span class='ocr_line' id='line_1_95' title="bbox 1780 3385 3167 3459; baseline 0 -16"><span class='ocrx_word' id='word_1_605' title='bbox 1780 3386 1937 3459; x_wconf 89' lang='lat' dir='ltr'>poris</span> <span class='ocrx_word' id='word_1_606' title='bbox 1977 3385 2409 3452; x_wconf 85' lang='lat' dir='ltr'>successionem,</span> <span class='ocrx_word' id='word_1_607' title='bbox 2442 3387 2491 3442; x_wconf 92' lang='lat' dir='ltr'>si</span> <span class='ocrx_word' id='word_1_608' title='bbox 2530 3386 2772 3443; x_wconf 90' lang='lat' dir='ltr'>sentiret</span> <span class='ocrx_word' id='word_1_609' title='bbox 2810 3387 2984 3442; x_wconf 90' lang='lat' dir='ltr'>talem</span> <span class='ocrx_word' id='word_1_610' title='bbox 3013 3397 3167 3443; x_wconf 84' lang='lat' dir='ltr'>mo-‘</span> 
     </span>
     <span class='ocr_line' id='line_1_96' title="bbox 1777 3467 3140 3543; baseline 0.001 -19"><span class='ocrx_word' id='word_1_611' title='bbox 1777 3474 1902 3526; x_wconf 92' lang='lat' dir='ltr'>tum</span> <span class='ocrx_word' id='word_1_612' title='bbox 1931 3484 1963 3524; x_wconf 91' lang='lat' dir='ltr'>a</span> <span class='ocrx_word' id='word_1_613' title='bbox 1991 3468 2259 3540; x_wconf 76' lang='lat' dir='ltr'>praedicta</span> <span class='ocrx_word' id='word_1_614' title='bbox 2277 3469 2463 3543; x_wconf 86' lang='lat' dir='ltr'>gratia</span> <span class='ocrx_word' id='word_1_615' title='bbox 2485 3484 2603 3525; x_wconf 88' lang='lat' dir='ltr'>non</span> <span class='ocrx_word' id='word_1_616' title='bbox 2632 3467 2964 3539; x_wconf 90' lang='lat' dir='ltr'>procedere;</span> <span class='ocrx_word' id='word_1_617' title='bbox 2996 3469 3140 3526; x_wconf 78' lang='lat' dir='ltr'>faci-</span> 
     </span>
     <span class='ocr_line' id='line_1_97' title="bbox 1779 3547 3147 3624; baseline 0 -18"><span class='ocrx_word' id='word_1_618' title='bbox 1779 3550 1894 3606; x_wconf 87' lang='lat' dir='ltr'>lius</span> <span class='ocrx_word' id='word_1_619' title='bbox 1932 3549 2161 3622; x_wconf 88' lang='lat' dir='ltr'>quippe,</span> <span class='ocrx_word' id='word_1_620' title='bbox 2204 3554 2261 3605; x_wconf 90' lang='lat' dir='ltr'>et</span> <span class='ocrx_word' id='word_1_621' title='bbox 2306 3549 2490 3622; x_wconf 86' lang='lat' dir='ltr'>magis</span> <span class='ocrx_word' id='word_1_622' title='bbox 2537 3547 2749 3604; x_wconf 89' lang='lat' dir='ltr'>directe</span> <span class='ocrx_word' id='word_1_623' title='bbox 2795 3548 3147 3624; x_wconf 86' lang='lat' dir='ltr'>infringeret</span> 
     </span>
     <span class='ocr_line' id='line_1_98' title="bbox 1780 3628 3144 3706; baseline 0 -18"><span class='ocrx_word' id='word_1_624' title='bbox 1780 3631 2106 3706; x_wconf 87' lang='lat' dir='ltr'>argumenti</span> <span class='ocrx_word' id='word_1_625' title='bbox 2153 3631 2308 3687; x_wconf 86' lang='lat' dir='ltr'>vires</span> <span class='ocrx_word' id='word_1_626' title='bbox 2348 3628 2610 3704; x_wconf 86' lang='lat' dir='ltr'>negando</span> <span class='ocrx_word' id='word_1_627' title='bbox 2656 3629 2956 3703; x_wconf 84' lang='lat' dir='ltr'>majorem,</span> <span class='ocrx_word' id='word_1_628' title='bbox 2997 3630 3144 3688; x_wconf 86' lang='lat' dir='ltr'>sicut</span> 
     </span>
     <span class='ocr_line' id='line_1_99' title="bbox 1779 3711 3144 3784; baseline 0.001 -16"><span class='ocrx_word' id='word_1_629' title='bbox 1779 3712 1963 3769; x_wconf 88' lang='lat' dir='ltr'>nostri</span> <span class='ocrx_word' id='word_1_630' title='bbox 1985 3711 2319 3768; x_wconf 88' lang='lat' dir='ltr'>Adversarii</span> <span class='ocrx_word' id='word_1_631' title='bbox 2342 3715 2587 3784; x_wconf 85' lang='lat' dir='ltr'>negant:</span> <span class='ocrx_word' id='word_1_632' title='bbox 2613 3725 2742 3765; x_wconf 90' lang='lat' dir='ltr'>cum</span> <span class='ocrx_word' id='word_1_633' title='bbox 2765 3725 2900 3784; x_wconf 87' lang='lat' dir='ltr'>ergo</span> <span class='ocrx_word' id='word_1_634' title='bbox 2923 3726 3040 3766; x_wconf 90' lang='lat' dir='ltr'>non</span> <span class='ocrx_word' id='word_1_635' title='bbox 3061 3712 3144 3770; x_wconf 86' lang='lat' dir='ltr'>ita</span> 
     </span>
     <span class='ocr_line' id='line_1_100' title="bbox 1779 3789 3142 3867; baseline -0.001 -17"><span class='ocrx_word' id='word_1_636' title='bbox 1779 3808 1840 3850; x_wconf 88' lang='lat' dir='ltr'>se</span> <span class='ocrx_word' id='word_1_637' title='bbox 1865 3793 2120 3866; x_wconf 84' lang='lat' dir='ltr'>gesserit,</span> <span class='ocrx_word' id='word_1_638' title='bbox 2153 3792 2459 3849; x_wconf 78' lang='lat' dir='ltr'>manifeste</span> <span class='ocrx_word' id='word_1_639' title='bbox 2484 3789 2834 3867; x_wconf 87' lang='lat' dir='ltr'>significavit</span> <span class='ocrx_word' id='word_1_640' title='bbox 2861 3792 3142 3865; x_wconf 81' lang='lat' dir='ltr'>maJ&#39;orem</span> 
     </span>
     <span class='ocr_line' id='line_1_101' title="bbox 1778 3871 3145 3945; baseline -0.001 -16"><span class='ocrx_word' id='word_1_641' title='bbox 1778 3888 1901 3930; x_wconf 90' lang='lat' dir='ltr'>esse</span> <span class='ocrx_word' id='word_1_642' title='bbox 1926 3889 2145 3941; x_wconf 88' lang='lat' dir='ltr'>veram,</span> <span class='ocrx_word' id='word_1_643' title='bbox 2188 3881 2244 3932; x_wconf 90' lang='lat' dir='ltr'>et</span> <span class='ocrx_word' id='word_1_644' title='bbox 2278 3871 2718 3936; x_wconf 89' lang='lat' dir='ltr'>admittendam,</span> <span class='ocrx_word' id='word_1_645' title='bbox 2751 3887 2959 3945; x_wconf 90' lang='lat' dir='ltr'>nempe</span> <span class='ocrx_word' id='word_1_646' title='bbox 2986 3877 3145 3929; x_wconf 84' lang='lat' dir='ltr'>actus</span> 
     </span>
     <span class='ocr_line' id='line_1_102' title="bbox 1780 3950 3140 4026; baseline 0.001 -17"><span class='ocrx_word' id='word_1_647' title='bbox 1780 3953 2108 4011; x_wconf 85' lang='lat' dir='ltr'>meritorios</span> <span class='ocrx_word' id='word_1_648' title='bbox 2127 3955 2435 4012; x_wconf 87' lang='lat' dir='ltr'>existentes</span> <span class='ocrx_word' id='word_1_649' title='bbox 2450 3953 2513 4008; x_wconf 91' lang='lat' dir='ltr'>in</span> <span class='ocrx_word' id='word_1_650' title='bbox 2537 3950 3140 4026; x_wconf 84' lang='lat' dir='ltr'>instantijustificatio-</span> 
     </span>
     <span class='ocr_line' id='line_1_103' title="bbox 1780 4034 3141 4111; baseline 0 -20"><span class='ocrx_word' id='word_1_651' title='bbox 1780 4036 1874 4091; x_wconf 86' lang='lat' dir='ltr'>nis</span> <span class='ocrx_word' id='word_1_652' title='bbox 1894 4051 1927 4091; x_wconf 89' lang='lat' dir='ltr'>a</span> <span class='ocrx_word' id='word_1_653' title='bbox 1946 4037 2132 4111; x_wconf 87' lang='lat' dir='ltr'>gratia</span> <span class='ocrx_word' id='word_1_654' title='bbox 2146 4035 2535 4094; x_wconf 87' lang='lat' dir='ltr'>sanctificante</span> <span class='ocrx_word' id='word_1_655' title='bbox 2552 4034 2878 4107; x_wconf 90' lang='lat' dir='ltr'>procedere.</span> <span class='ocrx_word' id='word_1_656' title='bbox 2895 4035 3141 4090; x_wconf 85' lang='lat' dir='ltr'>Praeser-</span> 
     </span>
     <span class='ocr_line' id='line_1_104' title="bbox 1780 4113 3140 4189; baseline 0 -18"><span class='ocrx_word' id='word_1_657' title='bbox 1780 4115 1888 4171; x_wconf 90' lang='lat' dir='ltr'>tim</span> <span class='ocrx_word' id='word_1_658' title='bbox 1908 4116 2044 4187; x_wconf 89' lang='lat' dir='ltr'>quia</span> <span class='ocrx_word' id='word_1_659' title='bbox 2070 4119 2133 4173; x_wconf 93' lang='lat' dir='ltr'>D.</span> <span class='ocrx_word' id='word_1_660' title='bbox 2161 4117 2364 4173; x_wconf 92' lang='lat' dir='ltr'>Thom.</span> <span class='ocrx_word' id='word_1_661' title='bbox 2394 4114 2738 4189; x_wconf 88' lang='lat' dir='ltr'>probaverat</span> <span class='ocrx_word' id='word_1_662' title='bbox 2758 4113 2923 4170; x_wconf 90' lang='lat' dir='ltr'>illam</span> <span class='ocrx_word' id='word_1_663' title='bbox 2953 4114 3140 4188; x_wconf 80' lang='lat' dir='ltr'>majo-</span> 
     </span>
     <span class='ocr_line' id='line_1_105' title="bbox 1782 4193 3141 4269; baseline -0.001 -18"><span class='ocrx_word' id='word_1_664' title='bbox 1782 4210 1906 4252; x_wconf 91' lang='lat' dir='ltr'>rem</span> <span class='ocrx_word' id='word_1_665' title='bbox 1948 4211 2063 4253; x_wconf 89' lang='lat' dir='ltr'>non</span> <span class='ocrx_word' id='word_1_666' title='bbox 2091 4197 2207 4253; x_wconf 88' lang='lat' dir='ltr'>alia</span> <span class='ocrx_word' id='word_1_667' title='bbox 2232 4196 2515 4262; x_wconf 80' lang='lat' dir='ltr'>doctrina,</span> <span class='ocrx_word' id='word_1_668' title='bbox 2546 4212 2720 4269; x_wconf 89' lang='lat' dir='ltr'>quam</span> <span class='ocrx_word' id='word_1_669' title='bbox 2749 4210 2852 4250; x_wconf 89' lang='lat' dir='ltr'>sua</span> <span class='ocrx_word' id='word_1_670' title='bbox 2893 4193 3141 4250; x_wconf 87' lang='lat' dir='ltr'>inferius</span> 
     </span>
     <span class='ocr_line' id='line_1_106' title="bbox 1779 4274 3143 4356; baseline 0 -24"><span class='ocrx_word' id='word_1_671' title='bbox 1779 4276 2060 4334; x_wconf 90' lang='lat' dir='ltr'>tradenda</span> <span class='ocrx_word' id='word_1_672' title='bbox 2084 4286 2267 4356; x_wconf 66' lang='lat' dir='ltr'>quast.</span> <span class='ocrx_word' id='word_1_673' title='bbox 2309 4279 2429 4334; x_wconf 88' lang='grc'><strong>114.</strong></span> <span class='ocrx_word' id='word_1_674' title='bbox 2461 4277 2718 4334; x_wconf 86' lang='lat' dir='ltr'>Secundo</span> <span class='ocrx_word' id='word_1_675' title='bbox 2744 4274 2892 4349; x_wconf 92' lang='lat' dir='ltr'>quod</span> <span class='ocrx_word' id='word_1_676' title='bbox 2916 4277 2970 4331; x_wconf 90' lang='lat' dir='ltr'>S.</span> <span class='ocrx_word' id='word_1_677' title='bbox 2997 4278 3143 4332; x_wconf 90' lang='lat' dir='ltr'>Doc-</span> 
     </span>
     <span class='ocr_line' id='line_1_107' title="bbox 1780 4355 3139 4431; baseline -0.001 -18"><span class='ocrx_word' id='word_1_678' title='bbox 1780 4360 1871 4414; x_wconf 87' lang='lat' dir='ltr'>tor</span> <span class='ocrx_word' id='word_1_679' title='bbox 1910 4365 2105 4430; x_wconf 89' lang='lat' dir='ltr'>aperte</span> <span class='ocrx_word' id='word_1_680' title='bbox 2141 4358 2319 4424; x_wconf 90' lang='lat' dir='ltr'>docet,</span> <span class='ocrx_word' id='word_1_681' title='bbox 2351 4356 2501 4431; x_wconf 90' lang='lat' dir='ltr'>quod</span> <span class='ocrx_word' id='word_1_682' title='bbox 2542 4358 2606 4414; x_wconf 92' lang='lat' dir='ltr'>in</span> <span class='ocrx_word' id='word_1_683' title='bbox 2644 4356 2845 4413; x_wconf 91' lang='lat' dir='ltr'>eodem</span> <span class='ocrx_word' id='word_1_684' title='bbox 2874 4355 3139 4421; x_wconf 90' lang='lat' dir='ltr'>instanti,</span> 
     </span>
     <span class='ocr_line' id='line_1_108' title="bbox 1780 4437 3140 4512; baseline -0.001 -18"><span class='ocrx_word' id='word_1_685' title='bbox 1780 4439 1845 4495; x_wconf 89' lang='lat' dir='ltr'>in</span> <span class='ocrx_word' id='word_1_686' title='bbox 1872 4455 1982 4512; x_wconf 91' lang='lat' dir='ltr'>quo</span> <span class='ocrx_word' id='word_1_687' title='bbox 2004 4439 2191 4496; x_wconf 79' lang='lat' dir='ltr'>forma</span> <span class='ocrx_word' id='word_1_688' title='bbox 2212 4440 2549 4512; x_wconf 89' lang='lat' dir='ltr'>acquiritur,</span> <span class='ocrx_word' id='word_1_689' title='bbox 2571 4438 2777 4510; x_wconf 88' lang='lat' dir='ltr'>incipit</span> <span class='ocrx_word' id='word_1_690' title='bbox 2801 4452 2890 4492; x_wconf 89' lang='lat' dir='ltr'>res</span> <span class='ocrx_word' id='word_1_691' title='bbox 2910 4437 3140 4510; x_wconf 86' lang='lat' dir='ltr'>operari</span> 
     </span>
     <span class='ocr_line' id='line_1_109' title="bbox 1779 4518 3139 4583; baseline -0.001 -6"><span class='ocrx_word' id='word_1_692' title='bbox 1779 4521 2091 4579; x_wconf 87' lang='lat' dir='ltr'>secundum</span> <span class='ocrx_word' id='word_1_693' title='bbox 2123 4523 2296 4579; x_wconf 90' lang='lat' dir='ltr'>talem</span> <span class='ocrx_word' id='word_1_694' title='bbox 2339 4521 2589 4578; x_wconf 87' lang='lat' dir='ltr'>formam</span> <span class='ocrx_word' id='word_1_695' title='bbox 2600 4540 2614 4583; x_wconf 88' lang='lat'>;</span> <span class='ocrx_word' id='word_1_696' title='bbox 2641 4525 2696 4576; x_wconf 88' lang='lat' dir='ltr'>et</span> <span class='ocrx_word' id='word_1_697' title='bbox 2721 4518 2772 4575; x_wconf 87' lang='lat' dir='ltr'>si</span> <span class='ocrx_word' id='word_1_698' title='bbox 2800 4524 2988 4576; x_wconf 87' lang='lat' dir='ltr'>motus</span> <span class='ocrx_word' id='word_1_699' title='bbox 3014 4519 3139 4576; x_wconf 90' lang='lat' dir='ltr'>for-</span> 
     </span>
     <span class='ocr_line' id='line_1_110' title="bbox 1780 4602 3139 4675; baseline -0.003 -14"><span class='ocrx_word' id='word_1_700' title='bbox 1780 4620 1891 4660; x_wconf 81' lang='lat' dir='ltr'>mae</span> <span class='ocrx_word' id='word_1_701' title='bbox 1937 4602 2387 4675; x_wconf 88' lang='lat' dir='ltr'>correspondens</span> <span class='ocrx_word' id='word_1_702' title='bbox 2424 4608 2570 4658; x_wconf 92' lang='lat' dir='ltr'>esset</span> <span class='ocrx_word' id='word_1_703' title='bbox 2615 4602 3031 4668; x_wconf 87' lang='lat' dir='ltr'>instantaneus,</span> <span class='ocrx_word' id='word_1_704' title='bbox 3073 4602 3139 4658; x_wconf 89' lang='lat' dir='ltr'>in</span> 
     </span>
     <span class='ocr_line' id='line_1_111' title="bbox 1780 4683 3140 4757; baseline -0.004 -13"><span class='ocrx_word' id='word_1_705' title='bbox 1780 4684 1981 4744; x_wconf 91' lang='lat' dir='ltr'>eodem</span> <span class='ocrx_word' id='word_1_706' title='bbox 2026 4683 2266 4742; x_wconf 90' lang='lat' dir='ltr'>instanti</span> <span class='ocrx_word' id='word_1_707' title='bbox 2310 4689 2830 4741; x_wconf 88' lang='lat' dir='ltr'>consummaretur.</span> <span class='ocrx_word' id='word_1_708' title='bbox 2873 4685 3023 4757; x_wconf 84' lang='lat' dir='ltr'>Ergo</span> <span class='ocrx_word' id='word_1_709' title='bbox 3066 4698 3140 4739; x_wconf 81' lang='lat' dir='ltr'>ex</span> 
     </span>
     <span class='ocr_line' id='line_1_112' title="bbox 1780 4762 3139 4827; baseline -0.003 -5"><span class='ocrx_word' id='word_1_710' title='bbox 1780 4765 2065 4824; x_wconf 86' lang='lat' dir='ltr'>sententia</span> <span class='ocrx_word' id='word_1_711' title='bbox 2104 4766 2170 4819; x_wconf 89' lang='lat' dir='ltr'>D.</span> <span class='ocrx_word' id='word_1_712' title='bbox 2212 4762 2397 4820; x_wconf 89' lang='lat' dir='ltr'>Thom</span> <span class='ocrx_word' id='word_1_713' title='bbox 2438 4763 2501 4819; x_wconf 90' lang='lat' dir='ltr'>in</span> <span class='ocrx_word' id='word_1_714' title='bbox 2541 4762 2741 4821; x_wconf 91' lang='lat' dir='ltr'>eodem</span> <span class='ocrx_word' id='word_1_715' title='bbox 2778 4762 3039 4827; x_wconf 87' lang='lat' dir='ltr'>instanti,</span> <span class='ocrx_word' id='word_1_716' title='bbox 3074 4762 3139 4818; x_wconf 86' lang='lat' dir='ltr'>in</span> 
     </span>
     <span class='ocr_line' id='line_1_113' title="bbox 1781 4840 3162 4921; baseline -0.004 -17"><span class='ocrx_word' id='word_1_717' title='bbox 1781 4863 1893 4921; x_wconf 90' lang='lat' dir='ltr'>quo</span> <span class='ocrx_word' id='word_1_718' title='bbox 1939 4847 2126 4904; x_wconf 84' lang='lat' dir='ltr'>forma</span> <span class='ocrx_word' id='word_1_719' title='bbox 2172 4843 2521 4919; x_wconf 84' lang='lat' dir='ltr'>justificans,</span> <span class='ocrx_word' id='word_1_720' title='bbox 2573 4859 2781 4917; x_wconf 88' lang='lat' dir='ltr'>nempe</span> <span class='ocrx_word' id='word_1_721' title='bbox 2825 4840 3162 4908; x_wconf 83' lang='lat' dir='ltr'>habitualis</span> 
     </span>
     <span class='ocr_line' id='line_1_114' title="bbox 1781 4923 3136 5004; baseline -0.004 -19"><span class='ocrx_word' id='word_1_722' title='bbox 1781 4928 1986 5004; x_wconf 89' lang='lat' dir='ltr'>gratia,</span> <span class='ocrx_word' id='word_1_723' title='bbox 2038 4925 2386 4993; x_wconf 83' lang='lat' dir='ltr'>infunditur,</span> <span class='ocrx_word' id='word_1_724' title='bbox 2436 4925 2641 4998; x_wconf 89' lang='lat' dir='ltr'>incipit</span> <span class='ocrx_word' id='word_1_725' title='bbox 2685 4926 2856 4982; x_wconf 92' lang='lat' dir='ltr'>homo</span> <span class='ocrx_word' id='word_1_726' title='bbox 2906 4923 3136 4995; x_wconf 90' lang='lat' dir='ltr'>operari</span> 
     </span>
     <span class='ocr_line' id='line_1_115' title="bbox 1784 5001 3144 5084; baseline -0.004 -17"><span class='ocrx_word' id='word_1_727' title='bbox 1784 5026 1887 5084; x_wconf 90' lang='lat' dir='ltr'>per</span> <span class='ocrx_word' id='word_1_728' title='bbox 1914 5010 2089 5067; x_wconf 90' lang='lat' dir='ltr'>talem</span> <span class='ocrx_word' id='word_1_729' title='bbox 2107 5006 2375 5083; x_wconf 88' lang='lat' dir='ltr'>gratiam,</span> <span class='ocrx_word' id='word_1_730' title='bbox 2405 5012 2463 5065; x_wconf 91' lang='lat' dir='ltr'>et</span> <span class='ocrx_word' id='word_1_731' title='bbox 2487 5005 2643 5065; x_wconf 88' lang='lat' dir='ltr'>elicit</span> <span class='ocrx_word' id='word_1_732' title='bbox 2663 5005 3041 5080; x_wconf 88' lang='lat' dir='ltr'>operationes,</span> <span class='ocrx_word' id='word_1_733' title='bbox 3066 5001 3144 5062; x_wconf 84' lang='lat' dir='ltr'>de</span> 
     </span>
    </p>
   </div>
  </div>
 </body>
</html>
