3647 5753
71 1536 252 1581 tonitr-

71 1592 238 1644 luatur

71 1645 254 1681 >runo

163 4010 232 4053 Se.

120 4056 268 4103 cundo.

1400 364 1583 421 mse.
1626 364 1724 435 vi,
1768 365 1936 422 nun.
1979 365 2048 422 V.
3070 377 3181 433 355

300 553 449 593 rum
488 535 600 609 ipsi
646 535 1023 594 innitentium
1065 539 1260 603 cesset,
1306 540 1404 592 aut
1455 539 1667 609 pereat.

303 615 478 674 Unde
501 617 921 690 permanentia,
953 634 1053 676 seu
1077 618 1505 692 perseverantia
1535 631 1674 690 gra-

294 699 403 756 tiae
449 713 510 754 se
554 703 707 755 tenet
755 714 827 755 ex
873 704 1035 773 parte
1086 700 1453 765 meritorum,
1508 695 1674 773 prout

298 781 618 856 praemium
657 797 760 838 sua
798 784 1131 840 causalitate
1174 781 1535 840 antecedunt.
1564 780 1672 838 Sed

299 867 596 936 repugnat
616 861 700 927 wid,
725 861 875 934 quod
895 879 956 921 se
982 869 1135 921 tenet
1154 880 1227 921 ex
1247 870 1407 937 parte
1428 863 1675 919 merito-

302 961 448 1001 rum
477 944 875 1003 antecedenter
896 944 966 1002 ad
989 947 1313 1019 praemium,
1344 943 1542 1003 sortiri
1572 960 1672 1002 ve-

300 1042 440 1083 ram
502 1026 789 1083 rationem
848 1028 1072 1099 praemii
1111 1050 1124 1085 ε
1174 1026 1459 1101 siquidem
1518 1025 1672 1082 istud

298 1109 702 1182 praesupponit
727 1109 953 1175 merita,
984 1117 1040 1167 et
1083 1114 1284 1168 cuncta
1334 1126 1459 1183 quae
1497 1125 1558 1166 se
1586 1114 1674 1166 te-

297 1192 453 1246 nent
510 1204 581 1245 ex
622 1195 783 1261 parte
828 1190 1086 1248 illorum.
1144 1193 1443 1267 Repugnat
1493 1189 1673 1263 igitur

298 1270 460 1346 quod
488 1272 866 1340 conservatio,
883 1289 981 1330 seu
1006 1273 1432 1347 perseverantia
1461 1273 1525 1329 in
1545 1289 1672 1348 gra-

299 1356 391 1413 tia
417 1355 492 1411 sit
520 1356 824 1428 praemium
846 1357 1211 1425 meritorum,
1244 1373 1370 1431 quae
1410 1372 1441 1414 a
1485 1355 1673 1430 gratia

303 1436 645 1509 procedunt.

356 1517 775 1576 -Confirmatur
815 1520 1050 1593 primo:
1092 1534 1228 1576 nam
1274 1518 1550 1575 meritum
1577 1533 1672 1574 se-

302 1600 427 1656 mel
452 1599 700 1672 positum
723 1600 786 1657 in
816 1616 1010 1657 rerum
1043 1606 1252 1657 natura
1271 1603 1507 1656 eatenus
1532 1613 1670 1654 con-

297 1685 588 1747 servatur,
609 1687 890 1754 quatenus
912 1682 1084 1739 homo
1111 1680 1258 1738 illud
1281 1680 1520 1738 eliciens
1541 1695 1672 1736 con-

297 1768 571 1820 servatur
591 1763 652 1818 in
676 1766 825 1819 statu
845 1763 1045 1838 gratiae
1075 1783 1089 1819 ε
1118 1762 1216 1819 sed
1238 1759 1667 1835 implicat,quod

297 1847 583 1903 meritum
606 1845 835 1919 aliquod
864 1851 1156 1904 mereatur
1176 1847 1266 1903 sui
1289 1844 1673 1902 conservatio-

298 1944 442 1985 nem
476 1951 489 1985 ε
518 1945 656 2004 ergo
685 1928 963 2001 implicat,
995 1927 1144 2002 quod
1187 1933 1478 1986 mereatur
1529 1942 1672 1983 con-

295 2012 690 2067 servationem
713 2010 969 2067 hominis
992 2011 1053 2067 in
1075 2011 1280 2085 gratia,
1305 2009 1429 2066 sive
1450 2008 1669 2065 donum

299 2092 768 2165 perseverantiae.
800 2094 987 2167 Major
1026 2099 1112 2150 est
1154 2098 1307 2150 certa
1340 2112 1353 2148 t
1385 2097 1507 2147 tum
1535 2090 1671 2163 quia

299 2175 631 2246 acceptatio,
658 2178 715 2231 et
735 2172 922 2230 virtus
948 2173 1144 2230 meriti
1165 2173 1343 2230 semel
1365 2173 1546 2238 eliciti
1569 2170 1670 2228 de-

299 2252 513 2325 pendet
556 2270 627 2311 ex
665 2270 751 2322 e0,
790 2253 944 2327 quod
982 2255 1156 2311 homo
1201 2254 1390 2327 ipsum
1430 2252 1669 2310 eliciens

296 2340 535 2391 maneat
586 2338 846 2406 acceptus
892 2338 1026 2402 De0,
1060 2340 1116 2392 et
1163 2335 1407 2391 retineat
1454 2337 1667 2390 statum

297 2415 545 2489 gratiae3
587 2415 686 2471 ubi
726 2415 886 2472 enim
934 2415 1036 2472 ille
1081 2414 1288 2483 deficit,
1314 2420 1514 2472 cuncta
1543 2431 1669 2472 me-

300 2497 417 2553 rita
439 2496 818 2570 praecedentia
845 2495 1272 2554 mortificantur
1305 2518 1319 2553 :
1346 2501 1520 2569 atque
1541 2496 1667 2555 ideo

301 2579 579 2635 meritum
606 2579 785 2636 semel
810 2578 1068 2635 elicitum
1096 2585 1333 2636 eatenus
1357 2594 1668 2635 conserva-

300 2667 416 2727 tur,
448 2667 728 2735 quatenus
749 2662 921 2718 homo
942 2660 1097 2718 ‘illud
1132 2661 1370 2719 eliciens
1396 2677 1664 2734 perseve-

303 2748 393 2799 rat
415 2743 477 2800 iu
502 2749 649 2799 statu
669 2743 887 2818 gratiae.
913 2745 1059 2798 Tum
1082 2743 1278 2806 etiam,
1304 2741 1442 2813 quia
1466 2741 1667 2814 nequit

298 2823 428 2882 dari
478 2825 753 2882 meritum
805 2825 869 2882 in
918 2838 1040 2881 esse
1090 2823 1306 2889 meriti,
1341 2821 1455 2878 nisi
1495 2821 1665 2880 detur

299 2922 530 2964 merens
553 2908 616 2964 in
642 2912 791 2964 statu
813 2906 1111 2973 merentis,
1137 2921 1236 2962 seu
1261 2903 1659 2976 praemiabilis3

299 2988 472 3045 homo
492 2996 681 3047 autem
706 3005 823 3046 non
849 2994 935 3046 est
961 2989 1025 3044 in
1052 2991 1199 3044 statu
1230 2986 1528 3052 merentis,
1561 3001 1662 3042 seu

301 3069 694 3142 praemiabilis,
754 3070 869 3126 nisi
928 3072 1255 3143 perseveret
1308 3067 1370 3121 in
1423 3065 1611 3139 gratia
1646 3086 1660 3121 ε

301 3153 451 3210 unde
476 3152 598 3210 haec
617 3152 1047 3226 perseverantia
1073 3147 1272 3220 nequit
1300 3161 1419 3203 non
1446 3161 1663 3219 praere-

297 3237 451 3308 quiri
510 3235 582 3293 ad
642 3235 840 3293 meriti
898 3230 1417 3291 conservationem.
1466 3228 1663 3284 Minor

300 3318 474 3373 etiam
502 3319 738 3381 constat,
771 3312 907 3384 quia
952 3308 1311 3369 conservatio
1353 3307 1550 3364 meriti
1600 3323 1664 3365 se

298 3400 451 3451 tenet
465 3410 538 3451 ex
559 3397 718 3466 parte
734 3393 914 3465 ipsius
936 3390 1146 3449 meriti;
1172 3393 1452 3461 repugnat
1477 3387 1657 3452 enim,

297 3473 445 3547 quod
466 3474 741 3531 meritum
768 3476 959 3530 causet
1007 3470 1271 3529 effectum
1319 3482 1422 3540 pro
1470 3468 1662 3541 aliqua

299 3556 616 3624 duratione,
648 3556 763 3612 nisi
795 3569 898 3627 pro
924 3552 1124 3610 eadem
1171 3548 1480 3607 duratione
1524 3566 1661 3623 per-

301 3644 527 3696 maneat
562 3659 575 3693 ε
607 3637 703 3695 sed
729 3636 785 3692 id
801 3635 948 3709 quod
990 3652 1050 3693 se
1079 3641 1233 3692 tenet
1252 3649 1322 3690 ex
1351 3637 1511 3705 parte
1534 3647 1660 3688 me-

302 3722 414 3788 riti,
445 3720 643 3792 nequit
669 3718 882 3775 habere
910 3717 1132 3792 ratione
1162 3714 1408 3790 praemii,
1436 3717 1498 3768 ut
1522 3712 1659 3768 satis

300 3820 367 3863 ex
386 3819 448 3861 se
467 3803 648 3876 liquet
681 3823 694 3857 ι
723 3817 859 3877 ergo
899 3801 1177 3873 implicat,
1204 3795 1355 3872 quod
1382 3795 1657 3852 meritum

303 3883 526 3959 aliquod
549 3887 841 3940 mereatur
866 3882 956 3938 sui
984 3880 1504 3938 conservationem.

372 3966 762 4024 confirmatur
788 3963 1055 4030 secundo,
1081 3967 1137 4019 et
1156 3960 1479 4016 declaratur
1508 3956 1659 4012 ulte-

306 4049 613 4122 rius,quia
664 4049 809 4105 sicut
852 4063 975 4105 esse
1014 4044 1208 4102 meriti
1260 4042 1330 4099 de
1375 4039 1659 4113 condigno

300 4133 566 4208 supponit
584 4147 706 4189 esse
719 4131 918 4206 gratiae
943 4153 957 4197 ;
986 4129 1068 4185 ita
1090 4125 1520 4201 perseverantia
1541 4139 1659 4180 me-

303 4216 394 4272 riti
421 4214 492 4273 de
520 4212 802 4286 condigno
841 4211 1007 4269 debet
1043 4222 1364 4282 supponere
1390 4220 1659 4280 perseve-

304 4296 548 4353 rantiam
576 4294 780 4368 gratiae
812 4315 825 4350 ι
854 4292 951 4350 sed
978 4291 1114 4366 quia
1136 4289 1413 4345 meritum
1435 4287 1504 4344 de
1525 4301 1655 4344 cou-

301 4376 468 4451 digno
495 4381 558 4432 ut
588 4374 776 4447 primo
803 4375 1056 4431 existens
1099 4371 1370 4444 supponit
1407 4368 1655 4444 gratiam

301 4459 653 4523 existentem,
680 4457 879 4529 nequit
906 4455 1159 4529 primam
1179 4453 1378 4527 gratiae
1398 4449 1657 4507 existen-

302 4542 435 4598 tiam
476 4538 710 4605 mereri,
745 4545 808 4595 ut
845 4536 1201 4596 ostendimus
1234 4536 1360 4592 dub.
1396 4536 1441 4600 l,
1473 4537 1530 4589 et
1550 4529 1656 4587 ad·-

303 4623 534 4679 mittunt
573 4619 846 4692 aliqui-ex
874 4617 1225 4676 adversariis
1258 4637 1272 4672 z
1300 4631 1438 4691 ergo
1471 4611 1656 4669 meri-

303 4709 416 4760 tum
461 4702 533 4759 de
583 4700 866 4776 condigno
919 4705 981 4757 ut
1027 4714 1399 4774 perseverans
1457 4694 1657 4767 nequit

304 4782 507 4842 mereri
558 4781 758 4857 gratiae
803 4778 1341 4854 perseverantiam:
1395 4775 1657 4848 implicat

304 4869 504 4929 autem,
554 4863 706 4936 quod
764 4862 1041 4919 meritum
1106 4863 1296 4918 causet
1354 4856 1656 4915 meritorie

304 4944 601 5020 praemium
643 4943 706 5000 in
747 4957 869 5000 esse
927 4942 1076 5011 talis,
1111 4941 1222 4998 nisi
1263 4939 1338 4995 sit
1377 4937 1653 4995 meritum

305 5040 668 5100 perseverans
695 5039 871 5099 usque
899 5022 968 5080 ad
995 5022 1176 5098 ipsius
1206 5020 1431 5095 praemii
1473 5020 1656 5077 colla-

1810 535 2032 621 tionem
2066 556 2080 592 :
2114 552 2250 613 ergo
2277 538 2552 613 implicat,
2604 542 2755 616 quod
2798 543 3079 602 meritum
3109 544 3182 604 de

1808 616 2097 692 condigno
2118 626 2411 678 mereatur
2429 623 2633 697 gratias
2657 626 3176 696 perseverantiam.

1809 700 1879 755 Et
1902 699 1964 756 in
1991 700 2097 758 hoc
2133 717 2303 759 sensu
2334 703 2621 778 profunde
2661 708 2909 764 asseruit
2933 709 2998 764 D.
3025 709 3183 766 Tho-

1808 796 1952 849 mas,
1986 785 2478 854 perseverantiam
2506 802 2629 844 esse
2670 788 3025 860 principium
3052 804 3182 845 om-

1808 865 1902 920 nis
1949 865 2166 934 meriti,
2215 868 2353 939 quia
2400 870 2533 927 licet
2583 871 3015 943 perseverantia
3062 887 3180 928 non

1807 948 2057 1016 inchoet,
2086 954 2184 1006 aut
2203 951 2395 1009 eliciat
2421 968 2596 1011 omne
2618 953 2916 1019 meritum,
2942 969 3177 1011 concur-

1809 1031 1886 1088 rit
1909 1037 2101 1088 tamen
2124 1030 2193 1087 ad
2218 1048 2390 1090 omne
2409 1035 2684 1092 meritum
2699 1040 2760 1090 ut
2780 1039 3174 1101 conservetur,

1806 1119 1863 1169 et
1891 1112 2139 1169 retineat
2165 1112 2304 1181 vim,
2329 1129 2454 1186 quae
2494 1114 2563 1172 ad
2611 1115 3003 1173 inducendum
3028 1131 3179 1188 prae-

1807 1192 1994 1250 mium
2018 1194 2082 1249 in
2103 1209 2226 1251 esse
2248 1195 2474 1267 praemii
2503 1196 2893 1254 desideratur.

1881 1275 1975 1330 95.
2019 1277 2134 1332 Nec
2179 1275 2358 1333 refert
2407 1277 2457 1332 si
2507 1277 2870 1350 respondeas,
2919 1282 3178 1335 nostram
3194 1284 3377 1379 Rcsssson·

1809 1356 2098 1412 rationem
2121 1371 2252 1413 cum
2276 1357 2396 1412 suis
2423 1356 2962 1415 confirmationibus
2989 1359 3180 1416 solum

1805 1437 2095 1502 evincere,
2125 1436 2276 1509 quod
2321 1437 2391 1495 ad
2432 1439 2930 1497 conservationem
2979 1439 3183 1516 physi-

1805 1532 1932 1573 cam
2002 1527 2157 1575 actus
2197 1520 2486 1577 meritorii
2534 1521 2987 1595 praerequiratur
3038 1536 3179 1579 cou-

1805 1601 2080 1669 servatio,
2112 1603 2673 1676 seuperseverantia
2701 1604 2932 1677 physica
2957 1604 3177 1680 gratian

1806 1681 2059 1737 minime
2085 1697 2244 1748 ver0,
2275 1682 2426 1755 quod
2449 1684 2778 1757 requiratur
2800 1683 2871 1741 ad
2896 1686 3179 1742 moralem

1807 1762 2174 1829 meritorum,
2207 1764 2693 1836 permanentiam.
2723 1767 2871 1821 Nam
2913 1781 2981 1822 eo
3033 1767 3174 1840 ipsc,

1805 1841 1958 1914 quod
1986 1848 2141 1900 actus
2163 1845 2497 1903 meritorius
2526 1846 2838 1920 aliquando
2864 1847 3041 1904 fuerit
3066 1848 3179 1903 eli-

1805 1922 1973 1988 citus,
2000 1928 2199 1981 manet
2226 1925 2529 1983 moraliter
2557 1926 2620 1981 in
2662 1928 3044 2000 acceptatione
3085 1927 3180 1984 di-

1806 2004 1949 2063 viua
1978 2006 2042 2063 in
2070 2007 2276 2065 ordine
2326 2008 2396 2065 ad
2445 2011 2750 2082 praemium
2792 2009 2905 2067 sibi
2951 2027 3180 2068 corres-

1808 2084 2091 2159 pondenS,
2155 2088 2279 2145 sive
2342 2091 2463 2163 ejus
2523 2090 2897 2165 principium,
2970 2107 3178 2165 nempe

1804 2167 2012 2242 gratia,
2065 2176 2402 2240 permaneat
2446 2171 2697 2245 physice,
2742 2172 2866 2229 sive
2919 2187 3060 2229 non.
3108 2174 3178 2228 Et

1803 2255 2221 2322 consequenter
2242 2250 2362 2307 haec
2382 2251 2616 2325 physica
2635 2253 2837 2326 gratiae
2858 2253 3168 2326 persisten-

1805 2329 1905 2396 tia,
1951 2346 2078 2402 quae
2138 2329 2209 2388 ad
2269 2334 2765 2390 conservationem
2824 2334 3171 2391 meritorum

1805 2426 1925 2468 nou
1955 2412 2411 2486 praerequiritur,
2445 2415 2654 2488 poterit
2691 2413 2798 2470 sub
2827 2415 3039 2473 merito
3076 2431 3175 2472 ca-

1803 2490 1964 2549 dere.

1880 2574 2026 2640 Haec,
2072 2573 2331 2647 inquam,
2378 2576 2672 2650 responsio
2726 2575 2878 2633 nihil
2941 2575 3167 2634 refert:

1801 2655 2077 2726 quoniam
2107 2654 2236 2712 licet
2278 2662 2433 2713 actus
2479 2658 2814 2715 meritorius
2853 2659 3033 2715 semel
3054 2657 3168 2715 eli-

1801 2735 1964 2802 citus,
1993 2737 2307 2795 secundum
2334 2754 2396 2797 se
2423 2745 2678 2813 acceptus
2705 2742 3086 2813 placeat·Deo,
3112 2746 3170 2798 et

1801 2818 2047 2875 retineat
2071 2825 2352 2893 quantum
2380 2825 2465 2879 est
2489 2821 2558 2880 de
2583 2838 2645 2881 se
2670 2823 2794 2880 vim
2824 2823 2895 2881 ad
2921 2840 3170 2882 causan-

1798 2900 1939 2958 dum
1982 2904 2327 2975 praemium
2383 2905 2773 2962 nihilominus
2827 2923 2946 2965 non
3000 2907 3173 2965 habet

1799 2981 1950 3038 hanc
1973 2983 2094 3039 vim
2124 2984 2386 3057 proxime
2411 2986 2757 3057 expeditam,
2787 2989 2904 3044 nisi
2933 3005 3167 3048 conser-

1800 3066 1894 3118 vet
1917 3077 2039 3119 esse
2066 3068 2254 3119 actum
2282 3063 2557 3131 hominis,
2590 3068 2689 3137 qui
2732 3071 2867 3123 tunc
2894 3084 2997 3138 pro
3025 3075 3162 3126 tunc

1798 3140 2004 3196 existat
2045 3141 2110 3197 in
2148 3142 2353 3215 gratia.
2388 3144 2673 3207 Quoniam
2714 3145 2992 3202 meritum
3047 3164 3166 3206 non

1798 3226 1991 3278 movet
2023 3222 2085 3277 in
2114 3221 2414 3289 abstracto,
2447 3230 2504 3280 et
2544 3231 2606 3281 ut
2637 3232 2969 3299 separatum
2999 3245 3030 3286 a
3059 3246 3164 3289 suo

1798 3302 2102 3376 principio,
2157 3301 2255 3359 sed
2303 3308 2364 3358 ut
2412 3304 2522 3377 ipsi
2571 3307 2959 3380 conjunctum,
3000 3311 3167 3384 eique

1797 3381 2241 3439 subordinatum
2268 3406 2282 3449 ;
2313 3388 2398 3440 est
2418 3385 2577 3440 enim
2605 3388 2765 3448 velut
2791 3388 2953 3444 illius
2972 3407 3169 3450 causa·

1798 3465 1933 3521 litas
1954 3465 2017 3521 in
2039 3465 2244 3522 ordine
2265 3464 2336 3522 ad
2364 3469 2692 3539 praemium.
2727 3471 2796 3524 Et
2818 3471 2922 3528 hac
2944 3475 3168 3534 ratione

1797 3561 1973 3618 opera
2019 3547 2322 3603 meritoria
2367 3547 2640 3606 dicuntur
2685 3552 3022 3612 mortificari
3066 3573 3166 3630 per

1795 3626 2147 3698 subsequens
2164 3623 2489 3700 peccatum}
2505 3632 2642 3703 quia
2668 3631 2933 3689 videlicet
2957 3652 3167 3707 quam-

1795 3710 1887 3765 vis
1932 3709 2249 3766 secundum
2294 3726 2356 3768 se
2402 3711 2523 3768 sint
2567 3715 2719 3782 viva,
2754 3715 2859 3772 hoc
2902 3724 3005 3784 est,
3050 3723 3164 3779 Deo

1793 3792 1993 3863 grata;
2026 3805 2126 3861 per
2153 3795 2444 3861 peccatum
2499 3799 2693 3851 tamen
2741 3795 3158 3868 impediuntur,

1795 3885 1870 3928 ne
1896 3873 2294 3930 causalitatem
2337 3875 2703 3935 meritoriam
2742 3886 3061 3951 exerceant,
3106 3889 3161 3941 et

1794 3954 2047 4010 merenti
2076 3953 2398 4027 proficiant.
2430 3960 2639 4032 Nequit
2684 3961 2845 4017 enim
2887 3965 3162 4023 meritum

1795 4040 1860 4091 ut
1886 4036 2163 4094 meritum
2194 4038 2457 4106 influere,
2489 4043 2630 4114 quin
2673 4059 2903 4102 merens
2932 4047 3157 4114 influat,

1795 4133 1859 4173 ac
1888 4117 2130 4175 subinde
2156 4120 2299 4191 quin
2340 4121 2588 4179 retineat
2617 4126 2887 4199 gratiam,
2919 4144 3046 4201 quae
3073 4137 3159 4187 est

1796 4199 2153 4273 principium
2183 4202 2467 4261 merendi.

1870 4283 1940 4336 Et
1969 4281 2098 4337 licet
2126 4281 2395 4354 praedicta
2440 4286 2626 4359 gratia
2654 4289 2905 4358 (tacitam
2932 4294 3159 4353 evasio-

1794 4378 1929 4419 nem
1957 4363 2381 4435 praecludimus)
2395 4363 2786 4426 destrueretur
2808 4372 3017 4447 absque
3038 4394 3160 4450 pec-

1792 4449 1919 4501 cato
1973 4459 2077 4515 per
2115 4445 2299 4500 solam
2343 4449 2779 4520 suspensionem
2801 4453 2990 4513 divini
3017 4475 3159 4517 con·

1791 4528 2013 4589 curs'uS,
2047 4522 2230 4580 adbuc
2255 4524 2409 4582 idem
2434 4531 3008 4601 proportionabiliter
3027 4556 3159 4599 con·

1792 4609 2062 4683 tingeret;
2087 4605 2222 4677 quia
2244 4606 2375 4664 licet
2395 4607 2459 4665 in
2479 4623 2547 4666 eo
2566 4619 2777 4670 eventu
2801 4620 3007 4676 merita
3037 4638 3153 4682 non

1791 4686 2286 4747 mortificaremur
2352 4690 2655 4763 privative,
2705 4701 2762 4752 et
2825 4705 3113 4764 contrarie
3139 4732 3152 4774 ;

1791 4769 2281 4829 mortificaremur
2309 4774 2501 4828 tamen
2530 4777 2691 4847 quasi
2721 4781 3004 4852 negative.
3046 4787 3156 4842 Su-

1789 4853 1948 4912 blata
1974 4853 2133 4910 enim
2159 4852 2347 4927 gratia
2371 4869 2442 4910 ex
2495 4863 2655 4929 parte
2707 4865 3005 4933 merentis»,
3036 4884 3154 4927 uon

1789 4941 2021 5010 possent
2043 4933 2331 5006 explicare
2352 4935 2494 5002 vim,
2522 4955 2696 5011 quam
2731 4940 2802 4998 de
2847 4961 2907 5002 se
2944 4947 3157 5009 habent

1790 5032 1927 5094 erga
1980 5016 2287 5091 praemium
2320 5035 2336 5071 τ
2365 5031 2502 5074 nam
2552 5021 2850 5082 tolleretur
2903 5043 3153 5105 merens,

3221 2572 3361 2617 Dilui-

3263 2632 3324 2667 ut.
