3647 5753
78 560 243 604 Tertius

63 608 162 650 aliis
176 608 235 652 in·

1447 383 1626 437 DISP.
1670 384 1740 448 11,
1784 384 1949 440 DUB.
1995 385 2064 441 V.

350 554 579 609 Tertius
606 553 946 610 mutationis
968 552 1171 610 modus
1198 551 1640 610 insufficientior

61 659 262 703 sumeren-
278 633 464 690 adhuc
499 639 601 702 est,
635 639 690 691 et
716 634 1021 690 manifeste
1066 634 1205 707 petit
1259 634 1633 708 principium,

114 708 208 753 tior.

86 4063 265 4118 Consec-

101 4114 256 4153 tanum

100 4165 248 4204 exten-

77 4210 181 4253 dens
191 4219 262 4253 as-

104 4264 259 4303 sertio-

92 4317 186 4351 nem
197 4307 258 4350 ad

82 4411 163 4450 tum
176 4406 267 4450 ori-

138 4457 261 4549 Prile.

107 4653 252 4698 Ratio.

274 715 416 771 dum
462 717 782 788 applicatur
833 720 1172 790 argumento
1216 732 1392 789 supra
1447 716 1635 773 facto:

276 812 415 852 nam
438 796 705 868 quamvis
733 813 938 853 verum
980 796 1074 862 sit,
1104 795 1254 869 quod
1281 798 1330 852 si
1362 798 1507 853 Deus
1534 795 1638 853 de-

264 883 470 934 cernat
521 877 965 934 destructionem
1014 876 1221 949 peccati
1280 877 1595 933 habitualis
1621 919 1633 942 ,

273 962 570 1031 peccatum
629 957 923 1014 habituale
975 957 1299 1014 destruetur
1324 982 1340 1025 3
1394 957 1637 1013 dubium

271 1048 467 1097 tame-1
511 1045 617 1107 est,
648 1057 723 1096 an
747 1044 893 1097 Deus
916 1040 1091 1114 possit
1129 1039 1455 1105 decernere,
1488 1039 1638 1114 quod

269 1121 608 1178 destruatur
631 1129 918 1194 peccatum
944 1122 1155 1196 absque
1178 1124 1296 1179 ulla
1323 1123 1638 1181 intrinseca

273 1203 586 1275 peccatoris
605 1204 922 1259 mutatione
950 1220 964 1255 z
996 1209 1054 1259 et
1081 1210 1487 1277 argumentum
1511 1221 1640 1277 pro-

280 1285 376 1340 bat
401 1288 618 1354 partem
646 1284 1071 1358 negativam,ob
1094 1283 1636 1357 impossibilitatem,

269 1370 336 1420 et
387 1364 841 1435 implicationem
894 1380 965 1421 ex
1006 1370 1165 1437 parte
1218 1364 1301 1421 rei
1346 1364 1636 1422 faciendae.

287 1442 452 1500 Unde
472 1444 588 1515 qui
603 1443 905 1517 respondet
933 1461 1095 1518 posse
1137 1444 1220 1500 sic
1241 1444 1477 1510 remitti,
1504 1445 1642 1517 quia

290 1530 433 1581 Deus
458 1531 639 1598 potest
686 1526 743 1582 id
771 1527 940 1590 velle,
973 1525 1277 1582 manifeste
1308 1526 1446 1598 petit
1474 1527 1641 1599 prin-

285 1608 503 1680 cipium
539 1632 552 1675 ;
586 1608 745 1680 prius
772 1607 932 1665 enim
955 1607 1268 1665 videndum
1290 1612 1393 1674 est,
1420 1622 1496 1663 an
1512 1607 1642 1663 talis

285 1688 688 1746 destructionis
733 1687 937 1746 modus
964 1688 1220 1761 implicet
1259 1704 1329 1745 ex
1359 1696 1518 1761 parte
1538 1686 1644 1744 ob-

282 1772 431 1845 jecti,
464 1788 636 1844 quam
678 1771 1148 1836 determinemuS,
1183 1787 1258 1827 an
1297 1772 1444 1827 Deus
1472 1770 1642 1826 illum

291 1853 601 1910 decernere
640 1852 847 1908 valeat.
875 1854 1022 1907 Dum
1050 1857 1241 1909 autem
1263 1850 1492 1917 dicitur,
1518 1852 1643 1908 suf-

289 1931 457 1989 ficere
500 1947 604 2004 pro
653 1932 926 2005 qualitate
966 1932 1224 1988 materiae
1264 1932 1644 1989 mutationem

290 2014 591 2079 moralem,
626 2012 803 2068 etiam
853 2012 1064 2085 petitur
1091 2009 1443 2085 principium
1470 2037 1484 2080 ς
1508 2013 1646 2086 quia

290 2099 695 2168 argumentum
725 2093 929 2166 probat
956 2109 1074 2150 non
1115 2109 1276 2165 posse
1303 2092 1429 2149 fieri
1473 2094 1643 2150 illum

291 2176 597 2232 transitum
639 2176 920 2231 moralem
943 2173 1256 2231 secundum
1294 2173 1644 2247 prudentum

291 2256 749 2322 mstimationem,
782 2254 924 2328 quin
961 2254 1123 2327 prius
1167 2253 1493 2310 destruatur
1533 2255 1647 2311 ali-

288 2335 438 2410 quod
464 2352 534 2392 ex
551 2332 1015 2409 illisprincipiis,
1044 2337 1105 2393 in
1126 2335 1332 2409 quibus
1356 2343 1644 2410 peccatum

294 2420 587 2476 habituale
613 2421 991 2476 essentialiter
1030 2420 1290 2476 consistit
1319 2444 1333 2486 ;
1364 2420 1646 2476 stantibus

295 2499 458 2555 enim
480 2498 696 2555 eisdem
740 2499 1056 2572 principiis,
1095 2505 1206 2556 stat
1230 2501 1404 2556 etiam
1434 2498 1646 2557 funda-

299 2585 561 2636 mentum
586 2578 655 2635 ad
679 2579 830 2635 idem
854 2578 1099 2652 prudens
1120 2580 1422 2653 judicium,
1447 2586 1501 2636 et
1528 2597 1646 2637 non

298 2662 635 2723 adestratio
665 2661 734 2718 ad
764 2661 1307 2735 apprehendendum
1338 2663 1645 2719 transitum

298 2745 468 2799 illum
523 2746 824 2800 moralem.
879 2743 1154 2801 Praedicta
1202 2760 1337 2802 vero
1365 2744 1649 2817 principia

291 2831 429 2883 sunt
449 2831 603 2882 actus
633 2827 1060 2899 peccaminosus
1079 2843 1194 2884 non
1214 2832 1578 2895 'retractatu8,
1594 2833 1650 2884 et

293 2908 541 2982 privatio
565 2911 782 2984 gratiae,
811 2912 903 2966 vel
924 2910 1344 2966 conformitatis
1366 2909 1435 2967 ad
1463 2911 1650 2984 legem

290 3008 365 3048 ex
393 2992 494 3047 tali
518 2998 639 3048 actu
668 2993 865 3049 relicta
896 3017 909 3059 ;
958 2999 1015 3049 et
1037 2993 1186 3048 nihil
1235 2993 1444 3050 horum
1469 2999 1651 3066 potest

288 3072 528 3137 destrui,
563 3072 674 3128 nisi
712 3089 811 3146 per
839 3073 1191 3130 infusionem
1243 3073 1483 3148 alicujus
1510 3075 1648 3132 doni

293 3151 532 3226 physici.
596 3155 863 3211 Carentia
908 3154 1068 3210 enirn
1108 3154 1335 3211 tollitur
1387 3172 1488 3228 per
1529 3157 1652 3213 sor-

292 3250 471 3299 mam,
504 3250 615 3306 qua
636 3235 845 3307 privat,
876 3239 932 3292 et
952 3239 1107 3291 actus
1136 3252 1235 3308 per
1257 3240 1444 3292 actum
1472 3253 1652 3309 oppo-

287 3316 487 3379 situm,
507 3317 600 3372 vel
621 3316 878 3372 elicitum
904 3315 1246 3382 formaliter,
1273 3318 1365 3372 vel
1390 3312 1650 3374 habitum

287 3397 617 3453 eminenter
639 3397 702 3453 in
733 3397 923 3471 aliquo
943 3397 1149 3463 alio,ut
1175 3402 1394 3454 constat
1415 3413 1487 3455 ex
1515 3399 1652 3456 hac-

297 3484 464 3534 tenus
489 3476 672 3534 dictis,

888 3667 919 3732 ἕ
961 3666 1055 3720 VI.

448 3812 862 3871 Consectarium
877 3812 1223 3885 praececlentis
1243 3813 1499 3867 doctrina}

300 3905 419 3943 eam
443 3888 732 3961 applicans
771 3888 1082 3943 remissioni
1102 3889 1314 3959 peccati
1334 3886 1649 3958 ortqinalts.

381 4036 501 4092 162.
548 4036 631 4092 Ex
683 4035 849 4092 dictis
901 4035 1175 4107 sequitur,
1235 4033 1655 4107 impossibilem

297 4133 423 4174 esse
447 4118 845 4175 remissionem
876 4118 1084 4190 peccati
1114 4118 1420 4192 originalis
1444 4116 1658 4189 absque

300 4198 615 4256 intrinseca
643 4198 961 4254 mutatione
1005 4198 1127 4271 ejus
1172 4199 1270 4271 qui
1304 4195 1450 4252 illud
1477 4196 1657 4252 semel

298 4279 604 4336 contraxit.
676 4278 1060 4335 corollarium
1126 4277 1275 4333 istud
1334 4276 1536 4333 docent
1578 4278 1653 4333 D.

299 4359 508 4415 Thom.
552 4359 587 4413 3
611 4365 759 4430 part.
792 4365 972 4433 qumst.
1023 4359 1113 4425 70,
1157 4364 1266 4412 art.
1311 4357 1365 4422 4,
1409 4363 1458 4410 et
1498 4357 1560 4411 in
1597 4357 1653 4421 4,

297 4441 428 4495 dist.
469 4441 515 4507 l,
562 4444 743 4515 quaest.
785 4439 830 4502 l,
860 4445 970 4493 art.
999 4438 1054 4501 4,
1081 4442 1137 4493 et
1163 4452 1364 4493 omnes
1391 4436 1510 4492 fere
1537 4438 1659 4491 Au-

299 4522 493 4578 thores
521 4536 624 4592 pro
654 4522 850 4575 nostra
895 4518 1210 4575 assertione
1237 4536 1388 4573 num.
1437 4518 1536 4573 144
1566 4534 1660 4574 re-
1688 4530 1691 4534 ’

299 4604 421 4669 lati,
456 4603 651 4676 paucis
696 4602 945 4673 exceptis
991 4601 1149 4658 infra
1178 4600 1516 4657 referendis.
1547 4603 1661 4656 Nec

296 4685 369 4743 ad
399 4683 544 4741 illud
573 4681 931 4739 suadendum
960 4699 1100 4754 opus
1127 4687 1211 4738 est
1245 4698 1456 4738 novam
1482 4680 1661 4737 ratio-

297 4781 434 4823 nem
458 4763 802 4836 expendere,
820 4762 917 4818 sed
944 4764 1083 4818 satis
1124 4763 1412 4819 evincitur
1438 4760 1660 4828 ratione

295 4847 561 4921 superius
580 4846 886 4908 facta.Quae
908 4850 1087 4917 potest
1114 4845 1193 4900 sic
1211 4843 1660 4916 applicari;nam

287 4933 580 5002 'repugnat
608 4926 904 4983 hominem
936 4924 1186 4982 transire
1211 4925 1281 4981 de
1313 4939 1436 4980 esse
1463 4938 1662 4978 macu-

297 5011 500 5076 latum,
553 5023 824 5065 aversum
868 5024 898 5063 a
941 5009 1073 5072 De0‚
1119 5011 1172 5063 et
1213 5005 1454 5079 dignum
1496 5018 1662 5075 poena

3021 391 3125 446 411

1769 558 2004 622 aeterna,
2036 556 2107 613 ad
2130 574 2247 615 non
2266 574 2388 616 esse
2414 561 2786 626 maculatum,
2807 560 3132 633 etc.absque

1773 638 1968 711 aliqua
1984 639 2295 697 intrinseca
2316 641 2406 698 sui
2430 642 2748 699 mutatione
2776 664 2788 697 ε
2816 642 2913 700 sed
2932 644 3127 707 homo,

1770 718 1869 789 qui
1899 726 2186 791 peccatum
2214 721 2498 795 originale
2542 722 2844 790 contraxit,
2877 729 2960 781 est
3002 739 3128 780 ma·-

1771 800 2010 866 culatus,
2056 816 2291 858 aversus
2343 819 2376 859 a
2427 805 2559 866 Deo,
2602 807 2659 859 et
2707 801 2916 876 dignus
2964 819 3131 876 poena

1771 883 1987 935 aeterna
2018 900 2032 935 ε
2079 896 2215 954 ergo
2244 882 2439 954 nequit
2484 881 2735 938 transire
2757 882 2826 938 ad
2852 898 2969 939 non
3009 899 3133 940 esse

1773 963 2142 1030 maculatum,
2159 979 2427 1019 aversum
2449 980 2483 1020 a
2503 966 2631 1030 De0‚
2650 968 2706 1020 et
2728 980 2893 1036 poena
2915 971 3132 1021 aeterna

1773 1039 2015 1113 dignum
2045 1041 2254 1115 absque
2297 1043 2612 1099 intrinseca
2647 1044 2737 1100 sui
2762 1045 3082 1101 mutatione
3115 1067 3127 1099 :

1772 1134 1908 1193 ergo
1948 1120 2303 1193 impossibile
2341 1126 2443 1186 est,
2488 1122 2637 1195 quod
2679 1123 2888 1196 absque
2930 1124 3133 1198 hujus-

1773 1200 1931 1259 modi
1964 1205 2280 1261 mutatione
2318 1204 2648 1261 destruatur
2696 1211 2982 1278 peccatum
3007 1206 3132 1264 ori-

1772 1283 1966 1358 ginale
1982 1286 2159 1342 semel
2173 1290 2545 1344 contractum.
2575 1290 2703 1343 Haec
2727 1287 2977 1343 secunda
3002 1303 3134 1344 con·

1773 1368 2071 1439 sequentia
2089 1368 2265 1440 liquet
2284 1384 2354 1425 ex
2368 1369 2558 1441 prima
2578 1393 2592 1435 ς
2624 1369 2758 1441 quia
2776 1369 3133 1442 impossibile

1773 1453 1879 1514 est,
1928 1450 2076 1523 quod
2107 1449 2279 1506 homo
2330 1448 2576 1523 deponat
2628 1456 2915 1524 peccatum
2951 1451 3134 1525 origi-

1777 1532 1929 1598 nale,
1979 1531 2121 1604 quin
2168 1538 2420 1589 transeat
2465 1532 2537 1589 ab
2587 1549 2708 1590 esse
2756 1535 3128 1599 maculatum,

1777 1612 2070 1678 aversum,
2099 1617 2197 1669 etc
2220 1613 2289 1669 ad
2310 1612 2810 1672 denominationes
2826 1615 3129 1687 oppositas,

1778 1694 1977 1749 Prima
2022 1710 2160 1751 vero
2202 1700 2349 1752 recte
2394 1695 2643 1752 infertur
2682 1713 2755 1752 ex
2801 1697 3130 1768 praemissiS.

1775 1772 1961 1845 Major
1984 1779 2175 1830 autem
2202 1774 2340 1830 satis
2366 1779 2584 1831 constat
2615 1791 2687 1831 ex
2715 1775 2986 1833 hactenus
3011 1775 3135 1833 dic-

1778 1855 1874 1911 tis,
1918 1855 2112 1912 Minor
2158 1873 2314 1923 vero,
2359 1857 2423 1912 in
2448 1873 2560 1929 qua
2588 1863 2809 1929 poterat
2834 1874 2954 1914 esse
2982 1857 3135 1912 diffi-

1778 1936 1974 2002 culta5‚
2017 1941 2102 1992 est
2139 1942 2291 1992 certa
2329 1936 2644 1993 secundum
2691 1936 2883 2003 iidem,
2933 1943 2993 1994 ut
3024 1939 3135 1994 late

1779 2016 2136 2075 ostendimus
2157 2026 2317 2075 tract.
2343 2019 2406 2073 de
2423 2020 2823 2091 peccatisstisp.
2841 2020 2922 2087 14,
2941 2021 3070 2076 dub.
3086 2022 3100 2076 l
3118 2063 3130 2076 .

1856 2095 2285 2159 Confirmatur;
2330 2113 2467 2153 nam
2510 2097 2766 2170 implicat
2805 2098 3021 2155 destrui
3050 2098 3129 2166 id,

1781 2194 1883 2250 per
1908 2177 2056 2249 quod
2101 2179 2486 2235 essentialiter
2532 2179 2897 2235 constituitur
2939 2196 3136 2253 pecca-

1781 2264 1905 2313 tum
1933 2258 2236 2332 originale,
2281 2259 2423 2331 quin
2454 2259 2624 2315 homo
2666 2258 2974 2316 intrinsece
3003 2276 3138 2316 mu-

1780 2343 1932 2395 tetur
1957 2361 1970 2396 :
2003 2355 2137 2412 ergo
2160 2339 2534 2412 impossibilis
2560 2344 2644 2395 est
2670 2338 2976 2398 destructio
3004 2357 3137 2413 pec-

1780 2419 1889 2475 cati
1930 2419 2234 2493 originalis
2268 2418 2476 2492 absque
2517 2420 2830 2475 intrinseca
2880 2420 3136 2477 hominis

1781 2499 2118 2556 mutatione.
2151 2499 2568 2572 Consequentia
2615 2505 2786 2572 patet,
2834 2505 2889 2555 et
2911 2506 3138 2560 antece-

1780 2580 1924 2636 dens
1965 2579 2279 2653 probatur;
2334 2597 2470 2636 nam
2513 2587 2801 2653 peccatum
2854 2581 3140 2655 originale

1781 2662 2152 2718 constituitur
2208 2662 2595 2718 essentialiter
2654 2678 2754 2733 per
2819 2663 3137 2719 carentiam

1781 2744 1981 2817 gratim
2008 2741 2314 2805 inductam,
2350 2758 2451 2814 per
2501 2746 2787 2814 peccatum
2822 2742 3048 2811 Adami,
3082 2743 3143 2800 in

1781 2840 1895 2897 quo
1918 2821 2394 2897 praehabebantur
2422 2823 2684 2880 omnium
2716 2822 2787 2879 ab
2821 2839 2888 2880 eo
2910 2822 3147 2882 descen-

1783 2908 2046 2964 dentium
2072 2907 2415 2972 voluntates,
2443 2913 2506 2962 ut
2534 2904 2954 2962 declaravimus
2976 2915 3139 2965 tract.

1783 2990 1877 3044 cit.
1915 2988 2056 3054 disp.
2110 2989 2192 3050 16,
2230 2987 2360 3042 dub.
2390 2988 2426 3041 4
2453 3003 2465 3048 ;
2495 2986 2592 3043 sed
2639 2986 2896 3042 carentia
2939 2989 3143 3061 gratiae

1785 3068 1981 3141 nequit
2002 3066 2239 3128 destrui,
2272 3066 2386 3121 nisi
2409 3067 2500 3122 vel
2536 3065 2749 3122 directe
2772 3082 2872 3138 per
2895 3066 3143 3123 formam

1787 3148 2128 3221 oppositam,
2164 3148 2257 3203 vel
2304 3145 2582 3203 indirecte
2642 3162 2741 3218 per
2782 3152 2989 3211 actum,
3033 3164 3145 3220 quo

1785 3230 1959 3286 homo
2018 3231 2283 3284 retractet
2348 3231 2552 3292 actum,
2604 3243 2715 3298 quo
2775 3227 3025 3298 peccavit
3082 3228 3147 3284 in

1785 3310 2007 3366 Adamo
2049 3326 2062 3360 ε
2114 3313 2170 3363 et
2210 3313 2448 3379 uterque
2494 3306 2898 3364 destructionis
2944 3308 3148 3365 modus

1788 3391 2063 3460 importat
2103 3386 2425 3443 necessario
2473 3386 2847 3443 intrinsecam
2889 3387 3147 3444 hominis

1788 3469 2282 3526 immutationem:
2304 3466 2713 3540 ergoirnplicat
2733 3465 2947 3522 destrui
2974 3466 3141 3532 illud,

1788 3551 1851 3607 in
1871 3566 1982 3623 quo
2000 3551 2285 3621 peccatum
2308 3547 2592 3619 originale
2613 3547 2998 3604 essentialiter
3013 3564 3146 3605 con-

1787 3631 1956 3698 sistit,
1989 3628 2128 3701 quin
2170 3628 2341 3683 homo
2369 3631 2623 3682 mutetur
2645 3625 2976 3685 intrinsece.

3175 2109 3332 2166 contir-

3176 2164 3320 2201 matio.

1873 3711 1990 3768 163.
2025 3712 2137 3764 Nec
2166 3707 2354 3770 refert,
2382 3706 2430 3761 si
2468 3722 2597 3762 cum
2622 3707 2790 3777 Vasq.
2833 3708 2928 3761 ubi
2972 3727 3145 3781 supra
3160 3712 3350 3801 ffuminu-

1788 3810 1904 3863 cap.
1920 3792 2038 3857 2,et
2060 3790 2237 3845 Lorca
2251 3786 2623 3858 disp.37,dub.
2641 3789 2686 3852 l,
2719 3790 2775 3841 et
2799 3787 3143 3858 quibusdam
3179 3809 3341 3861 comio.

1789 3873 1941 3938 aliis,
1973 3869 2180 3944 quibus
2210 3867 2497 3942 oppositus
2532 3866 2756 3923 dicendi
2786 3868 2989 3925 modus
3018 3887 3148 3927 ma-

1788 3955 1876 4029 gis
1898 3950 2132 4016 arridet,
2169 3948 2524 4022 respondeaS,
2555 3954 2842 4021 peccatum
2864 3951 3150 4025 originale

1791 4051 1908 4093 non
1930 4035 2118 4090 inesse
2141 4029 2475 4088 hominibus
2515 4046 2584 4086 ex
2609 4030 2664 4085 vi
2696 4031 2913 4104 proprii
2940 4035 3146 4105 peccati

1792 4114 2134 4189 personam,
2186 4111 2284 4168 sed
2335 4111 2628 4185 supposito
2682 4117 2839 4185 pacto
2884 4114 2983 4169 Dei
3013 4132 3145 4172 cum

1790 4198 2029 4263 Adam0,
2054 4212 2165 4269 quo
2180 4194 2518 4267 dispositum
2545 4198 2646 4262 est,
2676 4200 2737 4251 ut
2757 4195 2804 4250 si
2835 4194 2898 4250 in
2925 4195 3151 4269 justitia

1792 4280 2139 4354 persisteret,
2163 4293 2291 4334 eam
2315 4275 2384 4332 ad
2415 4281 2665 4347 posteros
2692 4276 3147 4345 transfunderet;

1789 4361 1840 4417 si
1863 4366 2053 4421 autern
2095 4375 2223 4415 eam
2252 4357 2586 4421 deseruerit,
2617 4373 2746 4413 eam
2787 4362 2904 4413 tam
2936 4376 3039 4430 pro
3066 4377 3147 4425 se,

1791 4458 1963 4516 quarn
2012 4458 2116 4513 pro
2145 4440 2264 4496 illis
2303 4438 2511 4509 absque
2562 4437 3042 4497 determinatione
3083 4440 3153 4498 ad

1791 4528 2010 4581 certum
2034 4527 2257 4592 tempus
2302 4518 2628 4585 amitteret;
2672 4519 2807 4574 hinc
2845 4521 3003 4576 enirn
3035 4522 3155 4580 fac—

1791 4608 1915 4658 turn
1936 4608 2040 4667 est,
2074 4606 2133 4655 ut
2158 4599 2411 4656 care-ntia
2435 4597 2712 4671 praedictae
2727 4598 2960 4671 justitiae
2990 4601 3052 4656 in
3083 4600 3155 4656 fi-

1795 4684 1892 4740 liis
1935 4682 2069 4738 Adae
2110 4697 2228 4737 non
2267 4681 2343 4735 sit
2381 4694 2540 4735 mera
2583 4678 2829 4752 negati0‚
2874 4679 2974 4736 sed
3016 4698 3149 4737 vera

1796 4764 2042 4837 privatio
2070 4778 2164 4818 eos
2192 4761 2503 4827 maculanS,
2537 4765 2593 4816 et
2632 4776 2665 4815 a
2711 4762 2824 4816 Deo
2864 4768 3148 4817 avertens,

1794 4844 2037 4900 Minime
2063 4847 2249 4898 autem
2281 4845 2578 4914 repugnat,
2619 4838 2769 4911 quod
2813 4828 3151 4911 praetiictum

1797 4930 2019 4998 pactum
2039 4922 2360 4979 restrictum
2386 4921 2583 4976 fuisset
2608 4917 2680 4975 ad
2702 4916 3152 4975 determinatum

1795 5010 2035 5077 tempuS,
2068 5008 2122 5059 et
2143 5018 2260 5059 non
2288 5001 2554 5074 ampliuS,
2584 5004 2645 5054 ut
2687 4998 2905 5073 si‘Deus
2950 4998 3151 5056 decre-

3190 3770 3256 3802 am
3272 3771 3362 3803 Πλῆ-

3190 3860 3299 3909 vasq
3307 3889 3318 3900 .

3186 3909 3336 3951 1201*OE-
