3647 5753
318 613 495 655 Dtluuu.

363 670 444 708 tur.

531 422 639 476 4⁶26

606 594 722 655 Hae,
758 591 1015 660 inquam,
1048 584 1390 657 objectiones
1443 597 1558 640 non
1602 581 1880 637 referunt.

530 675 726 731 Prima
754 673 910 728 enim
941 673 1069 742 (qua
1119 667 1480 724 convincitur
1519 665 1790 736 vasquez,
1823 666 1884 716 ut

529 763 743 814 asserat
779 754 1152 810 mutationem
1192 748 1571 806 essentialiter
1638 745 1883 817 requisi-

530 846 647 896 tam
673 838 741 895 ad
769 834 1153 908 expiationem
1187 828 1393 903 peccati
1423 844 1581 900 posse
1603 827 1884 882 divinitus

526 918 828 976 salvariin
876 916 996 971 sola
1025 911 1342 981 attritione)
1363 915 1446 966 est
1473 910 1612 965 satis
1651 905 1878 971 debilis,

525 1001 799 1075 quoniam
843 1002 985 1053 Deus
1053 993 1282 1049 habenti
1348 991 1701 1047 attritionem
1753 1004 1882 1044 cum

526 1085 891 1139 sacramento
944 1074 1184 1132 remittit
1214 1079 1497 1145 peccatum
1539 1067 1884 1127 conferendo

526 1165 793 1238 gratiam,
840 1175 939 1231 per
991 1171 1160 1227 quam
1216 1153 1537 1210 formaliter
1588 1156 1880 1223 ‘peccatum

528 1245 840 1303 destruitur
874 1262 886 1296 t
915 1256 985 1296 ex
1006 1254 1116 1310 quo
1145 1243 1364 1292 tantum
1417 1233 1689 1307 sequitur,
1733 1230 1884 1303 quod

529 1324 762 1382 habenti
835 1320 1187 1377 attritionem
1240 1315 1448 1387 absque
1517 1316 1883 1370 sacramento

527 1405 703 1479 possit
741 1402 914 1458 etiam
962 1397 1214 1454 absolute
1258 1395 1504 1469 gratiam
1551 1390 1878 1454 infundere,

524 1500 635 1560 qua
677 1483 1001 1540 remittatur
1025 1482 1328 1551 peccatum.
1360 1474 1504 1529 Hinc
1534 1488 1670 1529 vero
1701 1470 1883 1526 mini-

526 1584 619 1622 me
649 1564 937 1638 probatur,
963 1558 1111 1631 quod
1138 1556 1354 1612 attritio
1382 1570 1443 1610 se
1466 1555 1606 1616 sola,
1637 1557 1691 1608 et
1716 1567 1883 1623 sepa—

527 1653 650 1704 rata
674 1663 703 1707 a
732 1643 915 1719 gratia
938 1642 1012 1695 sit
1047 1637 1287 1693 mutatio
1324 1634 1607 1691 sufficIens
1655 1632 1724 1689 ad
1752 1632 1886 1688 des-

525 1726 869 1784 tructionem
927 1718 1178 1792 peccati;
1226 1716 1322 1772 sed
1383 1715 1703 1788 oppositum
1749 1713 1887 1770 satis

525 1796 746 1866 constat
764 1822 833 1861 ex
862 1802 1047 1867 dictis.
1068 1799 1153 1854 Ad
1174 1797 1483 1855 secundam
1511 1795 1885 1870 objectionem

527 1885 924 1960 respondetur,
943 1880 1294 1937 attritionem
1316 1894 1420 1933 nec
1434 1876 1887 1937 formatum-,nec

527 1968 855 2026 virtualiter
899 1967 1229 2020 convertere
1270 1958 1340 2015 ad
1388 1960 1565 2014 Deum
1615 1957 1886 2012 ultimum

528 2051 736 2114 finem;
763 2052 927 2118 atque
949 2042 1076 2099 ideo
1100 2058 1215 2098 non
1244 2041 1536 2097 destruere
1571 2038 1887 2112 oppositam

529 2132 915 2194 aversionem,
970 2142 1072 2182 nec
1130 2123 1367 2180 reddere
1432 2120 1921 2178 involuntariam·

531 2212 846 2272 carentiam
908 2206 1125 2282 gratiae.
1180 2204 1465 2268 Quoniam
1533 2200 1887 2274 propositum

536 2314 653 2354 non
676 2291 939 2368 peccandi
971 2291 1032 2345 in
1056 2287 1348 2344 attritione
1390 2284 1675 2341 inclusum
1706 2280 1891 2354 respi-

534 2379 610 2434 cit
655 2372 882 2447 aliquod
935 2370 1216 2426 motivum
1274 2366 1538 2429 inferiuS,
1596 2368 1653 2420 et
1696 2363 1892 2418 minus

531 2457 879 2518 universale,
925 2456 1122 2522 utputa
1159 2445 1622 2503 convenientiam
1669 2441 1891 2499 vitandi

534 2553 760 2612 poenam
811 2533 1089 2591 aeternam
1126 2535 1218 2584 :et
1265 2526 1392 2582 ideo
1422 2526 1482 2581 in
1527 2528 1893 2593 eventu,quo

533 2624 716 2695 posset
760 2634 824 2673 ea
855 2628 1019 2687 poena
1049 2609 1221 2665 vitari
1266 2606 1473 2678 absque
1495 2604 1894 2661 observatione

535 2702 967 2774 praeceptorum,
1000 2697 1054 2748 et
1077 2693 1260 2763 posset
1291 2687 1486 2742 vitatio
1514 2702 1643 2742 cum
1674 2688 1895 2757 peccato

533 2780 825 2854 conjungi,
862 2774 1110 2832 minime
1130 2787 1198 2827 ex
1214 2770 1333 2825 sola
1353 2767 1645 2824 attritione
1661 2765 1896 2837 induce-

537 2876 733 2919 remur
756 2854 1050 2915 efficaciter
1065 2850 1135 2907 ad
1156 2847 1504 2908 servandum
1529 2854 1820 2922 praecepta.
1842 2852 1896 2904 et
1971 2898 1979 2906 .

536 2941 838 3000 vitandum
866 2941 1101 3011 peccata,
1118 2940 1179 2988 ut
1205 2933 1586 3006 explicuimus
1607 2938 1769 2988 tract.
1810 2933 1891 2998 13,

533 3013 1203 3097 disp.20,num.67.Quod
1240 3013 1458 3085 liquido
1485 3013 1700 3070 evincit
1730 3012 1897 3068 attri-

536 3107 751 3162 tionem
781 3117 897 3159 non
924 3113 1046 3155 esse
1080 3095 1490 3159 universalem,
1524 3099 1579 3150 et
1618 3093 1896 3150 efficacem

538 3183 995 3244 retractationem
1026 3176 1234 3252 peccati
1256 3174 1369 3230 'suh
1417 3174 1637 3231 ratione
1668 3172 1892 3246 peccati,

535 3275 590 3326 et
610 3272 888 3341 quatenus
940 3260 1248 3334 opponitur
1295 3261 1407 3314 Deo
1437 3257 1638 3312 ultimo
1668 3254 1770 3309 fini
1805 3259 1899 3322 ;et

537 3351 943 3419 consequenter
964 3357 1085 3411 esse
1112 3338 1576 3402 insufficientem,
1609 3340 1670 3390 ut
1700 3334 1899 3391 reddat

542 3428 925 3504 privationem
965 3422 1163 3497 gratim
1195 3417 1535 3494 simpliciter
1563 3416 1899 3472 involunta-

544 3512 710 3567 riam.
738 3506 903 3564 Unde
931 3519 1046 3560 non
1068 3501 1371 3574 aequivalet
1416 3496 1770 3561 contritioni,
1803 3500 1901 3552 aut

498 3649 505 3655 ,
538 3589 724 3647 amori
766 3586 865 3643 Dei
905 3598 1076 3655 super
1104 3580 1302 3637 omnia
1328 3602 1341 3645 ς
1374 3593 1510 3634 nam
1534 3577 1593 3632 hi
1618 3581 1772 3632 actus
1794 3575 1901 3631 ha·-

324 4361 507 4401 Punctus

337 4409 508 4452 diflicill·

359 4459 472 4501 tatis.

536 3673 671 3728 bent
698 3664 1086 3725 universalius
1114 3660 1416 3724 motivum,
1467 3662 1522 3714 et
1559 3660 1904 3715 convertunt

533 3753 603 3810 ad
669 3755 845 3806 Deum
894 3745 1166 3801 ultimum
1219 3740 1418 3808 finem,
1454 3799 1459 3802 ,
1490 3739 1902 3810 destruuntque

536 3831 775 3908 proinde
797 3826 1115 3900 oppositam
1158 3822 1544 3886 aversionem,
1567 3826 1683 3875 tam
1708 3825 1902 3876 actua-

537 3919 669 3979 lem,
700 3925 872 3983 quam
896 3903 1270 3962 habitualem.
1318 3902 1384 3954 Et
1412 3904 1560 3956 certe
1605 3900 1653 3954 si
1683 3898 1902 3955 attritio

538 3995 773 4051 haberet
793 4004 889 4045 eas
929 3981 1306 4046 conditiones,
1327 3996 1468 4053 quas
1490 3980 1600 4052 ipsi
1642 3977 1904 4035 attribuit

538 4074 795 4149 objectio,
823 4084 940 4126 non
981 4063 1423 4136 conjungeretur
1467 4061 1536 4118 de
1583 4061 1729 4118 facto
1770 4076 1900 4116 cum

542 4162 780 4232 peccato,
816 4167 919 4208 nec
943 4146 1204 4204 differret
1250 4161 1283 4200 a
1327 4143 1675 4200 contritione
1707 4167 1721 4210 ;
1753 4140 1903 4215 quod

538 4245 624 4296 est
649 4234 889 4294 omnino
918 4228 1147 4285 falsum.

623 4314 932 4386 183.Major
956 4312 1172 4381 poterat
1185 4319 1306 4361 esse
1328 4303 1628 4360 difficultas
1649 4304 1800 4373 circa.
1818 4320 1902 4360 ac-

542 4408 669 4457 tum
687 4395 927 4454 visionis
948 4390 1046 4447 Dei
1065 4389 1128 4445 in
1146 4385 1449 4459 seipso‚qui
1468 4383 1539 4441 ob
1560 4402 1724 4442 suam
1748 4401 1905 4459 mag-

542 4497 679 4540 nam
702 4475 1105 4553 perfectionem
1135 4467 1361 4526 videtur
1382 4468 1747 4524 essentialem
1772 4484 1903 4524 cum

543 4568 764 4639 peccato
811 4554 1225 4631 oppositionem
1285 4549 1497 4607 habere
1521 4575 1535 4619 3
1581 4551 1901 4622 praesertim

541 4662 671 4703 cum
702 4639 901 4702 reddat
921 4636 1219 4693 hominem
1248 4629 1318 4687 ab
1347 4631 1658 4688 intrinseco
1686 4632 1903 4704 impec-

430 4757 443 4773 ·
541 4728 805 4789 cabilem,
838 4726 898 4776 ut
923 4718 1125 4774 docent
1168 4713 1553 4771 communiter
1595 4714 1904 4771 Thomistae

540 4812 644 4866 hac
679 4809 723 4871 l,
756 4807 811 4869 2,
855 4807 1037 4879 quaest.
1065 4798 1119 4862 4,
1155 4802 1266 4851 art.
1290 4796 1345 4850 4.
1370 4794 1477 4851 Sed
1517 4794 1653 4866 quid
1681 4793 1750 4851 de
1800 4795 1905 4850 hac

541 4888 871 4963 operatione
894 4879 1188 4954 praecisive
1216 4882 1439 4949 accepta
1463 4892 1496 4932 a
1522 4876 1709 4950 gratia·
1734 4891 1903 4933 sanc-

542 4970 810 5031 tificante,
840 4968 898 5019 et
918 4975 1111 5018 amore
1151 4957 1249 5015 Dei
1291 4973 1462 5030 super
1486 4957 1685 5013 omnia
1704 4956 1903 5014 dicen·

542 5053 679 5107 dum
700 5048 790 5117 sit,
819 5044 956 5120 satis
981 5044 1200 5101 constat
1219 5054 1291 5097 ex
1316 5037 1481 5096 dictis
1525 5038 1652 5096 dub.
1671 5040 1897 5114 praeced.

1478 411 1569 465 DE
1603 408 2184 463 JUSTIFICATIONE
2223 408 2422 492 lMP-H.

2016 597 2166 634 num.
2226 581 2344 646 178,
2395 584 2449 634 et
2494 579 2541 633 si
2588 595 2712 651 quae
2757 581 3014 649 superest
3051 576 3354 641 difficultaS,

2018 659 2353 715 resolutioni
2384 658 2551 731 huJus
2581 657 2741 714 dubii
2769 657 3088 731 subjicitur,
3112 661 3167 713 et
3190 672 3257 713 ex
3275 655 3360 712 di-

2016 740 2210 798 cendis
2232 742 2525 812 operosius
2545 740 2942 813 explicabitur.
2961 738 3124 795 Unde
3138 737 3358 795 dubium
3424 745 3427 748 ’

2017 822 2306 879 reducitur
2355 822 2425 878 ad
2453 822 2595 878 duos
2633 829 2806 888 actuS,
2856 837 3112 878 amorem
3162 821 3360 877 scilicet

2015 903 2326 964 charitatis,
2358 909 2414 959 et
2433 903 2858 967 contritionem,
2896 902 2991 975 qui
3023 903 3359 959 voluntatem

2015 989 2358 1042 convertunt
2379 983 2448 1040 ad
2469 986 2644 1040 Deum
2667 1001 2838 1057 super
2864 984 3061 1040 omnia
3084 983 3357 1046 dilectum,

2016 1065 2108 1121 vel
2146 1065 2280 1138 quia
2310 1065 2457 1120 hanc
2499 1065 2934 1122 conversionem
2985 1080 3087 1137 pro
3112 1063 3365 1136 explicito

2016 1151 2376 1212 asserunt‚ut
2422 1161 2583 1202 amor
2622 1146 2917 1202 charitatis
2948 1145 3077 1212 ;vel
3124 1145 3251 1217 quia
3297 1144 3365 1199 il-

2017 1228 2133 1283 lam
2180 1232 2529 1298 supponunt,
2580 1232 2635 1282 et
2672 1227 2877 1282 saltem
2932 1243 3035 1299 pro
3101 1226 3367 1298 implicito

2017 1309 2350 1380 important,
2408 1313 2470 1362 ut
2543 1309 2829 1365 contritio,
2892 1310 2961 1363 Et
3011 1309 3146 1380 quia
3211 1309 3367 1381 hujus

2015 1390 2172 1464 modi
2198 1390 2494 1448 conversio
2546 1391 2864 1463 perfectiuS,
2896 1397 2952 1449 et
2989 1397 3053 1447 ut
3099 1392 3180 1447 sic
3223 1388 3367 1447 dica-

2017 1488 2163 1537 muS,
2197 1469 2447 1527 vividius
2473 1472 2654 1528 elucet
2718 1471 2778 1527 in
2831 1487 3045 1538 amore,
3093 1487 3261 1545 quam
3312 1471 3368 1526 in

2015 1551 2398 1617 contritione;
2469 1557 2525 1608 et
2586 1550 2819 1607 aliunde
2886 1567 3089 1614 vocum
3179 1552 3370 1608 multi·

2018 1634 2245 1706 plicatio
2305 1633 2697 1699 confusionem
2772 1633 2920 1690 haud
2969 1636 3154 1691 levem
3220 1635 3374 1708 inge-

2019 1721 2200 1778 nerat,
2254 1714 2461 1772 idcirco
2513 1715 2573 1771 in
2619 1714 2778 1772 dubii
2807 1715 3109 1783 decisione,
3155 1721 3209 1773 et
3250 1732 3377 1788 pro·

2017 1814 2211 1871 gressu
2235 1798 2412 1853 solius
2434 1796 2758 1854 dilectionis
2779 1815 3108 1872 expressam
3131 1798 3377 1855 mentio-

2021 1894 2151 1935 nem
2177 1879 2449 1934 faciemus
2482 1901 2493 1935 :
2524 1880 2798 1953 quidquid
2829 1896 2963 1937 vero
2980 1880 3049 1938 de
3074 1897 3140 1938 ea
3169 1881 3377 1936 dictum

2020 1958 2210 2023 fuerit,
2238 1960 2444 2032 poterit
2461 1961 2793 2016 contritioni
2819 1961 3381 2033 proportionabiliter

2020 2039 2315 2113 applicari.
2343 2042 2460 2096 Stat
2487 2058 2622 2115 ergo
2642 2041 2990 2098 difficultatis
3012 2041 3182 2097 cardo
3211 2042 3272 2097 in
3296 2057 3378 2107 eo,

2022 2139 2095 2179 an
2125 2131 2410 2195 peccatum
2459 2123 2754 2181 habituale
2783 2124 3042 2181 hominis
3079 2125 3288 2182 elevati
3315 2123 3383 2180 ad

2021 2205 2515 2277 supernaturalem
2537 2204 2800 2262 ordinem
2824 2205 3016 2277 possit,
3049 2206 3250 2262 saltem
3296 2205 3388 2261 in-

2022 2283 2254 2349 directe,
2279 2284 2498 2340 destrui
2525 2302 2623 2356 per
2647 2287 2836 2342 solum
2868 2301 3123 2341 amorem
3147 2287 3389 2342 charita-

2025 2367 2097 2421 tis
2141 2367 2594 2440 supernaturalis
2643 2366 3091 2440 independenter
3133 2366 3204 2424 ab
3231 2368 3388 2424 infu-

2024 2450 2185 2508 sione
2223 2451 2422 2524 gratiae
2462 2450 2871 2509 sanctificantis
2918 2451 3269 2519 habitualis;
3314 2469 3387 2509 an

2025 2536 2216 2587 autem
2246 2533 2362 2588 haec
2395 2534 2467 2587 sit
2515 2532 2641 2589 ideo
2680 2532 2999 2590 necessaria
3036 2531 3105 2588 ad
3133 2532 3379 2591 destruc·

2027 2614 2243 2669 tionem
2273 2615 2481 2687 peccati
2511 2632 2735 2688 quoquo
2762 2613 2930 2671 modo
2952 2614 3297 2683 faciendam,
3328 2624 3390 2673 ut

2027 2693 2283 2766 implicet
2321 2701 2604 2768 peccatum
2643 2693 2865 2755 excludi
2911 2690 3121 2768 absque
3149 2697 3391 2769 praedic-

2027 2781 2097 2831 tae
2116 2777 2310 2850 gratia}
2338 2776 2627 2832 infusione
2647 2779 2674 2831 P

2103 2850 2382 2919 Diximus,
2426 2851 2618 2906 saltem
2662 2849 2933 2916 indirecte,
2980 2853 3091 2907 etc.
3142 2854 3284 2927 quia
3326 2874 3391 2915 ex

2028 2948 2202 3005 supra
2241 2930 2405 2987 dIctis
2444 2931 2568 2986 dub.
2595 2933 2648 2996 2,
2690 2948 2756 2986 su
2802 2932 3069 3002 ponimus
3113 2933 3388 2994 directam

2028 3011 2423 3083 expulsionem
2455 3011 2661 3083 peccati
2687 2948 2998 3068 habitualis
3020 3014 3192 3090 hujus
3213 3023 3388 3074 status

2030 3091 2156 3148 fleri
2196 3107 2313 3148 non
2361 3108 2518 3164 posse
2585 3090 2793 3164 absque
2838 3093 3131 3154 infusione
3197 3100 3392 3174 gratia}

2028 3170 2460 3238 sanctificantis,
2487 3172 2722 3245 eoquod
2746 3172 3078 3246 praedictum
3102 3187 3389 3251 peccatum

2030 3254 2291 3311 consistit
2344 3255 2407 3311 in
2436 3256 2764 3328 privatione
2804 3256 3130 3332 hujusmodi
3171 3264 3386 3336 gratim,

2029 3342 2085 3393 et
2108 3337 2354 3409 privatio
2397 3339 2597 3412 nequit
2643 3339 2856 3396 directe
2882 3343 3104 3399 excludi
3137 3346 3253 3403 nisi
3295 3363 3391 3420 per

2032 3416 2280 3473 formam
2330 3419 2672 3491 oppositam.
2711 3420 2776 3475 In
2818 3436 2928 3493 quo
2966 3423 3141 3481 etiam
3184 3443 3390 3484 conve-

2032 3495 2204 3552 niunt
2250 3497 2582 3565 Thomistae,
2632 3500 2777 3555 sicut
2828 3505 2882 3556 et
2947 3502 3010 3558 in
3062 3506 3383 3573 asserendO,

2032 3577 2183 3650 quod
2212 3578 2428 3636 infusio
2474 3580 2673 3654 gratia-2
2719 3584 2801 3636 est
2846 3584 3087 3641 mutatio
3110 3587 3391 3646 sufficiens

2034 3658 2104 3714 ad
2152 3660 2563 3718 destruendum
2597 3668 2907 3734 peccatum,
2941 3671 3002 3721 ut
3044 3669 3184 3724 satis
3221 3672 3392 3745 liquet

2033 3755 2104 3796 ex
2152 3739 2318 3798 dictis
2357 3744 2484 3799 dub.
2520 3745 2565 3809 l,
2595 3751 2643 3798 et
2689 3744 2819 3800 dub.
2847 3747 2901 3801 4.
2935 3748 3118 3806 Immo
3164 3752 3389 3825 aliquod

2035 3828 2324 3894 peccatum
2376 3831 2477 3890 est,
2510 3823 2659 3896 quod
2724 3825 2788 3881 in
2833 3826 3139 3900 aliquibus,
3197 3838 3254 3889 et
3293 3850 3390 3906 pro

2034 3903 2226 3975 aliquo
2267 3908 2414 3959 statu
2458 3903 2672 3960 destrui
2721 3906 2836 3962 alio
2875 3908 3043 3967 modo
3070 3926 3189 3970 non
3220 3915 3383 3981 valet,

2033 4001 2206 4058 quam
2239 4003 2339 4058 per
2384 3988 2566 4043 solam
2617 3987 2866 4061 gratiam
2912 3991 3378 4054 sanctificantem.

2035 4067 2116 4121 uti
2133 4083 2194 4124 se
2217 4067 2386 4126 habet
2408 4075 2691 4141 peccatum
2714 4069 2999 4143 originale
3018 4074 3083 4130 in
3106 4079 3381 4148 parvulis.

1983 4203 1990 4206 ,
2035 4152 2183 4206 Nam
2210 4168 2339 4207 cum
2363 4153 2422 4208 hi
2446 4152 2564 4209 sint
2584 4152 2877 4223 incapaces
2897 4157 3167 4216 eliciendi
3196 4178 3387 4236 opera·

2035 4231 2219 4288 tiones
2244 4235 2729 4306 supernaturaleS,
2778 4240 2972 4313 nequit
2999 4240 3239 4300 illorum
3261 4260 3386 4317 pec-

1999 4340 2003 4344 ·
2033 4318 2225 4369 catum
2257 4314 2475 4371 destrui
2508 4331 2607 4389 per
2636 4317 2788 4386 illas„
2820 4320 2918 4377 sed
2961 4323 3053 4379 vel
3082 4340 3385 4396 permane·

2035 4394 2138 4460 bit,
2184 4396 2274 4452 vel
2301 4398 2420 4453 sola
2466 4399 2654 4471 gratia
2689 4400 2968 4459 habituali
3014 4406 3384 4465 excludetur:

2035 4475 2184 4548 quod
2210 4477 2383 4533 etiam
2413 4477 2686 4537 accideret
2727 4482 2789 4538 in
2842 4487 3061 4556 peccato
3100 4488 3385 4559 'personali

2034 4560 2174 4632 ejus,
2200 4559 2299 4632 qui
2323 4564 2656 4632 perpetuam
2684 4567 2999 4622 amentiam
3029 4567 3380 4629 incurrisset.

2003 4699 2016 4713 ‚
2035 4640 2141 4698 Sed
2168 4640 2238 4699 de
2265 4642 2368 4699 hoc
2396 4642 2606 4700 iterum
2630 4662 2861 4721 agemus
2881 4650 3021 4723 disp.
3047 4668 3154 4730 seq.
3180 4656 3310 4712 dub.
3341 4659 3383 4712 l.

2035 4721 2337 4794 Supposito
2377 4723 2572 4797 igitur,
2603 4726 2752 4800 quod
2799 4731 2990 4804 aliqua
3013 4737 3256 4794 mutatio
3293 4753 3387 4793 su—

2037 4803 2424 4875 pernaturalis
2453 4805 2764 4865 intrinseca
2791 4813 3117 4885 requiratur
3156 4816 3224 4873 ad
3261 4817 3387 4875 des-

2037 4883 2380 4940 tructionem
2398 4886 2625 4957 peccati,
2642 4893 2696 4945 et
2715 4891 2864 4963 quod
2890 4893 3128 4952 sufficiat
3149 4899 3385 4956 mutatio

2036 4965 2181 5022 facta
2204 4982 2303 5040 per
2330 4966 2679 5027 infusionem
2706 4973 2905 5047 gratiae
2925 4976 3254 5048 habitualis,
3279 4981 3385 5038 du-

2035 5047 2197 5105 bium
2236 5053 2339 5115 est,
2386 5065 2461 5106 an
2488 5051 2661 5110 etiam
2704 5055 2941 5115 sufficiat
2968 5063 3212 5122 mutatio
3237 5064 3382 5122 facta

3282 5154 3381 5213 pel·
