3647 5753
1414 415 1590 472 mse.
1637 416 1756 483 vn,
1800 417 1966 474 nna.
2012 419 2109 475 111.
2688 456 2691 459 -
2828 495 2834 501 .
2998 421 3066 476 οι
3173 400 3182 409 ’

190 576 365 634 tium
415 581 562 638 vitet
605 587 804 641 cuncta
850 590 1071 659 peccata
1109 587 1363 644 venialia
1389 611 1404 655 ς
1454 586 1582 644 fieri

189 666 435 726 tamen,
457 662 760 720 moraliter
781 665 1082 738 loquendo,
1102 668 1253 725 valet
1275 666 1424 741 quod
1443 668 1583 724 vitet

182 746 421 797 cuncta
436 747 661 813 peccata
676 745 929 801 venialia
950 762 1052 818 per
1072 746 1303 821 aliquod
1325 763 1584 805 momen·

193 827 358 885 tum,
395 827 495 878 aut
521 821 697 880 breve
721 825 973 897 spatium
1012 828 1389 894 occurrentia,
1423 833 1485 884 ut
1512 844 1582 885 ex

181 905 515 960 communi
531 905 950 981 Theologorum
974 909 1180 982 placito
1198 926 1372 982 supra
1394 909 1583 967 docui·

185 998 342 1038 xnus
369 983 518 1056 disp.
550 986 605 1051 3,
623 986 750 1043 dub.
781 992 836 1045 7.
864 991 932 1045 Et
960 990 1127 1063 hujus
1145 991 1292 1048 ratio
1310 996 1413 1055 est,
1438 1006 1582 1063 quo-

196 1063 379 1120 niam
427 1064 644 1140 objecta
691 1075 1045 1140 peccatorum
1095 1071 1413 1128 venialium
1462 1086 1582 1128 non

193 1152 477 1204 movent.
509 1148 624 1205 nisi
662 1164 733 1204 ex
762 1157 921 1222 parte
941 1152 1141 1227 objecti
1165 1153 1495 1218 alliciend0,
1527 1158 1583 1208 et

197 1228 530 1286 invitando
554 1231 906 1290 voluntatem
939 1252 953 1286 ε
984 1251 1109 1308 quae
1135 1237 1330 1303 motio,
1356 1252 1486 1293 cum
1512 1251 1582 1292 ex

187 1327 431 1384 genere
449 1329 553 1369 suo
581 1328 697 1369 non
719 1315 792 1369 sit
812 1314 1025 1382 efficax,
1053 1317 1228 1385 vinci,
1256 1323 1313 1374 et
1341 1315 1581 1373 refutari

200 1397 422 1463 potest,
448 1393 653 1463 saltem
680 1408 778 1465 per
805 1392 979 1451 breve
1005 1396 1257 1468 spatium
1278 1420 1292 1463 ;
1316 1396 1582 1469 quamvis

201 1471 490 1528 voluntas
515 1471 588 1528 ob
614 1488 778 1528 suam
824 1476 1281 1542 vertibilitatem,
1314 1481 1370 1533 et
1393 1475 1582 1534 defec-

196 1550 553 1608 tibilitatem
583 1568 699 1609 non
728 1555 990 1626 persistat
1018 1557 1079 1612 in
1102 1558 1377 1614 continua
1407 1558 1583 1614 resis-

199 1633 398 1690 tentia
428 1650 529 1706 per
556 1636 791 1709 longum
835 1642 1079 1710 tempus.
1111 1640 1342 1695 Constat
1367 1643 1578 1702 autem,

189 1712 363 1786 quod
413 1714 631 1770 auxilia
657 1714 729 1771 ab
775 1714 1137 1774 Adversariis
1167 1717 1416 1774 admissa
1464 1733 1581 1774 non

203 1800 460 1850 movent
504 1810 575 1851 ex
613 1811 673 1852 se
720 1796 967 1871 physice,
1004 1805 1062 1854 et
1105 1798 1436 1865 efficaciter;
1484 1795 1583 1853 sed

199 1882 448 1930 tautum
472 1877 789 1942 moraliter,
814 1884 870 1934 et
896 1877 1188 1953 objective.
1216 1880 1362 1953 Ergo
1376 1894 1583 1952 quam-

204 1956 300 2011 vis
343 1958 653 2014 moraliter
675 1956 804 2015 fieri
830 1976 945 2016 non
969 1962 1160 2034 possit,
1192 1960 1343 2034 quod
1371 1961 1584 2017 vulun-

201 2043 294 2092 ωε
315 2036 399 2092 ob
422 2053 583 2093 suam
609 2037 1041 2096 vertibilitatem
1072 2041 1296 2097 resistat
1310 2040 1583 2097 continuo

194 2118 493 2174 omnibus
519 2118 755 2174 auxiliis
780 2119 893 2175 sibi
919 2121 1193 2178 continuo
1221 2138 1321 2194 per
1350 2122 1581 2195 longam

193 2197 584 2255 durationem
615 2199 912 2272 impressis
935 2225 949 2267 ;
994 2200 1120 2258 fieri
1148 2207 1342 2258 tamen
1369 2202 1583 2273 optime

201 2281 391 2346 valet,
427 2279 610 2337 adhuc
636 2282 936 2338 moraliter
976 2281 1279 2356 loquendo,
1321 2282 1469 2355 quod
1500 2298 1584 2338 re-

208 2362 359 2419 futet
387 2379 494 2435 pro
513 2363 704 2436 aliquo
730 2362 889 2419 brevi
918 2366 1100 2436 spatio
1115 2371 1313 2421 cuncta
1335 2364 1576 2430 auxilia,

201 2462 339 2518 quae
365 2444 483 2502 sibi
509 2448 568 2501 in
590 2446 692 2502 tali
726 2446 1029 2520 duratiome
1051 2449 1577 2505 communicantur.

209 2530 369 2599 Ergo
417 2527 754 2601 contingens
798 2535 901 2595 est,
934 2531 1232 2588 moraliter
1275 2528 1578 2603 loquendo,

205 2608 366 2681 quod
415 2610 559 2663 Deus
600 2607 657 2663 id
708 2608 1057 2679 praeviderit.
1089 2610 1196 2685 Sed
1225 2610 1287 2666 in
1315 2626 1382 2666 ea
1408 2610 1584 2683 hypo·

211 2690 362 2747 thesi
432 2692 578 2746 Deus
625 2690 823 2763 nequit
870 2692 1228 2748 voluntatem
1281 2691 1582 2748 efficaciter

206 2777 559 2829 convertere
589 2793 602 2827 :
632 2788 767 2846 ergo
797 2775 939 2828 Deus
967 2789 1083 2829 non
1111 2779 1193 2829 est
1220 2774 1584 2846 omnipotens

208 2853 282 2910 ad
301 2853 766 2920 convertendum
786 2854 1136 2911 voluntatem
1153 2855 1389 2930 quando,
1416 2861 1471 2912 et
1492 2854 1586 2910 ubi

209 2934 505 3000 voluerit;
551 2932 651 2990 sed
696 2932 942 3005 quando,
987 2940 1042 2991 et
1088 2933 1185 2990 ubi
1232 2936 1498 2992 voluntas
1524 2950 1585 2991 se

209 3013 591 3070 converterit.

105 3105 182 3140 erut
287 3086 655 3159 Expenditur
701 3088 952 3161 amplius
1004 3088 1157 3145 idem
1203 3090 1582 3162 exemplum;

105 3158 163 3238 ῗῗ.
213 3186 354 3226 nam
386 3169 523 3225 licet
548 3172 695 3225 Deus
723 3186 822 3242 per
848 3170 1146 3227 scientiam
1181 3171 1460 3245 simplicis
1490 3171 1586 3226 in-

107 3259 160 3289 ’ΐ-
213 3251 554 3324 telligentiae
580 3251 878 3308 evidenter
903 3257 1199 3326 cognoscat
1225 3255 1582 3310 voluntatem

209 3338 468 3386 creatam
498 3345 627 3385 cum
658 3331 1060 3387 communibus
1109 3333 1337 3403 praecise
1382 3333 1586 3406 gratim

213 3410 459 3466 auxiliis
503 3410 761 3466 relictam
809 3410 1202 3470 infallibiliter
1231 3419 1584 3485 peccaturam

212 3508 340 3548 esse
381 3492 692 3549 venialiter
721 3492 876 3549 intra
916 3492 1146 3565 aliquod
1173 3494 1426 3551 notabile
1453 3511 1586 3567 spa-

217 3574 368 3629 tium
397 3597 412 3641 ;
468 3574 857 3631 nihilominus
905 3592 1004 3647 per
1055 3576 1226 3631 talem
1280 3576 1584 3633 scientiam

219 3669 338 3710 non
384 3654 975 3728 praecognoscitcerto,
1008 3661 1063 3711 et
1085 3655 1479 3712 infallibiliter
1521 3657 1583 3713 in

217 3749 328 3805 qua
351 3735 612 3802 materia,
640 3735 731 3791 vel
751 3750 864 3808 quo
888 3736 1092 3808 peccati
1107 3751 1336 3810 genere,
1356 3742 1413 3792 et
1435 3736 1585 3793 circa

209 3815 370 3886 quod
397 3815 678 3889 obJ'ectum
704 3818 968 3873 voluntas
989 3816 1246 3877 deficiet:
1274 3818 1413 3890 quia
1442 3819 1581 3874 nul·
1615 3859 1616 3864 η

222 3897 342 3952 lum
371 3897 652 3970 objectum
684 3899 746 3953 in
775 3898 1109 3971 particulari
1139 3905 1331 3956 movet
1374 3914 1445 3955 ex
1480 3916 1585 3955 sua

225 3983 435 4032 natura
457 3976 774 4044 efficaciter,
819 3983 874 4034 et
920 3977 1311 4035 infallibiliter
1339 3977 1408 4034 ad
1456 3995 1586 4052 pee-

220 4055 495 4111 candum.
517 4057 686 4129 Atqui
706 4057 923 4113 auxilia
942 4058 1139 4132 gratiae
1154 4056 1223 4114 ab
1239 4057 1585 4114 adversariis

224 4143 461 4204 asserta,
498 4155 568 4197 ex
593 4147 793 4212 suapte
829 4146 1037 4195 natura
1064 4156 1181 4197 non
1210 4144 1445 4197 movent
1469 4139 1587 4196 effi-

213 4220 462 4285 caciter,
511 4225 565 4277 et
617 4220 1008 4278 infallibiliter
1059 4222 1435 4288 voluntatem,
1487 4218 1585 4278 sed

222 4299 414 4357 solum
457 4301 772 4365 moraliter,
798 4306 855 4357 et
882 4300 1174 4373 objectiva.
1203 4303 1349 4376 Ergo
1375 4316 1587 4373 quam-

219 4379 313 4434 vis
337 4381 484 4436 Deus
505 4397 602 4452 per
623 4380 920 4437 scientiam
945 4381 1225 4454 simplicis
1249 4380 1586 4454 intelligen-

223 4460 319 4516 tiae
366 4459 557 4518 videat
599 4461 897 4520 evidenter
943 4463 1297 4520 voluntatem
1323 4506 1336 4530 ,
1385 4462 1435 4517 si
1485 4478 1587 4535 per

231 4541 469 4614 longum
514 4547 737 4614 tempus
779 4543 1057 4599 excitetur
1105 4543 1357 4611 auxiliis,
1411 4543 1585 4600 alicui

227 4620 466 4677 tandem
510 4637 915 4679 consensuram
971 4623 1092 4680 fore
1138 4645 1151 4678 z
1199 4623 1586 4680 nihilominus

234 4703 465 4758 nullum
494 4702 774 4759 auxilium
822 4704 885 4760 in
912 4704 1244 4777 particulari
1294 4720 1588 4778 recognos-

228 4790 337 4848 cet,
368 4783 520 4857 quod
547 4800 878 4841 consensum
909 4784 1299 4843 infallibiliter
1327 4786 1540 4843 inferat
1570 4805 1584 4842 ε

229 4867 289 4916 et
313 4868 727 4934 consequenter
765 4880 879 4921 non
908 4872 1104 4921 manet
1131 4871 1327 4938 potens
1355 4865 1424 4923 ad
1451 4881 1588 4921 cau-

234 4942 478 4999 sandam
506 4946 935 5003 conversionem
958 4946 1202 5018 quando,
1226 4951 1283 5003 et
1305 4945 1588 5018 quomodo

236 5024 509 5079 voluerit.
553 5025 708 5080 Patet
749 5028 1168 5099 consequentia,
1213 5027 1347 5099 quia
1391 5027 1588 5083 omni-

1713 590 1966 662 potentia
1993 607 2107 648 non
2128 593 2429 666 exequitur
2454 592 2714 651 effectum
2745 609 2845 666 per
2879 592 3075 672 media

1712 685 1870 743 vaga,
1899 676 1955 727 et
1983 671 2043 727 in
2082 673 2334 742 conquO,
2365 673 2464 731 sed
2494 690 2593 747 per
2622 672 2814 730 media
2841 673 2906 730 in
2936 689 3073 745 par-

1715 749 1941 806 ticulari
1969 757 2228 824 sumpta:
2265 753 2380 809 haec
2405 753 2616 826 quippe
2661 758 2885 809 tantum
2912 758 3069 816 sunt,

1710 846 1836 902 quae
1878 834 2244 905 exequutioni
2274 833 2542 892 mandari
2588 834 2785 893 valent
2817 854 2830 889 z
2859 849 2996 907 ergo
3021 834 3093 888 si-

1711 915 1859 968 Deus
1898 913 2055 970 intra
2101 915 2466 990 latitudinem
2494 933 2611 973 suae
2637 914 3074 987 omnipotentiae

1713 1007 1830 1049 non
1877 996 2221 1068 recognoscit
2247 994 2476 1070 aliquod
2505 996 2761 1053 medium
2804 996 2867 1051 in
2896 995 3073 1068 parti-

1711 1073 1891 1129 culari
1915 1090 2043 1130 cum
2070 1078 2442 1134 conversione
2467 1092 2792 1134 connexum
2820 1077 2959 1146 (esto
2989 1075 3074 1131 vi-

1712 1151 1841 1210 deat
1863 1153 2010 1225 quod
2041 1157 2209 1214 alicui
2233 1175 2374 1233 vage
2398 1165 2623 1230 sumpto
2654 1158 2922 1214 voluntas
2941 1172 3074 1214 con·

1712 1235 1940 1307 sentiet)
1985 1254 2102 1294 non
2147 1246 2342 1297 manet
2390 1244 2585 1312 potens
2620 1239 2688 1296 ad
2716 1238 3067 1296 causandatn

1713 1318 2145 1375 conversionem
2190 1319 2436 1393 quando,
2469 1325 2523 1376 et
2549 1319 2848 1392 quomodo,
2878 1324 2932 1376 et
2973 1319 3072 1375 ubi

1714 1396 1983 1453 voluerit.
2492 1406 2495 1409 ’

1788 1475 2176 1533 confirmatur
2195 1501 2210 1544 ;
2243 1495 2377 1535 nam
2415 1479 2464 1535 si
2491 1495 2561 1535 ex
2587 1495 2669 1545 eo,
2701 1477 2848 1552 quod
2876 1494 3075 1536 mora·
3112 1490 3269 1534 count·

1714 1555 1847 1613 liter
1889 1557 2171 1630 loquendo
2215 1558 2342 1617 fieri
2371 1577 2487 1618 non
2529 1561 2720 1634 possit,
2750 1559 2899 1633 quod
2928 1563 3076 1618 Deus
3114 1545 3261 1583 nni-r.

1715 1636 2044 1709 praeviderit
2064 1640 2418 1697 voluntatem
2444 1642 2774 1698 restituram
2795 1656 2917 1697 esse
2941 1657 3073 1697 om-

1714 1714 1884 1772 nibus
1902 1718 2101 1791 gratiae
2122 1719 2372 1785 auxiliis,
2403 1721 2726 1778 salvaretur
2750 1723 2927 1776 Deum
2950 1735 3076 1777 esse

1713 1797 2166 1868 omnipotentem
2195 1798 2264 1854 ad
2291 1798 2741 1856 convertendum
2771 1799 3072 1857 hominem

1714 1876 1775 1931 in
1799 1877 1992 1950 aliquo
2014 1878 2253 1936 instanti
2278 1877 2681 1945 determinato,
2701 1879 2795 1936 vol
2818 1878 2922 1936 hoc
2944 1878 3074 1937 ideo

1713 1961 1878 2023 esset,
1907 1958 2041 2029 quia
2067 1959 2359 2031 supposita
2385 1960 2490 2016 illa
2517 1959 2890 2032 praescientia,
2925 1962 3075 2017 Deus

1715 2036 1776 2093 in
1800 2037 2070 2109 praedicto
2091 2040 2329 2096 instanti
2351 2040 2637 2098 conferret
2655 2041 2853 2097 omnia
2873 2041 3077 2115 gratita

1714 2117 1951 2183 auxilia,
1984 2118 2076 2175 vel
2122 2119 2256 2193 quia
2286 2133 2487 2185 unum,
2533 2120 2623 2176 vel
2668 2118 2804 2190 quia
2831 2119 3025 2191 aliqua
3047 2121 3075 2175 P

1714 2199 1994 2253 Neutrum
2041 2198 2152 2255 dici
2195 2204 2375 2272 potest
2408 2215 2587 2273 :ergo
2634 2197 3071 2272 impossibilitas

1714 2278 1819 2334 illa
1864 2279 2103 2334 moralis
2151 2280 2301 2339 nihil
2350 2279 2576 2352 prodest
2620 2279 2690 2336 ad
2730 2276 3072 2335 salvandam

1713 2357 1977 2415 divinam
1998 2360 2498 2432 omnipotentiam.
2526 2358 2808 2416 Probatur
2837 2358 3069 2424 minor;

1716 2454 1853 2494 nam
1882 2440 1943 2516 in
1973 2440 2178 2514 primis
2206 2446 2493 2514 nequeunt
2520 2440 2717 2498 omnia
2743 2439 2942 2513 gratiae
2968 2454 3075 2495 au·

1713 2521 1860 2578 xilia
1884 2521 2060 2577 simul
2108 2522 2171 2578 in
2198 2521 2398 2579 eodem
2439 2522 2678 2579 instanti
2708 2519 2963 2594 produci,
3010 2526 3075 2576 ut

1714 2618 1783 2659 ex
1828 2618 1888 2658 se
1934 2602 2110 2675 liquet
2154 2620 2334 2677 :ergo
2377 2602 2526 2676 quod
2554 2605 2700 2660 Deus
2746 2600 3076 2675 praeviderit

1715 2682 2071 2739 voluntatem
2121 2684 2450 2740 restituram
2480 2699 2595 2740 non
2634 2697 2757 2739 esse
2802 2679 3080 2738 omnibus

1712 2762 1912 2836 gratim
1941 2763 2193 2830 auxiliiS,
2227 2764 2376 2820 nihil
2419 2762 2643 2837 prodest
2672 2761 2740 2818 ad
2766 2759 3076 2818 verifican-

1714 2841 1873 2909 dum,
1892 2842 2041 2917 quod
2063 2844 2137 2900 sit
2158 2844 2522 2918 omnipotens
2549 2842 2614 2901 ad
2640 2859 2767 2900 eam
2794 2843 2853 2899 in
2883 2841 3079 2914 aliquo

1717 2921 1955 2979 instanti
1969 2922 2356 2980 infallibiliter
2369 2922 2834 2981 convertendam.
2855 2918 3075 2976 Deinde

1716 3002 1951 3058 unicum
2012 3003 2297 3060 auxilium
2343 3004 2562 3060 morale
2619 3018 2736 3059 non
2796 3002 3074 3075 importat

1714 3085 2132 3142 connexionem
2181 3085 2554 3142 infallibilem
2610 3085 2925 3159 physicam,
2976 3083 3072 3138 vel

1716 3168 1997 3223 moralem
2047 3184 2177 3224 cum
2228 3168 2427 3225 effectu
2456 3191 2469 3234 ;
2518 3167 2615 3224 sed
2661 3174 2778 3224 tam
2820 3165 3070 3240 physice,

1715 3264 1888 3322 quam
1915 3250 2215 3306 moraliter
2243 3256 2421 3322 potest
2445 3249 2681 3306 refutari
2710 3271 2722 3305 ε
2751 3264 2885 3323 ergo
2924 3250 3071 3303 Deus

1716 3330 1914 3402 nequit
1940 3329 2235 3387 efficaciter
2255 3329 2444 3387 medio
2486 3329 2654 3386 unico
2683 3329 2905 3386 auxilio
2945 3343 3077 3384 mo—

1718 3412 1821 3468 ral²
1849 3413 2111 3484 consequi
2129 3411 2526 3469 infallibiliter
2543 3411 2855 3468 voluntatis
2877 3425 3078 3466 assen-

1715 3510 1864 3550 sum.
1916 3492 2171 3550 Tandem
2214 3493 2403 3566 aliqua
2445 3493 2681 3557 auxilia,
2733 3493 2864 3548 licet
2911 3491 3113 3564 plura.

1714 3573 1852 3639 sint,
1895 3589 2013 3630 non
2036 3573 2294 3629 inferunt
2314 3572 2706 3629 infallibiliter
2727 3585 3073 3628 consensum

1719 3672 1821 3729 pro
1869 3655 2059 3726 aliquo
2103 3654 2486 3711 determinato
2530 3652 2758 3726 spatio;
2807 3650 2905 3708 sed
2954 3657 3074 3707 tam

1718 3733 1968 3808 physice,
2000 3748 2171 3805 quam
2201 3734 2499 3790 moraliter
2529 3737 2746 3805 queunt
2775 3747 2878 3803 pro
2908 3728 3072 3786 brevi

1717 3815 1909 3886 aliqua
1953 3811 2259 3868 duratione
2301 3811 2591 3877 frustrari,
2645 3817 2706 3867 ut
2739 3809 3076 3867 Adversarii

1717 3893 2047 3958 admittunt,
2078 3897 2135 3947 et
2161 3896 2376 3948 constat
2420 3891 2684 3982 exemplo
2713 3896 3072 3963 peccatorum

1716 3973 2037 4031 venialium
2070 3995 2084 4029 z
2115 3987 2249 4046 ergo
2275 3972 2503 4029 collatio
2530 3973 2857 4046 aliquorum
2906 3971 3078 4028 auxi-

1717 4056 1930 4113 liorum
1958 4069 2075 4112 non
2121 4060 2370 4127 praestat,
2403 4060 2465 4110 ut
2503 4056 2651 4111 Deus
2677 4053 3077 4111 infallibiliter

1715 4152 2057 4194 consensum
2079 4136 2390 4193 voluntatis
2411 4142 2759 4209 assequatur.
2777 4135 2924 4200 Quid
2941 4151 3079 4209 ergo

1717 4223 1897 4293 potest
1924 4235 2014 4276 am
2024 4218 2171 4292 pIIus
2196 4216 2399 4275 divina
2419 4218 2837 4291 omnipotentia
2868 4218 3074 4283 facere,

1717 4308 1779 4359 ut
1803 4317 2143 4358 consensum
2185 4306 2459 4358 creaturae
2498 4299 2893 4357 infallibiliter
2921 4316 3079 4358 asse-

1716 4384 1961 4456 quatur?
1982 4384 2027 4435 N
2036 4381 2139 4436 ihil
2166 4381 2413 4453 profecto
2422 4381 2581 4454 juxta
2598 4380 2852 4437 scientiae
2875 4380 3080 4438 media)

1719 4462 2022 4535 principia.
2055 4463 2122 4517 Et
2147 4461 2228 4519 sic
2273 4463 2468 4534 nequit
2486 4462 2650 4535 juxta
2694 4477 2761 4519 ea
2788 4460 3079 4535 principia

1717 4543 1996 4617 appellari
2024 4542 2411 4615 omnipotens.
3234 4606 3239 4610 ,

1790 4626 1887 4680 89.
1902 4621 2008 4680 Sed
2026 4622 2325 4678 veniamus
2340 4624 2461 4696 jam
2478 4621 2547 4678 ad
2562 4622 2871 4678 secundam
2887 4622 3077 4679 Suarii
3156 4660 3253 4693 uam

1719 4702 2170 4775 responsionem,
2205 4717 2410 4773 nempe
2456 4717 2573 4758 non
2620 4716 2942 4776 repugnare
2989 4702 3079 4759 lo·-
3108 4711 3283 4793 {ima}

1716 4784 1858 4858 gice,
1883 4783 1973 4839 vel
2001 4781 2404 4855 metaphysice,
2429 4780 2578 4853 quod
2602 4783 2748 4837 Deus
2767 4798 2866 4855 per
2888 4782 3079 4841 scien-
3116 4798 3267 4842 admit·

1718 4864 1858 4921 tiam
1887 4860 2136 4919 mediam
2180 4859 2507 4933 praeviderit
2555 4862 2912 4920 voluntatem
2944 4879 3074 4920 res·
3131 4852 3243 4950 ξιῗξᾶ

1716 4945 1955 5000 tituram
2020 4942 2142 4998 fore
2200 4939 2469 4998 omnibus
2527 4942 2764 4998 auxiliis
2787 4987 2801 5010 ,
2870 4943 3079 5016 quibus
3093 4944 3279 5039 {3233

1719 5030 1900 5098 potest
1947 5039 1979 5079 a
2027 5024 2139 5078 Deo
2198 5022 2527 5094 praeveniri.
2579 5025 2713 5087 Quae
2752 5024 3078 5097 ‘propositio
3284 5021 3293 5031 “
