3647 5753
261 2361 410 2419 objec-

293 2416 366 2454 llo.

435 374 546 431 814

434 543 570 614 quia
614 543 862 603 minime
914 547 1188 621 implicat,
1245 550 1394 624 quod
1434 551 1622 625 justus
1667 550 1789 607 loco

435 624 800 697 perfectionis
838 627 951 684 sibi
990 630 1351 689 conferendae
1374 633 1532 696 velit,
1558 636 1620 688 ut
1643 632 1788 687 Deus

435 705 602 761 alteri
629 707 877 779 gratiam
898 707 1132 778 tribuat,
1162 718 1220 770 et
1243 712 1388 787 quod
1421 713 1658 769 alterius
1672 712 1790 785 jus·

432 782 805 842 tificationem
841 795 1063 862 reputet
1090 791 1244 849 inter
1263 809 1364 849 sua
1393 792 1541 850 bona
1562 792 1789 848 extrin-

432 879 585 928 seca;
616 881 752 922 nam
794 881 994 925 revera
1035 872 1166 927 talis
1206 871 1537 946 justificatio
1575 870 1791 928 intuitu

435 946 779 1004 meritorum
802 949 1014 1005 Christi
1043 950 1189 1010 facta
1218 951 1567 1010 redundaret
1587 954 1650 1009 in
1670 953 1792 1025 ejus

433 1027 699 1102 gloriam,
727 1036 783 1086 et
809 1030 1057 1090 laudem.

509 1110 687 1179 Adde,
731 1113 882 1186 quod
927 1115 1075 1172 sicut
1116 1117 1422 1188 praemium
1463 1116 1631 1176 debet
1673 1132 1793 1174 esse

436 1190 653 1249 bonum
699 1196 968 1262 merenti,
1016 1194 1096 1251 ita
1146 1197 1422 1254 meritum
1468 1196 1634 1255 debet
1672 1212 1794 1254 esse

439 1272 654 1331 bonum
698 1277 1023 1349 praemianti
1054 1297 1067 1332 ε
1104 1284 1165 1335 ut
1199 1286 1391 1338 autem
1418 1283 1692 1339 meritum
1721 1281 1796 1336 sit

438 1354 570 1424 tale,
599 1372 716 1414 non
741 1359 1059 1432 requiritur
1083 1360 1795 1436 indispensabiliter,quod

441 1433 641 1492 afferat
685 1438 1014 1509 praemianti
1068 1442 1395 1511 utilitatem,
1445 1443 1544 1501 sed
1593 1441 1797 1499 sufficit

439 1515 588 1589 quod
614 1518 774 1575 cedat
801 1520 862 1576 in
882 1521 1005 1595 ejus
1023 1523 1287 1596 gloriam,
1315 1529 1370 1581 et
1396 1524 1545 1599 quod
1569 1540 1799 1597 compu-

440 1601 593 1654 tetur
621 1598 773 1656 inter
800 1601 979 1673 ipsius
1008 1601 1156 1660 bona
1182 1605 1522 1673 extrinseca,
1549 1611 1611 1661 ut
1630 1620 1798 1662 cons-

442 1681 525 1732 tat
552 1677 615 1734 in
642 1680 868 1736 meritis
894 1683 1105 1739 nostris
1149 1684 1298 1757 apud
1327 1689 1526 1752 Deum,
1558 1691 1614 1742 et
1640 1684 1801 1742 docet

445 1761 512 1815 Ι».
554 1761 758 1819 Thom.
793 1765 853 1819 in
893 1765 997 1820 hac
1024 1773 1208 1843 quw-st.
1238 1776 1347 1826 art.
1389 1771 1407 1825 l
1442 1769 1517 1824 ad
1553 1769 1589 1823 2
1622 1792 1636 1833 ;
1664 1781 1799 1840 ergo

445 1842 663 1915 pariter
691 1850 752 1900 ut
794 1847 1097 1917 praemium
1125 1848 1201 1904 sit
1229 1851 1355 1918 tale,
1380 1866 1521 1924 opus
1548 1865 1666 1906 non
1691 1855 1794 1914 est,

443 1919 592 1993 quod
639 1923 912 1997 importet
957 1927 1286 1998 utilitatem,
1336 1936 1392 1988 et
1434 1929 1798 1988 commodum

445 2005 741 2073 merentis,
766 2006 864 2064 sed
892 2009 1114 2077 sufficit,
1145 2009 1295 2083 quod
1316 2018 1678 2085 computetur
1706 2012 1801 2067 in-

445 2092 533 2144 ter
579 2088 700 2162 ejus
746 2088 895 2147 bona
923 2093 1278 2160 extrinseca,
1323 2099 1379 2151 et
1417 2094 1663 2168 gloriam
1691 2093 1802 2167 ipsi

448 2169 738 2242 acquirat:
763 2171 912 2245 quod
952 2177 1133 2230 totum
1166 2175 1229 2230 in
1257 2180 1454 2233 nostro
1493 2191 1622 2232 casu
1663 2191 1804 2233 con-

443 2249 711 2324 tingeret.

522 2334 610 2389 35.
657 2334 764 2391 Sed
806 2335 1036 2410 objicies
1070 2359 1083 2393 ε
1114 2354 1250 2395 nam
1277 2338 1328 2394 si
1373 2337 1633 2397 doctrina
1679 2354 1806 2412 pro-

448 2415 606 2472 xime
634 2432 667 2473 a
705 2416 871 2474 nobis
898 2419 1107 2478 tradita
1134 2436 1273 2478 vera
1293 2426 1396 2487 est,
1439 2420 1637 2477 suadet
1672 2436 1805 2494 pos-

448 2494 620 2552 sibile
663 2513 803 2566 esse,
863 2515 981 2558 non
1026 2501 1213 2558 solum
1262 2519 1363 2577 per
1393 2509 1707 2575 respectum
1734 2501 1805 2558 ad

448 2580 763 2652 potentiam
809 2581 907 2638 Dei
948 2581 1222 2651 absolute,
1252 2584 1348 2641 sed
1378 2585 1552 2642 etiam
1600 2600 1805 2641 secun-

442 2659 580 2716 dum
603 2677 970 2719 communem
987 2665 1434 2736 providentiam,
1454 2666 1603 2740 quod
1621 2664 1806 2739 justus

1474 380 1569 436 DE
1608 365 1915 436 PRAEMio
1951 362 2231 435 Meum.

1919 547 2309 606 tribuendam.
2338 548 2447 606 Sed
2475 555 2669 606 tamen
2697 552 2882 626 magis
2907 554 3303 610 connaturale

1920 633 2022 696 est,
2050 634 2112 685 ut
2129 628 2315 702 justus
2344 630 2530 702 potius
2551 629 2683 698 sibi,
2709 648 2882 704 quam
2905 632 3037 689 aliis
3057 633 3126 690 de
3149 650 3302 691 con-

1921 708 2095 784 digno
2140 718 2475 778 mereatur;
2526 713 2661 784 quia
2703 719 2854 769 recta
2908 716 3059 771 ratio
3110 715 3302 772 dictat

1922 792 2145 861 (saltem
2171 793 2390 849 secluso
2418 793 2532 850 alio
2569 794 2667 851 Dei
2699 798 2995 866 praecepto)
3024 801 3083 851 ut
3105 796 3302 868 quili-

1921 869 2016 927 bet
2037 871 2224 946 magis
2252 871 2473 929 studeat
2516 888 2618 930 suo
2659 874 2934 947 profectui
2974 877 3301 948 spirituali,

1923 957 1979 1008 et
2003 953 2321 1009 sanctitatis
2347 959 2670 1027 augmento,
2715 971 2889 1028 quam
2917 956 3172 1013 aliorum
3198 973 3303 1014 re-

1924 1031 2131 1099 medio,
2162 1037 2219 1090 et
2236 1031 2385 1106 quod
2417 1035 2600 1107 magis
2647 1033 2943 1090 incumbat
2982 1034 3154 1092 bonis
3195 1037 3304 1093 in-

1925 1112 2210 1181 trinsecis
2256 1129 2429 1185 quam
2456 1114 2795 1171 extrinsecis
2828 1135 2841 1168 ε
2873 1116 3152 1171 meritum
3183 1132 3303 1173 au-

1926 1200 2042 1250 tem
2102 1193 2172 1251 de
2238 1193 2531 1268 condigno=
2584 1196 2717 1251 aliis
2770 1197 3116 1269 applicatum
3173 1215 3305 1256 non

1928 1273 2094 1331 affert
2128 1277 2280 1349 justo
2312 1274 2632 1331 sanctitatis
2662 1284 3056 1350 augmentum.
3091 1281 3183 1336 vel
3199 1281 3309 1354 jus

1928 1355 1999 1414 ad
2040 1359 2227 1432 majus
2273 1357 2578 1430 praemium
2628 1359 2968 1428 essentiale;
2999 1377 3138 1418 nam
3190 1378 3306 1435 per

1927 1440 2175 1518 gratiam
2205 1438 2337 1495 aliis
2362 1439 2629 1495 collatam
2657 1438 2778 1512 ejus
2807 1441 2971 1497 valor
3009 1442 3306 1499 exhauri-

1931 1528 2108 1587 retur,
2137 1525 2232 1576 aut
2256 1518 2462 1574 saltem
2504 1519 2974 1578 imminueretur.
3003 1525 3302 1580 Caeterum

1932 1617 2050 1660 non
2069 1601 2267 1658 omnia
2285 1614 2412 1672 quae
2451 1604 2588 1655 sunt
2625 1601 2824 1657 minus
2863 1605 3299 1670 connaturalia,

1930 1682 2137 1739 dehent
2162 1680 2271 1736 dici
2304 1681 2667 1746 miraculosa,
2702 1687 2763 1737 ut
2794 1689 2942 1756 patet
2983 1683 3045 1739 in
3085 1684 3308 1741 condi-

1930 1763 2087 1821 tione
2112 1767 2289 1818 status
2316 1761 2441 1829 viae,
2461 1778 2585 1834 quae
2611 1763 3066 1820 connaturaliter
3097 1767 3267 1839 requi
3286 1798 3307 1807 -

1936 1846 2082 1902 ritur
2133 1844 2202 1902 ad
2263 1844 2560 1910 meritum,
2609 1852 2672 1902 ut
2719 1845 2976 1901 diximus
3038 1847 3184 1921 disp.
3249 1851 3304 1913 1,

1933 1927 2060 1985 dub.
2078 1928 2132 1992 4,
2164 1931 2221 1982 et
2242 1930 2436 1982 tamen
2479 1926 2609 1983 licet
2635 1943 2702 1983 ea
2727 1925 2978 1984 conditio
3006 1925 3306 1995 deficeret,

1935 2023 2052 2065 non
2075 2011 2372 2080 propterea
2401 2006 2463 2062 in
2488 2007 2761 2064 merendo
2785 2006 3171 2065 interveniret
3191 2011 3310 2064 mi·

1938 2090 2215 2155 raculum,
2271 2088 2369 2145 sed
2410 2094 2634 2145 tantum
2689 2088 3051 2162 providentia
3098 2092 3311 2148 minus

1935 2168 2347 2226 connaturalis.
2368 2169 2687 2226 videantur
2705 2186 2829 2241 quae
2850 2168 3104 2226 diximus
3126 2179 3303 2228 trac-1.

1933 2251 2152 2324 praeoed.
2177 2251 2317 2324 disp.
2348 2252 2405 2317 4,
2430 2250 2557 2307 dub.
2589 2253 2624 2306 4
2651 2253 2713 2306 in
2732 2253 3030 2325 principio.

2529 2445 2560 2512 ς
2602 2442 2695 2498 111.

2142 2586 2419 2645 Posterior
2446 2590 2747 2664 difficultas
2769 2589 3081 2665 resolvitur.

2014 2737 2107 2793 36.
2149 2735 2464 2793 Dicendum
2516 2741 2601 2794 est
2664 2736 2929 2800 secundo,
3000 2737 3508 2820 implicarem
3591 2775 3594 2812 ,

1938 2815 2088 2890 quod
2102 2817 2287 2892 justus
2308 2816 2378 2875 de
2398 2817 2681 2893 condigno
2704 2824 2995 2874 mereatur
3019 2817 3306 2891 peccatori
3331 2827 3493 2870 ωικιι-

1940 2900 2191 2972 primam
2207 2900 2631 2975 justificationis
2651 2901 2920 2975 gratiam.
2942 2904 3024 2957 Ita
3049 2903 3310 2957 Joannes
3373 2879 3454 2921 ’ω

442 2748 733 2801 mereatur
786 2745 952 2801 alteri
1008 2746 1258 2818 primam
1286 2749 1538 2822 gratiam
1569 2770 1580 2803 :
1610 2763 1805 2804 conse·

443 2838 622 2897 quens
659 2824 1045 2882 noncohaeret
1070 2842 1198 2884 cum
1224 2828 1316 2884 his
1335 2842 1461 2901 quae
1491 2826 1748 2884 diximus
1775 2829 1806 2897 ἓ

430 2904 654 2978 μωραὶ.
710 2920 844 2980 ergo
888 2903 1149 2964 doctrina
1194 2910 1285 2965 vel
1311 2908 1419 2974 hic,
1464 2909 1557 2965 vel
1586 2908 1666 2964 ibi
1693 2913 1805 2964 tra·

440 2985 561 3042 dita
602 2986 744 3043 falsa
789 2993 891 3045 est.
941 2990 1180 3063 Sequela
1203 2990 1497 3063 probatur,
1530 2991 1805 3064 quoniam

446 3065 510 3121 in
538 3067 745 3142 merito
761 3068 900 3141 justi
926 3075 1178 3142 respectu
1199 3071 1398 3145 gratiae
1421 3072 1587 3128 alteri
1605 3070 1808 3128 dandae

448 3147 740 3204 salvamus
766 3166 965 3208 omnes
987 3150 1361 3216 conditiones,
1389 3169 1513 3227 quae
1534 3151 1603 3210 ad
1625 3151 1807 3208 meri-

451 3234 576 3284 tum
627 3232 1082 3288 connaturaliter
1133 3234 1527 3306 requiruntur,
1555 3239 1617 3290 ut
1642 3233 1808 3290 facile

453 3310 839 3369 consideranti
866 3311 1163 3370 constabit.

240 3400 442 3446 sot-titur.
529 3392 924 3465 Respondetur
964 3392 1368 3470 distinguendo
1412 3396 1721 3469 sequelam,
1752 3399 1810 3451 et

452 3472 501 3528 si
543 3488 644 3546 per
690 3490 1026 3530 communem
1067 3478 1472 3549 providentiam
1525 3476 1811 3550 intelligat

418 3565 428 3576 ·
454 3555 878 3628 providentiam
934 3564 1271 3629 praesentem
1297 3600 1311 3624 ,
1364 3558 1626 3633 neganda
1676 3562 1762 3616 est
1790 3582 1804 3625 ;

1938 2983 2202 3040 Vincent.
2224 2984 2289 3039 de
2304 2987 2490 3056 qratia
2524 2983 2737 3042 Christi
2756 2992 2941 3062 quaest.
2965 2986 3020 3051 6,
3045 2983 3211 3039 cond.
3241 2986 3302 3047 7,
3323 3000 3512 3045 παι

1933 3083 2064 3139 pay.
2112 3068 2243 3132 763,
2299 3071 2368 3123 N.
2416 3068 2713 3140 cornej03
2736 3085 2792 3139 p.
2824 3067 2965 3139 disp.
2997 3069 3051 3131 4,
3083 3066 3215 3122 aab.
3252 3050 3514 3142 affl*

1940 3151 2173 3223 Gregor.
2192 3150 2471 3207 Martinez
2488 3153 2546 3204 in
2558 3151 2823 3222 prasenti,
2845 3156 2953 3204 are.
2975 3150 3030 3214 6,
3052 3150 3310 3204 Herrera
3327 3151 3495 3195 Bm·

1940 3232 2001 3285 in
2038 3229 2167 3290 MS.
2198 3232 2274 3288 ad
2313 3233 2347 3288 3
2387 3239 2538 3305 part.
2593 3238 2773 3308 quast.
2834 3233 2880 3297 1,
2932 3238 3041 3287 art.
3073 3233 3127 3296 2,
3168 3228 3301 3285 dub.

1940 3312 2155 3378 ultimo,
2210 3313 2447 3370 conc-lua.
2489 3314 2546 3378 2,
2597 3312 2880 3367 Martinez
2919 3310 2988 3367 de
3037 3310 3222 3367 Prado
3272 3309 3311 3363 3
3347 3329 3488 3373 rudo.

1932 3402 2294 3473 paratquaest.
2321 3397 2412 3461 64,
2443 3402 2552 3451 art.
2586 3388 2640 3462 4,
2690 3412 2841 3449 num.
2886 3395 2978 3459 29,
3013 3392 3305 3465 loquendo

1940 3473 2010 3531 de
2031 3475 2257 3541 merito,
2288 3474 2436 3549 quod
2464 3474 2827 3531 arithmetice
2867 3473 3123 3546 adaequat
3150 3488 3304 3546 prae·

1940 3555 2147 3613 mium.
2196 3557 2435 3612 Arauxo
2488 3557 2522 3611 3
2564 3563 2718 3628 part.
2767 3563 2949 3631 quast.
3004 3558 3049 3621 l,
3102 3561 3209 3609 art.
3246 3555 3305 3617 2,

454 3651 590 3692 nam
614 3635 685 3692 de
711 3636 857 3692 facto
881 3652 998 3694 non
1030 3637 1236 3694 adsunt
1283 3655 1483 3696 omnes
1525 3637 1809 3696 conditio-

454 3731 573 3784 nes,
623 3732 748 3789 quae
790 3714 859 3772 ad
908 3718 1250 3774 merendum
1278 3718 1350 3777 de
1369 3719 1649 3794 condigno
1677 3718 1809 3775 aliis

450 3798 703 3871 primam
749 3798 996 3872 gratiam
1045 3800 1436 3871 requiruntur.
1476 3803 1621 3858 Tum
1674 3801 1808 3872 quia

450 3879 639 3937 deficit
666 3887 891 3953 pactum
916 3882 1017 3939 Dei
1046 3904 1058 3937 :
1096 3888 1216 3940 tnm
1243 3884 1377 3956 quia
1398 3883 1468 3940 de
1495 3884 1640 3941 facto
1679 3901 1807 3943 om-

450 3962 579 4027 nia,
623 3963 722 4035 qui
768 3968 922 4020 caret
963 3962 1154 4035 prima
1191 3965 1377 4039 gratia
1419 3964 1801 4037 justificante,

447 4042 643 4100 existit
678 4043 741 4098 in
771 4049 1011 4115 peccat0,
1037 4049 1094 4101 et
1118 4045 1198 4101 ita
1221 4060 1337 4102 non
1364 4046 1807 4119 comprehendi-

452 4130 545 4181 tur
571 4124 677 4181 sub
714 4124 976 4182 doctrina
1006 4126 1173 4185 modo
1206 4126 1436 4192 tradita,
1468 4144 1578 4199 qua
1605 4144 1807 4186 conce-

449 4204 643 4261 dimus
689 4206 907 4279 justum
955 4223 1115 4280 posse
1156 4207 1323 4264 alteri
1371 4223 1487 4265 non
1528 4209 1805 4280 peccatori

1937 3635 2064 3691 dub.
2098 3638 2151 3703 2,
2183 3652 2218 3691 α
2246 3654 2407 3691 num.
2435 3636 2528 3699 29,
2556 3652 2680 3690 cum
2701 3642 2940 3712 sequent:
2969 3642 3024 3690 et
3044 3642 3224 3708 quaest.
3248 3634 3309 3701 8,

1939 3723 2048 3772 art.
2073 3718 2129 3782 6,
2154 3716 2280 3772 dub.
2314 3718 2498 3772 unice.
2529 3717 2643 3771 Nec
2663 3715 2986 3787 oppositum
3027 3711 3314 3787 significat

1882 3827 1887 3832 ·
1938 3798 2003 3871 in
2035 3800 2319 3871 praesenti,
2347 3805 2460 3854 art.
2483 3799 2538 3862 6,
2573 3803 2633 3852 ut
2654 3795 2890 3868 quidam
2919 3797 3114 3852 minus
3155 3801 3306 3851 recte

1939 3881 2199 3947 asseruit,
2235 3881 2326 3937 hic
2363 3880 2526 3936 enim
2566 3880 2754 3936 solum
2796 3884 3001 3935 tractat
3044 3878 3309 3950 quaestio-

1939 3979 2073 4020 nem
2102 3979 2203 4037 per
2225 3969 2537 4034 respectum
2560 3960 2629 4017 ad
2653 3960 3076 4034 providentiam
3100 3961 3197 4015 Dei
3219 3974 3313 4015 or-

1939 4042 2252 4112 dinariam,
2288 4049 2346 4100 et
2373 4044 2453 4098 ita
2481 4042 2782 4115 permittit,
2812 4041 2962 4113 quod
2990 4040 3311 4113 oppositum

1938 4132 2108 4199 queat
2138 4141 2239 4198 per
2268 4122 2600 4180 absolutam
2625 4122 2937 4195 potentiam
2959 4123 3304 4196 contingere.

1939 4207 2009 4260 Et
2061 4206 2209 4262 hanc
2259 4204 2635 4262 assertionem
2689 4203 2890 4260 docent
2944 4201 3309 4275 frequentius

1937 4287 2040 4343 alii
2107 4286 2432 4353 Thomistae,
2491 4291 2554 4339 ut
2604 4283 2816 4340 fatetur
2883 4283 3077 4358 Godoy
3143 4282 3300 4339 infra
3323 4304 3492 4358 codas.

1938 4366 2294 4424 referendus,
2358 4368 2541 4431 Quam
2603 4364 2778 4421 etiam
2834 4369 3072 4420 tuentur
3139 4365 3304 4436 Vasq.

1937 4455 2068 4503 tom.
2107 4449 2152 4515 l,
2184 4449 2244 4501 in
2282 4448 2489 4520 3part.
2527 4446 2669 4517 disp.
2700 4446 2756 4510 4,
2782 4462 2906 4516 cap.
2937 4446 2992 4511 5,
3024 4444 3303 4500 Meratius
3351 4466 3502 4509 nem

1935 4532 1999 4586 de
2027 4530 2313 4588 Incarnat.
2347 4531 2489 4602 disp.
2513 4530 2568 4593 4,
2599 4534 2727 4583 sect.
2758 4527 2812 4591 3,
2843 4529 3059 4598 Gaspar
3087 4527 3307 4583 Hurta-
3326 4515 3502 4559 Bm·

1935 4609 2009 4668 do
2046 4610 2187 4684 disp.
2246 4612 2292 4675 l,
2340 4610 2593 4683 difficult.
2659 4609 2742 4673 14,
2799 4606 3009 4663 Torres
3032 4623 3215 4679 opusc.
3246 4608 3302 4671 8,
3325 4631 3497 4676 Tm

1933 4692 2076 4764 disp.
2103 4693 2158 4753 4,
2190 4690 2315 4746 dub.
2372 4690 2429 4755 2,
2481 4690 2634 4761 Lugo
2677 4695 2805 4742 tom.
2874 4687 2921 4750 1,
2973 4687 3032 4739 in
3078 4686 3112 4740 3
3153 4693 3304 4758 part.
3351 4707 3481 4758 Lm

1933 4774 2074 4848 disp.
2107 4775 2161 4839 5,
2193 4789 2346 4829 num.
2386 4772 2507 4836 144,
2539 4776 2594 4827 et
2616 4770 2719 4826 alii
2744 4770 2960 4843 plures».

2010 4852 2296 4912 Probatur
2325 4852 2565 4916 ratione,
2598 4851 2747 4924 quia
2793 4850 3067 4906 meritum
3108 4848 3313 4905 condi·
3339 4864 3507 4909 rnna·
3535 4884 3546 4893 ·

1935 4954 2139 5013 gnum,
2169 4941 2231 4991 ut
2248 4935 2434 5010 gratia
2456 4932 2787 5007 justificans
2809 4930 3097 4987 tribuatur
3124 4947 3315 5003 pecca-
3329 4920 3526 4959 ΜΨ

1935 5021 2073 5089 tori,
2107 5018 2275 5078 debet
2299 5035 2421 5077 esse
2446 5018 2662 5074 valoris
2684 5017 2792 5071 sim
2802 5015 3026 5088 pliciter
3046 5013 3263 5073 infiniti
3292 5037 3309 5071 ε

3154 5111 3300 5170 ergo

450 4286 704 4361 primam
730 4288 976 4362 gratiam
999 4288 1069 4345 de
1089 4289 1369 4365 condigno
1390 4290 1623 4347 mereri.
1653 4292 1722 4346 Et
1743 4291 1805 4346 in

452 4367 557 4425 hoc
607 4384 780 4424 sensu
834 4367 1254 4427 affirmavimus
1305 4374 1338 4441 ἕ
1377 4371 1599 4444 praeced.
1655 4370 1805 4444 quod

450 4464 624 4506 nemo
650 4448 961 4506 secundum
989 4467 1354 4508 communem
1379 4450 1804 4524 providentiam

447 4534 629 4603 potest
676 4528 746 4587 de
791 4530 1071 4606 condigno
1115 4531 1331 4590 mereri
1358 4532 1526 4589 alteri
1551 4532 1804 4606 primam

441 4611 709 4686 gratiam.
739 4611 799 4667 Si
822 4616 1011 4669 autem
1035 4629 1136 4687 per
1154 4629 1491 4669 communem
1503 4613 1805 4687 providen-

441 4696 580 4750 tiam
607 4693 892 4767 intelligat
920 4693 1341 4767 providentiam
1370 4692 1580 4768 absque
1619 4694 1805 4752 mira-

442 4778 589 4844 culo,
623 4776 851 4834 concedi
876 4781 1087 4851 potest;
1132 4778 1363 4835 nullum
1383 4776 1596 4851 quippe
1617 4776 1804 4834 mira-

439 4860 636 4916 culum
687 4859 1069 4916 interveniret
1095 4859 1157 4915 in
1184 4875 1270 4927 e0,
1305 4858 1456 4933 quod
1495 4858 1804 4931 suppositis

439 4941 869 4999 conditionibus
923 4957 955 4997 a
1008 4939 1174 4997 nobis
1218 4941 1449 5008 exactiS,
1496 4940 1683 5014 justus
1732 4939 1804 4997 de

437 5021 722 5095 condigno
744 5026 1064 5077 mereretur
1087 5021 1338 5093 primam
1358 5021 1605 5095 gratiam
1629 5019 1796 5077 alteri
