3647 5753
352 730 544 775 Solvitur

392 3356 583 3400 Occurri-

569 375 681 431 804
1607 379 1701 434 DE
1741 379 2047 434 PRAEMIO
2086 379 2367 435 MERITI.

568 548 814 624 gratiam
855 547 920 604 fit
967 570 979 604 :
1018 565 1154 624 ergo
1197 549 1415 623 pariter
1461 554 1642 623 potest
1682 549 1930 624 gratiam

570 629 804 696 mereri,
835 631 1102 702 quamvis
1128 636 1508 704 consequatur
1534 631 1603 687 ad
1630 632 1816 687 illam.

656 715 739 769 18.
783 712 868 766 Ad
891 720 1296 787 argumentum
1322 713 1700 786 respondetur
1723 730 1937 788 negan-

358 791 553 874 „ssffigfi
574 795 646 853 do
667 795 946 868 maJ‘orem
970 819 981 860 ;
1012 795 1158 852 ratio
1179 796 1337 853 enim
1359 795 1430 853 ob
1457 813 1628 869 quam
1656 800 1937 871 repugnat

577 878 828 953 primam
849 877 1096 952 gratiam
1129 894 1250 935 esse
1271 878 1548 935 meritum
1581 878 1771 951 operis
1797 877 1938 933 sub-

575 962 882 1035 sequentis,
917 977 1032 1016 non
1060 966 1144 1017 est
1166 962 1287 1027 illa,
1313 977 1437 1033 quae
1466 961 1528 1017 in
1552 961 1759 1034 majori
1791 961 1938 1019 assi-

578 1050 789 1120 gnatur
814 1067 827 1109 ;
883 1044 1131 1100 fatemur
1183 1043 1342 1100 enim
1363 1087 1375 1110 ,
1431 1060 1548 1101 non
1600 1045 1934 1118 implicare,

579 1123 728 1198 quod
749 1123 947 1180 eadem
978 1141 1067 1181 res
1092 1124 1406 1180 secundum
1434 1124 1690 1183 diversos
1719 1127 1935 1192 titulos,

581 1212 637 1264 et
659 1211 943 1278 respectus
963 1207 1291 1263 conferatur
1308 1208 1506 1281 gratiS,
1532 1215 1588 1265 et
1608 1224 1677 1265 ex
1695 1207 1937 1282 justitia.

583 1287 690 1346 Sed
724 1287 868 1342 ratio
888 1294 990 1354 est,
1016 1304 1187 1360 quam
1209 1289 1473 1361 superius
1495 1289 1938 1364 assignavimus,

585 1383 792 1440 nempe
809 1369 1056 1441 gratiam
1102 1385 1223 1425 esse
1264 1368 1616 1441 principium
1637 1369 1945 1426 essentiale

585 1450 779 1507 meriti
808 1447 878 1504 de
896 1449 1197 1524 condigne,
1223 1467 1353 1506 cum
1381 1466 1492 1523 quo
1520 1452 1769 1509 minime
1796 1467 1948 1509 com·

588 1531 724 1605 poni
753 1530 921 1597 valet,
953 1532 1100 1605 quod
1127 1533 1203 1587 sit
1246 1529 1500 1604 ejusdem
1543 1534 1739 1591 meriti
1796 1551 1947 1608 prae-

588 1612 794 1670 mium.

390 1717 528 1762 Prima
662 1695 745 1750 Ad
786 1697 1037 1769 primam
1085 1700 1587 1761 confirmationem
1640 1694 1949 1753 dicendum

372 1769 690 1862 m‘fifflffissst,
715 1781 864 1853 quod
898 1784 1269 1856 generaliter,
1302 1792 1359 1843 et
1404 1802 1476 1842 ex
1519 1780 1790 1840 terminis
1833 1795 1950 1836 non

400 1867 543 1911 initur.
593 1873 888 1938 repugnat,
914 1865 1026 1923 duo
1072 1867 1265 1940 aliqua
1304 1875 1505 1926 mutuo
1544 1883 1605 1924 se
1633 1862 1954 1939 praecedere

592 1943 656 1999 in
682 1943 909 2002 diverso
934 1961 1145 2020 genere
1171 1965 1369 2012 causas.
1394 1956 1452 2005 ut
1487 1954 1704 2007 constat
1731 1963 1800 2003 ex
1830 1946 1954 2002 dic-

591 2025 667 2079 tis
692 2025 814 2082 loco
847 2026 1060 2084 ibidem
1087 2028 1275 2087 citato.
1310 2031 1463 2088 Fieri
1509 2037 1702 2087 tamen
1750 2033 1949 2101 potest,

594 2111 654 2161 ut
699 2104 771 2161 ob
808 2107 1079 2179 speciales
1120 2111 1372 2168 rationes
1421 2117 1698 2187 repugnet
1751 2115 1955 2166 mutua

594 2188 711 2245 hzec
738 2189 1007 2260 prioritas
1037 2192 1188 2249 inter
1217 2194 1408 2267 aliqua
1435 2194 1567 2259 duo,
1599 2199 1655 2251 et
1683 2194 1746 2249 in
1773 2191 1959 2249 deter-

596 2271 835 2326 minatis
877 2274 1200 2345 generibus.
1238 2277 1306 2331 Et
1347 2278 1425 2333 ita
1474 2282 1774 2351 repugnat,
1806 2272 1956 2349 quod

598 2350 770 2408 homo
792 2351 1071 2423 praecedat
1091 2371 1253 2411 suam
1271 2358 1641 2415 existentiam
1667 2357 1728 2412 in
1747 2369 1960 2431 genere

596 2447 779 2487 causae
798 2433 1113 2501 efficientiS,
1144 2443 1200 2493 et
1224 2438 1376 2510 quod
1418 2439 1724 2495 existentia
1764 2438 1960 2495 homi-

600 2529 733 2570 nem
759 2516 1034 2587 praecedat
1062 2518 1124 2574 in
1149 2536 1361 2593 genere
1407 2521 1689 2586 formalis,
1718 2527 1814 2577 aut
1842 2519 1962 2575 dis-

600 2596 876 2668 positivae,
924 2599 1054 2655 licet
1098 2601 1214 2657 hacc
1261 2603 1533 2660 causandi
1578 2620 1791 2679 genera
1845 2603 1964 2659 sint

598 2675 864 2744 diversa3
915 2678 1084 2734 datur
1135 2681 1295 2739 enim
1347 2685 1612 2756 specialis
1668 2684 1835 2750 ratio,
1892 2682 1963 2740 ob

600 2771 770 2828 quam
827 2765 1101 2831 repugnet
1148 2761 1448 2820 hominem
1505 2764 1725 2821 efficere
1795 2780 1963 2819 suam

599 2837 983 2895 existentiam.
1020 2840 1177 2905 Quod
1206 2845 1774 2917 proportionabiliter
1815 2845 1966 2903 acci-

600 2918 686 2974 dit
712 2921 772 2976 in
801 2927 996 2978 nostro
1017 2939 1179 2997 casu;
1210 2943 1347 2983 nam
1392 2929 1851 3002 implicatorium
1880 2935 1965 2986 est

603 3003 877 3059 meritum
907 3005 997 3060 cui
1022 3014 1298 3081 repugnet
1325 3011 1659 3069 antecedere
1685 3012 1968 3086 simplici-

605 3098 693 3147 ter
707 3106 876 3145 suum
902 3091 1205 3163 praemium
1232 3116 1246 3159 ;
1271 3096 1326 3147 et
1360 3098 1640 3166 repugnat
1667 3094 1878 3150 merito
1899 3093 1969 3150 de

607 3171 908 3246 condigno,
940 3172 1088 3245 quod
1125 3172 1418 3230 antecedat
1451 3174 1794 3247 simpliciter
1832 3191 1970 3250 gra-

611 3255 751 3310 tiam
781 3254 1154 3323 habitualem,
1189 3263 1449 3331 utsupra
1495 3257 1966 3331 ponderavimus.

686 3335 771 3390 Ad
799 3336 1127 3404 secundam,
1153 3354 1415 3396 concesso
1456 3339 1832 3405 antecedenti,
1865 3356 1972 3397 ne-

410 3411 579 3501 ,ξξξὶάξζ
611 3417 795 3494 ganda
817 3425 899 3475 est
925 3423 1345 3494 consequentia.
1377 3422 1548 3495 Cujus
1573 3422 1831 3495 probatio
1854 3440 1972 3480 non

613 3508 775 3576 urget
791 3524 801 3563 ;
831 3502 966 3574 quia
1005 3502 1302 3575 dispositio
1354 3505 1601 3576 perfecta
1645 3522 1717 3562 ex
1760 3522 1975 3580 genere

612 3598 714 3637 suo
738 3597 853 3638 non
883 3582 1024 3654 petit
1048 3585 1292 3641 existere
1318 3585 1660 3657 simpliciter
1689 3593 1823 3643 ante
1852 3586 1976 3644 for-

614 3680 791 3729 mam,
839 3664 906 3721 ad
953 3682 1125 3739 quam
1161 3666 1440 3739 disponit;
1475 3668 1625 3725 unde
1670 3668 1976 3742 disponere

614 3748 768 3803 valet
789 3746 857 3803 ad
888 3747 1155 3813 formam,
1191 3749 1259 3804 ad
1300 3768 1469 3823 quain
1501 3753 1889 3824 consequitur,
1921 3759 1976 3808 et

615 3844 787 3900 quam
816 3829 1155 3885 existentem
1204 3831 1546 3903 simpliciter
1591 3834 1885 3906 supponit,
1917 3839 1978 3890 ut

616 3909 1038 3967 declaravimus
1078 3913 1197 3969 loco
1242 3914 1429 3970 citato.
1472 3915 1752 3971 Caeterum
1794 3914 1980 3971 meri-

617 3996 740 4045 tum
765 3991 904 4063 petit
930 4008 1001 4047 ex
1023 3997 1227 4049 natura
1253 4011 1356 4050 sua
1382 3995 1629 4052 existere
1669 4002 1800 4052 ante
1830 4012 1982 4069 prae-

618 4073 824 4137 mium,
864 4075 956 4130 vel
996 4075 1198 4131 saltem
1248 4076 1556 4147 praevideri
1603 4078 1874 4145 existens,
1920 4083 1981 4132 ut

620 4160 845 4211 moveat
875 4157 1272 4228 praemiantem
1308 4159 1611 4231 :quocirca
1653 4160 1981 4232 implicato-

624 4239 778 4293 rium
817 4242 900 4293 est
924 4239 1200 4294 meritum
1223 4240 1311 4295 cui
1342 4239 1458 4296 haec
1479 4240 1859 4313 praecedentia
1889 4256 1983 4298 re-

622 4325 849 4395 pugnet.
877 4319 1041 4377 Unde
1060 4338 1191 4378 cum
1220 4321 1428 4379 merito
1468 4322 1539 4379 de
1576 4323 1861 4398 condigno
1889 4341 1984 4381 re-

624 4406 833 4475 pugnet
882 4402 1144 4468 existere,
1197 4410 1295 4459 aut
1359 4402 1667 4475 praevideri
1732 4404 1985 4462 existens

516 4490 517 4493 ’
624 4488 756 4539 ante
796 4482 1047 4555 primam
1086 4484 1334 4558 gratiam
1377 4484 1752 4553 habitualem,
1787 4487 1986 4559 nequit

624 4565 738 4621 nisi
766 4565 1089 4622 chimaerice
1136 4565 1206 4621 ad
1247 4582 1374 4623 eam
1416 4568 1860 4641 promerendam
1883 4584 1987 4625 ex-

623 4643 802 4702 tendi.
836 4645 1220 4709 Quamobrem
1251 4647 1382 4704 licet
1420 4648 1690 4706 contritio
1734 4648 1987 4723 gratiam

623 4744 972 4800 consequens
1000 4729 1069 4785 ad
1097 4745 1227 4787 eam
1253 4729 1537 4804 disponat,
1572 4733 1771 4806 nequit
1791 4737 1988 4789 tamen

627 4811 791 4868 illam
822 4810 1052 4868 mereri.

441 4915 591 4958 mm.
702 4890 787 4947 Ad
828 4896 1056 4948 tertiam
1100 4910 1375 4968 negamus
1403 4894 1693 4952 minorem
1722 4895 1991 4955 intellec-

464 4963 551 5008 ΨΒ·
628 4980 746 5032 tam
774 4974 843 5031 de
873 4975 1277 5048 impetratione
1300 4979 1531 5052 proprie
1545 4977 1711 5047 dicta,
1743 4983 1800 5036 et
1822 4984 1992 5051 prout

629 5057 1004 5132 distinguitur
1050 5076 1082 5116 a
1121 5063 1585 5134 consequutione‚
1618 5062 1713 5118 vel
1740 5060 1991 5136 disposi-

2066 549 2223 607 tione
2276 551 2510 626 physica
2551 551 2621 607 ad
2659 552 2939 626 gratiam;
2970 565 3104 605 nam
3152 548 3386 605 contritio

2068 645 2186 687 non
2232 632 2505 704 impetrat
2552 632 2784 704 proprie
2838 628 3116 703 loquendo
3170 630 3385 702 primam

2068 712 2466 787 gratiam„aut
2513 716 2913 771 remissionem
2961 710 3311 786 peccati;sed
3342 727 3390 767 se

2069 799 2225 850 tenet
2246 811 2346 868 per
2368 795 2604 852 modum
2628 794 3020 868 dispositionis
3039 810 3111 850 ex
3133 798 3282 867 parte
3301 797 3389 847 ter-

2071 874 2240 940 mini,
2295 893 2465 950 quem
2512 877 2785 950 impetrat
2830 876 3058 931 oratio:
3117 880 3171 930 et
3214 874 3271 929 in
3308 873 3390 929 hoc

2071 972 2242 1012 sensu
2288 957 2542 1029 loquitur
2590 957 2930 1023 Concilium,
2958 961 3018 1011 ut
3045 954 3390 1028 explicuimus

2075 1037 2196 1095 loco
2216 1054 2389 1111 supra
2410 1040 2599 1103 citato,
2629 1041 2660 1108 ς
2684 1040 2740 1094 4.

2158 1124 2244 1178 19.
2284 1122 2563 1196 Arguitur
2620 1121 2900 1188 secundo,
2954 1126 3012 1177 et
3062 1120 3393 1192 impugnatur
3403 1113 3506 1203 effi

2078 1204 2373 1276 responsio
2392 1203 2521 1259 data
2544 1203 2882 1276 praecedenti
2905 1206 3238 1277 argumento
3258 1221 3269 1255 ε
3289 1198 3395 1272 quia
3415 1221 3506 1264 gam

2079 1302 2198 1343 non
2239 1291 2536 1360 repugnat,
2568 1287 2717 1360 quod
2760 1288 3031 1344 meritum
3076 1303 3136 1343 se
3166 1283 3397 1343 extendat
3437 1268 3490 1302 ¹⁸

2079 1368 2149 1425 ad
2179 1368 2550 1441 principium,
2577 1385 2610 1425 a
2630 1386 2741 1441 quo
2761 1369 3041 1443 dependet
3073 1391 3085 1425 :
3117 1384 3246 1442 ergo
3268 1366 3400 1422 nulla

2080 1456 2165 1508 est
2192 1452 2506 1524 implicatio
2535 1452 2597 1506 in
2624 1469 2709 1518 eo,
2736 1452 2885 1525 quod
2925 1468 3067 1525 opus
3094 1449 3402 1521 subsequens

2081 1550 2142 1591 se
2160 1534 2429 1591 extendat
2449 1534 2518 1591 ad
2548 1535 2889 1592 merendum
2919 1535 3172 1608 primam
3192 1532 3400 1606 gratiam

2085 1616 2456 1685 habitualem,
2485 1635 2518 1674 a
2538 1636 2648 1692 qua
2672 1618 2943 1691 procedit.
2969 1616 3247 1674 Suadetur
3272 1620 3405 1672 ante-

2082 1699 2288 1756 cedens
2321 1720 2335 1754 :
2367 1705 2487 1755 turn
2529 1703 2792 1773 exemplo
2842 1701 3008 1774 regiS,
3044 1701 3146 1772 qui
3185 1699 3250 1755 de
3288 1712 3404 1770 prae·

2084 1782 2234 1839 senti
2281 1782 2571 1840 conferret
2613 1784 2787 1840 militi
2834 1802 3064 1858 equum,
3099 1792 3156 1843 et
3192 1779 3404 1840 armaiii

2089 1865 2391 1938 praemium
2423 1866 2629 1922 futurm
2657 1869 2912 1925 victoriae
2937 1895 2948 1936 ;
2972 1887 3040 1927 eo
3071 1869 3274 1942 quippe
3302 1877 3403 1918 casu

2088 1963 2229 2020 opus
2258 1947 2466 2003 futurae
2490 1949 2741 2005 victoria}
2761 1965 2819 2005 se
2840 1951 3173 2007 extenderet
3212 1944 3278 2002 ad
3309 1957 3406 1998 me·

2092 2026 2336 2085 rendum
2359 2046 2589 2101 equum,
2621 2036 2676 2086 et
2704 2047 2869 2087 arma
2892 2032 3200 2103 anticipate
3218 2026 3347 2088 data,
3366 2026 3409 2078 et

2091 2128 2124 2167 a
2161 2110 2368 2183 quibus
2405 2119 2595 2185 postea
2640 2112 2939 2186 dependet.
2985 2116 3136 2169 Tum
3186 2105 3410 2178 exemplo

2091 2200 2352 2251 veterum
2403 2196 2661 2260 Patrum,
2711 2195 2919 2268 quibus
2964 2195 3098 2251 data
3138 2198 3219 2250 est
3262 2186 3413 2264 gratia

2092 2275 2306 2330 intuitu
2331 2277 2672 2332 meritorum
2704 2275 2916 2332 Christi
2943 2275 3127 2332 futuri
3149 2280 3230 2340 ;et
3253 2278 3413 2355 tamen

2095 2357 2204 2430 ipsi
2244 2359 2440 2412 Patres
2479 2363 2821 2413 meruerunt
2848 2359 3058 2413 Christi
3099 2355 3416 2438 Incarnatiof

2095 2456 2250 2504 nem,
2278 2439 2340 2495 in
2367 2455 2478 2512 qua
2509 2441 2654 2495 sicut
2695 2441 2757 2495 in
2791 2439 2978 2497 radice
3005 2438 3214 2495 merita
3238 2432 3413 2489 Christi

2097 2521 2417 2579 fundantur
2449 2544 2462 2578 ε
2491 2520 2639 2594 quod
2680 2522 2899 2595 liquido
2941 2518 3258 2596 persuadet,
3284 2526 3415 2586 posse

2097 2621 2238 2676 opus
2271 2601 2501 2659 extendi
2533 2601 2602 2658 ad
2643 2603 2986 2659 merendum
3016 2598 3366 2673 principium,
3391 2608 3416 2647 a

2096 2704 2209 2761 quo
2235 2686 2531 2759 dependet.
2565 2688 2711 2742 Tum
2753 2686 2999 2759 denique
3030 2683 3288 2754 exemplo
3312 2679 3418 2750 plu-

2101 2770 2254 2826 rium
2281 2774 2675 2824 contractuum
2695 2769 3132 2829 bumanorum,
3165 2765 3223 2819 in
3246 2757 3418 2832 quibus

2099 2852 2242 2910 solet
2263 2850 2570 2922 anticipate
2585 2851 2732 2907 solvi
2756 2848 3059 2923 praemium
3084 2843 3260 2903 futuri
3287 2838 3420 2897 labo-

2102 2935 2201 2999 riS,
2226 2933 2323 3005 qui
2354 2939 2546 2988 tamen
2577 2931 2744 2988 habet
2774 2932 3057 2995 rationem
3093 2925 3282 2985 meriti
3321 2936 3420 2977 res·

2103 3021 2262 3088 pectu
2294 3015 2450 3069 illius
2475 3014 2662 3085 pretii,
2688 3019 2743 3069 et
2766 3013 3097 3085 frequenter
3136 3009 3195 3065 fit
3236 3006 3421 3076 depen-

2103 3096 2305 3153 denter
2339 3094 2409 3150 ab
2449 3094 2570 3158 illo,
2604 3099 2664 3148 ut
2691 3110 2818 3149 cum
2848 3092 3240 3149 mercenarius
3267 3088 3425 3159 pastus

2104 3174 2399 3234 alimentis
2418 3176 2624 3246 emptis
2649 3175 2830 3246 pretio
2850 3173 2961 3230 sibi
2980 3173 3280 3243 anticipate
3298 3164 3419 3225 dato,

2106 3259 2326 3318 laborat
2357 3259 2420 3315 in
2465 3258 2649 3314 vinea.
2678 3258 2851 3313 Nulla
2869 3264 2954 3313 est
2979 3270 3115 3328 ergo
3147 3259 3424 3325 repugnan-

2107 3343 2185 3398 tia
2227 3341 2288 3396 in
2333 3356 2419 3405 eo,
2469 3338 2618 3412 quod
2667 3341 2939 3394 meritum
2985 3353 3046 3393 se
3082 3330 3339 3393 extendat
3368 3321 3425 3381 ad

2107 3420 2449 3479 merendum
2499 3420 2869 3493 principium,
2928 3435 2961 3474 a
3004 3434 3117 3491 quo
3163 3408 3423 3486 dependet-

2184 3502 2576 3575 Respondetui·
2600 3502 2730 3556 huic
2752 3504 3092 3573 argumento
3113 3497 3554 3582 distinguemnitaw«

2109 3585 2181 3643 do
2209 3584 2563 3649 antecedenS,
2589 3583 2739 3656 quod
2760 3584 2809 3638 si
2837 3583 3199 3655 intelligatur
3219 3578 3283 3634 de
3302 3585 3432 3646 prin-

2109 3666 2257 3740 cipio
2286 3682 2401 3722 non
2441 3665 2824 3720 essentialiter
2864 3662 3205 3723 desiderato,
3235 3655 3324 3713 sed
3354 3666 3433 3742 pets

2111 3747 2368 3805 accidens
2401 3745 2472 3803 ad
2511 3745 2785 3801 meritum
2831 3748 3224 3805 concurrente,
3276 3735 3434 3794 omitti

2112 3834 2314 3902 potest:
2343 3825 2667 3900 negandum
2708 3840 2844 3881 vero
2896 3830 2999 3891 est,
3026 3823 3076 3879 si
3111 3820 3436 3906 intelligatur

2111 3911 2181 3968 de
2231 3910 2535 3982 principie,
2563 3927 2594 3965 a
2620 3923 2730 3981 quo
2777 3905 3052 3962 meritum
3085 3898 3438 3959 essentialiter

2112 3992 2409 4066 dependet,
2436 4000 2492 4049 et
2519 3993 2581 4048 in
2606 4008 2717 4065 quo
2743 3988 3128 4047 essentialiter
3169 3981 3436 4040 fundatur.

2115 4076 2183 4129 Et
2203 4074 2337 4146 quia
2359 4074 2631 4129 meritum
2655 4071 2724 4128 de
2744 4070 3047 4144 coiidignO,
3074 4065 3224 4139 quod
3246 4065 3306 4119 in
3330 4072 3444 4152 prm·

2113 4159 2262 4217 senti
2289 4156 2736 4220 consideramus,
2763 4152 3044 4227 dependet
3090 4145 3444 4232 essentialiter

2117 4260 2149 4299 a
2176 4243 2364 4315 prima
2401 4241 2587 4315 gratia
2627 4236 2926 4303 habituali,
2957 4235 3102 4291 sicut
3128 4250 3161 4289 a
3191 4227 3445 4305 principio

2115 4326 2204 4381 sui
2231 4339 2370 4392 esse,
2403 4328 2460 4379 et
2504 4322 2752 4388 valoris;
2784 4324 3084 4393 propterea
3118 4320 3445 4384 consequen·

2117 4408 2196 4464 tia
2226 4404 2486 4481 neganda
2511 4409 2594 4460 est
2623 4402 2900 4460 absolute.
2931 4394 3325 4455 Antecedentis
3359 4402 3448 4445 au·

2118 4494 2234 4545 tem
2263 4484 2626 4561 probationes
2655 4485 2801 4540 hanc
2819 4481 3142 4539 doctrinam
3170 4491 3288 4534 non
3313 4481 3448 4556 ever·

2118 4574 2274 4634 tunt,
2327 4573 2387 4622 ut
2449 4565 2694 4638 singulis
2758 4558 3107 4619 occurrendo
3169 4549 3444 4638 constabit.

2121 4650 2381 4708 Primam
2432 4648 2606 4704 diluit
2671 4647 2737 4700 D.
2797 4643 3000 4699 Thom.
3061 4642 3124 4697 in
3184 4635 3444 4722 praesenti.
3470 4634 3566 4682 11⁰⁰-

2120 4740 2232 4789 art.
2273 4733 2328 4797 5,
2373 4732 2433 4785 in
2482 4729 2825 4801 responsione
2868 4725 2942 4780 ad
2988 4723 3043 4790 3,
3098 4722 3187 4777 his
3232 4714 3447 4774 verbis:

2129 4838 2155 4870 ι
2198 4812 2530 4878 Dicendum,
2562 4808 2711 4884 quod
2750 4823 2923 4866 omne
2968 4806 3182 4864 bonum
3211 4814 3348 4891 opus
3366 4795 3452 4850 h0‘

2130 4920 2157 4952 «
2197 4897 2374 4954 minis
2426 4890 2678 4969 procedit
2723 4908 2756 4947 a
2795 4888 2984 4964 prima
3027 4886 3209 4961 gratia
3254 4881 3390 4936 sicut
3426 4886 3455 4927 a

2130 5002 2158 5036 α
2200 4978 2515 5053 principio:
2573 4993 2691 5034 non
2731 4979 2922 5030 autem
2966 4968 3214 5044 procedit
3262 4981 3292 5021 a
3330 4972 3455 5033 quo·

2129 5084 2155 5116 ι
2198 5076 2440 5133 cumque
2474 5060 2729 5115 humano
2755 5054 2924 5114 dono.
2971 5056 3038 5109 Et
3085 5050 3207 5108 ideo
3249 5044 3455 5182 non-53

3263 5144 3393 5185 simi
3419 5138 3458 5181 is
