<?xml version="1.0" encoding="UTF-8"?>
<!DOCTYPE html PUBLIC "-//W3C//DTD XHTML 1.0 Transitional//EN"
    "http://www.w3.org/TR/xhtml1/DTD/xhtml1-transitional.dtd">
<html xmlns="http://www.w3.org/1999/xhtml" xml:lang="en" lang="en">
 <head>
  <title>
</title>
<meta http-equiv="Content-Type" content="text/html;charset=utf-8" />
  <meta name='ocr-system' content='tesseract 3.04.00' />
  <meta name='ocr-capabilities' content='ocr_page ocr_carea ocr_par ocr_line ocrx_word'/>
</head>
<body>
  <div class='ocr_page' id='page_1' title='image "./collegiisalmant00carmgoog_0831.png"; bbox 0 0 3647 5753; ppageno 0'>
   <div class='ocr_carea' id='block_1_1' title="bbox 1352 353 3084 426">
    <p class='ocr_par' dir='ltr' id='par_1_1' title="bbox 1352 353 3084 426">
     <span class='ocr_line' id='line_1_1' title="bbox 1352 353 3084 426; baseline -0.003 -13"><span class='ocrx_word' id='word_1_1' title='bbox 1352 358 1530 413; x_wconf 78' lang='lat' dir='ltr'>DISP.</span> <span class='ocrx_word' id='word_1_2' title='bbox 1573 357 1665 426; x_wconf 86' lang='lat' dir='ltr'>VI,</span> <span class='ocrx_word' id='word_1_3' title='bbox 1714 357 1877 412; x_wconf 89' lang='lat' dir='ltr'>DUB.</span> <span class='ocrx_word' id='word_1_4' title='bbox 1924 358 1994 412; x_wconf 91' lang='lat'>11.</span> <span class='ocrx_word' id='word_1_5' title='bbox 2973 353 3084 408; x_wconf 82' lang='lat'>809</span> 
     </span>
    </p>
   </div>
   <div class='ocr_carea' id='block_1_2' title="bbox 42 523 1601 2038">
    <p class='ocr_par' dir='ltr' id='par_1_2' title="bbox 225 523 1598 1345">
     <span class='ocr_line' id='line_1_2' title="bbox 232 523 1595 596; baseline 0.01 -22"><span class='ocrx_word' id='word_1_6' title='bbox 232 523 280 584; x_wconf 87' lang='lat' dir='ltr'>l,</span> <span class='ocrx_word' id='word_1_7' title='bbox 316 538 437 593; x_wconf 84' lang='lat' dir='ltr'>cap.</span> <span class='ocrx_word' id='word_1_8' title='bbox 469 524 525 589; x_wconf 74' lang='lat'>2,</span> <span class='ocrx_word' id='word_1_9' title='bbox 575 530 767 596; x_wconf 93' lang='lat' dir='ltr'>aperte</span> <span class='ocrx_word' id='word_1_10' title='bbox 807 534 1040 587; x_wconf 87' lang='lat' dir='ltr'>constat.</span> <span class='ocrx_word' id='word_1_11' title='bbox 1088 531 1253 588; x_wconf 89' lang='lat' dir='ltr'>Unde</span> <span class='ocrx_word' id='word_1_12' title='bbox 1280 530 1385 587; x_wconf 91' lang='lat' dir='ltr'>sub</span> <span class='ocrx_word' id='word_1_13' title='bbox 1426 530 1595 587; x_wconf 87' lang='lat' dir='ltr'>titulo</span> 
     </span>
     <span class='ocr_line' id='line_1_3' title="bbox 225 603 1597 674; baseline 0.009 -18"><span class='ocrx_word' id='word_1_14' title='bbox 225 604 524 674; x_wconf 90' lang='lat' dir='ltr'>proposito</span> <span class='ocrx_word' id='word_1_15' title='bbox 551 603 679 662; x_wconf 84' lang='lat' dir='ltr'>duae</span> <span class='ocrx_word' id='word_1_16' title='bbox 706 611 1077 668; x_wconf 89' lang='lat' dir='ltr'>continentur</span> <span class='ocrx_word' id='word_1_17' title='bbox 1117 611 1475 669; x_wconf 87' lang='lat' dir='ltr'>difficultates</span> <span class='ocrx_word' id='word_1_18' title='bbox 1503 611 1597 668; x_wconf 89' lang='lat' dir='ltr'>hic</span> 
     </span>
     <span class='ocr_line' id='line_1_4' title="bbox 231 682 1595 765; baseline 0.007 -28"><span class='ocrx_word' id='word_1_19' title='bbox 231 682 584 763; x_wconf 73' lang='lat' dir='ltr'>decidendae.</span> <span class='ocrx_word' id='word_1_20' title='bbox 620 687 762 752; x_wconf 88' lang='lat' dir='ltr'>Una,</span> <span class='ocrx_word' id='word_1_21' title='bbox 790 705 864 745; x_wconf 92' lang='lat' dir='ltr'>an</span> <span class='ocrx_word' id='word_1_22' title='bbox 888 691 1075 764; x_wconf 85' lang='lat' dir='ltr'>justus</span> <span class='ocrx_word' id='word_1_23' title='bbox 1100 693 1273 765; x_wconf 87' lang='lat' dir='ltr'>possit</span> <span class='ocrx_word' id='word_1_24' title='bbox 1297 692 1367 750; x_wconf 93' lang='lat' dir='ltr'>de</span> <span class='ocrx_word' id='word_1_25' title='bbox 1394 691 1595 749; x_wconf 89' lang='lat' dir='ltr'>condi-</span> 
     </span>
     <span class='ocr_line' id='line_1_5' title="bbox 227 767 1594 849; baseline 0.008 -31"><span class='ocrx_word' id='word_1_26' title='bbox 227 779 347 837; x_wconf 87' lang='lat' dir='ltr'>gno</span> <span class='ocrx_word' id='word_1_27' title='bbox 376 767 587 822; x_wconf 89' lang='lat' dir='ltr'>mereri</span> <span class='ocrx_word' id='word_1_28' title='bbox 612 770 863 838; x_wconf 88' lang='lat' dir='ltr'>primam</span> <span class='ocrx_word' id='word_1_29' title='bbox 894 773 1320 847; x_wconf 83' lang='lat' dir='ltr'>justificationis</span> <span class='ocrx_word' id='word_1_30' title='bbox 1345 775 1594 849; x_wconf 82' lang='lat' dir='ltr'><strong>gratiam</strong></span> 
     </span>
     <span class='ocr_line' id='line_1_6' title="bbox 230 845 1596 937; baseline 0.007 -37"><span class='ocrx_word' id='word_1_31' title='bbox 230 845 405 937; x_wconf 71' lang='lat' dir='ltr'>atteri</span> <span class='ocrx_word' id='word_1_32' title='bbox 467 847 712 917; x_wconf 90' lang='lat' dir='ltr'>homini,</span> <span class='ocrx_word' id='word_1_33' title='bbox 770 856 867 925; x_wconf 90' lang='lat' dir='ltr'>qui</span> <span class='ocrx_word' id='word_1_34' title='bbox 936 871 1053 913; x_wconf 90' lang='lat' dir='ltr'>non</span> <span class='ocrx_word' id='word_1_35' title='bbox 1122 862 1596 929; x_wconf 81' lang='lat' dir='ltr'>praesupponatur</span> 
     </span>
     <span class='ocr_line' id='line_1_7' title="bbox 230 930 1598 1007; baseline 0.007 -24"><span class='ocrx_word' id='word_1_36' title='bbox 230 932 480 985; x_wconf 82' lang='lat' dir='ltr'>existere</span> <span class='ocrx_word' id='word_1_37' title='bbox 522 930 585 986; x_wconf 89' lang='lat' dir='ltr'>in</span> <span class='ocrx_word' id='word_1_38' title='bbox 630 937 777 989; x_wconf 90' lang='lat' dir='ltr'>statu</span> <span class='ocrx_word' id='word_1_39' title='bbox 809 938 1037 1007; x_wconf 84' lang='lat' dir='ltr'>peccati.</span> <span class='ocrx_word' id='word_1_40' title='bbox 1089 940 1234 1005; x_wconf 89' lang='lat' dir='ltr'>Alia,</span> <span class='ocrx_word' id='word_1_41' title='bbox 1287 955 1361 994; x_wconf 90' lang='lat' dir='ltr'>an</span> <span class='ocrx_word' id='word_1_42' title='bbox 1408 939 1598 994; x_wconf 83' lang='lat' dir='ltr'>valeat</span> 
     </span>
     <span class='ocr_line' id='line_1_8' title="bbox 234 1007 1597 1099; baseline 0.011 -36"><span class='ocrx_word' id='word_1_43' title='bbox 234 1007 567 1099; x_wconf 56' lang='lat' dir='ltr'>praedictam</span> <span class='ocrx_word' id='word_1_44' title='bbox 593 1016 841 1088; x_wconf 79' lang='lat' dir='ltr'>gratiam</span> <span class='ocrx_word' id='word_1_45' title='bbox 870 1020 924 1075; x_wconf 92' lang='lat' dir='ltr'>ei</span> <span class='ocrx_word' id='word_1_46' title='bbox 965 1023 1195 1087; x_wconf 88' lang='lat' dir='ltr'>mereri,</span> <span class='ocrx_word' id='word_1_47' title='bbox 1225 1022 1323 1096; x_wconf 93' lang='lat' dir='ltr'>qui</span> <span class='ocrx_word' id='word_1_48' title='bbox 1354 1022 1415 1077; x_wconf 91' lang='lat' dir='ltr'>in</span> <span class='ocrx_word' id='word_1_49' title='bbox 1445 1038 1597 1093; x_wconf 81' lang='lat' dir='ltr'>prae-</span> 
     </span>
     <span class='ocr_line' id='line_1_9' title="bbox 231 1088 1591 1173; baseline 0.01 -29"><span class='ocrx_word' id='word_1_50' title='bbox 231 1088 387 1147; x_wconf 82' lang='lat' dir='ltr'>dicto</span> <span class='ocrx_word' id='word_1_51' title='bbox 411 1096 618 1164; x_wconf 87' lang='lat' dir='ltr'>peccati</span> <span class='ocrx_word' id='word_1_52' title='bbox 660 1102 807 1153; x_wconf 87' lang='lat' dir='ltr'>statu</span> <span class='ocrx_word' id='word_1_53' title='bbox 838 1103 1300 1173; x_wconf 81' lang='lat' dir='ltr'>praesupponitur</span> <span class='ocrx_word' id='word_1_54' title='bbox 1326 1103 1591 1158; x_wconf 78' lang='lat' dir='ltr'>existere.</span> 
     </span>
     <span class='ocr_line' id='line_1_10' title="bbox 234 1174 1591 1250; baseline 0.01 -24"><span class='ocrx_word' id='word_1_55' title='bbox 234 1174 331 1229; x_wconf 77' lang='lat' dir='ltr'>Eae</span> <span class='ocrx_word' id='word_1_56' title='bbox 358 1176 569 1249; x_wconf 90' lang='lat' dir='ltr'>quippe</span> <span class='ocrx_word' id='word_1_57' title='bbox 589 1177 945 1239; x_wconf 88' lang='lat' dir='ltr'>difficultates</span> <span class='ocrx_word' id='word_1_58' title='bbox 972 1201 1090 1241; x_wconf 89' lang='lat' dir='ltr'>non</span> <span class='ocrx_word' id='word_1_59' title='bbox 1109 1201 1270 1241; x_wconf 81' lang='lat' dir='ltr'>secus</span> <span class='ocrx_word' id='word_1_60' title='bbox 1295 1185 1591 1250; x_wconf 80' lang='lat' dir='ltr'>differunt,</span> 
     </span>
     <span class='ocr_line' id='line_1_11' title="bbox 234 1261 1596 1345; baseline 0.008 -36"><span class='ocrx_word' id='word_1_61' title='bbox 234 1269 300 1310; x_wconf 87' lang='lat' dir='ltr'>ac</span> <span class='ocrx_word' id='word_1_62' title='bbox 352 1261 567 1322; x_wconf 88' lang='lat' dir='ltr'>status,</span> <span class='ocrx_word' id='word_1_63' title='bbox 619 1276 760 1333; x_wconf 91' lang='lat' dir='ltr'>quos</span> <span class='ocrx_word' id='word_1_64' title='bbox 815 1266 1144 1339; x_wconf 90' lang='lat' dir='ltr'>respiciunt.</span> <span class='ocrx_word' id='word_1_65' title='bbox 1192 1266 1596 1345; x_wconf 22' lang='lat' dir='ltr'>Undeaminus</span> 
     </span>
    </p>

    <p class='ocr_par' dir='ltr' id='par_1_3' title="bbox 42 1340 1601 2038">
     <span class='ocr_line' id='line_1_12' title="bbox 42 1340 1597 1504; baseline 0.012 -35"><span class='ocrx_word' id='word_1_66' title='bbox 42 1373 199 1465; x_wconf 55' lang='lat' dir='ltr'>aa:</span> <span class='ocrx_word' id='word_1_67' title='bbox 234 1340 571 1484; x_wconf 64' lang='lat'>2⁶5‡3‚2.‚⁹.‘,</span> <span class='ocrx_word' id='word_1_68' title='bbox 598 1341 1144 1500; x_wconf 56' lang='lat' dir='ltr'>31¹13²¹i¹1¹1⁰²ssrae¹2231⁰35¹</span> <span class='ocrx_word' id='word_1_69' title='bbox 1152 1355 1299 1489; x_wconf 60' lang='lat'>212²..</span> <span class='ocrx_word' id='word_1_70' title='bbox 1319 1351 1597 1504; x_wconf 48' lang='lat' dir='ltr'>{etta</span> 
     </span>
     <span class='ocr_line' id='line_1_13' title="bbox 235 1497 1595 1571; baseline 0.011 -19"><span class='ocrx_word' id='word_1_71' title='bbox 235 1497 415 1555; x_wconf 92' lang='lat' dir='ltr'>dubia</span> <span class='ocrx_word' id='word_1_72' title='bbox 458 1515 574 1556; x_wconf 91' lang='lat' dir='ltr'>non</span> <span class='ocrx_word' id='word_1_73' title='bbox 617 1516 941 1571; x_wconf 88' lang='lat' dir='ltr'>secernunt,</span> <span class='ocrx_word' id='word_1_74' title='bbox 991 1511 1089 1569; x_wconf 90' lang='lat' dir='ltr'>sed</span> <span class='ocrx_word' id='word_1_75' title='bbox 1131 1520 1396 1570; x_wconf 90' lang='lat' dir='ltr'>asserunt</span> <span class='ocrx_word' id='word_1_76' title='bbox 1442 1512 1595 1568; x_wconf 91' lang='lat' dir='ltr'>idem</span> 
     </span>
     <span class='ocr_line' id='line_1_14' title="bbox 235 1580 1597 1671; baseline 0.01 -38"><span class='ocrx_word' id='word_1_77' title='bbox 235 1594 361 1635; x_wconf 87' lang='lat' dir='ltr'>esse</span> <span class='ocrx_word' id='word_1_78' title='bbox 408 1580 721 1671; x_wconf 80' lang='lat' dir='ltr'>inquirere,</span> <span class='ocrx_word' id='word_1_79' title='bbox 755 1603 829 1643; x_wconf 91' lang='lat' dir='ltr'>an</span> <span class='ocrx_word' id='word_1_80' title='bbox 852 1590 1038 1662; x_wconf 81' lang='lat' dir='ltr'>justus</span> <span class='ocrx_word' id='word_1_81' title='bbox 1070 1594 1243 1665; x_wconf 85' lang='lat' dir='ltr'><strong>possit</strong></span> <span class='ocrx_word' id='word_1_82' title='bbox 1272 1592 1439 1649; x_wconf 88' lang='lat' dir='ltr'>alteri</span> <span class='ocrx_word' id='word_1_83' title='bbox 1470 1592 1597 1664; x_wconf 89' lang='lat' dir='ltr'>pri-</span> 
     </span>
     <span class='ocr_line' id='line_1_15' title="bbox 236 1666 1598 1746; baseline 0.009 -31"><span class='ocrx_word' id='word_1_84' title='bbox 236 1675 397 1715; x_wconf 85' lang='lat' dir='ltr'>mam</span> <span class='ocrx_word' id='word_1_85' title='bbox 420 1666 666 1733; x_wconf 86' lang='lat' dir='ltr'>gratiam</span> <span class='ocrx_word' id='word_1_86' title='bbox 700 1671 934 1735; x_wconf 85' lang='lat' dir='ltr'>mereri,</span> <span class='ocrx_word' id='word_1_87' title='bbox 970 1688 1031 1728; x_wconf 87' lang='lat' dir='ltr'>ac</span> <span class='ocrx_word' id='word_1_88' title='bbox 1060 1674 1355 1746; x_wconf 83' lang='lat' dir='ltr'>inquirere</span> <span class='ocrx_word' id='word_1_89' title='bbox 1375 1688 1449 1728; x_wconf 90' lang='lat' dir='ltr'>an</span> <span class='ocrx_word' id='word_1_90' title='bbox 1473 1673 1598 1746; x_wconf 84' lang='lat' dir='ltr'>jus-</span> 
     </span>
     <span class='ocr_line' id='line_1_16' title="bbox 238 1742 1601 1831; baseline 0.012 -37"><span class='ocrx_word' id='word_1_91' title='bbox 238 1742 544 1831; x_wconf 64' lang='lat' dir='ltr'>tusvaleat</span> <span class='ocrx_word' id='word_1_92' title='bbox 573 1745 741 1802; x_wconf 87' lang='lat' dir='ltr'>alteri</span> <span class='ocrx_word' id='word_1_93' title='bbox 782 1755 994 1821; x_wconf 86' lang='lat' dir='ltr'>mereri</span> <span class='ocrx_word' id='word_1_94' title='bbox 1040 1756 1438 1811; x_wconf 82' lang='lat' dir='ltr'>remissionem</span> <span class='ocrx_word' id='word_1_95' title='bbox 1469 1770 1601 1826; x_wconf 80' lang='lat' dir='ltr'>pec-</span> 
     </span>
     <span class='ocr_line' id='line_1_17' title="bbox 236 1824 1600 1914; baseline 0.013 -40"><span class='ocrx_word' id='word_1_96' title='bbox 236 1825 371 1876; x_wconf 84' lang='lat' dir='ltr'>cati.</span> <span class='ocrx_word' id='word_1_97' title='bbox 412 1824 528 1914; x_wconf 57' lang='lat' dir='ltr'>ivos</span> <span class='ocrx_word' id='word_1_98' title='bbox 578 1831 776 1885; x_wconf 89' lang='lat' dir='ltr'>tamen</span> <span class='ocrx_word' id='word_1_99' title='bbox 817 1834 1053 1906; x_wconf 79' lang='lat' dir='ltr'>maJ&#39;oris</span> <span class='ocrx_word' id='word_1_100' title='bbox 1096 1837 1373 1893; x_wconf 83' lang='lat' dir='ltr'>claritatis</span> <span class='ocrx_word' id='word_1_101' title='bbox 1411 1836 1600 1911; x_wconf 88' lang='lat' dir='ltr'>gratia</span> 
     </span>
     <span class='ocr_line' id='line_1_18' title="bbox 238 1901 1600 1991; baseline 0.015 -36"><span class='ocrx_word' id='word_1_102' title='bbox 238 1901 545 1973; x_wconf 76' lang='lat' dir='ltr'>praedtctas</span> <span class='ocrx_word' id='word_1_103' title='bbox 590 1906 947 1972; x_wconf 82' lang='lat' dir='ltr'>difficultates</span> <span class='ocrx_word' id='word_1_104' title='bbox 1000 1918 1343 1991; x_wconf 81' lang='lat' dir='ltr'>singillatim</span> <span class='ocrx_word' id='word_1_105' title='bbox 1371 1917 1600 1975; x_wconf 87' lang='lat' dir='ltr'>decide-</span> 
     </span>
     <span class='ocr_line' id='line_1_19' title="bbox 237 1998 392 2038; baseline 0.019 -3"><span class='ocrx_word' id='word_1_106' title='bbox 237 1998 392 2038; x_wconf 88' lang='lat' dir='ltr'>mus.</span> 
     </span>
    </p>
   </div>
   <div class='ocr_carea' id='block_1_3' title="bbox 51 2066 1601 2226">
    <p class='ocr_par' dir='ltr' id='par_1_4' title="bbox 51 2066 1601 2226">
     <span class='ocr_line' id='line_1_20' title="bbox 51 2066 1600 2154; baseline 0.011 -35"><span class='ocrx_word' id='word_1_107' title='bbox 51 2103 193 2145; x_wconf 77' lang='lat' dir='ltr'>rusius</span> <span class='ocrx_word' id='word_1_108' title='bbox 243 2143 254 2154; x_wconf 92' lang='lat'>.</span> <span class='ocrx_word' id='word_1_109' title='bbox 314 2066 407 2122; x_wconf 79' lang='lat'>26.</span> <span class='ocrx_word' id='word_1_110' title='bbox 440 2068 546 2123; x_wconf 91' lang='lat' dir='ltr'>Sed</span> <span class='ocrx_word' id='word_1_111' title='bbox 572 2073 732 2142; x_wconf 89' lang='lat' dir='ltr'>prius</span> <span class='ocrx_word' id='word_1_112' title='bbox 757 2081 1197 2152; x_wconf 88' lang='lat' dir='ltr'>supponendum</span> <span class='ocrx_word' id='word_1_113' title='bbox 1224 2088 1324 2145; x_wconf 87' lang='lat' dir='ltr'>est,</span> <span class='ocrx_word' id='word_1_114' title='bbox 1357 2080 1426 2138; x_wconf 91' lang='lat' dir='ltr'>de</span> <span class='ocrx_word' id='word_1_115' title='bbox 1456 2082 1600 2137; x_wconf 88' lang='lat' dir='ltr'>facto</span> 
     </span>
     <span class='ocr_line' id='line_1_21' title="bbox 53 2150 1601 2226; baseline 0.012 -28"><span class='ocrx_word' id='word_1_116' title='bbox 53 2151 205 2195; x_wconf 63' lang='lat' dir='ltr'>nacto</span> <span class='ocrx_word' id='word_1_117' title='bbox 234 2150 455 2217; x_wconf 72' lang='lat' dir='ltr'>justum</span> <span class='ocrx_word' id='word_1_118' title='bbox 502 2166 619 2207; x_wconf 92' lang='lat' dir='ltr'>non</span> <span class='ocrx_word' id='word_1_119' title='bbox 670 2171 829 2226; x_wconf 86' lang='lat' dir='ltr'>posse</span> <span class='ocrx_word' id='word_1_120' title='bbox 856 2162 1068 2216; x_wconf 88' lang='lat' dir='ltr'>mereri</span> <span class='ocrx_word' id='word_1_121' title='bbox 1098 2163 1265 2217; x_wconf 90' lang='lat' dir='ltr'>alteri</span> <span class='ocrx_word' id='word_1_122' title='bbox 1313 2161 1380 2219; x_wconf 86' lang='lat' dir='ltr'>de</span> <span class='ocrx_word' id='word_1_123' title='bbox 1409 2161 1601 2220; x_wconf 90' lang='lat' dir='ltr'>condi-</span> 
     </span>
    </p>
   </div>
   <div class='ocr_carea' id='block_1_4' title="bbox 52 2209 1602 2315">
    <p class='ocr_par' dir='ltr' id='par_1_5' title="bbox 52 2209 1602 2315">
     <span class='ocr_line' id='line_1_22' title="bbox 52 2209 1602 2315; baseline 0.01 -33"><span class='ocrx_word' id='word_1_124' title='bbox 52 2209 206 2292; x_wconf 57' lang='lat' dir='ltr'>?ssffiss</span> <span class='ocrx_word' id='word_1_125' title='bbox 236 2239 352 2297; x_wconf 79' lang='lat' dir='ltr'>gno</span> <span class='ocrx_word' id='word_1_126' title='bbox 378 2229 628 2298; x_wconf 88' lang='lat' dir='ltr'>primam</span> <span class='ocrx_word' id='word_1_127' title='bbox 653 2235 1077 2307; x_wconf 86' lang='lat' dir='ltr'>justificationis</span> <span class='ocrx_word' id='word_1_128' title='bbox 1114 2244 1381 2315; x_wconf 83' lang='lat' dir='ltr'>gratiam.</span> <span class='ocrx_word' id='word_1_129' title='bbox 1409 2245 1474 2298; x_wconf 91' lang='lat' dir='ltr'>In</span> <span class='ocrx_word' id='word_1_130' title='bbox 1499 2243 1602 2298; x_wconf 88' lang='lat' dir='ltr'>hac</span> 
     </span>
    </p>
   </div>
   <div class='ocr_carea' id='block_1_5' title="bbox 52 2298 1603 5082">
    <p class='ocr_par' dir='ltr' id='par_1_6' title="bbox 52 2298 1603 2725">
     <span class='ocr_line' id='line_1_23' title="bbox 53 2298 1600 2397; baseline 0.014 -40"><span class='ocrx_word' id='word_1_131' title='bbox 53 2298 197 2390; x_wconf 46' lang='lat'>{¹23³</span> <span class='ocrx_word' id='word_1_132' title='bbox 237 2310 635 2377; x_wconf 85' lang='lat' dir='ltr'>suppositione</span> <span class='ocrx_word' id='word_1_133' title='bbox 687 2322 1039 2377; x_wconf 83' lang='lat' dir='ltr'>conveniunt</span> <span class='ocrx_word' id='word_1_134' title='bbox 1084 2339 1286 2378; x_wconf 87' lang='lat' dir='ltr'>omnes</span> <span class='ocrx_word' id='word_1_135' title='bbox 1326 2324 1600 2397; x_wconf 89' lang='lat' dir='ltr'>Theologi</span> 
     </span>
     <span class='ocr_line' id='line_1_24' title="bbox 53 2391 1601 2474; baseline 0.009 -26"><span class='ocrx_word' id='word_1_136' title='bbox 53 2395 173 2454; x_wconf 64' lang='lat' dir='ltr'>lieno</span> <span class='ocrx_word' id='word_1_137' title='bbox 238 2402 371 2442; x_wconf 84' lang='lat' dir='ltr'>cum</span> <span class='ocrx_word' id='word_1_138' title='bbox 404 2391 464 2446; x_wconf 91' lang='lat' dir='ltr'>D.</span> <span class='ocrx_word' id='word_1_139' title='bbox 499 2394 703 2458; x_wconf 86' lang='lat' dir='ltr'>Thom.</span> <span class='ocrx_word' id='word_1_140' title='bbox 739 2399 798 2455; x_wconf 91' lang='lat' dir='ltr'>in</span> <span class='ocrx_word' id='word_1_141' title='bbox 830 2405 1112 2474; x_wconf 74' lang='lat' dir='ltr'>praesenti,</span> <span class='ocrx_word' id='word_1_142' title='bbox 1138 2413 1250 2460; x_wconf 80' lang='lat' dir='ltr'>art.</span> <span class='ocrx_word' id='word_1_143' title='bbox 1274 2407 1329 2461; x_wconf 89' lang='grc'>6.</span> <span class='ocrx_word' id='word_1_144' title='bbox 1364 2407 1431 2461; x_wconf 89' lang='lat' dir='ltr'>Et</span> <span class='ocrx_word' id='word_1_145' title='bbox 1455 2407 1601 2462; x_wconf 88' lang='lat' dir='ltr'>ratio</span> 
     </span>
     <span class='ocr_line' id='line_1_25' title="bbox 52 2455 1603 2560; baseline 0.011 -34"><span class='ocrx_word' id='word_1_146' title='bbox 52 2455 212 2540; x_wconf 54' lang='grc' dir='ltr'>ζζῗῖξῧ,</span> <span class='ocrx_word' id='word_1_147' title='bbox 239 2473 348 2531; x_wconf 84' lang='lat' dir='ltr'>est,</span> <span class='ocrx_word' id='word_1_148' title='bbox 374 2476 650 2543; x_wconf 89' lang='lat' dir='ltr'>quoniam</span> <span class='ocrx_word' id='word_1_149' title='bbox 673 2479 742 2535; x_wconf 92' lang='lat' dir='ltr'>ad</span> <span class='ocrx_word' id='word_1_150' title='bbox 769 2484 1041 2540; x_wconf 89' lang='lat' dir='ltr'>meritum</span> <span class='ocrx_word' id='word_1_151' title='bbox 1065 2484 1133 2541; x_wconf 92' lang='lat' dir='ltr'>de</span> <span class='ocrx_word' id='word_1_152' title='bbox 1159 2485 1441 2560; x_wconf 90' lang='lat' dir='ltr'>condigno</span> <span class='ocrx_word' id='word_1_153' title='bbox 1464 2503 1603 2559; x_wconf 79' lang='lat' dir='ltr'>prae·</span> 
     </span>
     <span class='ocr_line' id='line_1_26' title="bbox 238 2551 1602 2641; baseline 0.014 -36"><span class='ocrx_word' id='word_1_154' title='bbox 238 2551 332 2639; x_wconf 73' lang='lat' dir='ltr'>ter</span> <span class='ocrx_word' id='word_1_155' title='bbox 379 2553 636 2641; x_wconf 79' lang='lat' dir='ltr'>valorem</span> <span class='ocrx_word' id='word_1_156' title='bbox 695 2564 884 2633; x_wconf 91' lang='lat' dir='ltr'>operis</span> <span class='ocrx_word' id='word_1_157' title='bbox 945 2566 1260 2636; x_wconf 88' lang='lat' dir='ltr'>requiritur</span> <span class='ocrx_word' id='word_1_158' title='bbox 1311 2567 1602 2626; x_wconf 90' lang='lat' dir='ltr'>ordinatio</span> 
     </span>
     <span class='ocr_line' id='line_1_27' title="bbox 230 2627 1602 2725; baseline 0.009 -32"><span class='ocrx_word' id='word_1_159' title='bbox 230 2627 356 2725; x_wconf 53' lang='lat'>1391,</span> <span class='ocrx_word' id='word_1_160' title='bbox 384 2648 508 2691; x_wconf 81' lang='lat' dir='ltr'>stve</span> <span class='ocrx_word' id='word_1_161' title='bbox 554 2646 798 2710; x_wconf 88' lang='lat' dir='ltr'>pactum,</span> <span class='ocrx_word' id='word_1_162' title='bbox 830 2660 941 2715; x_wconf 93' lang='lat' dir='ltr'>quo</span> <span class='ocrx_word' id='word_1_163' title='bbox 983 2648 1287 2717; x_wconf 73' lang='lat' dir='ltr'>praemium</span> <span class='ocrx_word' id='word_1_164' title='bbox 1318 2650 1602 2721; x_wconf 89' lang='lat' dir='ltr'>promise-</span> 
     </span>
    </p>

    <p class='ocr_par' dir='ltr' id='par_1_7' title="bbox 146 2718 1600 3370">
     <span class='ocr_line' id='line_1_28' title="bbox 146 2718 1594 2801; baseline 0.013 -33"><span class='ocrx_word' id='word_1_165' title='bbox 146 2798 149 2799; x_wconf 8' lang='grc'><strong><em>7</em></strong></span> <span class='ocrx_word' id='word_1_166' title='bbox 244 2720 354 2782; x_wconf 80' lang='lat' dir='ltr'>r1t3</span> <span class='ocrx_word' id='word_1_167' title='bbox 405 2718 622 2791; x_wconf 90' lang='lat' dir='ltr'>alioqui</span> <span class='ocrx_word' id='word_1_168' title='bbox 669 2738 809 2794; x_wconf 91' lang='lat' dir='ltr'>opus</span> <span class='ocrx_word' id='word_1_169' title='bbox 857 2742 973 2782; x_wconf 90' lang='lat' dir='ltr'>non</span> <span class='ocrx_word' id='word_1_170' title='bbox 1012 2728 1231 2785; x_wconf 88' lang='lat' dir='ltr'>inducit</span> <span class='ocrx_word' id='word_1_171' title='bbox 1271 2728 1594 2801; x_wconf 72' lang='lat' dir='ltr'>praemium,</span> 
     </span>
     <span class='ocr_line' id='line_1_29' title="bbox 241 2800 1600 2883; baseline 0.01 -29"><span class='ocrx_word' id='word_1_172' title='bbox 241 2814 345 2857; x_wconf 89' lang='lat' dir='ltr'>nec</span> <span class='ocrx_word' id='word_1_173' title='bbox 372 2800 787 2870; x_wconf 83' lang='lat' dir='ltr'>infallibiliter,</span> <span class='ocrx_word' id='word_1_174' title='bbox 834 2823 936 2863; x_wconf 88' lang='lat' dir='ltr'>nec</span> <span class='ocrx_word' id='word_1_175' title='bbox 961 2825 1032 2865; x_wconf 83' lang='lat' dir='ltr'>ex</span> <span class='ocrx_word' id='word_1_176' title='bbox 1054 2810 1310 2883; x_wconf 84' lang='lat' dir='ltr'>justitia:</span> <span class='ocrx_word' id='word_1_177' title='bbox 1338 2826 1462 2883; x_wconf 82' lang='lat' dir='ltr'>quae</span> <span class='ocrx_word' id='word_1_178' title='bbox 1486 2811 1600 2868; x_wconf 92' lang='lat' dir='ltr'>duo</span> 
     </span>
     <span class='ocr_line' id='line_1_30' title="bbox 243 2885 1599 2963; baseline 0.01 -25"><span class='ocrx_word' id='word_1_179' title='bbox 243 2885 620 2956; x_wconf 90' lang='lat' dir='ltr'>requiruntur</span> <span class='ocrx_word' id='word_1_180' title='bbox 648 2888 718 2944; x_wconf 88' lang='lat' dir='ltr'>ad</span> <span class='ocrx_word' id='word_1_181' title='bbox 748 2892 1043 2963; x_wconf 87' lang='lat' dir='ltr'>propriam</span> <span class='ocrx_word' id='word_1_182' title='bbox 1076 2895 1358 2950; x_wconf 87' lang='lat' dir='ltr'>rationem</span> <span class='ocrx_word' id='word_1_183' title='bbox 1401 2895 1599 2951; x_wconf 89' lang='lat' dir='ltr'>meriti</span> 
     </span>
     <span class='ocr_line' id='line_1_31' title="bbox 239 2964 1593 3049; baseline 0.009 -28"><span class='ocrx_word' id='word_1_184' title='bbox 239 2964 309 3022; x_wconf 89' lang='lat' dir='ltr'>de</span> <span class='ocrx_word' id='word_1_185' title='bbox 332 2967 633 3043; x_wconf 89' lang='lat' dir='ltr'>condigno,</span> <span class='ocrx_word' id='word_1_186' title='bbox 663 2978 724 3026; x_wconf 91' lang='lat' dir='ltr'>ut</span> <span class='ocrx_word' id='word_1_187' title='bbox 753 2973 925 3029; x_wconf 85' lang='lat' dir='ltr'>latius</span> <span class='ocrx_word' id='word_1_188' title='bbox 948 2973 1368 3032; x_wconf 87' lang='lat' dir='ltr'>declaravimus</span> <span class='ocrx_word' id='word_1_189' title='bbox 1388 2977 1527 3049; x_wconf 79' lang='lat' dir='ltr'>disp.</span> <span class='ocrx_word' id='word_1_190' title='bbox 1547 2979 1593 3042; x_wconf 91' lang='lat' dir='ltr'>l,</span> 
     </span>
     <span class='ocr_line' id='line_1_32' title="bbox 239 3046 1598 3112; baseline 0.01 -12"><span class='ocrx_word' id='word_1_191' title='bbox 239 3046 365 3103; x_wconf 78' lang='lat' dir='ltr'>dub.</span> <span class='ocrx_word' id='word_1_192' title='bbox 392 3050 448 3104; x_wconf 88' lang='lat'>6.</span> <span class='ocrx_word' id='word_1_193' title='bbox 475 3050 581 3107; x_wconf 88' lang='lat' dir='ltr'>Sed</span> <span class='ocrx_word' id='word_1_194' title='bbox 602 3050 672 3109; x_wconf 90' lang='lat' dir='ltr'>de</span> <span class='ocrx_word' id='word_1_195' title='bbox 713 3052 858 3110; x_wconf 84' lang='lat' dir='ltr'>facto</span> <span class='ocrx_word' id='word_1_196' title='bbox 887 3070 1004 3110; x_wconf 91' lang='lat' dir='ltr'>non</span> <span class='ocrx_word' id='word_1_197' title='bbox 1035 3053 1191 3111; x_wconf 91' lang='lat' dir='ltr'>adest</span> <span class='ocrx_word' id='word_1_198' title='bbox 1220 3058 1318 3112; x_wconf 83' lang='lat' dir='ltr'>Dei</span> <span class='ocrx_word' id='word_1_199' title='bbox 1359 3056 1598 3112; x_wconf 89' lang='lat' dir='ltr'>ordina-</span> 
     </span>
     <span class='ocr_line' id='line_1_33' title="bbox 239 3131 1600 3207; baseline 0.006 -22"><span class='ocrx_word' id='word_1_200' title='bbox 239 3131 339 3196; x_wconf 87' lang='lat' dir='ltr'>tio,</span> <span class='ocrx_word' id='word_1_201' title='bbox 373 3137 429 3187; x_wconf 87' lang='lat' dir='ltr'>et</span> <span class='ocrx_word' id='word_1_202' title='bbox 476 3140 721 3205; x_wconf 89' lang='lat' dir='ltr'>pactum,</span> <span class='ocrx_word' id='word_1_203' title='bbox 768 3135 974 3207; x_wconf 88' lang='lat' dir='ltr'>quibus</span> <span class='ocrx_word' id='word_1_204' title='bbox 1020 3137 1285 3192; x_wconf 89' lang='lat' dir='ltr'>statuerit</span> <span class='ocrx_word' id='word_1_205' title='bbox 1335 3137 1600 3193; x_wconf 91' lang='lat' dir='ltr'>conferre</span> 
     </span>
     <span class='ocr_line' id='line_1_34' title="bbox 241 3214 1597 3291; baseline 0.004 -22"><span class='ocrx_word' id='word_1_206' title='bbox 241 3214 468 3271; x_wconf 88' lang='lat' dir='ltr'>homini</span> <span class='ocrx_word' id='word_1_207' title='bbox 484 3217 730 3289; x_wconf 82' lang='lat' dir='ltr'>gratiam</span> <span class='ocrx_word' id='word_1_208' title='bbox 747 3217 1197 3274; x_wconf 86' lang='lat' dir='ltr'>sanctificantem</span> <span class='ocrx_word' id='word_1_209' title='bbox 1214 3219 1274 3273; x_wconf 90' lang='lat' dir='ltr'>in</span> <span class='ocrx_word' id='word_1_210' title='bbox 1293 3220 1597 3291; x_wconf 84' lang='lat' dir='ltr'>praemium</span> 
     </span>
     <span class='ocr_line' id='line_1_35' title="bbox 239 3296 1597 3370; baseline 0.002 -20"><span class='ocrx_word' id='word_1_211' title='bbox 239 3296 587 3353; x_wconf 90' lang='lat' dir='ltr'>meritorum</span> <span class='ocrx_word' id='word_1_212' title='bbox 613 3298 853 3353; x_wconf 89' lang='lat' dir='ltr'>alterius</span> <span class='ocrx_word' id='word_1_213' title='bbox 873 3298 1129 3353; x_wconf 89' lang='lat' dir='ltr'>hominis</span> <span class='ocrx_word' id='word_1_214' title='bbox 1140 3299 1298 3370; x_wconf 72' lang='lat' dir='ltr'>justi,</span> <span class='ocrx_word' id='word_1_215' title='bbox 1317 3314 1420 3353; x_wconf 84' lang='lat' dir='ltr'>nec</span> <span class='ocrx_word' id='word_1_216' title='bbox 1438 3297 1597 3354; x_wconf 90' lang='lat' dir='ltr'>enim</span> 
     </span>
    </p>

    <p class='ocr_par' dir='ltr' id='par_1_8' title="bbox 238 3377 1600 3856">
     <span class='ocr_line' id='line_1_36' title="bbox 240 3377 1598 3454; baseline 0.003 -23"><span class='ocrx_word' id='word_1_217' title='bbox 240 3377 301 3431; x_wconf 90' lang='lat' dir='ltr'>id</span> <span class='ocrx_word' id='word_1_218' title='bbox 347 3393 417 3433; x_wconf 83' lang='lat' dir='ltr'>ex</span> <span class='ocrx_word' id='word_1_219' title='bbox 466 3379 764 3450; x_wconf 86' lang='lat' dir='ltr'>Scriptura</span> <span class='ocrx_word' id='word_1_220' title='bbox 804 3396 964 3434; x_wconf 90' lang='lat' dir='ltr'>sacra</span> <span class='ocrx_word' id='word_1_221' title='bbox 1012 3380 1203 3454; x_wconf 88' lang='lat' dir='ltr'>colligi</span> <span class='ocrx_word' id='word_1_222' title='bbox 1254 3385 1449 3452; x_wconf 89' lang='lat' dir='ltr'>potest,</span> <span class='ocrx_word' id='word_1_223' title='bbox 1499 3379 1598 3437; x_wconf 93' lang='lat' dir='ltr'>sed</span> 
     </span>
     <span class='ocr_line' id='line_1_37' title="bbox 238 3460 1600 3536; baseline 0.005 -24"><span class='ocrx_word' id='word_1_224' title='bbox 238 3460 377 3515; x_wconf 86' lang='lat' dir='ltr'>satis</span> <span class='ocrx_word' id='word_1_225' title='bbox 419 3464 612 3531; x_wconf 88' lang='lat' dir='ltr'>aperte</span> <span class='ocrx_word' id='word_1_226' title='bbox 651 3463 869 3515; x_wconf 90' lang='lat' dir='ltr'>constat</span> <span class='ocrx_word' id='word_1_227' title='bbox 917 3462 1260 3533; x_wconf 89' lang='lat' dir='ltr'>oppositum.</span> <span class='ocrx_word' id='word_1_228' title='bbox 1324 3464 1471 3536; x_wconf 87' lang='lat' dir='ltr'>Ergo</span> <span class='ocrx_word' id='word_1_229' title='bbox 1529 3463 1600 3519; x_wconf 92' lang='lat' dir='ltr'>de</span> 
     </span>
     <span class='ocr_line' id='line_1_38' title="bbox 242 3540 1600 3613; baseline 0.003 -19"><span class='ocrx_word' id='word_1_230' title='bbox 242 3540 387 3597; x_wconf 90' lang='lat' dir='ltr'>facto</span> <span class='ocrx_word' id='word_1_231' title='bbox 416 3540 610 3595; x_wconf 91' lang='lat' dir='ltr'>nullus</span> <span class='ocrx_word' id='word_1_232' title='bbox 633 3541 819 3613; x_wconf 84' lang='lat' dir='ltr'>justus</span> <span class='ocrx_word' id='word_1_233' title='bbox 841 3548 1101 3596; x_wconf 81' lang='lat' dir='ltr'>meretur</span> <span class='ocrx_word' id='word_1_234' title='bbox 1119 3543 1287 3598; x_wconf 90' lang='lat' dir='ltr'>alteri</span> <span class='ocrx_word' id='word_1_235' title='bbox 1318 3541 1386 3598; x_wconf 92' lang='lat' dir='ltr'>de</span> <span class='ocrx_word' id='word_1_236' title='bbox 1408 3542 1600 3598; x_wconf 91' lang='lat' dir='ltr'>condi-</span> 
     </span>
     <span class='ocr_line' id='line_1_39' title="bbox 238 3620 1597 3696; baseline 0.003 -20"><span class='ocrx_word' id='word_1_237' title='bbox 238 3636 351 3694; x_wconf 88' lang='lat' dir='ltr'>gno</span> <span class='ocrx_word' id='word_1_238' title='bbox 397 3621 645 3694; x_wconf 89' lang='lat' dir='ltr'>primam</span> <span class='ocrx_word' id='word_1_239' title='bbox 693 3620 959 3694; x_wconf 86' lang='lat' dir='ltr'>gratiam.</span> <span class='ocrx_word' id='word_1_240' title='bbox 995 3623 1325 3679; x_wconf 60' lang='lat' dir='ltr'>Praesertim</span> <span class='ocrx_word' id='word_1_241' title='bbox 1351 3624 1487 3696; x_wconf 90' lang='lat' dir='ltr'>quia</span> <span class='ocrx_word' id='word_1_242' title='bbox 1528 3623 1597 3680; x_wconf 90' lang='lat' dir='ltr'>ad</span> 
     </span>
     <span class='ocr_line' id='line_1_40' title="bbox 242 3701 1598 3778; baseline 0.005 -22"><span class='ocrx_word' id='word_1_243' title='bbox 242 3701 571 3774; x_wconf 85' lang='lat' dir='ltr'>hujusmodi</span> <span class='ocrx_word' id='word_1_244' title='bbox 615 3702 901 3758; x_wconf 85' lang='lat' dir='ltr'>influxum</span> <span class='ocrx_word' id='word_1_245' title='bbox 932 3719 1032 3775; x_wconf 90' lang='lat' dir='ltr'>per</span> <span class='ocrx_word' id='word_1_246' title='bbox 1060 3705 1336 3760; x_wconf 89' lang='lat' dir='ltr'>meritum</span> <span class='ocrx_word' id='word_1_247' title='bbox 1369 3711 1598 3778; x_wconf 89' lang='lat' dir='ltr'>oporte-</span> 
     </span>
     <span class='ocr_line' id='line_1_41' title="bbox 243 3780 1596 3856; baseline 0.004 -20"><span class='ocrx_word' id='word_1_248' title='bbox 243 3780 355 3848; x_wconf 88' lang='lat' dir='ltr'>bat,</span> <span class='ocrx_word' id='word_1_249' title='bbox 374 3781 522 3855; x_wconf 93' lang='lat' dir='ltr'>quod</span> <span class='ocrx_word' id='word_1_250' title='bbox 539 3783 724 3855; x_wconf 87' lang='lat' dir='ltr'>justus</span> <span class='ocrx_word' id='word_1_251' title='bbox 750 3789 894 3840; x_wconf 89' lang='lat' dir='ltr'>esset</span> <span class='ocrx_word' id='word_1_252' title='bbox 916 3791 1082 3856; x_wconf 88' lang='lat' dir='ltr'>caput</span> <span class='ocrx_word' id='word_1_253' title='bbox 1105 3786 1596 3843; x_wconf 81' lang='lat' dir='ltr'>morale&#39;aliorum</span> 
     </span>
    </p>

    <p class='ocr_par' dir='ltr' id='par_1_9' title="bbox 238 3865 1598 4838">
     <span class='ocr_line' id='line_1_42' title="bbox 241 3865 1592 3927; baseline 0.004 -7"><span class='ocrx_word' id='word_1_254' title='bbox 241 3865 305 3921; x_wconf 92' lang='lat' dir='ltr'>in</span> <span class='ocrx_word' id='word_1_255' title='bbox 388 3866 593 3924; x_wconf 88' lang='lat' dir='ltr'>ordine</span> <span class='ocrx_word' id='word_1_256' title='bbox 657 3867 727 3923; x_wconf 90' lang='lat' dir='ltr'>ad</span> <span class='ocrx_word' id='word_1_257' title='bbox 799 3884 998 3924; x_wconf 90' lang='lat' dir='ltr'>eorum</span> <span class='ocrx_word' id='word_1_258' title='bbox 1064 3867 1592 3927; x_wconf 83' lang='lat' dir='ltr'>sanctificationem.</span> 
     </span>
     <span class='ocr_line' id='line_1_43' title="bbox 243 3949 1598 4022; baseline 0.004 -20"><span class='ocrx_word' id='word_1_259' title='bbox 243 3949 416 4003; x_wconf 90' lang='lat' dir='ltr'>Nulla</span> <span class='ocrx_word' id='word_1_260' title='bbox 463 3953 652 4004; x_wconf 90' lang='lat' dir='ltr'>autem</span> <span class='ocrx_word' id='word_1_261' title='bbox 702 3964 845 4020; x_wconf 88' lang='lat' dir='ltr'>pura</span> <span class='ocrx_word' id='word_1_262' title='bbox 886 3957 1174 4015; x_wconf 85' lang='lat' dir='ltr'>creatura,</span> <span class='ocrx_word' id='word_1_263' title='bbox 1225 3952 1598 4022; x_wconf 85' lang='lat' dir='ltr'>quantumvis</span> 
     </span>
     <span class='ocr_line' id='line_1_44' title="bbox 240 4027 1598 4097; baseline 0.002 -15"><span class='ocrx_word' id='word_1_264' title='bbox 240 4034 450 4092; x_wconf 88' lang='lat' dir='ltr'>sancta,</span> <span class='ocrx_word' id='word_1_265' title='bbox 482 4029 786 4084; x_wconf 89' lang='lat' dir='ltr'>constituta</span> <span class='ocrx_word' id='word_1_266' title='bbox 813 4027 882 4084; x_wconf 92' lang='lat' dir='ltr'>de</span> <span class='ocrx_word' id='word_1_267' title='bbox 911 4028 1053 4085; x_wconf 89' lang='lat' dir='ltr'>facto</span> <span class='ocrx_word' id='word_1_268' title='bbox 1092 4036 1176 4086; x_wconf 92' lang='lat' dir='ltr'>est</span> <span class='ocrx_word' id='word_1_269' title='bbox 1203 4046 1233 4085; x_wconf 91' lang='lat' dir='ltr'>a</span> <span class='ocrx_word' id='word_1_270' title='bbox 1259 4032 1388 4097; x_wconf 92' lang='lat' dir='ltr'>Deo,</span> <span class='ocrx_word' id='word_1_271' title='bbox 1422 4035 1484 4085; x_wconf 89' lang='lat' dir='ltr'>ut</span> <span class='ocrx_word' id='word_1_272' title='bbox 1521 4031 1598 4086; x_wconf 89' lang='lat' dir='ltr'>sit</span> 
     </span>
     <span class='ocr_line' id='line_1_45' title="bbox 243 4110 1596 4183; baseline 0.004 -19"><span class='ocrx_word' id='word_1_273' title='bbox 243 4111 462 4165; x_wconf 88' lang='lat' dir='ltr'>morale</span> <span class='ocrx_word' id='word_1_274' title='bbox 490 4115 654 4181; x_wconf 87' lang='lat' dir='ltr'>capnt</span> <span class='ocrx_word' id='word_1_275' title='bbox 694 4110 966 4176; x_wconf 90' lang='lat' dir='ltr'>aliorum,</span> <span class='ocrx_word' id='word_1_276' title='bbox 996 4127 1199 4183; x_wconf 89' lang='lat' dir='ltr'>eosque</span> <span class='ocrx_word' id='word_1_277' title='bbox 1229 4127 1327 4182; x_wconf 90' lang='lat' dir='ltr'>per</span> <span class='ocrx_word' id='word_1_278' title='bbox 1355 4113 1596 4169; x_wconf 88' lang='lat' dir='ltr'>merito-</span> 
     </span>
     <span class='ocr_line' id='line_1_46' title="bbox 243 4189 1596 4265; baseline 0.004 -20"><span class='ocrx_word' id='word_1_279' title='bbox 243 4191 395 4245; x_wconf 86' lang='lat' dir='ltr'>rium</span> <span class='ocrx_word' id='word_1_280' title='bbox 424 4189 710 4245; x_wconf 78' lang='lat' dir='ltr'>influxum</span> <span class='ocrx_word' id='word_1_281' title='bbox 733 4191 1041 4247; x_wconf 86' lang='lat' dir='ltr'>sanctificet</span> <span class='ocrx_word' id='word_1_282' title='bbox 1062 4191 1184 4248; x_wconf 84' lang='lat' dir='ltr'>:sed</span> <span class='ocrx_word' id='word_1_283' title='bbox 1210 4193 1596 4265; x_wconf 89' lang='lat' dir='ltr'>unusquisque</span> 
     </span>
     <span class='ocr_line' id='line_1_47' title="bbox 246 4269 1596 4345; baseline 0.001 -19"><span class='ocrx_word' id='word_1_284' title='bbox 246 4269 444 4342; x_wconf 77' lang='lat' dir='ltr'>recipit</span> <span class='ocrx_word' id='word_1_285' title='bbox 493 4271 723 4342; x_wconf 84' lang='lat' dir='ltr'>praecise</span> <span class='ocrx_word' id='word_1_286' title='bbox 786 4272 1033 4343; x_wconf 87' lang='lat' dir='ltr'>gratiam</span> <span class='ocrx_word' id='word_1_287' title='bbox 1083 4270 1403 4343; x_wconf 89' lang='lat' dir='ltr'>adoptionis</span> <span class='ocrx_word' id='word_1_288' title='bbox 1423 4316 1437 4340; x_wconf 93' lang='lat'>,</span> <span class='ocrx_word' id='word_1_289' title='bbox 1495 4289 1596 4345; x_wconf 90' lang='lat' dir='ltr'>per</span> 
     </span>
     <span class='ocr_line' id='line_1_48' title="bbox 238 4351 1595 4425; baseline 0.002 -18"><span class='ocrx_word' id='word_1_290' title='bbox 238 4368 408 4425; x_wconf 89' lang='lat' dir='ltr'>quam</span> <span class='ocrx_word' id='word_1_291' title='bbox 439 4351 502 4407; x_wconf 89' lang='lat' dir='ltr'>in</span> <span class='ocrx_word' id='word_1_292' title='bbox 536 4358 810 4408; x_wconf 83' lang='lat' dir='ltr'>aeternam</span> <span class='ocrx_word' id='word_1_293' title='bbox 841 4351 1253 4408; x_wconf 86' lang='lat' dir='ltr'>beatitudinem</span> <span class='ocrx_word' id='word_1_294' title='bbox 1296 4359 1354 4407; x_wconf 91' lang='lat' dir='ltr'>ut</span> <span class='ocrx_word' id='word_1_295' title='bbox 1387 4354 1447 4408; x_wconf 92' lang='lat' dir='ltr'>in</span> <span class='ocrx_word' id='word_1_296' title='bbox 1476 4359 1595 4410; x_wconf 91' lang='lat' dir='ltr'>ter-</span> 
     </span>
     <span class='ocr_line' id='line_1_49' title="bbox 238 4432 1595 4507; baseline 0.002 -17"><span class='ocrx_word' id='word_1_297' title='bbox 238 4434 466 4490; x_wconf 89' lang='lat' dir='ltr'>minum</span> <span class='ocrx_word' id='word_1_298' title='bbox 494 4432 605 4489; x_wconf 89' lang='lat' dir='ltr'>sibi</span> <span class='ocrx_word' id='word_1_299' title='bbox 637 4435 1074 4507; x_wconf 87' lang='lat' dir='ltr'>respondentem</span> <span class='ocrx_word' id='word_1_300' title='bbox 1114 4436 1401 4491; x_wconf 84' lang='lat' dir='ltr'>coltineat.</span> <span class='ocrx_word' id='word_1_301' title='bbox 1431 4435 1595 4494; x_wconf 89' lang='lat' dir='ltr'>Unde</span> 
     </span>
     <span class='ocr_line' id='line_1_50' title="bbox 242 4516 1595 4589; baseline 0.001 -18"><span class='ocrx_word' id='word_1_302' title='bbox 242 4516 405 4571; x_wconf 88' lang='lat' dir='ltr'>nulla</span> <span class='ocrx_word' id='word_1_303' title='bbox 427 4532 568 4587; x_wconf 90' lang='lat' dir='ltr'>pura</span> <span class='ocrx_word' id='word_1_304' title='bbox 596 4521 782 4571; x_wconf 89' lang='lat' dir='ltr'>creatu</span> <span class='ocrx_word' id='word_1_305' title='bbox 795 4532 857 4570; x_wconf 90' lang='lat' dir='ltr'>ra</span> <span class='ocrx_word' id='word_1_306' title='bbox 886 4521 1066 4588; x_wconf 85' lang='lat' dir='ltr'>potest</span> <span class='ocrx_word' id='word_1_307' title='bbox 1103 4516 1415 4572; x_wconf 90' lang='lat' dir='ltr'>secundum</span> <span class='ocrx_word' id='word_1_308' title='bbox 1446 4533 1595 4589; x_wconf 68' lang='lat' dir='ltr'>pra—3-</span> 
     </span>
     <span class='ocr_line' id='line_1_51' title="bbox 240 4595 1592 4672; baseline 0.001 -17"><span class='ocrx_word' id='word_1_309' title='bbox 240 4604 456 4655; x_wconf 87' lang='lat' dir='ltr'>sentem</span> <span class='ocrx_word' id='word_1_310' title='bbox 478 4598 900 4671; x_wconf 85' lang='lat' dir='ltr'>providentiam</span> <span class='ocrx_word' id='word_1_311' title='bbox 918 4595 1178 4656; x_wconf 81' lang='lat' dir='ltr'>obtinere</span> <span class='ocrx_word' id='word_1_312' title='bbox 1194 4600 1323 4654; x_wconf 88' lang='lat' dir='ltr'>aliis</span> <span class='ocrx_word' id='word_1_313' title='bbox 1342 4601 1592 4672; x_wconf 89' lang='lat' dir='ltr'>primam</span> 
     </span>
     <span class='ocr_line' id='line_1_52' title="bbox 238 4681 1593 4758; baseline 0.001 -20"><span class='ocrx_word' id='word_1_314' title='bbox 238 4683 485 4758; x_wconf 85' lang='lat' dir='ltr'>gratiam</span> <span class='ocrx_word' id='word_1_315' title='bbox 511 4681 939 4756; x_wconf 86' lang='lat' dir='ltr'>justificantem.</span> <span class='ocrx_word' id='word_1_316' title='bbox 965 4684 1123 4746; x_wconf 87' lang='lat' dir='ltr'>Quod</span> <span class='ocrx_word' id='word_1_317' title='bbox 1152 4684 1433 4739; x_wconf 79' lang='lat' dir='ltr'>motivum</span> <span class='ocrx_word' id='word_1_318' title='bbox 1462 4690 1593 4740; x_wconf 90' lang='lat' dir='ltr'>tan-</span> 
     </span>
     <span class='ocr_line' id='line_1_53' title="bbox 239 4765 1594 4838; baseline 0.002 -18"><span class='ocrx_word' id='word_1_319' title='bbox 239 4766 321 4838; x_wconf 87' lang='lat' dir='ltr'>git</span> <span class='ocrx_word' id='word_1_320' title='bbox 350 4768 415 4820; x_wconf 92' lang='lat' dir='ltr'>D.</span> <span class='ocrx_word' id='word_1_321' title='bbox 434 4765 642 4822; x_wconf 89' lang='lat' dir='ltr'>Thom.</span> <span class='ocrx_word' id='word_1_322' title='bbox 674 4765 735 4820; x_wconf 91' lang='lat' dir='ltr'>in</span> <span class='ocrx_word' id='word_1_323' title='bbox 765 4766 1049 4837; x_wconf 62' lang='lat' dir='ltr'>praesenti,</span> <span class='ocrx_word' id='word_1_324' title='bbox 1083 4765 1306 4822; x_wconf 89' lang='lat' dir='ltr'>dicens:</span> <span class='ocrx_word' id='word_1_325' title='bbox 1335 4787 1359 4816; x_wconf 74' lang='grc' dir='ltr'><strong>α</strong></span> <span class='ocrx_word' id='word_1_326' title='bbox 1387 4766 1594 4823; x_wconf 85' lang='lat' dir='ltr'>Merito</span> 
     </span>
    </p>

    <p class='ocr_par' dir='ltr' id='par_1_10' title="bbox 245 4843 1594 4918">
     <span class='ocr_line' id='line_1_54' title="bbox 245 4843 1594 4918; baseline 0.003 -21"><span class='ocrx_word' id='word_1_327' title='bbox 245 4867 269 4897; x_wconf 90' lang='lat'>«</span> <span class='ocrx_word' id='word_1_328' title='bbox 306 4843 575 4918; x_wconf 85' lang='lat' dir='ltr'>condigni</span> <span class='ocrx_word' id='word_1_329' title='bbox 606 4846 802 4902; x_wconf 88' lang='lat' dir='ltr'>nullus</span> <span class='ocrx_word' id='word_1_330' title='bbox 831 4850 1009 4917; x_wconf 88' lang='lat' dir='ltr'>potest</span> <span class='ocrx_word' id='word_1_331' title='bbox 1034 4846 1247 4901; x_wconf 90' lang='lat' dir='ltr'>mereri</span> <span class='ocrx_word' id='word_1_332' title='bbox 1279 4846 1445 4901; x_wconf 85' lang='lat' dir='ltr'>alteri</span> <span class='ocrx_word' id='word_1_333' title='bbox 1468 4846 1594 4918; x_wconf 91' lang='lat' dir='ltr'>pri-</span> 
     </span>
    </p>

    <p class='ocr_par' dir='ltr' id='par_1_11' title="bbox 248 4923 1593 5001">
     <span class='ocr_line' id='line_1_55' title="bbox 248 4923 1593 5001; baseline 0.001 -20"><span class='ocrx_word' id='word_1_334' title='bbox 248 4950 272 4981; x_wconf 80' lang='lat'><strong>«</strong></span> <span class='ocrx_word' id='word_1_335' title='bbox 299 4930 456 4983; x_wconf 81' lang='lat' dir='ltr'>mam</span> <span class='ocrx_word' id='word_1_336' title='bbox 485 4927 754 5001; x_wconf 87' lang='lat' dir='ltr'>gratiam,</span> <span class='ocrx_word' id='word_1_337' title='bbox 790 4928 901 4983; x_wconf 91' lang='lat' dir='ltr'>nisi</span> <span class='ocrx_word' id='word_1_338' title='bbox 930 4929 1084 4983; x_wconf 90' lang='lat' dir='ltr'>solus</span> <span class='ocrx_word' id='word_1_339' title='bbox 1131 4923 1407 4993; x_wconf 68' lang='lat' dir='ltr'>Christus»,</span> <span class='ocrx_word' id='word_1_340' title='bbox 1456 4927 1593 5000; x_wconf 90' lang='lat' dir='ltr'>quia</span> 
     </span>
    </p>

    <p class='ocr_par' dir='ltr' id='par_1_12' title="bbox 246 5007 1596 5082">
     <span class='ocr_line' id='line_1_56' title="bbox 246 5007 1596 5082; baseline 0.002 -20"><span class='ocrx_word' id='word_1_341' title='bbox 246 5032 270 5062; x_wconf 90' lang='lat'>«</span> <span class='ocrx_word' id='word_1_342' title='bbox 299 5007 688 5080; x_wconf 87' lang='lat' dir='ltr'>unusquisque</span> <span class='ocrx_word' id='word_1_343' title='bbox 717 5013 977 5065; x_wconf 88' lang='lat' dir='ltr'>nostrum</span> <span class='ocrx_word' id='word_1_344' title='bbox 1007 5013 1269 5064; x_wconf 89' lang='lat' dir='ltr'>movetur</span> <span class='ocrx_word' id='word_1_345' title='bbox 1291 5024 1323 5064; x_wconf 88' lang='lat' dir='ltr'>a</span> <span class='ocrx_word' id='word_1_346' title='bbox 1353 5011 1466 5064; x_wconf 89' lang='lat' dir='ltr'>Deo</span> <span class='ocrx_word' id='word_1_347' title='bbox 1493 5023 1596 5082; x_wconf 89' lang='lat' dir='ltr'>per</span> 
     </span>
    </p>
   </div>
   <div class='ocr_carea' id='block_1_6' title="bbox 380 5086 1380 5159">
    <p class='ocr_par' dir='ltr' id='par_1_13' title="bbox 380 5086 1380 5159">
     <span class='ocr_line' id='line_1_57' title="bbox 380 5086 1380 5159; baseline -0.002 -10"><span class='ocrx_word' id='word_1_348' title='bbox 380 5088 666 5149; x_wconf 82' lang='lat' dir='ltr'>Salmant.</span> <span class='ocrx_word' id='word_1_349' title='bbox 700 5086 865 5147; x_wconf 82' lang='lat' dir='ltr'>Curs.</span> <span class='ocrx_word' id='word_1_350' title='bbox 895 5089 1117 5159; x_wconf 60' lang='lat' dir='ltr'>theolog).</span> <span class='ocrx_word' id='word_1_351' title='bbox 1149 5096 1281 5145; x_wconf 80' lang='lat' dir='ltr'>tom.</span> <span class='ocrx_word' id='word_1_352' title='bbox 1311 5087 1380 5147; x_wconf 83' lang='lat' dir='ltr'>X.</span> 
     </span>
    </p>
   </div>
   <div class='ocr_carea' id='block_1_7' title="bbox 1725 528 3295 4995">
    <p class='ocr_par' dir='ltr' id='par_1_14' title="bbox 1733 528 3088 1168">
     <span class='ocr_line' id='line_1_58' title="bbox 1736 528 3084 606; baseline -0.001 -24"><span class='ocrx_word' id='word_1_353' title='bbox 1736 551 1759 581; x_wconf 81' lang='grc' dir='ltr'>α</span> <span class='ocrx_word' id='word_1_354' title='bbox 1791 528 2007 587; x_wconf 90' lang='lat' dir='ltr'>donum</span> <span class='ocrx_word' id='word_1_355' title='bbox 2029 532 2249 606; x_wconf 71' lang='lat' dir='ltr'>gratiae,</span> <span class='ocrx_word' id='word_1_356' title='bbox 2278 537 2340 589; x_wconf 90' lang='lat' dir='ltr'>ut</span> <span class='ocrx_word' id='word_1_357' title='bbox 2360 533 2480 605; x_wconf 87' lang='lat' dir='ltr'>ipse</span> <span class='ocrx_word' id='word_1_358' title='bbox 2503 531 2571 587; x_wconf 90' lang='lat' dir='ltr'>ad</span> <span class='ocrx_word' id='word_1_359' title='bbox 2601 530 2780 585; x_wconf 78' lang='lat' dir='ltr'>vitam</span> <span class='ocrx_word' id='word_1_360' title='bbox 2808 533 3084 583; x_wconf 79' lang='lat' dir='ltr'>aeternam</span> 
     </span>
     <span class='ocr_line' id='line_1_59' title="bbox 1733 610 3088 685; baseline 0 -20"><span class='ocrx_word' id='word_1_361' title='bbox 1733 633 1759 665; x_wconf 75' lang='grc' dir='ltr'><strong>α</strong></span> <span class='ocrx_word' id='word_1_362' title='bbox 1792 617 2121 685; x_wconf 81' lang='lat' dir='ltr'>perveniat3</span> <span class='ocrx_word' id='word_1_363' title='bbox 2145 623 2201 673; x_wconf 90' lang='lat' dir='ltr'>et</span> <span class='ocrx_word' id='word_1_364' title='bbox 2229 616 2356 675; x_wconf 88' lang='lat' dir='ltr'>ideo</span> <span class='ocrx_word' id='word_1_365' title='bbox 2378 618 2654 675; x_wconf 89' lang='lat' dir='ltr'>meritum</span> <span class='ocrx_word' id='word_1_366' title='bbox 2694 610 2966 684; x_wconf 89' lang='lat' dir='ltr'>condigni</span> <span class='ocrx_word' id='word_1_367' title='bbox 2994 612 3088 666; x_wconf 89' lang='lat' dir='ltr'>ul-</span> 
     </span>
     <span class='ocr_line' id='line_1_60' title="bbox 1734 690 3088 757; baseline 0 -10"><span class='ocrx_word' id='word_1_368' title='bbox 1734 717 1759 747; x_wconf 78' lang='lat'>«</span> <span class='ocrx_word' id='word_1_369' title='bbox 1793 701 1879 753; x_wconf 89' lang='lat' dir='ltr'>tra</span> <span class='ocrx_word' id='word_1_370' title='bbox 1902 697 2049 754; x_wconf 90' lang='lat' dir='ltr'>hanc</span> <span class='ocrx_word' id='word_1_371' title='bbox 2076 700 2391 757; x_wconf 89' lang='lat' dir='ltr'>motionem</span> <span class='ocrx_word' id='word_1_372' title='bbox 2433 716 2550 757; x_wconf 88' lang='lat' dir='ltr'>non</span> <span class='ocrx_word' id='word_1_373' title='bbox 2576 715 2636 754; x_wconf 91' lang='lat' dir='ltr'>se</span> <span class='ocrx_word' id='word_1_374' title='bbox 2677 694 2956 753; x_wconf 87' lang='lat' dir='ltr'>extendit.</span> <span class='ocrx_word' id='word_1_375' title='bbox 2979 690 3088 749; x_wconf 91' lang='lat' dir='ltr'>Sed</span> 
     </span>
     <span class='ocr_line' id='line_1_61' title="bbox 1737 778 3082 853; baseline -0.001 -20"><span class='ocrx_word' id='word_1_376' title='bbox 1737 802 1761 832; x_wconf 79' lang='grc' dir='ltr'><strong>α</strong></span> <span class='ocrx_word' id='word_1_377' title='bbox 1792 780 1989 836; x_wconf 91' lang='lat' dir='ltr'>anima</span> <span class='ocrx_word' id='word_1_378' title='bbox 2005 782 2218 838; x_wconf 89' lang='lat' dir='ltr'>Christi</span> <span class='ocrx_word' id='word_1_379' title='bbox 2235 790 2386 840; x_wconf 92' lang='lat' dir='ltr'>mota</span> <span class='ocrx_word' id='word_1_380' title='bbox 2406 788 2490 840; x_wconf 89' lang='lat' dir='ltr'>est</span> <span class='ocrx_word' id='word_1_381' title='bbox 2511 800 2543 839; x_wconf 91' lang='lat' dir='ltr'>a</span> <span class='ocrx_word' id='word_1_382' title='bbox 2560 785 2670 838; x_wconf 90' lang='lat' dir='ltr'>Deo</span> <span class='ocrx_word' id='word_1_383' title='bbox 2694 794 2794 853; x_wconf 84' lang='lat' dir='ltr'>per</span> <span class='ocrx_word' id='word_1_384' title='bbox 2816 778 3082 853; x_wconf 84' lang='lat' dir='ltr'>gratiam,</span> 
     </span>
     <span class='ocr_line' id='line_1_62' title="bbox 1737 862 3083 939; baseline 0.001 -25"><span class='ocrx_word' id='word_1_385' title='bbox 1737 884 1761 914; x_wconf 73' lang='grc' dir='ltr'>α</span> <span class='ocrx_word' id='word_1_386' title='bbox 1794 879 1910 920; x_wconf 90' lang='lat' dir='ltr'>non</span> <span class='ocrx_word' id='word_1_387' title='bbox 1938 865 2123 921; x_wconf 86' lang='lat' dir='ltr'>solum</span> <span class='ocrx_word' id='word_1_388' title='bbox 2148 872 2207 921; x_wconf 93' lang='lat' dir='ltr'>ut</span> <span class='ocrx_word' id='word_1_389' title='bbox 2243 868 2361 938; x_wconf 89' lang='lat' dir='ltr'>ipse</span> <span class='ocrx_word' id='word_1_390' title='bbox 2393 865 2717 939; x_wconf 75' lang='lat' dir='ltr'>perveniret</span> <span class='ocrx_word' id='word_1_391' title='bbox 2744 862 2811 919; x_wconf 89' lang='lat' dir='ltr'>ad</span> <span class='ocrx_word' id='word_1_392' title='bbox 2834 862 3083 936; x_wconf 87' lang='lat' dir='ltr'>gloriam</span> 
     </span>
     <span class='ocr_line' id='line_1_63' title="bbox 1735 942 3080 1009; baseline 0.001 -13"><span class='ocrx_word' id='word_1_393' title='bbox 1735 963 1760 995; x_wconf 74' lang='grc' dir='ltr'><em>α</em></span> <span class='ocrx_word' id='word_1_394' title='bbox 1793 943 1926 1000; x_wconf 76' lang='lat' dir='ltr'>vitae</span> <span class='ocrx_word' id='word_1_395' title='bbox 1970 951 2214 1009; x_wconf 75' lang='lat' dir='ltr'>aeternae,</span> <span class='ocrx_word' id='word_1_396' title='bbox 2259 946 2356 1002; x_wconf 89' lang='lat' dir='ltr'>sed</span> <span class='ocrx_word' id='word_1_397' title='bbox 2402 947 2577 1002; x_wconf 90' lang='lat' dir='ltr'>etiam</span> <span class='ocrx_word' id='word_1_398' title='bbox 2608 950 2668 1001; x_wconf 90' lang='lat' dir='ltr'>ut</span> <span class='ocrx_word' id='word_1_399' title='bbox 2695 943 2836 1001; x_wconf 89' lang='lat' dir='ltr'>alios</span> <span class='ocrx_word' id='word_1_400' title='bbox 2862 942 2925 997; x_wconf 89' lang='lat' dir='ltr'>in</span> <span class='ocrx_word' id='word_1_401' title='bbox 2951 957 3080 998; x_wconf 88' lang='lat' dir='ltr'>eam</span> 
     </span>
     <span class='ocr_line' id='line_1_64' title="bbox 1735 1025 3082 1101; baseline 0.001 -23"><span class='ocrx_word' id='word_1_402' title='bbox 1735 1047 1761 1078; x_wconf 75' lang='grc' dir='ltr'><strong>α</strong></span> <span class='ocrx_word' id='word_1_403' title='bbox 1793 1026 2113 1091; x_wconf 89' lang='lat' dir='ltr'>adduceret,</span> <span class='ocrx_word' id='word_1_404' title='bbox 2137 1030 2198 1084; x_wconf 93' lang='lat' dir='ltr'>in</span> <span class='ocrx_word' id='word_1_405' title='bbox 2218 1036 2499 1101; x_wconf 91' lang='lat' dir='ltr'>quantum</span> <span class='ocrx_word' id='word_1_406' title='bbox 2521 1036 2603 1086; x_wconf 88' lang='lat' dir='ltr'>est</span> <span class='ocrx_word' id='word_1_407' title='bbox 2623 1032 2788 1100; x_wconf 87' lang='lat' dir='ltr'>caput</span> <span class='ocrx_word' id='word_1_408' title='bbox 2803 1025 3082 1090; x_wconf 83' lang='lat' dir='ltr'>Ecclesiae‚</span> 
     </span>
     <span class='ocr_line' id='line_1_65' title="bbox 1737 1110 2675 1168; baseline 0.007 -7"><span class='ocrx_word' id='word_1_409' title='bbox 1737 1129 1762 1161; x_wconf 75' lang='grc' dir='ltr'>α</span> <span class='ocrx_word' id='word_1_410' title='bbox 1792 1115 1847 1165; x_wconf 88' lang='lat' dir='ltr'>et</span> <span class='ocrx_word' id='word_1_411' title='bbox 1874 1110 2080 1166; x_wconf 90' lang='lat' dir='ltr'>author</span> <span class='ocrx_word' id='word_1_412' title='bbox 2106 1112 2307 1166; x_wconf 87' lang='lat' dir='ltr'>salutis</span> <span class='ocrx_word' id='word_1_413' title='bbox 2330 1112 2621 1168; x_wconf 73' lang='lat' dir='ltr'>humanm.</span> <span class='ocrx_word' id='word_1_414' title='bbox 2649 1131 2675 1161; x_wconf 76' lang='lat'>³&gt;</span> 
     </span>
    </p>

    <p class='ocr_par' dir='ltr' id='par_1_15' title="bbox 1730 1189 3271 2319">
     <span class='ocr_line' id='line_1_66' title="bbox 1803 1189 3271 1268; baseline 0.003 -25"><span class='ocrx_word' id='word_1_415' title='bbox 1803 1190 1896 1246; x_wconf 77' lang='lat'>27.</span> <span class='ocrx_word' id='word_1_416' title='bbox 1929 1193 2041 1247; x_wconf 88' lang='lat' dir='ltr'>Nec</span> <span class='ocrx_word' id='word_1_417' title='bbox 2083 1192 2256 1248; x_wconf 78' lang='lat' dir='ltr'>refert</span> <span class='ocrx_word' id='word_1_418' title='bbox 2282 1192 2330 1247; x_wconf 90' lang='lat' dir='ltr'>si</span> <span class='ocrx_word' id='word_1_419' title='bbox 2378 1193 2630 1268; x_wconf 74' lang='lat' dir='ltr'>objiciaS,</span> <span class='ocrx_word' id='word_1_420' title='bbox 2677 1189 2964 1246; x_wconf 83' lang='lat' dir='ltr'>Adamum</span> <span class='ocrx_word' id='word_1_421' title='bbox 3006 1189 3086 1246; x_wconf 90' lang='lat' dir='ltr'>ita</span> <span class='ocrx_word' id='word_1_422' title='bbox 3123 1200 3271 1252; x_wconf 73' lang='lat' dir='ltr'>omac-</span> 
     </span>
     <span class='ocr_line' id='line_1_67' title="bbox 1731 1256 3227 1347; baseline 0.001 -23"><span class='ocrx_word' id='word_1_423' title='bbox 1731 1268 1910 1326; x_wconf 83' lang='lat' dir='ltr'>fuisse</span> <span class='ocrx_word' id='word_1_424' title='bbox 1931 1273 2301 1328; x_wconf 90' lang='lat' dir='ltr'>constitutum</span> <span class='ocrx_word' id='word_1_425' title='bbox 2325 1289 2358 1329; x_wconf 93' lang='lat' dir='ltr'>a</span> <span class='ocrx_word' id='word_1_426' title='bbox 2391 1276 2503 1330; x_wconf 93' lang='lat' dir='ltr'>Deo</span> <span class='ocrx_word' id='word_1_427' title='bbox 2524 1277 2688 1345; x_wconf 88' lang='lat' dir='ltr'>caput</span> <span class='ocrx_word' id='word_1_428' title='bbox 2713 1272 2942 1347; x_wconf 86' lang='lat' dir='ltr'>generis</span> <span class='ocrx_word' id='word_1_429' title='bbox 2973 1271 3085 1325; x_wconf 88' lang='lat' dir='ltr'>hu-</span> <span class='ocrx_word' id='word_1_430' title='bbox 3149 1256 3227 1295; x_wconf 72' lang='lat'><strong>²¹⁰·</strong></span> 
     </span>
     <span class='ocr_line' id='line_1_68' title="bbox 1731 1351 3084 1426; baseline -0.002 -19"><span class='ocrx_word' id='word_1_431' title='bbox 1731 1354 1912 1418; x_wconf 88' lang='lat' dir='ltr'>mani,</span> <span class='ocrx_word' id='word_1_432' title='bbox 1965 1358 2027 1408; x_wconf 87' lang='lat' dir='ltr'>ut</span> <span class='ocrx_word' id='word_1_433' title='bbox 2072 1369 2172 1425; x_wconf 91' lang='lat' dir='ltr'>per</span> <span class='ocrx_word' id='word_1_434' title='bbox 2216 1370 2384 1409; x_wconf 89' lang='lat' dir='ltr'>suum</span> <span class='ocrx_word' id='word_1_435' title='bbox 2416 1359 2703 1426; x_wconf 90' lang='lat' dir='ltr'>peccatum</span> <span class='ocrx_word' id='word_1_436' title='bbox 2731 1351 3084 1408; x_wconf 89' lang='lat' dir='ltr'>demeruerit</span> 
     </span>
     <span class='ocr_line' id='line_1_69' title="bbox 1731 1432 3090 1509; baseline -0.002 -20"><span class='ocrx_word' id='word_1_437' title='bbox 1731 1432 1897 1489; x_wconf 91' lang='lat' dir='ltr'>nobis</span> <span class='ocrx_word' id='word_1_438' title='bbox 1916 1433 2163 1507; x_wconf 71' lang='lat' dir='ltr'>gratiam</span> <span class='ocrx_word' id='word_1_439' title='bbox 2198 1456 2210 1490; x_wconf 74' lang='grc' dir='ltr'><strong>ε</strong></span> <span class='ocrx_word' id='word_1_440' title='bbox 2239 1451 2375 1509; x_wconf 91' lang='lat' dir='ltr'>ergo</span> <span class='ocrx_word' id='word_1_441' title='bbox 2400 1434 2448 1489; x_wconf 88' lang='lat' dir='ltr'>si</span> <span class='ocrx_word' id='word_1_442' title='bbox 2485 1449 2600 1490; x_wconf 90' lang='lat' dir='ltr'>non</span> <span class='ocrx_word' id='word_1_443' title='bbox 2626 1437 2919 1505; x_wconf 87' lang='lat' dir='ltr'>peccasset,</span> <span class='ocrx_word' id='word_1_444' title='bbox 2953 1447 3090 1504; x_wconf 90' lang='lat' dir='ltr'>gra-</span> 
     </span>
     <span class='ocr_line' id='line_1_70' title="bbox 1730 1515 3087 1591; baseline -0.002 -20"><span class='ocrx_word' id='word_1_445' title='bbox 1730 1517 1872 1572; x_wconf 88' lang='lat' dir='ltr'>tiam</span> <span class='ocrx_word' id='word_1_446' title='bbox 1909 1516 2074 1572; x_wconf 90' lang='lat' dir='ltr'>nobis</span> <span class='ocrx_word' id='word_1_447' title='bbox 2100 1517 2170 1573; x_wconf 92' lang='lat' dir='ltr'>de</span> <span class='ocrx_word' id='word_1_448' title='bbox 2195 1516 2481 1591; x_wconf 90' lang='lat' dir='ltr'>condigno</span> <span class='ocrx_word' id='word_1_449' title='bbox 2509 1515 2844 1581; x_wconf 86' lang='lat' dir='ltr'>meruisset;</span> <span class='ocrx_word' id='word_1_450' title='bbox 2875 1519 2930 1570; x_wconf 93' lang='lat' dir='ltr'>et</span> <span class='ocrx_word' id='word_1_451' title='bbox 2956 1528 3087 1569; x_wconf 90' lang='lat' dir='ltr'>con-</span> 
     </span>
     <span class='ocr_line' id='line_1_71' title="bbox 1730 1596 3094 1671; baseline -0.002 -18"><span class='ocrx_word' id='word_1_452' title='bbox 1730 1604 2034 1671; x_wconf 76' lang='lat' dir='ltr'>sequenter</span> <span class='ocrx_word' id='word_1_453' title='bbox 2072 1598 2142 1655; x_wconf 93' lang='lat' dir='ltr'>de</span> <span class='ocrx_word' id='word_1_454' title='bbox 2191 1600 2353 1665; x_wconf 85' lang='lat' dir='ltr'>facto,</span> <span class='ocrx_word' id='word_1_455' title='bbox 2398 1604 2454 1656; x_wconf 91' lang='lat' dir='ltr'>et</span> <span class='ocrx_word' id='word_1_456' title='bbox 2484 1596 2798 1654; x_wconf 86' lang='lat' dir='ltr'>secundum</span> <span class='ocrx_word' id='word_1_457' title='bbox 2839 1611 3094 1652; x_wconf 91' lang='lat' dir='ltr'>commu-</span> 
     </span>
     <span class='ocr_line' id='line_1_72' title="bbox 1732 1678 3088 1752; baseline -0.005 -15"><span class='ocrx_word' id='word_1_458' title='bbox 1732 1697 1869 1737; x_wconf 89' lang='lat' dir='ltr'>nem</span> <span class='ocrx_word' id='word_1_459' title='bbox 1919 1678 2341 1752; x_wconf 88' lang='lat' dir='ltr'>providentiam</span> <span class='ocrx_word' id='word_1_460' title='bbox 2387 1679 2513 1736; x_wconf 84' lang='lat' dir='ltr'>fieri</span> <span class='ocrx_word' id='word_1_461' title='bbox 2563 1678 2763 1750; x_wconf 84' lang='lat' dir='ltr'>potuit,</span> <span class='ocrx_word' id='word_1_462' title='bbox 2797 1681 2858 1732; x_wconf 92' lang='lat' dir='ltr'>ut</span> <span class='ocrx_word' id='word_1_463' title='bbox 2911 1692 3088 1748; x_wconf 82' lang='lat' dir='ltr'>purus</span> 
     </span>
     <span class='ocr_line' id='line_1_73' title="bbox 1733 1754 3082 1834; baseline -0.004 -16"><span class='ocrx_word' id='word_1_464' title='bbox 1733 1763 1906 1819; x_wconf 91' lang='lat' dir='ltr'>homo</span> <span class='ocrx_word' id='word_1_465' title='bbox 1929 1762 2060 1817; x_wconf 85' lang='lat' dir='ltr'>aliis</span> <span class='ocrx_word' id='word_1_466' title='bbox 2080 1761 2326 1834; x_wconf 84' lang='lat' dir='ltr'>gratiam</span> <span class='ocrx_word' id='word_1_467' title='bbox 2349 1759 2418 1818; x_wconf 92' lang='lat' dir='ltr'>de</span> <span class='ocrx_word' id='word_1_468' title='bbox 2438 1754 2720 1834; x_wconf 83' lang='lat' dir='ltr'>condigno</span> <span class='ocrx_word' id='word_1_469' title='bbox 2741 1763 3082 1815; x_wconf 90' lang='lat' dir='ltr'>mereretur.</span> 
     </span>
     <span class='ocr_line' id='line_1_74' title="bbox 1736 1837 3088 1915; baseline -0.001 -19"><span class='ocrx_word' id='word_1_470' title='bbox 1736 1844 1866 1897; x_wconf 80' lang='lat' dir='ltr'>Haec</span> <span class='ocrx_word' id='word_1_471' title='bbox 1904 1841 2152 1898; x_wconf 89' lang='lat' dir='ltr'>secunda</span> <span class='ocrx_word' id='word_1_472' title='bbox 2179 1842 2581 1915; x_wconf 87' lang='lat' dir='ltr'>consequentia</span> <span class='ocrx_word' id='word_1_473' title='bbox 2610 1845 2760 1914; x_wconf 91' lang='lat' dir='ltr'>patet</span> <span class='ocrx_word' id='word_1_474' title='bbox 2784 1855 2853 1895; x_wconf 85' lang='lat' dir='ltr'>ex</span> <span class='ocrx_word' id='word_1_475' title='bbox 2879 1837 3088 1911; x_wconf 88' lang='lat' dir='ltr'>prima,</span> 
     </span>
     <span class='ocr_line' id='line_1_75' title="bbox 1733 1918 3087 1994; baseline -0.006 -14"><span class='ocrx_word' id='word_1_476' title='bbox 1733 1928 1788 1980; x_wconf 90' lang='lat' dir='ltr'>et</span> <span class='ocrx_word' id='word_1_477' title='bbox 1827 1924 1932 1979; x_wconf 86' lang='lat' dir='ltr'>ista</span> <span class='ocrx_word' id='word_1_478' title='bbox 1967 1939 2038 1978; x_wconf 87' lang='lat' dir='ltr'>ex</span> <span class='ocrx_word' id='word_1_479' title='bbox 2066 1922 2449 1988; x_wconf 85' lang='lat' dir='ltr'>antecedenti;</span> <span class='ocrx_word' id='word_1_480' title='bbox 2473 1921 2748 1994; x_wconf 90' lang='lat' dir='ltr'>quoniam</span> <span class='ocrx_word' id='word_1_481' title='bbox 2793 1918 3087 1981; x_wconf 90' lang='lat' dir='ltr'>meritum,</span> 
     </span>
     <span class='ocr_line' id='line_1_76' title="bbox 1733 1996 3090 2072; baseline -0.005 -11"><span class='ocrx_word' id='word_1_482' title='bbox 1733 2011 1788 2061; x_wconf 88' lang='lat' dir='ltr'>et</span> <span class='ocrx_word' id='word_1_483' title='bbox 1812 2002 2158 2059; x_wconf 89' lang='lat' dir='ltr'>demeritum</span> <span class='ocrx_word' id='word_1_484' title='bbox 2181 2008 2316 2058; x_wconf 86' lang='lat' dir='ltr'>sunt</span> <span class='ocrx_word' id='word_1_485' title='bbox 2338 2003 2487 2059; x_wconf 91' lang='lat' dir='ltr'>circa</span> <span class='ocrx_word' id='word_1_486' title='bbox 2515 2000 2698 2057; x_wconf 87' lang='lat' dir='ltr'>idem:</span> <span class='ocrx_word' id='word_1_487' title='bbox 2721 2015 2858 2072; x_wconf 88' lang='lat' dir='ltr'>ergo</span> <span class='ocrx_word' id='word_1_488' title='bbox 2873 1998 2922 2053; x_wconf 85' lang='lat' dir='ltr'>si</span> <span class='ocrx_word' id='word_1_489' title='bbox 2945 1996 3090 2054; x_wconf 82' lang='lat' dir='ltr'>Ada-</span> 
     </span>
     <span class='ocr_line' id='line_1_77' title="bbox 1734 2079 3088 2157; baseline -0.004 -18"><span class='ocrx_word' id='word_1_490' title='bbox 1734 2100 1864 2140; x_wconf 89' lang='lat' dir='ltr'>mus</span> <span class='ocrx_word' id='word_1_491' title='bbox 1893 2084 2169 2157; x_wconf 89' lang='lat' dir='ltr'>peccando</span> <span class='ocrx_word' id='word_1_492' title='bbox 2196 2084 2483 2141; x_wconf 89' lang='lat' dir='ltr'>demeruit</span> <span class='ocrx_word' id='word_1_493' title='bbox 2509 2082 2578 2137; x_wconf 92' lang='lat' dir='ltr'>de</span> <span class='ocrx_word' id='word_1_494' title='bbox 2609 2081 2891 2154; x_wconf 88' lang='lat' dir='ltr'>condigno</span> <span class='ocrx_word' id='word_1_495' title='bbox 2922 2079 3088 2136; x_wconf 90' lang='lat' dir='ltr'>nobis</span> 
     </span>
     <span class='ocr_line' id='line_1_78' title="bbox 1733 2159 3092 2240; baseline -0.002 -19"><span class='ocrx_word' id='word_1_496' title='bbox 1733 2166 2000 2240; x_wconf 84' lang='lat' dir='ltr'>gratiam.</span> <span class='ocrx_word' id='word_1_497' title='bbox 2036 2181 2153 2222; x_wconf 90' lang='lat' dir='ltr'>non</span> <span class='ocrx_word' id='word_1_498' title='bbox 2201 2163 2480 2237; x_wconf 91' lang='lat' dir='ltr'>peccando</span> <span class='ocrx_word' id='word_1_499' title='bbox 2522 2162 2771 2237; x_wconf 89' lang='lat' dir='ltr'>gratiam</span> <span class='ocrx_word' id='word_1_500' title='bbox 2822 2159 2986 2217; x_wconf 88' lang='lat' dir='ltr'>nobis</span> <span class='ocrx_word' id='word_1_501' title='bbox 3020 2159 3092 2218; x_wconf 89' lang='lat' dir='ltr'>de</span> 
     </span>
     <span class='ocr_line' id='line_1_79' title="bbox 1733 2245 2379 2319; baseline 0 -18"><span class='ocrx_word' id='word_1_502' title='bbox 1733 2245 2013 2319; x_wconf 89' lang='lat' dir='ltr'>condigno</span> <span class='ocrx_word' id='word_1_503' title='bbox 2041 2250 2379 2302; x_wconf 87' lang='lat' dir='ltr'>mereretur.</span> 
     </span>
    </p>

    <p class='ocr_par' dir='ltr' id='par_1_16' title="bbox 1725 2313 3295 4995">
     <span class='ocr_line' id='line_1_80' title="bbox 1812 2313 3295 2409; baseline -0.001 -30"><span class='ocrx_word' id='word_1_504' title='bbox 1812 2327 1944 2388; x_wconf 89' lang='lat' dir='ltr'>Hoc,</span> <span class='ocrx_word' id='word_1_505' title='bbox 1985 2327 2239 2399; x_wconf 91' lang='lat' dir='ltr'>inquam,</span> <span class='ocrx_word' id='word_1_506' title='bbox 2292 2340 2411 2380; x_wconf 90' lang='lat' dir='ltr'>non</span> <span class='ocrx_word' id='word_1_507' title='bbox 2454 2323 2661 2389; x_wconf 79' lang='lat' dir='ltr'>refert;</span> <span class='ocrx_word' id='word_1_508' title='bbox 2709 2320 3085 2393; x_wconf 82' lang='lat' dir='ltr'>respondetur</span> <span class='ocrx_word' id='word_1_509' title='bbox 3127 2313 3295 2409; x_wconf 49' lang='grc' dir='ltr'>Ῑῗίῖξῶθξ·</span> 
     </span>
     <span class='ocr_line' id='line_1_81' title="bbox 1734 2402 3089 2476; baseline -0.004 -14"><span class='ocrx_word' id='word_1_510' title='bbox 1734 2405 1915 2471; x_wconf 90' lang='lat' dir='ltr'>enim,</span> <span class='ocrx_word' id='word_1_511' title='bbox 1945 2422 2206 2463; x_wconf 88' lang='lat' dir='ltr'>concesso</span> <span class='ocrx_word' id='word_1_512' title='bbox 2251 2402 2605 2461; x_wconf 89' lang='lat' dir='ltr'>antecedenti</span> <span class='ocrx_word' id='word_1_513' title='bbox 2658 2402 2919 2476; x_wconf 85' lang='lat' dir='ltr'>negando</span> <span class='ocrx_word' id='word_1_514' title='bbox 2965 2402 3089 2475; x_wconf 92' lang='lat' dir='ltr'>pri-</span> 
     </span>
     <span class='ocr_line' id='line_1_82' title="bbox 1734 2482 3091 2560; baseline -0.002 -18"><span class='ocrx_word' id='word_1_515' title='bbox 1734 2502 1892 2543; x_wconf 90' lang='lat' dir='ltr'>mam</span> <span class='ocrx_word' id='word_1_516' title='bbox 1914 2482 2396 2560; x_wconf 82' lang='lat' dir='ltr'>consequentiam.</span> <span class='ocrx_word' id='word_1_517' title='bbox 2430 2487 2605 2541; x_wconf 89' lang='lat' dir='ltr'>Plura</span> <span class='ocrx_word' id='word_1_518' title='bbox 2644 2484 2853 2556; x_wconf 91' lang='lat' dir='ltr'>quippe</span> <span class='ocrx_word' id='word_1_519' title='bbox 2897 2483 3091 2555; x_wconf 89' lang='lat' dir='ltr'>requi-</span> 
     </span>
     <span class='ocr_line' id='line_1_83' title="bbox 1738 2564 3086 2640; baseline -0.003 -15"><span class='ocrx_word' id='word_1_520' title='bbox 1738 2574 1948 2625; x_wconf 87' lang='lat' dir='ltr'>runtur</span> <span class='ocrx_word' id='word_1_521' title='bbox 1969 2569 2039 2625; x_wconf 90' lang='lat' dir='ltr'>ad</span> <span class='ocrx_word' id='word_1_522' title='bbox 2067 2569 2361 2630; x_wconf 87' lang='lat' dir='ltr'>meritum,</span> <span class='ocrx_word' id='word_1_523' title='bbox 2388 2582 2561 2640; x_wconf 91' lang='lat' dir='ltr'>quam</span> <span class='ocrx_word' id='word_1_524' title='bbox 2587 2565 2656 2622; x_wconf 91' lang='lat' dir='ltr'>ad</span> <span class='ocrx_word' id='word_1_525' title='bbox 2696 2564 3044 2621; x_wconf 88' lang='lat' dir='ltr'>demeritum</span> <span class='ocrx_word' id='word_1_526' title='bbox 3073 2587 3086 2621; x_wconf 71' lang='grc' dir='ltr'><em>ε</em></span> 
     </span>
     <span class='ocr_line' id='line_1_84' title="bbox 1735 2644 3096 2722; baseline 0 -19"><span class='ocrx_word' id='word_1_527' title='bbox 1735 2648 1889 2705; x_wconf 88' lang='lat' dir='ltr'>unde</span> <span class='ocrx_word' id='word_1_528' title='bbox 1909 2666 1979 2707; x_wconf 83' lang='lat' dir='ltr'>ex</span> <span class='ocrx_word' id='word_1_529' title='bbox 2013 2665 2098 2715; x_wconf 83' lang='lat' dir='ltr'>ec,</span> <span class='ocrx_word' id='word_1_530' title='bbox 2131 2648 2279 2722; x_wconf 90' lang='lat' dir='ltr'>quod</span> <span class='ocrx_word' id='word_1_531' title='bbox 2308 2647 2562 2705; x_wconf 79' lang='lat' dir='ltr'>Adamas</span> <span class='ocrx_word' id='word_1_532' title='bbox 2592 2644 2870 2720; x_wconf 89' lang='lat' dir='ltr'>peccando</span> <span class='ocrx_word' id='word_1_533' title='bbox 2897 2644 3096 2703; x_wconf 88' lang='lat' dir='ltr'>deme-</span> 
     </span>
     <span class='ocr_line' id='line_1_85' title="bbox 1738 2729 3092 2806; baseline -0.004 -19"><span class='ocrx_word' id='word_1_534' title='bbox 1738 2732 1920 2788; x_wconf 92' lang='lat' dir='ltr'>ruerit</span> <span class='ocrx_word' id='word_1_535' title='bbox 1967 2731 2132 2788; x_wconf 86' lang='lat' dir='ltr'>nobis</span> <span class='ocrx_word' id='word_1_536' title='bbox 2183 2732 2451 2806; x_wconf 86' lang='lat' dir='ltr'>gratiam,</span> <span class='ocrx_word' id='word_1_537' title='bbox 2504 2729 2751 2786; x_wconf 88' lang='lat' dir='ltr'>minime</span> <span class='ocrx_word' id='word_1_538' title='bbox 2814 2729 3092 2800; x_wconf 87' lang='lat' dir='ltr'>sequitur,</span> 
     </span>
     <span class='ocr_line' id='line_1_86' title="bbox 1733 2808 3098 2887; baseline -0.001 -20"><span class='ocrx_word' id='word_1_539' title='bbox 1733 2812 1883 2887; x_wconf 89' lang='lat' dir='ltr'>quod</span> <span class='ocrx_word' id='word_1_540' title='bbox 1907 2814 2070 2869; x_wconf 88' lang='lat' dir='ltr'>illam</span> <span class='ocrx_word' id='word_1_541' title='bbox 2101 2812 2351 2887; x_wconf 90' lang='lat' dir='ltr'>potuerit</span> <span class='ocrx_word' id='word_1_542' title='bbox 2372 2828 2492 2869; x_wconf 91' lang='lat' dir='ltr'>non</span> <span class='ocrx_word' id='word_1_543' title='bbox 2531 2808 2811 2885; x_wconf 88' lang='lat' dir='ltr'>peccando</span> <span class='ocrx_word' id='word_1_544' title='bbox 2834 2808 2998 2865; x_wconf 91' lang='lat' dir='ltr'>nobis</span> <span class='ocrx_word' id='word_1_545' title='bbox 3026 2809 3098 2866; x_wconf 92' lang='lat' dir='ltr'>de</span> 
     </span>
     <span class='ocr_line' id='line_1_87' title="bbox 1733 2893 3100 2970; baseline -0.004 -17"><span class='ocrx_word' id='word_1_546' title='bbox 1733 2896 2019 2970; x_wconf 89' lang='lat' dir='ltr'>condigno</span> <span class='ocrx_word' id='word_1_547' title='bbox 2041 2896 2275 2953; x_wconf 83' lang='lat' dir='ltr'>mereri.</span> <span class='ocrx_word' id='word_1_548' title='bbox 2309 2895 2464 2951; x_wconf 92' lang='lat' dir='ltr'>Sicut</span> <span class='ocrx_word' id='word_1_549' title='bbox 2491 2896 2668 2952; x_wconf 91' lang='lat' dir='ltr'>etiam</span> <span class='ocrx_word' id='word_1_550' title='bbox 2701 2893 2771 2951; x_wconf 89' lang='lat' dir='ltr'>de</span> <span class='ocrx_word' id='word_1_551' title='bbox 2793 2893 2938 2948; x_wconf 89' lang='lat' dir='ltr'>facto</span> <span class='ocrx_word' id='word_1_552' title='bbox 2966 2893 3100 2965; x_wconf 91' lang='lat' dir='ltr'>qui-</span> 
     </span>
     <span class='ocr_line' id='line_1_88' title="bbox 1737 2974 3101 3049; baseline -0.003 -17"><span class='ocrx_word' id='word_1_553' title='bbox 1737 2977 1876 3033; x_wconf 86' lang='lat' dir='ltr'>libet</span> <span class='ocrx_word' id='word_1_554' title='bbox 1921 2977 2094 3033; x_wconf 89' lang='lat' dir='ltr'>homo</span> <span class='ocrx_word' id='word_1_555' title='bbox 2145 2982 2325 3049; x_wconf 88' lang='lat' dir='ltr'>potest</span> <span class='ocrx_word' id='word_1_556' title='bbox 2352 2975 2634 3049; x_wconf 90' lang='lat' dir='ltr'>peccando</span> <span class='ocrx_word' id='word_1_557' title='bbox 2683 2974 2932 3046; x_wconf 88' lang='lat' dir='ltr'>primam</span> <span class='ocrx_word' id='word_1_558' title='bbox 2962 2989 3101 3045; x_wconf 87' lang='lat' dir='ltr'>gra-</span> 
     </span>
     <span class='ocr_line' id='line_1_89' title="bbox 1734 3053 3098 3127; baseline -0.004 -16"><span class='ocrx_word' id='word_1_559' title='bbox 1734 3057 1876 3113; x_wconf 90' lang='lat' dir='ltr'>tiam</span> <span class='ocrx_word' id='word_1_560' title='bbox 1905 3056 2225 3120; x_wconf 89' lang='lat' dir='ltr'>demereri;</span> <span class='ocrx_word' id='word_1_561' title='bbox 2271 3071 2341 3110; x_wconf 84' lang='lat' dir='ltr'>ex</span> <span class='ocrx_word' id='word_1_562' title='bbox 2381 3072 2492 3127; x_wconf 91' lang='lat' dir='ltr'>quo</span> <span class='ocrx_word' id='word_1_563' title='bbox 2521 3059 2717 3109; x_wconf 91' lang='lat' dir='ltr'>tamen</span> <span class='ocrx_word' id='word_1_564' title='bbox 2760 3068 2875 3107; x_wconf 90' lang='lat' dir='ltr'>non</span> <span class='ocrx_word' id='word_1_565' title='bbox 2903 3053 3098 3122; x_wconf 89' lang='lat' dir='ltr'>sequi-</span> 
     </span>
     <span class='ocr_line' id='line_1_90' title="bbox 1735 3133 3099 3209; baseline -0.003 -17"><span class='ocrx_word' id='word_1_566' title='bbox 1735 3143 1847 3201; x_wconf 91' lang='lat' dir='ltr'>tur,</span> <span class='ocrx_word' id='word_1_567' title='bbox 1879 3136 2029 3209; x_wconf 90' lang='lat' dir='ltr'>quod</span> <span class='ocrx_word' id='word_1_568' title='bbox 2058 3138 2219 3193; x_wconf 91' lang='lat' dir='ltr'>illam</span> <span class='ocrx_word' id='word_1_569' title='bbox 2261 3136 2509 3209; x_wconf 89' lang='lat' dir='ltr'>gratiam</span> <span class='ocrx_word' id='word_1_570' title='bbox 2553 3133 2767 3190; x_wconf 89' lang='lat' dir='ltr'>mereri</span> <span class='ocrx_word' id='word_1_571' title='bbox 2800 3134 3007 3197; x_wconf 88' lang='lat' dir='ltr'>valeat,</span> <span class='ocrx_word' id='word_1_572' title='bbox 3037 3138 3099 3189; x_wconf 90' lang='lat' dir='ltr'>ut</span> 
     </span>
     <span class='ocr_line' id='line_1_91' title="bbox 1732 3213 3102 3288; baseline -0.002 -12"><span class='ocrx_word' id='word_1_573' title='bbox 1732 3224 1953 3276; x_wconf 89' lang='lat' dir='ltr'>constat</span> <span class='ocrx_word' id='word_1_574' title='bbox 1971 3235 2042 3275; x_wconf 86' lang='lat' dir='ltr'>ex</span> <span class='ocrx_word' id='word_1_575' title='bbox 2069 3218 2233 3274; x_wconf 90' lang='lat' dir='ltr'>dictis</span> <span class='ocrx_word' id='word_1_576' title='bbox 2260 3217 2436 3274; x_wconf 92' lang='lat' dir='ltr'>dubio</span> <span class='ocrx_word' id='word_1_577' title='bbox 2467 3213 2826 3288; x_wconf 65' lang='lat' dir='ltr'>praecedenti.</span> <span class='ocrx_word' id='word_1_578' title='bbox 2861 3217 2928 3269; x_wconf 85' lang='lat' dir='ltr'>Et</span> <span class='ocrx_word' id='word_1_579' title='bbox 2951 3216 3102 3273; x_wconf 91' lang='lat' dir='ltr'>ratio</span> 
     </span>
     <span class='ocr_line' id='line_1_92' title="bbox 1734 3295 3096 3372; baseline 0 -18"><span class='ocrx_word' id='word_1_580' title='bbox 1734 3298 2072 3357; x_wconf 63' lang='lat' dir='ltr'>differentiae</span> <span class='ocrx_word' id='word_1_581' title='bbox 2116 3308 2201 3358; x_wconf 88' lang='lat' dir='ltr'>est</span> <span class='ocrx_word' id='word_1_582' title='bbox 2256 3295 2825 3372; x_wconf 90' lang='lat' dir='ltr'>proportionabiliter</span> <span class='ocrx_word' id='word_1_583' title='bbox 2869 3296 3096 3364; x_wconf 85' lang='lat' dir='ltr'>eadem,</span> 
     </span>
     <span class='ocr_line' id='line_1_93' title="bbox 1732 3377 3097 3455; baseline 0 -20"><span class='ocrx_word' id='word_1_584' title='bbox 1732 3381 1866 3452; x_wconf 90' lang='lat' dir='ltr'>quia</span> <span class='ocrx_word' id='word_1_585' title='bbox 1896 3381 2109 3437; x_wconf 91' lang='lat' dir='ltr'>ablatio</span> <span class='ocrx_word' id='word_1_586' title='bbox 2134 3381 2335 3455; x_wconf 84' lang='lat' dir='ltr'>gratiae</span> <span class='ocrx_word' id='word_1_587' title='bbox 2380 3377 2661 3450; x_wconf 90' lang='lat' dir='ltr'>dependet</span> <span class='ocrx_word' id='word_1_588' title='bbox 2688 3394 2720 3434; x_wconf 93' lang='lat' dir='ltr'>a</span> <span class='ocrx_word' id='word_1_589' title='bbox 2761 3384 2956 3436; x_wconf 92' lang='lat' dir='ltr'>nostro</span> <span class='ocrx_word' id='word_1_590' title='bbox 2992 3379 3097 3435; x_wconf 90' lang='lat' dir='ltr'>de-</span> 
     </span>
     <span class='ocr_line' id='line_1_94' title="bbox 1732 3460 3095 3520; baseline 0 -3"><span class='ocrx_word' id='word_1_591' title='bbox 1732 3463 1942 3519; x_wconf 89' lang='lat' dir='ltr'>merito</span> <span class='ocrx_word' id='word_1_592' title='bbox 1968 3464 2110 3518; x_wconf 90' lang='lat' dir='ltr'>sicut</span> <span class='ocrx_word' id='word_1_593' title='bbox 2139 3480 2168 3519; x_wconf 90' lang='lat' dir='ltr'>a</span> <span class='ocrx_word' id='word_1_594' title='bbox 2198 3478 2366 3520; x_wconf 89' lang='lat' dir='ltr'>causa</span> <span class='ocrx_word' id='word_1_595' title='bbox 2411 3460 2787 3518; x_wconf 86' lang='lat' dir='ltr'>demeritoria</span> <span class='ocrx_word' id='word_1_596' title='bbox 2819 3483 2831 3517; x_wconf 90' lang='lat'><strong>:</strong></span> <span class='ocrx_word' id='word_1_597' title='bbox 2863 3460 3095 3517; x_wconf 84' lang='lat' dir='ltr'>collatio</span> 
     </span>
     <span class='ocr_line' id='line_1_95' title="bbox 1733 3541 3098 3617; baseline -0.001 -17"><span class='ocrx_word' id='word_1_598' title='bbox 1733 3549 1924 3600; x_wconf 90' lang='lat' dir='ltr'>autem</span> <span class='ocrx_word' id='word_1_599' title='bbox 1958 3544 2173 3617; x_wconf 72' lang='lat' dir='ltr'>gratim,</span> <span class='ocrx_word' id='word_1_600' title='bbox 2200 3545 2344 3600; x_wconf 90' lang='lat' dir='ltr'>sicut</span> <span class='ocrx_word' id='word_1_601' title='bbox 2384 3548 2438 3598; x_wconf 91' lang='lat' dir='ltr'>et</span> <span class='ocrx_word' id='word_1_602' title='bbox 2465 3541 2589 3615; x_wconf 88' lang='lat' dir='ltr'>ejus</span> <span class='ocrx_word' id='word_1_603' title='bbox 2630 3541 3007 3610; x_wconf 88' lang='lat' dir='ltr'>conservatio,</span> <span class='ocrx_word' id='word_1_604' title='bbox 3040 3548 3098 3598; x_wconf 89' lang='lat' dir='ltr'>et</span> 
     </span>
     <span class='ocr_line' id='line_1_96' title="bbox 1734 3622 3096 3697; baseline 0 -18"><span class='ocrx_word' id='word_1_605' title='bbox 1734 3625 2178 3697; x_wconf 80' lang='lat' dir='ltr'>perseverantia.</span> <span class='ocrx_word' id='word_1_606' title='bbox 2205 3624 2411 3680; x_wconf 89' lang='lat' dir='ltr'>sivein</span> <span class='ocrx_word' id='word_1_607' title='bbox 2441 3623 2644 3695; x_wconf 88' lang='lat' dir='ltr'>capite,</span> <span class='ocrx_word' id='word_1_608' title='bbox 2671 3623 2794 3678; x_wconf 90' lang='lat' dir='ltr'>sive</span> <span class='ocrx_word' id='word_1_609' title='bbox 2822 3622 2884 3678; x_wconf 91' lang='lat' dir='ltr'>in</span> <span class='ocrx_word' id='word_1_610' title='bbox 2915 3639 3096 3679; x_wconf 89' lang='lat' dir='ltr'>mem-</span> 
     </span>
     <span class='ocr_line' id='line_1_97' title="bbox 1732 3701 3094 3779; baseline 0 -20"><span class='ocrx_word' id='word_1_611' title='bbox 1732 3704 1872 3772; x_wconf 77' lang='lat' dir='ltr'>bris„</span> <span class='ocrx_word' id='word_1_612' title='bbox 1900 3704 1963 3759; x_wconf 90' lang='lat' dir='ltr'>fit</span> <span class='ocrx_word' id='word_1_613' title='bbox 2001 3705 2266 3779; x_wconf 87' lang='lat' dir='ltr'>gratiose,</span> <span class='ocrx_word' id='word_1_614' title='bbox 2292 3708 2348 3760; x_wconf 90' lang='lat' dir='ltr'>et</span> <span class='ocrx_word' id='word_1_615' title='bbox 2377 3701 2832 3774; x_wconf 89' lang='lat' dir='ltr'>independenter</span> <span class='ocrx_word' id='word_1_616' title='bbox 2856 3720 2888 3758; x_wconf 92' lang='lat' dir='ltr'>a</span> <span class='ocrx_word' id='word_1_617' title='bbox 2911 3704 3094 3759; x_wconf 87' lang='lat' dir='ltr'>meri-</span> 
     </span>
     <span class='ocr_line' id='line_1_98' title="bbox 1730 3784 3104 3858; baseline 0 -16"><span class='ocrx_word' id='word_1_618' title='bbox 1730 3787 1805 3842; x_wconf 86' lang='lat' dir='ltr'>tis</span> <span class='ocrx_word' id='word_1_619' title='bbox 1839 3808 1851 3841; x_wconf 92' lang='lat'>:</span> <span class='ocrx_word' id='word_1_620' title='bbox 1886 3789 2032 3844; x_wconf 87' lang='lat' dir='ltr'>Deus</span> <span class='ocrx_word' id='word_1_621' title='bbox 2058 3787 2234 3853; x_wconf 90' lang='lat' dir='ltr'>enim,</span> <span class='ocrx_word' id='word_1_622' title='bbox 2263 3786 2398 3858; x_wconf 91' lang='lat' dir='ltr'>quia</span> <span class='ocrx_word' id='word_1_623' title='bbox 2427 3792 2512 3842; x_wconf 88' lang='lat' dir='ltr'>est</span> <span class='ocrx_word' id='word_1_624' title='bbox 2551 3784 2753 3850; x_wconf 89' lang='lat' dir='ltr'>bonus,</span> <span class='ocrx_word' id='word_1_625' title='bbox 2784 3791 2839 3841; x_wconf 92' lang='lat' dir='ltr'>et</span> <span class='ocrx_word' id='word_1_626' title='bbox 2865 3802 3104 3842; x_wconf 85' lang='lat' dir='ltr'>summe</span> 
     </span>
     <span class='ocr_line' id='line_1_99' title="bbox 1731 3866 3092 3941; baseline -0.001 -19"><span class='ocrx_word' id='word_1_627' title='bbox 1731 3866 2012 3932; x_wconf 74' lang='lat' dir='ltr'>liberalia,</span> <span class='ocrx_word' id='word_1_628' title='bbox 2075 3868 2320 3941; x_wconf 85' lang='lat' dir='ltr'>gratiam</span> <span class='ocrx_word' id='word_1_629' title='bbox 2379 3866 2508 3922; x_wconf 91' lang='lat' dir='ltr'>sine</span> <span class='ocrx_word' id='word_1_630' title='bbox 2574 3866 2782 3922; x_wconf 89' lang='lat' dir='ltr'>merito</span> <span class='ocrx_word' id='word_1_631' title='bbox 2847 3866 3092 3931; x_wconf 75' lang='lat' dir='ltr'>confert,</span> 
     </span>
     <span class='ocr_line' id='line_1_100' title="bbox 1729 3945 3090 4021; baseline -0.002 -17"><span class='ocrx_word' id='word_1_632' title='bbox 1729 3964 1904 4021; x_wconf 90' lang='lat' dir='ltr'>quarn</span> <span class='ocrx_word' id='word_1_633' title='bbox 1933 3953 2125 4004; x_wconf 90' lang='lat' dir='ltr'>tamen</span> <span class='ocrx_word' id='word_1_634' title='bbox 2162 3948 2293 4020; x_wconf 93' lang='lat' dir='ltr'>quia</span> <span class='ocrx_word' id='word_1_635' title='bbox 2317 3948 2502 4020; x_wconf 86' lang='lat' dir='ltr'>justus</span> <span class='ocrx_word' id='word_1_636' title='bbox 2530 3952 2630 4014; x_wconf 86' lang='lat' dir='ltr'>est,</span> <span class='ocrx_word' id='word_1_637' title='bbox 2657 3946 2783 4001; x_wconf 90' lang='lat' dir='ltr'>sine</span> <span class='ocrx_word' id='word_1_638' title='bbox 2810 3945 3090 4002; x_wconf 88' lang='lat' dir='ltr'>demerito</span> 
     </span>
     <span class='ocr_line' id='line_1_101' title="bbox 1730 4024 3089 4099; baseline -0.001 -16"><span class='ocrx_word' id='word_1_639' title='bbox 1730 4043 1848 4084; x_wconf 89' lang='lat' dir='ltr'>non</span> <span class='ocrx_word' id='word_1_640' title='bbox 1877 4028 2080 4084; x_wconf 79' lang='lat' dir='ltr'>aufert.</span> <span class='ocrx_word' id='word_1_641' title='bbox 2129 4027 2294 4083; x_wconf 91' lang='lat' dir='ltr'>Unde</span> <span class='ocrx_word' id='word_1_642' title='bbox 2323 4032 2611 4099; x_wconf 90' lang='lat' dir='ltr'>peccatum</span> <span class='ocrx_word' id='word_1_643' title='bbox 2642 4025 2846 4080; x_wconf 80' lang='lat' dir='ltr'>Adami</span> <span class='ocrx_word' id='word_1_644' title='bbox 2892 4024 3089 4081; x_wconf 77' lang='lat' dir='ltr'>deme·-</span> 
     </span>
     <span class='ocr_line' id='line_1_102' title="bbox 1731 4107 3086 4182; baseline -0.002 -18"><span class='ocrx_word' id='word_1_645' title='bbox 1731 4110 1847 4164; x_wconf 91' lang='lat' dir='ltr'>ruit</span> <span class='ocrx_word' id='word_1_646' title='bbox 1877 4108 2042 4164; x_wconf 92' lang='lat' dir='ltr'>nobis</span> <span class='ocrx_word' id='word_1_647' title='bbox 2066 4109 2313 4182; x_wconf 90' lang='lat' dir='ltr'>gratiam</span> <span class='ocrx_word' id='word_1_648' title='bbox 2347 4132 2360 4164; x_wconf 75' lang='lat'>2</span> <span class='ocrx_word' id='word_1_649' title='bbox 2391 4113 2446 4164; x_wconf 89' lang='lat' dir='ltr'>at</span> <span class='ocrx_word' id='word_1_650' title='bbox 2478 4109 2685 4179; x_wconf 88' lang='lat' dir='ltr'>peccati</span> <span class='ocrx_word' id='word_1_651' title='bbox 2715 4107 2936 4171; x_wconf 86' lang='lat' dir='ltr'>vitati0,</span> <span class='ocrx_word' id='word_1_652' title='bbox 2988 4123 3086 4162; x_wconf 92' lang='lat' dir='ltr'>seu</span> 
     </span>
     <span class='ocr_line' id='line_1_103' title="bbox 1728 4186 3085 4260; baseline -0.002 -14"><span class='ocrx_word' id='word_1_653' title='bbox 1728 4190 1981 4246; x_wconf 88' lang='lat' dir='ltr'>carentia</span> <span class='ocrx_word' id='word_1_654' title='bbox 2032 4205 2148 4245; x_wconf 92' lang='lat' dir='ltr'>non</span> <span class='ocrx_word' id='word_1_655' title='bbox 2192 4195 2338 4245; x_wconf 86' lang='lat' dir='ltr'>esset</span> <span class='ocrx_word' id='word_1_656' title='bbox 2384 4189 2659 4243; x_wconf 88' lang='lat' dir='ltr'>meritum</span> <span class='ocrx_word' id='word_1_657' title='bbox 2705 4188 2938 4260; x_wconf 82' lang='lat' dir='ltr'>gratiae;</span> <span class='ocrx_word' id='word_1_658' title='bbox 2988 4186 3085 4244; x_wconf 90' lang='lat' dir='ltr'>sed</span> 
     </span>
     <span class='ocr_line' id='line_1_104' title="bbox 1729 4265 3086 4341; baseline -0.001 -16"><span class='ocrx_word' id='word_1_659' title='bbox 1729 4275 1954 4325; x_wconf 88' lang='lat' dir='ltr'>tantum</span> <span class='ocrx_word' id='word_1_660' title='bbox 1976 4267 2243 4335; x_wconf 88' lang='lat' dir='ltr'>conditio,</span> <span class='ocrx_word' id='word_1_661' title='bbox 2279 4273 2339 4324; x_wconf 91' lang='lat' dir='ltr'>ut</span> <span class='ocrx_word' id='word_1_662' title='bbox 2364 4268 2551 4341; x_wconf 89' lang='lat' dir='ltr'>gratia</span> <span class='ocrx_word' id='word_1_663' title='bbox 2583 4265 3086 4323; x_wconf 87' lang='lat' dir='ltr'>transfunderetur</span> 
     </span>
     <span class='ocr_line' id='line_1_105' title="bbox 1728 4347 3083 4423; baseline -0.001 -17"><span class='ocrx_word' id='word_1_664' title='bbox 1728 4349 1799 4406; x_wconf 81' lang='lat' dir='ltr'>ad</span> <span class='ocrx_word' id='word_1_665' title='bbox 1858 4351 2018 4407; x_wconf 80' lang='lat' dir='ltr'>alios.</span> <span class='ocrx_word' id='word_1_666' title='bbox 2064 4352 2234 4423; x_wconf 86' lang='lat' dir='ltr'>Cujus</span> <span class='ocrx_word' id='word_1_667' title='bbox 2291 4348 2666 4404; x_wconf 83' lang='lat' dir='ltr'>manifestum</span> <span class='ocrx_word' id='word_1_668' title='bbox 2707 4347 2939 4420; x_wconf 87' lang='lat' dir='ltr'>signum</span> <span class='ocrx_word' id='word_1_669' title='bbox 2975 4354 3083 4416; x_wconf 88' lang='lat' dir='ltr'>est,</span> 
     </span>
     <span class='ocr_line' id='line_1_106' title="bbox 1725 4429 3087 4505; baseline -0.002 -18"><span class='ocrx_word' id='word_1_670' title='bbox 1725 4432 1999 4505; x_wconf 89' lang='lat' dir='ltr'>quoniam</span> <span class='ocrx_word' id='word_1_671' title='bbox 2024 4429 2093 4487; x_wconf 89' lang='lat' dir='ltr'>ad</span> <span class='ocrx_word' id='word_1_672' title='bbox 2121 4429 2418 4486; x_wconf 78' lang='lat' dir='ltr'>vitandum</span> <span class='ocrx_word' id='word_1_673' title='bbox 2444 4434 2729 4503; x_wconf 85' lang='lat' dir='ltr'>peccatum</span> <span class='ocrx_word' id='word_1_674' title='bbox 2758 4442 2872 4482; x_wconf 89' lang='lat' dir='ltr'>non</span> <span class='ocrx_word' id='word_1_675' title='bbox 2899 4431 3087 4501; x_wconf 90' lang='lat' dir='ltr'>requi-</span> 
     </span>
     <span class='ocr_line' id='line_1_107' title="bbox 1728 4509 3084 4583; baseline -0.004 -12"><span class='ocrx_word' id='word_1_676' title='bbox 1728 4514 1960 4571; x_wconf 91' lang='lat' dir='ltr'>rebatur</span> <span class='ocrx_word' id='word_1_677' title='bbox 2008 4519 2162 4569; x_wconf 90' lang='lat' dir='ltr'>actus</span> <span class='ocrx_word' id='word_1_678' title='bbox 2207 4513 2439 4569; x_wconf 86' lang='lat' dir='ltr'>virtutis</span> <span class='ocrx_word' id='word_1_679' title='bbox 2468 4510 2765 4583; x_wconf 83' lang='lat' dir='ltr'>positivus,</span> <span class='ocrx_word' id='word_1_680' title='bbox 2797 4509 2896 4565; x_wconf 91' lang='lat' dir='ltr'>sed</span> <span class='ocrx_word' id='word_1_681' title='bbox 2923 4510 3084 4566; x_wconf 84' lang='lat' dir='ltr'>suffi-</span> 
     </span>
     <span class='ocr_line' id='line_1_108' title="bbox 1725 4592 3084 4666; baseline -0.003 -13"><span class='ocrx_word' id='word_1_682' title='bbox 1725 4603 1878 4654; x_wconf 90' lang='lat' dir='ltr'>ceret</span> <span class='ocrx_word' id='word_1_683' title='bbox 1921 4596 2172 4652; x_wconf 89' lang='lat' dir='ltr'>carentia</span> <span class='ocrx_word' id='word_1_684' title='bbox 2212 4600 2366 4650; x_wconf 89' lang='lat' dir='ltr'>actus</span> <span class='ocrx_word' id='word_1_685' title='bbox 2395 4592 2707 4666; x_wconf 89' lang='lat' dir='ltr'>prohibiti;</span> <span class='ocrx_word' id='word_1_686' title='bbox 2742 4601 3084 4666; x_wconf 80' lang='lat' dir='ltr'>praeceptum</span> 
     </span>
     <span class='ocr_line' id='line_1_109' title="bbox 1725 4674 3085 4751; baseline -0.003 -14"><span class='ocrx_word' id='word_1_687' title='bbox 1725 4681 1883 4737; x_wconf 91' lang='lat' dir='ltr'>enim</span> <span class='ocrx_word' id='word_1_688' title='bbox 1913 4677 2133 4735; x_wconf 82' lang='lat' dir='ltr'>Adamo</span> <span class='ocrx_word' id='word_1_689' title='bbox 2174 4694 2277 4751; x_wconf 91' lang='lat' dir='ltr'>pro</span> <span class='ocrx_word' id='word_1_690' title='bbox 2324 4678 2428 4733; x_wconf 88' lang='lat' dir='ltr'>hac</span> <span class='ocrx_word' id='word_1_691' title='bbox 2474 4691 2536 4731; x_wconf 91' lang='lat' dir='ltr'>re</span> <span class='ocrx_word' id='word_1_692' title='bbox 2581 4674 2917 4747; x_wconf 88' lang='lat' dir='ltr'>impositum</span> <span class='ocrx_word' id='word_1_693' title='bbox 2966 4693 3085 4733; x_wconf 90' lang='lat' dir='ltr'>non</span> 
     </span>
     <span class='ocr_line' id='line_1_110' title="bbox 1725 4757 3086 4834; baseline -0.003 -15"><span class='ocrx_word' id='word_1_694' title='bbox 1725 4764 1837 4820; x_wconf 84' lang='lat' dir='ltr'>fuit</span> <span class='ocrx_word' id='word_1_695' title='bbox 1858 4761 2186 4834; x_wconf 87' lang='lat' dir='ltr'>positivum,</span> <span class='ocrx_word' id='word_1_696' title='bbox 2214 4760 2312 4818; x_wconf 91' lang='lat' dir='ltr'>sed</span> <span class='ocrx_word' id='word_1_697' title='bbox 2336 4760 2685 4834; x_wconf 80' lang='lat' dir='ltr'>negativum,</span> <span class='ocrx_word' id='word_1_698' title='bbox 2712 4763 2766 4813; x_wconf 92' lang='lat' dir='ltr'>et</span> <span class='ocrx_word' id='word_1_699' title='bbox 2786 4757 2936 4829; x_wconf 92' lang='lat' dir='ltr'>quod</span> <span class='ocrx_word' id='word_1_700' title='bbox 2962 4760 3086 4815; x_wconf 88' lang='lat' dir='ltr'>sola</span> 
     </span>
     <span class='ocr_line' id='line_1_111' title="bbox 1725 4841 3087 4914; baseline -0.007 -11"><span class='ocrx_word' id='word_1_701' title='bbox 1725 4844 1981 4903; x_wconf 89' lang='lat' dir='ltr'>carentia</span> <span class='ocrx_word' id='word_1_702' title='bbox 2009 4844 2091 4900; x_wconf 90' lang='lat' dir='ltr'>rei</span> <span class='ocrx_word' id='word_1_703' title='bbox 2121 4845 2309 4900; x_wconf 81' lang='lat' dir='ltr'>vetitae</span> <span class='ocrx_word' id='word_1_704' title='bbox 2336 4842 2654 4914; x_wconf 86' lang='lat' dir='ltr'>adimplere</span> <span class='ocrx_word' id='word_1_705' title='bbox 2683 4841 2887 4896; x_wconf 85' lang='lat' dir='ltr'>valuit.</span> <span class='ocrx_word' id='word_1_706' title='bbox 2915 4842 3087 4896; x_wconf 91' lang='lat' dir='ltr'>Cons-</span> 
     </span>
     <span class='ocr_line' id='line_1_112' title="bbox 1726 4919 3087 4995; baseline -0.005 -14"><span class='ocrx_word' id='word_1_707' title='bbox 1726 4930 1806 4982; x_wconf 88' lang='lat' dir='ltr'>tat</span> <span class='ocrx_word' id='word_1_708' title='bbox 1852 4929 2063 4988; x_wconf 86' lang='lat' dir='ltr'>autem‚</span> <span class='ocrx_word' id='word_1_709' title='bbox 2114 4922 2264 4995; x_wconf 91' lang='lat' dir='ltr'>quod</span> <span class='ocrx_word' id='word_1_710' title='bbox 2309 4922 2379 4979; x_wconf 85' lang='lat' dir='ltr'>ad</span> <span class='ocrx_word' id='word_1_711' title='bbox 2422 4922 2697 4978; x_wconf 89' lang='lat' dir='ltr'>meritum</span> <span class='ocrx_word' id='word_1_712' title='bbox 2736 4937 2853 4977; x_wconf 91' lang='lat' dir='ltr'>non</span> <span class='ocrx_word' id='word_1_713' title='bbox 2881 4919 3087 4975; x_wconf 86' lang='lat' dir='ltr'>sufficit</span> 
     </span>
    </p>
   </div>
   <div class='ocr_carea' id='block_1_8' title="bbox 1730 5000 3084 5137">
    <p class='ocr_par' dir='ltr' id='par_1_17' title="bbox 1730 5000 3084 5137">
     <span class='ocr_line' id='line_1_113' title="bbox 1730 5000 3084 5075; baseline -0.008 -10"><span class='ocrx_word' id='word_1_714' title='bbox 1730 5006 1964 5065; x_wconf 88' lang='lat' dir='ltr'>omissio</span> <span class='ocrx_word' id='word_1_715' title='bbox 2000 5012 2154 5062; x_wconf 87' lang='lat' dir='ltr'>actus</span> <span class='ocrx_word' id='word_1_716' title='bbox 2180 5004 2342 5071; x_wconf 91' lang='lat' dir='ltr'>mali,</span> <span class='ocrx_word' id='word_1_717' title='bbox 2372 5002 2471 5059; x_wconf 87' lang='lat' dir='ltr'>sed</span> <span class='ocrx_word' id='word_1_718' title='bbox 2504 5002 2818 5075; x_wconf 90' lang='lat' dir='ltr'>requiritur</span> <span class='ocrx_word' id='word_1_719' title='bbox 2860 5000 3084 5055; x_wconf 87' lang='lat' dir='ltr'>exerci-</span> 
     </span>
     <span class='ocr_line' id='line_1_114' title="bbox 2863 5082 2936 5137; baseline 0.014 -1"><span class='ocrx_word' id='word_1_720' title='bbox 2863 5082 2936 5137; x_wconf 74' lang='lat'>52</span> 
     </span>
    </p>
   </div>
  </div>
 </body>
</html>
