3647 5753
1316 435 1491 490 mse
1537 435 1656 502 vn,
1702 437 1865 493 DUB.
1911 438 2007 493 111.
2977 433 3051 489 83

167 616 454 665 eventus
503 609 705 675 futuri;
733 615 788 665 et
813 614 1000 665 stante
1026 606 1351 682 hujusmodi
1382 623 1562 679 praes-

163 693 435 761 cientia,
480 692 788 749 infallibile
826 699 929 758 est,
961 691 1109 763 quod
1154 691 1339 766 gratia
1380 690 1564 763 pariet

163 772 488 829 effectum.
527 771 719 837 Tertio,
763 777 910 828 recte
935 770 1257 828 declaratur
1284 769 1564 826 differen-

166 854 256 909 tia
284 853 460 910 inter
481 854 761 910 auxilium
784 853 997 917 efficax,
1024 857 1079 908 et
1091 850 1402 917 sufficiens;
1428 867 1562 923 quo·

168 933 353 989 niam
410 935 544 991 licet
591 941 894 1005 utrumque
927 934 1003 989 sit
1038 932 1192 989 idem
1236 931 1555 998 entitative,

167 1013 590 1068 nihilominus
616 1013 809 1070 efficax
834 1014 1197 1085 consequitur
1224 1012 1557 1068 conversio-

164 1108 342 1157 nem,
401 1094 541 1166 quia
587 1094 877 1151 confertur
923 1109 990 1149 eo
1036 1101 1310 1165 tempore,
1347 1090 1411 1147 in
1450 1108 1561 1162 quo

164 1174 550 1249 praevidetur
572 1191 603 1230 a
628 1176 742 1231 Deo
764 1173 1059 1231 hominem
1087 1189 1503 1230 consensurum
1545 1195 1558 1229 :

161 1253 483 1310 sufficiens
512 1271 670 1320 ver0,
719 1253 984 1326 quamvis
1029 1255 1300 1326 importet
1326 1253 1558 1311 easdem

165 1335 363 1400 vireS,
412 1335 850 1391 conversionem
897 1350 1014 1390 non
1042 1335 1380 1406 assequitur,
1425 1334 1561 1407 quia

165 1414 356 1471 datur
378 1422 740 1487 eotempore,
769 1415 955 1487 inquo
975 1416 1289 1487 praevisum
1305 1421 1390 1472 est
1411 1414 1560 1487 quod

165 1510 298 1551 non
321 1496 608 1553 sortietur
633 1495 918 1552 effectum.

250 1576 485 1648 Quarto
531 1577 745 1649 optime
770 1577 1097 1648 exponitur,
1128 1576 1413 1648 quomodo
1459 1577 1556 1648 qui

164 1665 335 1713 caret
382 1658 607 1714 auxilio
634 1659 858 1723 efficaci,
903 1662 1078 1732 possit
1123 1661 1380 1718 absolute
1428 1679 1557 1718 cum

167 1740 411 1797 auxilio
456 1740 756 1796 sufficienti
803 1742 915 1798 sibi
960 1743 1381 1799 communicato
1420 1760 1559 1800 con-

165 1824 363 1889 νει-ἰὴ
411 1824 549 1895 quia
577 1825 859 1880 auxilium
900 1826 1093 1882 efficax
1137 1842 1252 1883 non
1293 1825 1486 1881 differt
1526 1842 1559 1881 a

167 1903 497 1959 sufficienti
523 1905 584 1958 in
612 1906 805 1978 aliqua
848 1906 1191 1976 perfectione
1218 1905 1555 1973 intrinseca,

171 2000 282 2039 nec
311 1982 485 2039 addit
533 1985 852 2042 realitatem
893 1988 1144 2058 anquam
1174 2003 1345 2059 supra
1387 1985 1552 2050 illud,

169 2062 273 2118 sed
302 2064 507 2119 solum
538 2072 907 2121 connotatum
939 2067 1308 2139 praescientiae
1350 2067 1551 2127 futuri.

172 2139 268 2192 vel
300 2154 432 2193 non
457 2137 636 2193 futuri
659 2145 916 2206 eventuS,
941 2158 1067 2213 quae
1091 2142 1240 2197 nihil
1262 2140 1438 2208 addit,
1466 2141 1557 2197 vel

167 2218 472 2275 diminuit
493 2219 562 2276 de
591 2226 876 2293 potestate.
906 2223 965 2278 ld
999 2239 1133 2281 vero
1157 2239 1271 2280 non
1299 2224 1558 2279 salvatur

173 2300 238 2354 in
267 2300 571 2356 sententia
598 2302 966 2368 Thomistica,
997 2320 1123 2375 quae
1157 2303 1360 2359 asserit
1388 2303 1558 2358 auxi-

175 2381 332 2435 lium
357 2380 562 2436 efficax
583 2381 818 2439 differre
840 2401 870 2440 a
891 2383 1212 2451 sufficienti,
1232 2391 1288 2440 et
1308 2399 1428 2440 esse
1453 2398 1557 2438 ne-

171 2454 509 2516 cessarium
563 2461 632 2517 ad
685 2464 1061 2535 operandum.
1120 2464 1343 2537 Quinto,
1394 2464 1558 2537 juxta

176 2541 331 2595 hanc
361 2541 706 2613 opinionem
733 2549 878 2600 recte
898 2546 1143 2600 solvitur
1166 2545 1268 2600 illa
1294 2545 1549 2617 quaestio,

171 2636 361 2691 quare
382 2621 626 2692 quidam
653 2631 1077 2690 convertantur,
1104 2631 1160 2682 et
1178 2624 1414 2698 quidam
1439 2640 1555 2680 non

172 2704 638 2757 convertantur?
683 2703 1078 2776 Respondetur
1123 2707 1303 2770 euim,
1353 2720 1555 2762 omnes

174 2779 400 2837 habere
421 2784 673 2855 gratiam
694 2784 1086 2852 sufficientem,
1107 2787 1202 2842 cui
1227 2785 1331 2841 alii
1351 2800 1554 2857 coope-

179 2869 417 2929 rantur,
453 2864 588 2919 aliis
613 2881 678 2921 ea
720 2882 836 2922 non
868 2867 1157 2924 utentibus
1190 2889 1202 2923 :
1232 2868 1333 2940 qui
1359 2873 1552 2923 tamen

178 2959 318 2998 usus
359 2941 543 3000 etia'm
591 2950 675 3001 est
712 2962 744 3001 a
770 2948 983 3020 gratia;
1016 2965 1149 3004 nam
1183 2949 1447 3021 provenit
1483 2949 1552 3004 ab

179 3022 426 3078 homine
443 3024 665 3081 elevato
687 3041 787 3097 per
807 3028 1052 3098 gratiam
1081 3028 1472 3094 sufficientem,
1499 3033 1554 3085 et

177 3104 431 3161 excitato
462 3121 562 3176 per
590 3107 872 3162 motivum
901 3109 1180 3164 moralem
1222 3113 1430 3166 sanctae
1456 3125 1552 3166 co-

173 3186 503 3257 gitationis,
529 3189 586 3241 et
606 3186 938 3244 affectionis.
965 3189 1126 3243 Seaeto
1141 3189 1314 3244 etiam
1337 3190 1553 3262 optime

181 3266 503 3322 resolvitur
525 3267 628 3322 illa
645 3269 898 3339 quaestio,
927 3284 1000 3324 an
1022 3284 1092 3324 ex
1113 3268 1333 3326 duobus
1356 3270 1549 3326 homi-

179 3347 354 3403 nibus
377 3348 727 3404 habentibus
745 3350 986 3406 eandem
1008 3350 1276 3424 gratiam,
1303 3351 1425 3408 sive
1447 3369 1551 3409 vo-

174 3430 338 3495 catiS,
383 3436 447 3485 et
491 3428 698 3502 adJutis
745 3445 846 3502 per
867 3421 1088 3486 'eadem
1136 3431 1373 3496 auxilia,
1423 3430 1548 3489 fieri

181 3512 378 3581 possit,
428 3516 493 3566 ut
539 3528 686 3567 unus
712 3517 1095 3578 convertatur,
1128 3517 1183 3569 et
1209 3513 1354 3569 alter
1384 3530 1500 3572 non
1524 3517 1551 3571 P

184 3593 477 3655 Quoniam
517 3592 567 3647 si
594 3609 785 3649 sermo
813 3591 911 3647 fiat
935 3592 1006 3648 de
1033 3592 1330 3650 identitate
1365 3599 1550 3652 mate-

188 3674 321 3729 riali
368 3674 594 3746 gratiae,
627 3674 717 3729 vel
747 3674 1123 3738 auxiliorum,
1159 3672 1286 3730 fieri
1335 3675 1549 3747 optime

185 3754 356 3818 valet,
403 3759 466 3808 ut
508 3770 655 3808 unus
681 3753 951 3810 assentiat
979 3753 1351 3810 dissentiente
1390 3755 1544 3823 alio;

183 3833 472 3907 siquidem
495 3835 778 3891 auxilium
807 3831 1108 3899 sussiciens,
1134 3841 1190 3891 et
1209 3834 1403 3892 efficax
1432 3853 1547 3894 non

187 3914 467 3974 differunt
487 3916 804 3972 entitative.
830 3915 890 3971 Id
916 3933 1048 3972 vero
1071 3917 1318 3974 minime
1337 3918 1549 3975 accidet

189 3997 474 4070 loquendo
495 3998 565 4054 de
585 3997 901 4065 identitate,
927 4006 982 4055 et
1007 4000 1328 4071 aequalitate
1347 4002 1547 4075 gratiae

189 4080 250 4135 in
275 4096 400 4136 esse
440 4078 744 4145 beneficii;
794 4095 930 4135 nam
972 4080 1104 4136 licet
1129 4083 1276 4137 Deus
1320 4082 1548 4155 utrique

187 4162 444 4219 conferat
473 4161 625 4218 idem
654 4161 960 4228 auxilium,
992 4162 1379 4219 nihilominus
1419 4181 1547 4221 ma-

185 4241 275 4314 jus
309 4241 654 4299 beneficium
697 4247 921 4314 praestat
962 4242 1016 4298 ei
1042 4243 1140 4314 qui
1167 4245 1542 4312 convertitur;

192 4339 325 4379 nam
347 4324 572 4381 confert
598 4324 707 4395 ipsi
736 4324 1018 4379 auxilium
1049 4324 1112 4381 in
1138 4341 1205 4382 ea
1232 4326 1540 4395 occasione,

194 4403 252 4458 in
276 4420 391 4476 qua
437 4403 703 4476 praevidit
740 4418 1151 4459 consensurum
1177 4420 1315 4462 esse.
1349 4408 1417 4460 Et
1446 4423 1557 4479 per,

192 4484 336 4540 hanc
358 4484 809 4556 inaequalitatem
832 4485 1182 4540 auxiliorum
1206 4485 1267 4540 in
1282 4500 1404 4542 esse
1421 4502 1546 4560 gra-

193 4566 300 4632 tiae,
343 4572 401 4624 et
447 4564 732 4631 beneficii,
785 4567 1151 4638 praecluditur
1196 4567 1344 4640 quod
1375 4585 1546 4628 ,unus

195 4647 362 4717 possit
382 4645 659 4703 adversus
680 4648 860 4707 alium
885 4647 1099 4704 inflari.
1121 4649 1371 4722 Denique
1394 4651 1544 4707 nihil

197 4726 309 4783 fere
327 4726 561 4783 difficile
577 4729 823 4783 occurrit
842 4729 988 4784 circa
1003 4727 1305 4785 efficaciam
1321 4730 1540 4804 gratiae,

195 4809 494 4865 scientiam
550 4809 670 4874 Dei,
718 4808 1299 4881 praedestinationem,
1330 4816 1388 4868 et
1430 4812 1545 4869 alia

203 4886 356 4945 Fidei
383 4888 686 4962 mysteria,
712 4905 839 4961 quae
858 4890 1019 4962 juxta
1046 4890 1331 4963 principia
1356 4891 1544 4950 scien-

197 4969 287 5026 tiae
307 4969 515 5027 mediae
545 4971 801 5027 suaviter
823 4987 941 5028 non
966 4970 1347 5029 declarentur.

265 5048 676 5118 confirmatur,
720 5050 991 5122 quoniam
1033 5051 1296 5124 praedicto
1323 5052 1538 5125 opiniO,

1694 634 1818 690 quae
1846 618 2049 674 asserit
2068 618 2313 693 gratiam
2337 632 2451 673 non
2472 630 2596 673 esse
2614 614 2911 677 efficacem,
2935 608 3046 665 nisi
3087 626 3259 685 confir--

1693 699 2084 772 dependenter
2129 716 2163 756 a
2200 698 2438 756 scientia
2479 696 2691 761 media,
2736 709 2836 767 per
2874 705 3047 763 quam
3093 681 3235 720 “¹²¹¹0·

1693 795 2001 837 consensus
2026 778 2367 851 praevidetur
2388 776 2771 834 conditionate
2795 773 3042 835 futurus,

1692 869 1778 920 est
1805 863 2137 936 probabilis,
2178 868 2238 918 ut
2261 861 2398 918 satis
2427 863 2645 917 constat
2683 874 2755 914 ex
2780 871 2866 923 eo,
2896 850 3046 926 quod

1692 960 1821 999 cum
1870 942 2232 1013 Dominicani
2287 941 2450 997 illam
2510 937 2659 1011 apud
2718 940 3048 992 Romanum

1694 1024 2029 1081 Pontificem
2083 1022 2492 1087 accusaverint,
2543 1020 2755 1076 Paulus
2800 1018 2867 1082 V,
2926 1017 3050 1087 post
3133 1042 3138 1048 ·

1693 1107 1926 1180 longam
1947 1104 2376 1170 discussionem,
2406 1109 2467 1158 ut
2492 1099 2897 1158 defenderetur
2925 1111 3048 1168 per·

1693 1188 1853 1243 misit
1875 1208 1888 1243 :
1913 1184 2147 1243 aliunde
2168 1200 2304 1242 vero
2326 1183 2553 1239 facilius
2572 1179 2807 1252 exponit
2822 1190 3050 1234 concor-

1691 1266 1850 1324 diam
1890 1267 2088 1342 gratiae
2127 1264 2363 1323 efficacis
2398 1279 2528 1319 cum
2560 1260 2842 1321 libertate,
2873 1271 3046 1328 quam

1690 1349 1975 1404 sententia
1996 1362 2254 1403 asserens
2273 1344 2516 1419 gratiam
2539 1357 2659 1398 esse
2678 1339 2956 1397 efficacem
2978 1352 3049 1391 ex

1690 1444 1766 1495 se,
1795 1434 1853 1485 et
1877 1442 2213 1485 consensum
2243 1440 2345 1481 suo
2375 1421 2624 1495 pondere
2651 1416 3048 1475 infallibiliter

1692 1509 1912 1566 inferre
1957 1530 1970 1564 ε
2017 1524 2152 1581 ergo
2191 1504 2613 1563 concedendum
2651 1507 2753 1568 est,
2798 1498 3046 1573 gratiam

1689 1606 1829 1655 esse,
1857 1594 1912 1646 et
1936 1587 2048 1645 dici
2075 1588 2355 1645 efficacem
2383 1583 2770 1657 dependenter
2798 1596 2830 1636 a
2855 1578 3046 1635 scien—

1692 1671 1770 1726 tia
1794 1669 2004 1726 media.

1764 1749 1851 1805 Ad
1892 1753 2296 1823 argumentum
2340 1744 2730 1818 respondetur,
2782 1741 2905 1815 ejus
2952 1755 3045 1795 as-
3062 1738 3249 1829 Rgffl’g·

1690 1837 1985 1902 sumptum
2006 1844 2127 1886 esse
2149 1827 2448 1901 proprium
2467 1824 3047 1892 fundamentum,quo
3113 1846 3233 1888 argu.

1689 1913 1911 1968 Molina
1931 1909 2182 1967 excludit
2207 1908 2510 1965 efficaciam
2526 1901 3041 1977 ‘Augustinianam
3060 1891 3258 1979 ffiffiffj·

1689 1997 1745 2047 et
1771 1991 1946 2047 aliam
1971 2007 2003 2046 a
2023 2006 2082 2046 se
2101 1989 2476 2062 excogitatam
2498 1983 2861 2041 introducere
2881 1996 3046 2036 cona-

1690 2077 1778 2127 tus
1792 2075 1876 2126 est
1895 2095 1908 2137 ;
1931 2069 2067 2141 quia
2085 2069 2350 2125 videlicet
2372 2066 2536 2121 illam
2558 2058 3045 2134 comprehendere

1691 2167 1808 2208 non
1839 2152 2041 2224 potuit,
2086 2150 2231 2205 hanc
2258 2163 2396 2204 vero
2435 2144 2544 2200 sibi
2574 2144 2733 2199 visus
2764 2145 2848 2197 est
2877 2139 3045 2195 facile

1691 2232 2033 2305 intelligere,
2086 2235 2144 2285 ut
2190 2233 2405 2286 constat
2453 2242 2524 2283 ex
2576 2224 2697 2297 ejus
2743 2216 3045 2277 concordia

1692 2311 2144 2384 Ulissiponensi,
2197 2310 2297 2382 fol.
2345 2309 2489 2371 489,
2543 2304 2639 2360 ubi
2693 2303 2929 2374 loquens
2974 2298 3044 2354 de

1691 2393 1993 2465 principiis
2021 2407 2053 2447 a
2072 2406 2132 2447 se
2154 2389 2424 2452 inventiS,
2451 2387 2531 2443 ait
2557 2407 2569 2441 :
2606 2406 2632 2437 «
2657 2386 2791 2448 Quae
2812 2380 2860 2435 si
2884 2378 3037 2444 data,

1695 2494 1720 2525 «
1761 2473 2181 2545 explanataque
2220 2484 2446 2541 semper
2475 2466 2733 2527 fuissent,
2767 2461 2914 2516 forte
2940 2473 3044 2516 nec

1695 2574 1720 2605 α
1763 2552 2073 2625 pelagiana
2090 2550 2321 2607 haeresis
2338 2547 2535 2603 fuisset
2555 2548 2797 2601 exorta..
2809 2585 2821 2598 .
2843 2543 2955 2596 Nec
2972 2554 3043 2594 ex

1694 2657 1720 2687 (ι
1761 2632 2066 2708 Augustini
2095 2632 2386 2705 opinione,
2419 2621 3046 2694 concertationibusque

1694 2736 1719 2766 «
1761 2730 1893 2770 cum
1936 2712 2261 2786 pelagianis
2293 2715 2374 2767 tot
2402 2707 2621 2764 Fideles
2650 2705 2893 2761 fuissent
2918 2706 3043 2756 tur-

1693 2818 1718 2848 «
1762 2795 2014 2851 bati.»Et
2039 2795 2136 2868 fol.
2160 2795 2289 2857 491,
2310 2790 2501 2847 addit:
2532 2792 2755 2859 «Neque
2775 2800 2911 2841 vero
2933 2782 3044 2873 du-

1693 2899 1718 2929 «
1761 2875 1898 2940 bito,
1930 2876 2071 2948 quin
2093 2873 2164 2930 ab
2184 2872 2518 2948 Augustino,
2545 2875 2599 2926 et
2619 2866 2835 2925 caeteris
2859 2865 3041 2920 Patri-

1693 2979 1718 3011 «
1763 2957 1868 3013 bus
1896 2957 2162 3014 unanimi
2190 2970 2465 3012 consensu
2496 2950 2805 3025 approbata
2840 2946 3041 3002 fuisset

1693 3060 1718 3091 α
1760 3039 1878 3095 haec
1906 3044 2102 3095 nostra
2122 3036 2191 3093 de
2213 3033 2711 3109 praedestinatione
2732 3026 3034 3114 sententia,

1693 3141 1718 3171 «
1763 3119 2018 3190 ratioque
2056 3115 2398 3174 conciliandi
2429 3112 2752 3169 libertatem
2782 3106 3041 3195 arbitr-iis

1692 3221 1718 3251 «
1759 3215 1888 3255 cum
1917 3198 2117 3253 divina
2144 3198 2347 3270 gratia,
2378 3194 2426 3250 si
2454 3194 2537 3250 eis
2580 3189 2866 3265 proposita
2893 3187 3039 3241 fuis·

1691 3300 1716 3329 «
1758 3283 1859 3335 set.
1908 3299 1932 3329 n
1969 3279 2246 3333 Caeterum
2283 3276 2400 3333 haec
2439 3287 2720 3347 apparens
2759 3267 3033 3355 suavitas,

1683 3364 1740 3415 et
1781 3358 2044 3423 facilitas,
2086 3374 2259 3430 quam
2308 3353 2638 3412 Adversarii
2687 3351 2751 3406 in
2801 3360 3037 3421 propria

1684 3439 1959 3511 opinione
1980 3438 2232 3510 experiri
2251 3453 2311 3493 se
2331 3435 2588 3498 creduut,
2610 3429 3038 3489 validissimum

1684 3526 2090 3593 argumentum
2117 3517 2522 3574 subministrat
2561 3512 2632 3570 ad
2666 3528 2794 3568 eam
2834 3505 3038 3596 confu-
3131 3589 3140 3597 .

1684 3598 1939 3656 tundam.
1985 3603 2131 3654 Nam
2162 3604 2223 3654 ut
2263 3600 2326 3652 D.
2360 3593 2709 3669 Augustinus
2729 3589 2846 3662 (qui
2872 3601 3040 3659 prm-
3055 3588 3243 3684 ggspcmta

1681 3695 1829 3750 cepS,
1865 3676 2307 3735 reclamantibus
2341 3674 2637 3747 quibusvis
2680 3666 3033 3731 hominibuS,
3092 3652 3237 3734 8ζὴηὸ

1682 3759 1924 3816 habetur
1955 3760 2016 3814 in
2046 3759 2149 3814 hac
2176 3758 2437 3824 materia,
2470 3761 2526 3812 et
2552 3769 2663 3826 quo
2692 3748 3032 3811 inconsulto,
3069 3739 3229 3840 hgggg·

1684 3839 1835 3895 nihil
1873 3838 2024 3894 circa
2053 3838 2218 3893 illam
2248 3835 2563 3891 decernunt
2591 3829 2914 3899 Pontifices)
2941 3828 3032 3882 in·
3101 3848 3191 3931 siga-¹

1680 3920 1803 3992 quit
1843 3917 1994 3973 libro
2043 3919 2088 3982 l,
2134 3916 2204 3973 de
2243 3916 2433 3989 ‘gratia
2479 3912 2711 3980 Christi,
2753 3927 2876 3983 cap.
2914 3910 2986 3963 47
3021 3928 3033 3962 ε
3075 3896 3126 3939 ⁹⁰
3194 3919 3205 3930 ·

1686 4023 1711 4053 «
1755 4003 1865 4057 Ista
1891 4000 2147 4072 quaesti0,
2181 3997 2278 4054 ubi
2306 3996 2376 4053 de
2402 3994 2630 4052 arbitrii
2669 3991 2950 4058 libertate,
2982 3994 3037 4045 et
3050 4038 3102 4080 D·
3123 4038 3232 4090 Aug-

1686 4104 1712 4134 «
1757 4081 1855 4137 Dei
1883 4080 2071 4154 gratia
2096 4079 2439 4151 disputatur,
2465 4076 2545 4132 ita
2583 4080 2668 4131 est
2707 4072 2776 4129 ad
2818 4072 3036 4127 discer-

1687 4184 1712 4214 «
1755 4160 2012 4219 nendum
2040 4160 2308 4227 difficilis,
2341 4165 2403 4215 ut
2438 4156 2668 4231 quando
2705 4153 3032 4211 defenditur

1686 4266 1711 4296 (ι
1755 4242 2002 4298 liberum
2032 4241 2362 4306 arbitrium,
2397 4240 2593 4314 negari
2620 4236 2930 4310 Dei-gratia
2951 4234 3035 4290 vi-

1686 4347 1712 4377 «
1753 4324 1955 4381 deatur
1989 4346 2002 4380 :
2031 4323 2258 4397 quando
2281 4329 2471 4379 autem
2494 4321 2766 4378 asseritur
2789 4318 2887 4374 Dei
2910 4333 3036 4391 gra·

1686 4427 1711 4458 α
1757 4405 1853 4471 tia,
1883 4403 2130 4461 liberum
2146 4401 2455 4460 arbitrium
2480 4406 2707 4475 putetur
2734 4397 2975 4455 auferri.
3001 4417 3026 4448 ι)

1679 4489 1749 4541 Et
1770 4485 1874 4542 lib.
1891 4487 1946 4551 4,
1971 4493 2160 4540 contra
2182 4483 2480 4540 lulianum
2498 4483 2881 4552 Pelaqianum,
2909 4496 3030 4551 cap.

1678 4567 1712 4619 8
1746 4565 1916 4640 hujus
1948 4581 2064 4621 suae
2086 4564 2386 4621 sententias
2408 4562 2678 4620 meminit
2694 4561 2783 4616 his
2806 4559 3032 4616 verbis:

1685 4668 1710 4698 «
1752 4646 1974 4702 Asseris
2019 4661 2113 4702 me
2147 4646 2209 4700 in
2256 4645 2371 4701 alio
2418 4642 2568 4700 libro
2614 4658 2743 4699 meo
2793 4639 3028 4707 dixisse,

1685 4748 1710 4780 α
1753 4725 1952 4799 negari
1978 4724 2227 4781 liberum
2249 4724 2574 4791 arbitrium,
2601 4723 2652 4778 si
2677 4723 2864 4797 gratia
2883 4737 3035 4778 com·

1685 4831 1712 4863 α
1753 4807 2059 4865 mendetur
2086 4829 2099 4864 ε
2122 4813 2180 4865 et
2200 4800 2432 4874 iterum,
2459 4806 2657 4880 negari
2684 4805 2950 4880 gratiam,
2981 4804 3031 4860 si

1685 4912 1711 4943 ι(
1753 4887 2002 4944 liberum
2024 4886 2457 4946 commendetur
2472 4885 2801 4951 arbitrium,
2821 4887 3031 4942 calum-

1685 4992 1712 5022 α
1755 4968 1956 5025 niaris.
2007 4971 2134 5025 Non
2179 4968 2285 5026 hoc
2328 4983 2361 5024 a
2407 4982 2500 5024 me
2543 4964 2760 5024 dictum
2800 4971 2902 5032 est,
2934 4965 3033 5023 sed

1685 5072 1710 5102 «
1753 5053 1988 5121 propter
2032 5048 2211 5121 ipsius
2260 5046 2591 5121 quaestionis
2644 5046 3032 5105 difficultatem
