3647 5753
453 402 564 459 528
1157 448 1159 452 <
1299 404 1303 409 ’
1420 405 1514 460 DE
1551 404 2137 461 JUSTIFICATIONE
2179 407 2383 464 IMPII.

444 577 530 631 est
554 589 626 631 ex
649 589 728 641 se,
757 574 1168 633 satisfactorias
1194 592 1299 649 pro
1326 577 1457 643 illo,
1507 582 1564 634 et
1606 591 1809 634 conse-

444 659 688 725 quenter
713 655 994 713 sufficeret
1015 656 1086 712 ad
1131 657 1321 729 ipsum
1368 656 1803 724 destruendum,

443 733 494 789 si
516 740 821 805 peccatum,
858 743 919 793 ut
947 742 1103 810 putat
1129 739 1342 805 Scotus,
1377 740 1439 795 in
1484 740 1607 797 solo
1649 742 1808 795 reatu

444 811 517 870 ad
538 830 769 886 poenam
790 819 1125 877 consisteret
1156 841 1170 876 ε
1200 819 1589 877 nihilominus
1611 835 1808 893 pecca-

443 901 569 953 tum
598 898 826 957 veniale
851 901 1036 974 quoad
1062 903 1289 976 culpam
1334 908 1419 960 est
1445 903 1672 961 homini
1701 918 1809 960 vo-

443 980 785 1051 luntarium,
833 989 891 1040 et
923 984 994 1041 ab
1019 1001 1086 1043 eo
1132 986 1361 1058 praecise
1404 991 1803 1052 conservatur;

443 1061 597 1119 unde
618 1063 837 1121 auferri
872 1084 990 1125 non
1017 1069 1171 1126 valet
1198 1067 1408 1142 absque
1456 1070 1650 1143 aliqua
1700 1070 1807 1127 ho-

442 1145 622 1202 minis
648 1145 1029 1220 displicentia,
1054 1166 1152 1208 seu
1184 1153 1604 1211 retractatione.
1622 1154 1806 1217 Quam

440 1234 637 1285 tamen
663 1235 884 1287 certum
910 1239 993 1289 est
1020 1251 1139 1293 non
1167 1235 1472 1309 importari
1513 1237 1579 1293 in
1612 1234 1806 1309 quoli-

441 1310 536 1369 bet
558 1319 683 1369 actu
711 1312 968 1383 honesto,
1013 1317 1275 1392 alioquin
1316 1319 1498 1392 posito
1552 1318 1803 1375 minimo

442 1408 640 1450 amore
659 1393 971 1464 charitatis,
1010 1399 1109 1471 qui
1158 1399 1407 1472 profecto
1459 1400 1642 1474 magis
1689 1402 1804 1459 Deo

442 1473 655 1547 placet,
712 1490 885 1547 quam
937 1476 1249 1551 displicent·
1286 1481 1484 1538 omnia
1523 1481 1796 1548 venialia,

440 1560 641 1611 cuncta
678 1556 935 1614 venialia
962 1561 1348 1630 auferrentur,
1381 1564 1530 1636 quod
1560 1567 1645 1620 est
1670 1580 1803 1622 om-

440 1634 584 1691 nino
612 1635 844 1695 falsum.
1170 1651 1171 1654 ’

228 1722 414 1770 Tertium
513 1710 640 1766 324.
686 1713 964 1787 Arguitur
990 1717 1159 1774 tertio
1185 1738 1198 1774 ε
1227 1717 1361 1790 quia
1384 1718 1584 1775 minus
1614 1720 1803 1792 requi-

227 1784 592 1873 meffiffiyitur
642 1790 713 1847 ad
762 1792 1206 1854 destructionem
1262 1800 1471 1871 peccati
1525 1801 1793 1869 venialis,

438 1886 612 1943 quam
634 1870 704 1927 ad
739 1870 1182 1933 destructionem
1223 1878 1486 1935 mortalis
1515 1895 1687 1954 :ergo
1727 1879 1800 1936 ad

438 1951 666 2008 veniale
708 1950 1115 2012 destruendum
1146 1974 1262 2015 non
1292 1960 1609 2032 requiritur
1635 1959 1800 2016 dolor

437 2033 701 2090 formalis
753 2039 1135 2110 contritionis,
1163 2045 1261 2097 aut
1310 2041 1475 2100 dolor
1529 2041 1798 2098 virtualis

436 2112 736 2172 imbibitus
762 2117 826 2174 in
861 2118 1167 2178 dilectione
1209 2122 1524 2179 charitatis,
1557 2126 1798 2178 Antece-

431 2193 575 2252 dens
601 2196 829 2255 videtur
856 2200 1110 2269 evidens,
1160 2203 1299 2276 quia
1335 2203 1532 2259 minus
1573 2204 1793 2259 malum

430 2283 517 2334 est
536 2285 823 2352 peccatum
854 2285 1098 2350 veniale,
1131 2302 1303 2358 quam
1352 2288 1596 2344 mortale
1623 2310 1636 2344 :
1661 2302 1796 2361 ergo

431 2361 628 2416 minus
675 2366 996 2435 requiritur
1046 2367 1117 2424 ad
1161 2368 1572 2427 destruendum
1621 2368 1788 2436 illud,

429 2456 603 2513 quam
632 2443 810 2510 istud;
837 2449 1163 2507 minoribus
1190 2452 1398 2525 quippe
1426 2452 1793 2508 infirmitati-

431 2518 537 2576 bus
563 2524 792 2581 minora
815 2528 1068 2585 remedia
1088 2531 1396 2589 sufficiunt.
1425 2536 1793 2606 Consequen-

430 2600 513 2656 tia
539 2616 675 2658 vero
710 2605 1003 2676 probatur,
1041 2610 1176 2682 quia
1214 2613 1481 2670 contritio
1504 2614 1786 2684 formalis,

431 2687 529 2739 aut
554 2684 839 2754 virtualis,
867 2690 1072 2747 sufficit
1098 2693 1167 2749 ad
1217 2695 1631 2753 remittendum
1661 2713 1792 2771 pec-

429 2767 553 2820 cata
602 2769 899 2826 mortalia:
930 2787 1065 2845 ergo
1105 2774 1153 2828 si
1206 2774 1323 2831 haec
1360 2777 1677 2848 requiritur
1718 2779 1790 2836 ad

428 2844 831 2906 remissionem
872 2854 1193 2911 venialium
1227 2899 1240 2924 ,
1298 2873 1415 2914 non
1456 2859 1652 2916 minus
1695 2876 1790 2917 re-

423 2926 676 3000 quiritur
698 2929 767 2985 ad
797 2931 1027 3000 horum,
1075 2951 1248 3007 quam
1276 2938 1347 2994 ad
1389 2940 1628 2997 illorum
1658 2940 1790 2998 des-

423 3007 789 3068 tructionem.
819 3015 904 3071 Ex
947 3033 1058 3089 quo
1087 3018 1330 3075 ulterius
1368 3018 1484 3088 fiet,
1520 3039 1638 3079 non
1665 3038 1788 3081 esse

425 3089 748 3150 faciliorem
790 3098 1192 3156 remissionem
1246 3103 1454 3174 peccati
1512 3104 1781 3174 venialis,

422 3188 595 3245 quam
625 3178 887 3234 mortalis
906 3204 921 3247 ;
964 3181 1252 3254 siquidem
1280 3192 1591 3258 exposcunt
1631 3188 1786 3246 idem

426 3254 794 3315 remedium:
837 3261 986 3332 quod
1030 3279 1203 3334 quam
1257 3266 1468 3324 falsum
1513 3268 1607 3335 sit,
1663 3268 1787 3342 ipsa

420 3338 672 3410 gravitas
692 3342 902 3413 peccati
932 3347 1196 3403 mortalis
1216 3350 1354 3405 satis
1380 3350 1649 3407 ostendit.

204 3452 394 3501 mm.
495 3420 890 3492 Respondetur
917 3441 1046 3481 cum
1100 3430 1348 3498 Arauxo,
1401 3437 1456 3487 et
1507 3434 1779 3505 vasquez,

209 3497 378 3595 Aggio
420 3501 571 3572 quod
604 3502 652 3558 si
700 3505 1006 3578 loquamur
1052 3508 1123 3565 de
1164 3527 1336 3568 causa
1382 3513 1641 3581 formali,
1688 3520 1786 3573 aut

237 3582 392 3653 vasa?
420 3585 580 3654 quasi
609 3585 862 3656 formali,
897 3591 1201 3649 remissiva
1247 3598 1476 3666 peccati,
1507 3612 1624 3654 non
1666 3599 1784 3654 mi-

422 3681 549 3733 nus,
574 3666 674 3724 sed
701 3671 888 3741 potius
915 3673 1099 3747 magis
1134 3676 1451 3748 requiritur
1473 3677 1544 3734 ad
1574 3680 1783 3735 remis-

421 3745 645 3804 sionem
695 3752 983 3821 venialis,
1034 3772 1208 3828 quam
1256 3757 1327 3814 ad
1376 3762 1782 3819 remissionem

421 3831 707 3890 mortalis,
774 3836 921 3891 Nam
975 3844 1264 3909 peccatum
1317 3844 1562 3900 mortale
1614 3843 1784 3901 habet

422 3911 591 3982 plura
605 3917 913 3982 contraria,
935 3932 1142 3992 nempe
1166 3923 1436 3995 gratiam,
1478 3929 1533 3981 et
1560 3926 1783 3982 contri-

420 3992 637 4051 tionem
668 3996 857 4062 ;unde
885 4015 985 4071 per
1029 4016 1236 4059 eorum
1282 4004 1575 4077 quodlibet
1602 4012 1784 4080 potest

419 4076 662 4133 excludi.
692 4080 975 4138 Caeterum
1016 4090 1237 4156 peccato
1258 4088 1475 4144 veniali
1505 4105 1624 4147 non
1676 4106 1783 4162 op-

421 4158 657 4230 ponitur
674 4162 879 4234 gratia,
903 4163 1002 4221 sed
1025 4181 1155 4222 cum
1185 4167 1289 4225 illo
1313 4169 1558 4227 cohaeret
1588 4191 1601 4227 z
1627 4171 1782 4230 unde

419 4240 620 4313 nequit
641 4258 742 4314 per
768 4245 949 4301 solam
977 4247 1244 4319 gratiam,
1266 4254 1365 4306 aut
1388 4267 1488 4323 per
1512 4252 1665 4309 solos
1685 4270 1782 4310 ac-

418 4325 510 4377 tus
531 4327 592 4378 ut
609 4323 796 4398 gratia
814 4323 1172 4400 dignificatos
1191 4330 1437 4389 excludi.
1458 4334 1780 4407 opponitur

418 4409 609 4461 autem
637 4406 851 4464 veniali
892 4409 1088 4468 fervor
1131 4413 1459 4484 charitatis;
1510 4418 1779 4489 quocirca

417 4498 522 4556 per
542 4483 694 4541 hunc
707 4491 929 4544 tantum
954 4490 1242 4550 fervorem
1258 4496 1575 4553 exercitum
1598 4498 1690 4555 vel
1715 4498 1779 4555 in

418 4580 634 4633 amore,
667 4570 760 4625 vel
782 4570 844 4626 in
862 4574 1225 4644 contritione,
1253 4578 1405 4634 valet
1425 4580 1781 4651 expelli.Nec

415 4646 522 4705 hoc
542 4650 827 4722 reputabit
852 4668 976 4712 esse
1001 4652 1434 4726 inconveniens,
1466 4661 1563 4734 qui
1587 4661 1772 4719 consi-

414 4727 577 4787 deret
592 4732 875 4790 rationem
903 4736 1201 4810 utriusque
1220 4741 1459 4811 peccati;
1487 4757 1623 4800 nam
1647 4760 1779 4816 pec-

415 4816 605 4869 catum
645 4818 888 4874 mortale
937 4819 1248 4892 opponitur
1299 4822 1568 4881 amicitias
1593 4825 1778 4899 quoad

414 4890 815 4963 substantiam,
848 4903 911 4954 ut
944 4900 1026 4957 sic
1066 4899 1340 4970 dicamus,
1388 4911 1445 4961 et
1468 4905 1773 4979 'speciemz

414 4975 644 5036 veniale
671 4985 883 5048 autem,
924 4984 1086 5040 salva
1114 4985 1387 5044 amicitiae
1430 4985 1773 5057 substantia,

413 5056 603 5113 solum
629 5057 865 5117 divertit
890 5061 961 5119 ab
1006 5064 1129 5138 ejus
1170 5066 1415 5134 fervore,
1464 5073 1521 5125 et
1571 5070 1777 5129 leviter

1938 576 2177 636 offendit
2219 579 2491 637 amicum.
2543 580 2709 639 Unde
2760 581 2832 637 ad
2883 581 3312 641 excludendum

1941 663 2229 730 peccatum
2256 660 2501 717 mortale
2538 661 2726 717 solum
2753 662 3070 735 requiritur
3092 665 3305 721 amici-

1941 740 2021 796 tia
2039 738 2459 810 substantialia,
2484 747 2540 799 et
2567 743 2926 815 propositum
2970 760 3088 802 non
3114 745 3305 804 offen-

1938 819 2114 878 dendi
2142 825 2395 882 amicum
2435 822 2501 878 in
2545 823 2821 899 gravibus
2864 845 2878 880 ε
2934 824 3006 881 ad
3055 827 3311 885 venialis

1939 907 2131 961 autem
2181 904 2574 962 exclusionem
2627 904 2993 963 desideratur
3044 907 3303 965 amicitia

1940 982 2183 1052 fervida,
2210 990 2267 1042 et
2293 987 2650 1059 propositum
2673 1002 2792 1045 non
2813 985 3143 1044 offendendi
3166 988 3309 1045 ami-

1937 1082 2069 1123 cum
2080 1067 2265 1124 adhuc
2285 1069 2348 1123 in
2364 1069 2654 1137 minimis,
2679 1074 2737 1126 et
2759 1070 3308 1136 levissimis.Quam·

1939 1145 2138 1205 obrem
2167 1148 2354 1206 forma
2367 1148 2666 1206 destruens
2682 1150 2913 1207 veniale
2933 1151 3308 1224 perfectionis

1936 1243 2231 1287 excessum
2259 1229 2420 1286 addit
2462 1247 2637 1302 supra
2682 1231 2952 1299 formam,
2988 1249 3091 1306 per
3128 1248 3304 1306 quam

1938 1313 2183 1368 mortale
2208 1311 2551 1370 excluditur.
2584 1316 2652 1369 Et
2680 1314 2745 1370 in
2771 1313 2876 1370 hoc
2896 1329 3070 1371 sensu
3097 1330 3305 1373 verum

1935 1396 2039 1459 est,
2068 1394 2194 1466 plus
2217 1394 2437 1466 requiri
2465 1393 2536 1451 ad
2561 1393 3012 1453 destructionem
3032 1396 3298 1462 venialis,

1934 1491 2106 1547 quam
2162 1476 2454 1544 mortalis;
2509 1480 2677 1547 atque
2718 1475 2847 1533 ideo
2897 1478 3307 1535 remissionem

1934 1555 2183 1614 venialis
2228 1572 2350 1613 esse
2393 1554 2800 1614 difficiliorem.
2833 1557 3067 1615 Addunt
3110 1564 3305 1616 tamen

1936 1638 2101 1695 relati
2125 1639 2411 1706 authores,
2443 1639 2673 1695 facilius
2701 1640 2936 1698 aliunde
2985 1657 3127 1709 esse,
3154 1640 3305 1715 quod

1932 1713 2187 1776 venialia
2216 1721 2607 1788 remittantur,
2632 1737 2807 1793 quam
2832 1724 3105 1779 mortalia
3130 1744 3143 1778 ε
3173 1727 3299 1779 tum

1933 1803 2066 1876 quia
2082 1802 2153 1858 ad
2173 1802 2511 1859 mortalium
2538 1804 2942 1862 remissionem
2957 1805 3295 1879 requiritur,

1930 1884 2081 1956 quod
2109 1885 2388 1942 contritio
2414 1884 2674 1958 implicet
2719 1891 2907 1943 actum
2950 1886 3296 1945 sacramenti

1932 1966 2491 2041 poenitentiae;quod
2543 1972 2740 2025 tamen
2786 1985 2905 2027 non
2933 1968 3293 2026 desideratur

1931 2050 2003 2106 ad
2025 2052 2425 2109 remissionem
2471 2052 2815 2117 venialium,
2846 2069 2913 2110 eo
2938 2052 3091 2125 quod
3132 2068 3295 2109 mor-

1930 2132 2065 2190 talia
2088 2133 2330 2191 debeant
2344 2133 2544 2210 subjici
2569 2134 2935 2202 confessioni,
2955 2140 3010 2191 et
3034 2134 3296 2192 clavibus

1929 2214 2207 2280 Ecclesiae,
2250 2231 2406 2271 secus
2434 2231 2572 2272 vero
2597 2217 2873 2274 venialia.
2898 2218 3060 2287 ,Tum
3088 2217 3289 2284 etiam,

1928 2297 2060 2368 quia
2087 2301 2150 2350 ut
2174 2295 2334 2353 docet
2380 2299 2441 2353 D.
2469 2298 2673 2355 Thom.
2702 2299 2737 2353 3
2768 2302 2912 2371 part.
2966 2301 3161 2368 quaest.
3186 2299 3286 2364 87,
3325 2326 3499 2371 Dm„

1926 2384 2038 2435 art.
2071 2380 2089 2434 l
2129 2400 2142 2435 z
2176 2400 2199 2433 α
2242 2379 2503 2454 Exigitur
2525 2379 2596 2436 ad
2626 2381 3026 2437 remissionem
3073 2380 3285 2453 peccati

1931 2480 1957 2511 α
2002 2458 2264 2516 mortalis
2286 2459 2589 2531 perfectior
2611 2460 2969 2532 poenitentia,
2995 2464 3058 2515 ut
3070 2459 3292 2517 scilicet

1931 2562 1957 2593 α
2000 2541 2171 2598 homo
2198 2541 2494 2599 actualiter
2521 2547 2809 2614 peccatum
2858 2544 3104 2600 mortale
3129 2558 3292 2599 com-

1930 2642 1956 2673 «
1999 2621 2239 2676 missum
2263 2621 2589 2688 detestetur,
2623 2630 2904 2696 quantum
2933 2623 2999 2678 in
3026 2623 3150 2696 ipso
3177 2627 3290 2690 est,

1929 2722 1955 2753 α
1999 2705 2061 2756 ut
2078 2702 2290 2759 scilicet
2310 2700 2674 2777 diligentiam
2700 2702 2968 2761 adhibeat
2992 2702 3063 2759 ad
3103 2719 3298 2762 reme-

1928 2801 1954 2834 «
1998 2780 2348 2839 morandum
2377 2783 2609 2857 singula
2658 2789 2884 2857 peccata
2914 2784 3210 2851 mortalia,
3235 2789 3300 2840 ut

1928 2883 1955 2914 α
1995 2861 2223 2936 singula
2250 2861 2559 2920 detestetur
2584 2888 2596 2931 ;
2621 2864 2720 2922 sed
2761 2865 2865 2927 hoc
2887 2882 3005 2922 non
3029 2863 3289 2937 requiri-

1927 2963 1954 2995 «
1997 2948 2091 2999 tur
2116 2943 2187 3000 ad
2228 2944 2628 3002 remissionem
2656 2945 2980 3002 venialium
3028 2951 3284 3019 peccato-

1929 3044 1955 3075 α
1999 3039 2148 3080 rum.
2195 3044 2220 3075 n
2254 3025 2401 3080 Tum
2428 3023 2693 3099 denique,
2720 3026 2856 3099 quia
2877 3025 2949 3082 ad
2981 3027 3279 3084 remissio-

1921 3123 2056 3165 nem
2081 3107 2484 3181 cujuscumque
2524 3108 2733 3181 peccati
2774 3108 3040 3165 mortalis
3080 3109 3275 3182 requi-

1923 3189 2072 3245 ritur
2107 3188 2447 3262 poenitentia
2484 3187 2788 3246 includens
2839 3187 3100 3246 dolorem
3150 3190 3288 3246 uni?

1919 3272 2223 3340 versalem,
2267 3277 2323 3328 et
2363 3270 2718 3345 propositum
2770 3271 2968 3328 omnia
3015 3272 3290 3329 mortalia

1919 3351 2141 3408 vitandi
2167 3376 2181 3419 ;
2211 3350 2359 3425 quod
2387 3356 2582 3408 tamen
2625 3349 2697 3407 ad
2720 3350 3041 3408 venialium
3071 3352 3308 3409 remis-„

1916 3433 2141 3491 sionem
2206 3448 2325 3490 non
2376 3431 2738 3489 desideratur
2757 3473 2771 3498 ,
2829 3437 3009 3505 potest
3060 3432 3270 3505 quippe

1918 3531 2101 3572 unum
2149 3514 2367 3573 remitti
2389 3515 2519 3570 sine
2542 3514 2830 3587 proposito
2883 3513 3109 3570 vitandi
3140 3514 3276 3571 alia.

1990 3600 2119 3654 325.
2163 3596 2270 3653 Sed
2313 3596 2448 3669 quia
2493 3596 2580 3652 has
2617 3594 2962 3653 differentias
3009 3594 3493 3656 videnturnxmioe·

1915 3677 2307 3743 accidentales,
2338 3683 2394 3734 et
2422 3693 2538 3734 non
2569 3676 2798 3743 tollunt,
2826 3673 2977 3749 quod
3004 3678 3148 3749 plus,
3182 3677 3277 3732 vel
3312 3657 3482 3755 ‘ffiff

1917 3764 2141 3816 tantum
2164 3760 2492 3833 requiratur
2532 3756 2604 3815 ad
2634 3758 3036 3814 remissionem
3073 3756 3279 3814 verna-

1916 3841 2007 3907 lis,
2042 3858 2105 3898 ac
2132 3841 2202 3897 ad
2250 3840 2652 3898 remissionem
2680 3839 2962 3906 mortalis,
2992 3837 3141 3913 quod
3180 3838 3287 3895 ali·
3349 3852 3360 3861 ’

1913 3922 2119 3995 quibus
2140 3922 2354 3978 durum
2387 3927 2649 3996 apparet,
2682 3920 3009 3979 addendum
3049 3926 3151 3989 est,
3196 3935 3290 3978 ve-

1916 4004 2168 4061 nialium
2206 4003 2610 4062 remissionem
2629 4020 2792 4075 posse
2818 4001 3171 4060 considerari
3193 4001 3288 4059 vel

1914 4085 2227 4144 secundum
2274 4086 2359 4153 id,
2410 4084 2561 4157 quod
2615 4084 2852 4142 aliunde
2874 4082 3283 4157 praesupponit,

1915 4167 2010 4223 vel
2066 4167 2382 4224 secundum
2435 4165 2602 4235 illud,
2660 4165 2809 4239 quod
2838 4165 3184 4230 formaliter,
3235 4167 3293 4220 et

1916 4246 2141 4304 ratione
2189 4247 2281 4303 sui
2335 4248 2642 4319 importat.
2696 4248 2766 4301 Et
2808 4243 3045 4318 quidem
3092 4242 3283 4317 priori

1914 4329 2083 4388 modo
2102 4329 2241 4387 dicit
2273 4328 2522 4403 gratiam
2558 4325 3035 4393 sanctificantem,
3061 4325 3198 4398 quia
3221 4329 3287 4382 ut

1913 4427 2088 4486 supra
2112 4409 2386 4475 diximus,
2432 4409 2684 4467 venialis
2720 4407 2985 4466 remissio
3010 4405 3288 4480 supponit

1912 4491 2175 4549 mortalis
2201 4489 2622 4556 remissionem,
2646 4506 2774 4563 quas
2816 4503 2920 4562 per
2941 4487 3116 4544 talem
3144 4501 3285 4562 gra-

1911 4575 2053 4632 tiam
2095 4573 2177 4632 fit.
2223 4577 2503 4631 Caeterum
2533 4572 2838 4646 posteriori
2892 4569 3063 4628 modo
3086 4571 3277 4627 solum

1912 4656 2187 4729 importat
2227 4655 2513 4712 fervorem
2543 4654 2761 4728 gratiae,
2811 4669 2914 4710 seu
2938 4651 3191 4727 gratiam
3219 4667 3284 4709 se

1911 4741 2292 4813 explicantem
2315 4737 2379 4793 in
2406 4736 2598 4809 aliquo
2626 4742 2750 4794 actu
2779 4734 3168 4800 contritionis,
3186 4735 3283 4792 vel

1912 4822 2145 4881 amoris.
2167 4823 2235 4877 Et
2263 4811 2410 4877 ratio
2430 4822 2532 4885 est,
2559 4818 2836 4891 quoniam
2865 4822 3158 4892 peccatum
3182 4831 3281 4874 ve·

1912 4905 2067 4962 niale
2106 4920 2207 4977 per
2232 4918 2293 4960 se
2319 4918 2437 4959 non
2463 4899 2717 4959 excludit
2733 4902 2984 4976 gratiam
3017 4924 3032 4968 ς
3084 4898 3184 4957 sed
3205 4914 3279 4958 ea

1909 4986 2218 5063 supposita,
2247 4990 2305 5043 et
2331 4988 2684 5051 conservata,
2740 4983 2986 5058 impedit
3005 4984 3127 5057 ejus
3154 4982 3280 5040 fer-

1912 5083 2114 5127 vorem
2141 5090 2155 5126 2
2187 5065 2339 5125 unde
2368 5066 2612 5124 venialis
2641 5064 2908 5124 remissio
2936 5081 3039 5138 per
3065 5079 3127 5121 se
3154 5078 3277 5121 non

3021 5161 3266 5219 exposci
