3647 5753
420 363 534 419 452

1351 362 1445 416 DE
1482 361 2066 417 JUS'I'IF'ICATIONE
2108 363 2312 418 IMPII.

424 546 589 587 mum
614 536 791 606 potest
810 532 1046 589 tendere
1074 533 1137 588 in
1167 535 1365 600 Deum,
1397 539 1682 607 quatenus
1709 537 1795 590 est
1859 555 1870 602 ι
1929 536 2170 590 naturae.
2197 531 2356 598 Quod
2397 532 2468 588 ab
2504 532 2869 590 Adversariis
2894 534 3070 591 etiam
3093 533 3296 591 dicen-

427 611 564 667 sinis
611 612 866 685 praedicti
893 613 1151 681 ordinis;
1184 629 1300 670 non
1350 621 1541 670 autem
1592 619 1795 686 quate-

431 711 538 751 nus
582 700 665 752 est
703 697 942 753 ultimus
1005 696 1141 752 finis
1182 697 1244 753 in
1289 697 1451 754 omni
1487 696 1709 764 ordine,
1738 703 1795 767 et

429 777 706 832 terminat
733 792 991 834 amorem
1042 778 1566 851 supernaturalem.
1593 776 1700 833 Sed
1729 778 1793 834 in

429 856 634 916 ordine
662 858 731 915 ad
769 859 1098 931 praedictam
1127 859 1527 917 habitudinem
1557 860 1796 933 perinde

428 953 490 994 se
516 938 685 996 habet
725 946 933 998 natura
959 941 1217 998 hominis
1247 957 1349 1015 per
1374 941 1474 998 Dei
1524 946 1794 997 naturam

428 1036 547 1078 non
575 1023 814 1089 elevata,
860 1040 923 1080 ac
947 1023 996 1078 si
1038 1040 1159 1081 non
1185 1024 1457 1081 existeret
1502 1023 1565 1079 in
1593 1029 1715 1079 actu
1762 1039 1796 1079 a

427 1110 587 1177 parte
615 1105 717 1162 rei.
743 1106 855 1163 Nec
883 1106 1139 1178 proderit
1168 1122 1465 1163 recurrere
1493 1106 1561 1163 ad
1591 1112 1794 1179 poten-

426 1186 568 1242 tiam
591 1186 1038 1245 obedientialem
1066 1190 1363 1259 (latentem
1406 1189 1583 1246 aliam
1614 1188 1795 1262 repli-

428 1282 554 1323 cam
576 1269 896 1339 solvimus),
927 1270 1062 1340 quia
1090 1270 1217 1326 licet
1235 1270 1411 1327 homo
1439 1270 1643 1327 habeat
1669 1272 1793 1325 actu

430 1348 745 1421 potentiam
786 1347 1252 1414 obedientialem,
1293 1366 1396 1423 per
1438 1365 1567 1406 eam
1596 1354 1791 1406 tamen

431 1445 549 1486 non
575 1431 941 1488 constituitur
970 1439 1095 1490 actu
1133 1434 1195 1491 in
1218 1432 1423 1490 ordine
1450 1431 1671 1498 divino,
1697 1430 1795 1487 sed

432 1511 619 1569 solum
648 1511 817 1569 habet
864 1512 1246 1587 aptitudinem
1276 1513 1584 1588 passivam,
1618 1518 1679 1567 ut
1731 1512 1796 1569 in

438 1593 704 1664 praedicto
743 1595 947 1653 ordine
987 1597 1364 1653 constituatur
1401 1611 1501 1668 per
1548 1594 1796 1668 gratiam

243 1682 404 1725 nxrno.
436 1672 811 1730 habitualem.
846 1674 1121 1732 Videatur
1145 1678 1206 1733 D.
1234 1677 1437 1733 Thom.
1468 1674 1705 1751 quodlib.
1745 1676 1791 1739 l,

436 1752 714 1819 art.8,ubi
736 1755 796 1808 in
814 1772 953 1828 resp.
974 1757 1047 1810 ad
1074 1755 1513 1822 l,differentiam
1538 1755 1798 1826 proxime

439 1831 784 1905 assignatam
813 1836 949 1891 satis
976 1836 1254 1909 expressit
1280 1835 1372 1891 his
1395 1834 1587 1891 verbis
1613 1856 1625 1890 ε
1657 1854 1682 1886 α
1708 1834 1799 1889 Di-

446 1933 471 1965 «
501 1912 764 1979 cendum,
796 1917 944 1987 quod
990 1916 1234 1992 diligere
1273 1918 1452 1972 Deum
1506 1920 1671 1989 prout
1713 1919 1799 1972 est

442 2013 469 2045 «
503 1994 850 2066 principium
880 1999 1053 2055 totius
1078 2013 1218 2063 csse,
1246 1995 1317 2053 ad
1359 1998 1683 2054 naturalem
1706 1994 1799 2051 di·-

443 2073 804 2132 «lectionem
860 2079 1122 2151 pertinet.
1175 2076 1282 2134 Sed
1329 2077 1573 2152 diligere
1620 2080 1798 2133 Deum

446 2175 473 2208 α
503 2162 670 2228 prout
707 2165 791 2215 est
818 2159 1098 2234 obJ'ectum
1129 2157 1520 2225 beatitudinis,
1550 2162 1637 2215 est
1661 2174 1799 2231 gra-

444 2258 470 2288 «
501 2238 581 2294 tia
621 2237 963 2309 dilectionis,
1016 2244 1079 2299 in
1132 2258 1244 2315 qua
1270 2242 1544 2298 meritum
1579 2241 1799 2297 consis-

445 2318 592 2374 «tit.
650 2341 676 2371 »
727 2323 965 2380 Dilectio
1010 2328 1221 2387 autem,
1254 2323 1317 2378 in
1362 2339 1475 2396 qua
1525 2322 1799 2379 meritum

441 2402 717 2469 consistit,
774 2407 1045 2477 supponit
1113 2404 1361 2479 gratiam
1414 2404 1794 2470 habitualem,

441 2496 568 2552 quae
609 2487 791 2537 totum
837 2484 1193 2555 suppositum
1245 2483 1556 2558 dignificat,
1599 2488 1656 2539 et
1717 2488 1802 2540 est

445 2561 798 2635 principium
845 2564 1127 2631 merendi,
1181 2572 1242 2621 ut
1288 2573 1450 2623 tract.
1498 2583 1606 2642 seq.
1654 2566 1796 2638 disp.

445 2643 499 2707 3,
531 2642 656 2699 dub.
700 2647 745 2709 l,
775 2659 845 2701 ex
869 2645 1122 2716 professo
1147 2645 1423 2703 dicemus,

227 2740 417 2783 Diluitur
517 2722 651 2778 219.
680 2723 764 2778 Ad
793 2724 1101 2780 secundam
1125 2720 1803 2800 objectionem‘nega'mus

228 2790 731 2874 secunda.sequelam
767 2828 779 2862 :
833 2806 1106 2879 quoniam
1149 2807 1278 2865 licet
1318 2824 1482 2865 amor
1508 2805 1802 2864 charitatis

444 2888 760 2957 praecisive,
787 2895 843 2945 et
869 2889 1181 2946 secundum
1203 2891 1449 2964 speciem
1470 2887 1803 2946 considera-

443 2977 533 3027 tus
556 2970 744 3026 solum
791 2971 864 3025 sit
894 2972 1287 3027 connaturalis
1334 2976 1554 3027 naturae
1586 2968 1803 3026 divinae

443 3051 712 3107 increatae
742 3056 1015 3123 tanquam
1034 3051 1337 3124 principio,
1363 3056 1418 3108 et
1433 3047 1678 3106 subinde
1698 3047 1803 3106 de-

441 3133 600 3191 beret
648 3150 775 3190 eam
821 3150 1141 3208 supponere
1182 3139 1455 3208 tanquam
1504 3132 1801 3207 propriam

444 3213 723 3282 radicem;
755 3216 1142 3273 nihilominus
1164 3215 1317 3272 idem
1342 3229 1503 3274 amor
1528 3214 1804 3287 conjunc-

441 3300 531 3352 tus
572 3295 756 3351 modis
774 3295 1231 3363 limitationiS,et
1251 3296 1551 3353 vitalitatis
1577 3299 1797 3358 creatae,

439 3382 498 3434 et
538 3377 907 3450 participatus
952 3377 1397 3443 accidentaliter,
1439 3377 1577 3449 petit
1605 3390 1803 3448 proce-

441 3458 576 3516 dere
625 3475 742 3515 non
788 3459 1019 3532 quidem
1049 3476 1082 3515 a
1129 3463 1335 3515 natura
1375 3457 1575 3514 divina
1615 3457 1678 3511 in
1717 3470 1797 3521 se,

443 3554 545 3596 nec
569 3556 603 3596 a
630 3544 835 3595 natura
865 3539 1066 3595 divina
1096 3537 1550 3595 substantialiter
1578 3535 1802 3593 homini

444 3621 606 3688 unita
629 3645 644 3689 ;
674 3620 771 3676 sed
801 3619 871 3676 ab
897 3620 1094 3678 eadem
1124 3627 1351 3686 natura,
1379 3625 1440 3675 ut
1467 3617 1637 3675 modo
1665 3616 1805 3673 fini-

442 3708 517 3770 to,
536 3708 591 3759 et
608 3702 1031 3760 accidentaliter
1045 3704 1419 3776 participatur
1442 3699 1804 3775 pergratiam

443 3782 907 3859 sanctificantem.
940 3785 1031 3840 Sic
1069 3784 1228 3839 enim
1258 3780 1416 3838 adest
1453 3781 1645 3838 debita
1667 3795 1807 3854 pro-

445 3865 630 3939 portio
673 3866 826 3923 inter
874 3865 1206 3937 praedictum
1251 3871 1460 3930 actum,
1530 3868 1586 3919 ct
1635 3878 1804 3918 suum

445 3940 814 4013 principium.
848 3943 993 3996 Nam
1014 3957 1125 4011 qua
1170 3944 1330 4013 parte
1357 3954 1526 3996 amor
1550 3937 1804 3994 charita-

443 4023 518 4078 tis
542 4026 627 4077 cst
648 4021 949 4078 inclinatio
976 4021 1044 4077 ad
1074 4020 1289 4078 bonum
1317 4019 1617 4093 proprium
1643 4023 1807 4074 natu·

444 4119 526 4159 rae
552 4101 765 4159 divinae
793 4098 1063 4175 tanquam
1087 4101 1158 4158 ad
1188 4102 1459 4157 ultimum
1476 4099 1674 4165 finem,
1702 4097 1807 4155 de-

443 4183 537 4241 bet
564 4184 626 4240 in
665 4183 865 4241 eadem
900 4190 1105 4240 natura
1136 4182 1401 4249 radicari,
1431 4187 1493 4238 ut
1538 4182 1617 4238 ita
1640 4179 1807 4237 radix

445 4267 809 4324 inclinationi
865 4267 1330 4339 proportionetur
1356 4286 1369 4322 :
1413 4270 1469 4321 et
1494 4280 1606 4336 qua
1646 4268 1809 4336 parte

436 4355 528 4405 est
547 4350 802 4422 operatio
830 4349 1042 4414 vitalis,
1075 4347 1241 4405 debet
1263 4346 1616 4420 principium
1648 4344 1809 4402 radi-

439 4432 567 4487 cale
592 4432 970 4486 intrinsecum
1010 4444 1350 4503 supponere,
1375 4433 1433 4486 et
1452 4428 1523 4485 ab
1544 4444 1611 4485 eo
1631 4427 1762 4484 elici
1790 4446 1805 4483 ε

442 4510 544 4569 sed
571 4509 816 4584 denique
841 4528 954 4584 qua
976 4517 1133 4584 parte
1154 4515 1239 4567 est
1268 4509 1524 4583 operatio
1545 4507 1811 4565 acciden-

445 4592 597 4658 talis,
620 4597 679 4648 et
704 4591 937 4648 aliunde
954 4597 1230 4667 repugnat
1251 4596 1521 4647 naturam
1543 4588 1808 4645 divinam

446 4672 553 4731 sub
573 4677 840 4745 conceptu
866 4678 1083 4730 naturae
1104 4672 1329 4731 homini
1350 4668 1811 4727 substantialiter

450 4756 628 4823 uniri,
672 4754 840 4812 debet
882 4772 1203 4828 supponere
1248 4752 1491 4812 eandem
1540 4757 1809 4808 naturam

450 4838 845 4914 participatam
862 4836 1306 4904 accidentaliter,
1332 4836 1455 4893 sive
1474 4837 1552 4905 (et
1572 4834 1637 4890 in
1655 4832 1808 4890 idem

390 4919 403 4922 “
450 4920 620 4991 redit)
643 4920 890 4992 gratiam
919 4918 1295 4984 habitualem,
1320 4931 1446 4989 quae
1470 4921 1555 4973 est
1582 4913 1811 4988 partici-

451 5000 604 5072 patio
631 4998 896 5054 toi-malis
922 5004 1145 5055 natura}
1170 4996 1385 5054 divinae
1410 4994 1516 5051 sub
1539 4997 1811 5065 conceptu

1926 613 2064 669 dum
2086 620 2170 670 est
2195 639 2208 681 ;
2236 630 2371 670 nam
2395 615 2531 686 quia
2552 631 2717 671 amor
2755 615 3051 673 charitatis
3077 631 3147 673 ex
3176 633 3297 673 una

1929 702 2091 769 parte
2137 697 2365 772 attingit
2405 698 2724 754 terminum
2747 696 2972 754 ordinis
3000 697 3212 764 divini,
3235 706 3296 756 et

1926 794 2000 835 ex
2046 778 2161 834 alia
2205 778 2401 834 vitalis
2427 785 2530 844 est,
2587 783 2823 834 censent
2871 779 3293 854 impossibilem

1927 874 2051 915 esse
2078 874 2335 915 amorem
2356 859 2672 923 charitatis,
2705 860 2848 931 quin
2874 859 3041 916 detur
3070 860 3297 932 princi-

1929 940 2089 1017 pium
2114 940 2730 1009 intrinsecum,saltem
2763 942 3118 1013 proximum,
3141 942 3300 1016 ejus-

1926 1020 2058 1079 dem
2087 1021 2331 1080 ordinis.
2375 1026 2460 1080 Ex
2486 1040 2598 1096 quo
2639 1030 2836 1080 tamen
2870 1040 2986 1080 non
3012 1024 3296 1096 sequitur,

1882 1135 1886 1140 -
1927 1101 2076 1174 quod
2127 1103 2459 1177 hujusmodi
2488 1104 2837 1177 principium
2867 1104 3197 1176 proximum
3224 1105 3302 1161 sit

1930 1182 2150 1255 aliquid
2224 1184 2564 1251 increatum,
2611 1185 2755 1241 sicut
2800 1185 2922 1257 ejus
2967 1184 3296 1252 terminus;

1928 1263 2026 1321 sed
2072 1265 2297 1332 sufficit,
2328 1267 2477 1341 quod
2529 1268 2602 1323 sit
2645 1268 3002 1341 participatio
3031 1268 3299 1326 formalis

1930 1345 2354 1482 nug-slyffmtis
2387 1350 2657 1406 increatas
2686 1350 2982 1422 proximas,
3012 1366 3124 1422 qua
3145 1352 3297 1408 Deus

1929 1441 1990 1482 se
2057 1444 2074 1482 1
2105 1444 2181 1502 igr
2215 1470 2228 1483 .

2003 1498 2090 1555 Ad
2135 1503 2365 1558 tertiam
2393 1502 2567 1559 etiam
2603 1503 2864 1577 neganda
2909 1507 2992 1559 est
3042 1504 3291 1575 sequela,
3309 1504 3522 1558 nimian

1930 1583 2087 1657 qu'us
2115 1582 2510 1655 probationem
2538 1583 2762 1642 diluere
2786 1586 2999 1657 pariter
3029 1589 3299 1642 tenentur

1931 1664 2264 1720 Adversarii
2298 1690 2311 1732 ;
2336 1682 2471 1722 nam
2491 1666 2766 1738 quidquid
2791 1667 2851 1722 tit
2874 1667 2942 1723 de
2965 1665 3299 1739 dependen-

1932 1745 2012 1801 tia
2071 1747 2371 1803 essentiali
2430 1748 2651 1803 amoris
2688 1748 2986 1803 charitatis
3023 1748 3199 1804 creati
3264 1764 3301 1803 a

1930 1828 2114 1902 gratia
2157 1828 2460 1901 habituali,
2525 1833 2742 1885 certum
2783 1835 2888 1893 est,
2941 1828 3088 1902 quod
3133 1846 3302 1887 amor

1933 1909 2219 1964 increatus
2266 1909 2536 1982 supponit
2583 1925 2684 1980 per
2710 1927 2789 1976 se,
2835 1916 2890 1966 et
2915 1909 3303 1969 essentialiter

1934 1988 2245 2045 increatam
2279 1991 2378 2046 Dei
2430 1990 2699 2045 naturam
2734 2010 2747 2044 ε
2779 2006 2880 2047 nec
2906 1992 3064 2046 enim
3089 1989 3167 2045 ibi
3194 2005 3304 2046 ex-

1932 2069 2253 2143 cogitabilis
2297 2077 2382 2127 est
2430 2086 2692 2126 recursus
2757 2072 2848 2126 vel
2896 2070 2964 2126 ad
3015 2070 3304 2143 principia

1933 2147 2129 2215 fluida,
2171 2151 2259 2207 vel
2305 2150 2373 2207 ad
2414 2150 2573 2206 aliud
2621 2150 2867 2207 radicale
2917 2151 3289 2223 principium.

1934 2231 2329 2305 Respondetur
2349 2248 2483 2305 ergo
2498 2232 2764 2304 praedicta
2783 2231 3096 2306 objectiune
3110 2233 3303 2289 solum

1936 2314 2191 2386 probari,
2253 2315 2403 2387 quod
2476 2315 2757 2387 processio
2807 2314 3056 2385 Spiritus
3117 2314 3302 2370 sancti

1934 2398 2317 2454 communicet
2346 2398 2453 2471 ipsi
2480 2414 2579 2470 per
2603 2398 2762 2471 prius
2807 2397 3012 2454 ordino
3037 2413 3296 2468 exequu-

1936 2479 2108 2536 tionis
2153 2485 2421 2536 naturam
2449 2479 2738 2545 divinam,
2782 2496 2954 2552 quam
2994 2494 3298 2545 amorem;

1936 2560 2183 2619 minime
2211 2578 2366 2630 vero,
2391 2562 2538 2634 quod
2582 2563 2788 2619 ordine
2818 2560 3156 2618 intentionis
3179 2576 3303 2616 non

1937 2650 2039 2714 per
2077 2644 2236 2714 prius
2281 2645 2739 2700 communicetur
2779 2643 2869 2699 illi
2920 2658 3102 2707 amor,
3127 2657 3307 2713 quam

1936 2730 2161 2781 natura.
2195 2723 2304 2780 Ubi
2352 2727 2512 2781 enim
2559 2731 2765 2781 natura
2817 2725 2986 2781 habet
3012 2723 3306 2795 duplicem

1935 2805 2472 2862 communicationis
2522 2805 2778 2870 modum,
2809 2805 2955 2861 sicut
2996 2804 3300 2878 contingit,

1934 2886 1982 2941 si
2007 2886 2087 2943 ita
2116 2886 2245 2941 licet
2273 2886 2447 2958 loqui,
2482 2887 2544 2941 in
2574 2887 2812 2952 diviniS,
2839 2885 3304 2943 communicatur

1935 2965 2165 3037 quidem
2190 2981 2291 3036 per
2326 2981 2386 3021 se
2414 2967 2604 3037 primo
2630 2983 2698 3023 ex
2740 2967 2796 3022 vi
2831 2965 3044 3038 prioris
3073 2979 3308 3037 proces-

1935 3047 2116 3102 sionis
2146 3069 2160 3112 ;
2191 3045 2289 3101 sed
2322 3051 2502 3117 potest
2532 3064 2632 3119 per
2652 3064 2713 3104 se
2739 3044 3004 3110 secundo,
3033 3044 3303 3110 identice,

1935 3132 1992 3184 et
2015 3126 2355 3197 exequutive
2383 3127 2802 3183 communicari
2843 3142 2913 3182 ex
2953 3125 3012 3180 vi
3063 3124 3308 3180 alterius

1937 3207 2332 3281 processionis.
2364 3208 2519 3263 Sicut
2551 3207 2752 3264 accidit
2800 3208 2862 3262 in
2902 3205 3298 3279 generatione.

1935 3292 1991 3346 et
2035 3288 2500 3360 augmentatione
2542 3290 2783 3361 plantae3
2829 3303 2963 3343 nam
3015 3285 3078 3341 in
3121 3285 3308 3358 priori

1936 3367 2257 3425 mutatione
2307 3368 2767 3424 communicatur
2820 3367 2927 3440 ipsi
2979 3365 3306 3421 substantia

1938 3465 2038 3523 per
2057 3464 2119 3505 se
2141 3449 2349 3521 primo,
2381 3455 2437 3505 et
2480 3449 2768 3521 quantitas
2799 3465 2899 3521 per
2924 3463 2984 3504 se
3011 3446 3261 3504 secundo
3291 3468 3307 3502 :

1938 3536 1996 3587 at
2022 3531 2084 3585 in
2114 3530 2415 3602 posteriori
2457 3530 2746 3603 quantitas
2766 3536 2849 3586 est
2894 3528 3180 3584 terminus
3203 3542 3310 3599 per

1936 3627 1997 3668 se
2020 3611 2211 3684 primo
2253 3611 2524 3675 intentus,
2556 3611 2875 3667 substantia
2904 3625 3040 3666 vero
3084 3625 3200 3666 non
3222 3608 3306 3664 sic

1939 3692 2280 3759 intenditur,
2339 3707 2441 3748 nec
2490 3692 2824 3765 producitur
2882 3707 2983 3763 per
3042 3689 3300 3755 modum,

1939 3775 2031 3831 vel
2057 3772 2165 3830 sub
2205 3788 2448 3829 munere
2478 3779 2699 3830 naturae
2732 3795 2747 3839 ;
2776 3770 3041 3843 quamvis
3070 3770 3309 3843 quanti-

1937 3861 2024 3912 tas
2073 3860 2358 3927 supponat
2423 3855 2747 3911 necessario
2797 3852 3200 3919 substantiam,
3248 3857 3310 3908 et

1939 3939 2057 3995 haec
2079 3937 2239 4010 prius
2285 3937 2347 3992 in
2374 3937 2753 4010 exequutione
2802 3934 3167 4008 producatur.
3197 3933 3309 3990 Sed

1939 4018 2010 4076 de
2050 4020 2152 4076 hoc
2181 4018 2486 4075 videantur
2532 4035 2656 4091 quae
2705 4017 2962 4074 diximus
3025 4024 3186 4073 tract.
3243 4016 3302 4081 6,

1938 4104 2080 4175 disp.
2107 4103 2160 4168 3,
2192 4102 2319 4157 dub.
2352 4103 2403 4167 2,
2434 4105 2464 4169 ς
2493 4102 2547 4158 9.
3127 4091 3132 4106 ⁴

3335 1565 3484 1608 tertia.

2012 4178 2145 4232 220.
2176 4175 2261 4230 Ad
2307 4180 2571 4247 quartam
2627 4173 2935 4231 dicendum
2977 4180 3078 4241 est,
3112 4176 3518 4229 actumoocnrri·

1910 4257 2070 4331 ,Spei
2098 4257 2452 4330 Theologicae
2502 4256 2818 4313 secundum
2864 4272 3027 4312 suam
3055 4253 3307 4326 speciem

1940 4336 2364 4395 consideratum
2404 4336 2639 4394 tendere
2666 4337 2729 4392 in
2753 4336 2971 4393 bonum
3003 4334 3307 4408 proprium

1943 4424 2162 4477 naturae
2202 4418 2437 4484 divinas,
2471 4424 2746 4492 tanquam
2777 4419 2838 4474 in
2861 4417 3142 4491 obJectum
3179 4414 3309 4487 pri-

3322 4237 3390 4274 ῑῦῐ
3407 4240 3535 4283 tunt·

3372 4287 3450 4324 tae.

1943 4500 2218 4567 marium,
2251 4506 2308 4556 et
2333 4506 2608 4572 tanquam
2639 4500 2701 4555 in
2743 4498 2920 4556 finem
2971 4489 3324 4570 proximum'

1940 4585 2099 4655 cujus
2120 4585 2331 4653 qratia.
2381 4585 2659 4638 Caeterum
2699 4597 2771 4639 ex
2811 4580 2998 4654 specie
3041 4595 3144 4634 sua
3188 4593 3309 4634 non

1943 4664 2212 4721 vendicat
2237 4662 2353 4719 sibi
2379 4663 2767 4721 essentialiter
2809 4661 3078 4718 ultimum
3126 4658 3309 4716 finem

1940 4746 2315 4819 simpliciter,
2359 4744 2458 4800 sed
2486 4743 2555 4801 ad
2599 4745 2704 4801 hoc
2744 4743 3166 4800 determinatur
3209 4754 3314 4813 per

1945 4831 2236 4891 naturam,
2270 4825 2334 4880 in
2355 4840 2465 4896 qua
2512 4821 2822 4890 radicatur,
2853 4827 2911 4878 et
2946 4822 3037 4877 cui
3068 4818 3315 4894 praedic-

1945 4913 2035 4965 tus
2062 4905 2197 4963 finis
2241 4905 2667 4978 correspondet.
2700 4903 2866 4961 Unde
2915 4902 2965 4958 si
3018 4900 3318 4960 radicetur

1944 4989 2010 5046 in
2040 4992 2248 5044 natura
2296 4986 2496 5042 divina
2520 4984 2861 5058 participata
2902 4998 3003 5055 per
3040 4981 3312 5056 gratiam,

2119 5067 2124 5071 ’
3128 5063 3315 5119 tendit
