3647 5753
1421 412 1600 468 DISP.
1644 413 1766 481 vn,
1808 412 1974 470 DUB.
2021 413 2088 470 V.
3050 422 3161 476 223

308 584 516 640 v'eatur
545 584 777 659 physice
804 600 903 657 per
928 585 1282 652 volitionem,
1311 600 1427 642 non
1450 583 1670 659 indiget

306 666 539 741 physice
584 670 930 740 praemoveri
966 684 1139 743 :ergo
1187 668 1318 726 licet
1366 671 1667 725 moveatur

309 748 561 813 realiter,
593 764 715 804 non
755 750 1006 822 exposcit
1033 750 1376 822 praemoveri
1404 749 1662 806 realiter:

305 845 657 902 consequens
678 836 968 903 nequeunt
989 829 1294 888 admittere
1303 829 1662 887 Adversarii:

306 925 440 984 ergo
489 925 676 983 neque
726 911 1089 969 antecedens.
1147 913 1493 970 Recolantur
1540 926 1667 984 quae

307 989 426 1048 loco
446 990 636 1055 citato,
667 994 698 1061 g
739 993 793 1058 3,
820 991 1101 1049 diximus,

385 1070 602 1127 Tertio:
656 1072 716 1128 Si
773 1076 922 1130 Deus
949 1117 963 1140 ‚
1018 1074 1313 1147 supposita
1356 1072 1664 1130 collatione

307 1151 660 1208 auxiliorum
686 1152 1113 1220 sufficientium,
1150 1168 1267 1209 non
1287 1158 1664 1225 praemoveret

303 1232 659 1289 voluntatem
688 1234 759 1290 ad
780 1234 1156 1306 operandum,
1176 1232 1442 1291 discretio
1464 1237 1662 1290 actua-

305 1311 376 1367 lis
424 1313 837 1371 consentientis
883 1330 916 1371 a
962 1330 1078 1371 non
1126 1314 1518 1371 consentiente
1541 1327 1661 1370 non

304 1397 668 1449 revocaretur
690 1394 753 1450 in
773 1394 1040 1467 gratiam,
1071 1392 1257 1450 sedin
1286 1391 1535 1450 liberum
1563 1408 1661 1449 ar-

300 1467 573 1538 bitrium;
596 1472 748 1545 quod
774 1479 859 1530 est
879 1472 1192 1530 absurdum
1215 1493 1229 1528 ε
1253 1488 1390 1547 ergo
1407 1473 1456 1528 si
1488 1474 1654 1538 Deus,

299 1552 605 1624 suppositis
635 1553 871 1610 auxiliis
899 1551 1330 1619 sufficientibus,
1366 1569 1483 1610 non
1509 1569 1659 1625 prae-

298 1637 491 1689 movet
520 1632 751 1707 physice
772 1635 1147 1700 voluntatem,
1179 1633 1447 1691 discretio
1473 1639 1659 1690 actua-

301 1711 392 1778 lis,
422 1718 479 1769 et
505 1712 741 1787 physica
764 1720 989 1787 reperta
1013 1715 1163 1772 inter
1177 1712 1651 1782 consentientem,

295 1799 352 1849 et
375 1809 491 1850 non
519 1794 974 1851 consentientem
1014 1795 1264 1853 minime
1293 1793 1656 1851 revocabitur

292 1872 360 1928 in
388 1874 589 1940 Deum,
622 1873 795 1930 velin
820 1875 1086 1946 gratiam,
1115 1880 1386 1947 tanquam
1411 1873 1473 1929 in
1499 1875 1656 1945 prin-

292 1952 443 2024 cipia
478 1952 713 2027 physica
753 1954 913 2009 illius
964 1954 1255 2026 praedicati
1287 1954 1475 2022 realiS,
1504 1954 1654 2026 quod

291 2033 628 2090 nullatenus
682 2040 863 2107 potest
913 2034 1175 2091 admitti.
1231 2035 1332 2091 Vel
1379 2034 1486 2090 sub
1538 2035 1654 2092 alia

291 2111 518 2170 forma:
542 2115 820 2179 Quamvis
837 2117 982 2172 Deus
1005 2131 1122 2172 non
1145 2120 1488 2187 praemoveat
1504 2115 1653 2189 phy-

288 2192 407 2248 sice
427 2192 496 2248 ad
519 2193 823 2269 agendum,
849 2194 1115 2251 discretio
1137 2195 1396 2259 actualiS,
1428 2199 1484 2250 et
1513 2194 1654 2269 phy-

287 2274 407 2330 sica
433 2275 778 2334 sufficienter
812 2284 1109 2335 revocatur
1133 2277 1192 2332 in
1215 2277 1493 2351 gratiam:
1516 2291 1652 2350 ergo

238 2410 244 2414 .
287 2356 557 2428 quamvis
579 2359 725 2413 Deus
740 2357 999 2415 absolute
1021 2374 1138 2415 non
1158 2363 1501 2431 praemoveat
1528 2356 1652 2412 effi-

287 2437 514 2504 caciter,
545 2438 810 2497 discretio
836 2440 1077 2498 actualis
1110 2439 1458 2497 sufficienter
1481 2456 1651 2497 revo-

288 2517 517 2575 cabitur
539 2521 597 2575 in
625 2522 826 2588 Deum,
853 2527 909 2578 et
938 2522 1000 2577 in
1027 2521 1299 2596 gratiam.
1332 2521 1651 2577 Videantur

287 2599 444 2657 dicta
491 2600 601 2657 loco
631 2604 722 2659 cit.
756 2604 849 2673 §4
893 2610 946 2658 ct
990 2603 1136 2675 disp.
1161 2603 1382 2676 praececl.
1416 2602 1543 2658 dub.
1598 2604 1643 2668 l,

360 2760 612 2834 Quarto:
639 2762 770 2820 Ideo
791 2765 937 2820 Deus
955 2763 1419 2836 praedeterminat
1447 2762 1647 2820 volun-

280 2846 480 2910 tatem,
512 2844 651 2915 quia
674 2859 791 2902 non
821 2845 1014 2901 minus
1067 2844 1337 2913 continet,
1371 2849 1427 2902 et
1453 2843 1646 2900 deter-

281 2923 470 2980 minat
492 2925 679 2993 illam,
706 2941 881 2999 quam
909 2926 1031 2998 ipsa
1050 2942 1110 2982 se
1137 2946 1149 2981 ε
1177 2924 1276 2982 sed
1293 2926 1560 2983 voluntas
1585 2939 1646 2980 se

280 3003 631 3061 determinat
704 3006 939 3081 physice
970 3027 983 3062 ε
1037 3022 1173 3081 ergo
1222 3005 1645 3063 determinatur

281 3086 515 3160 physice
543 3103 578 3143 a
624 3090 762 3145 De0.
792 3089 894 3145 Vel
939 3087 1045 3144 sub
1087 3088 1202 3144 alia
1225 3087 1414 3145 forma
1448 3108 1460 3144 :
1493 3086 1646 3143 Licet

279 3167 551 3222 voluntas
589 3182 651 3223 se
681 3167 911 3241 physice
946 3166 1312 3233 determinet,
1348 3182 1465 3224 non
1495 3181 1643 3239 prae-

276 3246 703 3305 determinatur
734 3248 964 3322 physice
991 3264 1024 3305 a
1043 3251 1157 3306 Deo
1184 3269 1196 3302 :
1220 3264 1355 3323 ergo
1376 3248 1643 3321 quamvis

275 3344 334 3384 se
371 3327 742 3396 determinet,
776 3345 892 3386 non
917 3328 1082 3386 debet
1104 3345 1138 3385 a
1190 3331 1304 3386 Deo
1329 3328 1641 3402 praedeter-

277 3409 492 3467 minari
520 3435 534 3478 ;
566 3410 720 3485 quod
761 3419 956 3468 tamen
998 3416 1289 3485 nequeunt
1312 3412 1493 3467 nostri
1521 3410 1642 3466 Ad-

281 3494 530 3549 versarii
574 3493 903 3551 concedere.
957 3493 1270 3551 Videantur
1316 3492 1463 3550 dicta
1506 3492 1636 3549 dub.

275 3574 497 3644 praeced.
524 3578 558 3643 g
579 3574 634 3630 3.

354 3654 567 3726 Quinto
583 3672 601 3707 .·
631 3652 760 3710 Ideo
781 3655 928 3710 Deus
951 3652 1416 3727 praedeterminat
1439 3655 1638 3712 volun-

279 3738 482 3803 tatem,
535 3735 674 3807 quia
717 3734 888 3792 habet
929 3750 1264 3808 supremum
1309 3735 1636 3792 dominium

276 3830 446 3887 supra
474 3816 648 3872 illam
676 3836 690 3869 ε
744 3814 842 3871 sed
893 3818 1039 3873 Deus
1090 3815 1259 3872 habet
1301 3832 1636 3889 supremum

276 3893 608 3951 dominium
633 3911 809 3967 supra
830 3896 1204 3963 voluntatem,
1228 3912 1343 3953 non
1358 3898 1548 3953 solum
1577 3901 1638 3951 ut

279 3973 388 4031 haec
437 3981 523 4033 est
575 3990 751 4048 agens
794 3976 1032 4041 morale,
1077 3975 1175 4033 sed
1221 3976 1395 4032 etiam
1443 3982 1501 4031 ut
1555 3983 1638 4033 est

280 4071 443 4129 agens
492 4058 799 4131 physicum
835 4078 848 4112 z
884 4073 1021 4131 ergo
1048 4056 1211 4115 debet
1249 4074 1377 4115 eam
1406 4058 1638 4133 physice

281 4154 653 4209 praemovere.
674 4140 778 4196 Vel
799 4140 905 4196 sub
917 4140 1033 4196 alia
1061 4139 1271 4197 forma:
1290 4142 1636 4214 Supremum

281 4219 376 4276 Dei
395 4220 731 4278 dominium
780 4221 843 4276 in
892 4221 1247 4278 voluntatem
1275 4229 1544 4288 creatam,
1577 4227 1638 4276 ut

281 4297 391 4357 haec
413 4306 499 4358 est
519 4317 699 4377 agens
726 4302 1046 4376 physicum,
1075 4318 1193 4358 non
1214 4301 1636 4375 exposcit,quod

278 4394 400 4435 eam
429 4381 667 4456 physice
707 4380 1176 4454 praedeterminet
1203 4403 1216 4437 :
1246 4398 1382 4457 ergo
1430 4396 1636 4454 supre-

280 4476 434 4517 mum
461 4463 565 4520 Dei
591 4460 926 4519 dominium
954 4463 1016 4519 in
1052 4464 1237 4530 illam,
1272 4469 1335 4519 ut
1360 4469 1445 4521 est
1465 4479 1638 4539 agens

278 4545 514 4611 morale,
572 4560 693 4601 non
724 4544 986 4616 postulat,
1028 4543 1177 4617 quod
1203 4560 1331 4601 eam
1386 4561 1637 4618 praemo-

277 4630 401 4679 veat
448 4624 776 4682 moraliter.
831 4624 1148 4681 videantur
1176 4624 1326 4682 dicta
1354 4628 1475 4685 loco
1502 4642 1638 4700 pro-

276 4704 430 4764 xime
449 4708 645 4774 citato,
677 4710 710 4776 ξ
738 4707 792 4763 4.
846 4707 1117 4780 Denique,
1152 4711 1217 4762 ut
1244 4708 1634 4780 prolixitatem

277 4786 542 4856 vitemus,
596 4787 801 4847 omnia
841 4793 1178 4861 argumenta
1215 4806 1342 4862 quaa
1392 4796 1637 4863 quatuor

276 4865 462 4924 dubiis
491 4867 948 4941 praecedentibus
968 4868 1031 4924 in
1054 4869 1311 4926 favorem
1335 4870 1541 4927 auxilii
1568 4887 1638 4928 ex

277 4947 590 5009 seefficacis,
616 4946 1072 5021 expendimus,si
1098 4956 1245 5007 recte
1272 4950 1639 5023 perpendan-

279 5036 389 5094 tur,
418 5034 476 5086 et
520 5043 737 5086 eorum
764 5027 855 5084 vis
882 5034 1229 5100 penetretur,
1263 5030 1508 5103 probant
1534 5047 1638 5090 ne-

1799 584 2116 642 cessitatem
2139 586 2344 643 auxilii
2374 602 2489 644 non
2507 589 2693 644 solum
2723 588 3038 656 moraliter,
3064 591 3161 647 sed

1798 667 1974 722 etiam
2000 667 2229 740 physice
2258 668 2680 740 praemoventis.
2732 670 2892 734 Quod
2914 670 3160 727 eviden-

1798 745 1913 801 tius
1937 745 2219 803 constabit
2237 763 2306 804 ex
2336 747 2670 805 immediate
2691 748 2965 806 dicendis.

2405 930 2546 1000 gv.

1909 1074 2217 1133 Roboratur
2241 1078 2484 1150 amplius
2522 1076 2708 1132 eadem
2744 1078 3037 1135 conclusio,

1865 1230 1997 1286 311.
2039 1231 2233 1288 Tertio
2274 1229 2551 1303 probatur
2605 1232 2930 1288 communis
2994 1233 3149 1289 Tho·
3192 1240 3337 1332 Tg&-

1792 1308 2096 1366 mistarum
2156 1311 2393 1368 assertio
2417 1334 2432 1378 ;
2479 1311 2753 1384 quoniam
2808 1311 2879 1368 de
2931 1313 3152 1369 ratione

1792 1392 1999 1448 auxilii
2047 1393 2118 1449 ab
2145 1393 2457 1451 intrinseco
2501 1393 2739 1450 efficacis
2782 1397 2866 1450 est
2890 1394 3150 1451 connecti

1793 1470 2199 1539 infallibiliter,
2225 1479 2282 1530 et
2304 1475 2626 1532 necessario
2654 1474 2987 1532 necessitate
3010 1490 3152 1531 con-

1789 1554 2099 1625 sequentiae
2142 1569 2272 1610 cum
2319 1560 2441 1611 actu
2490 1553 2560 1610 ad
2580 1570 2750 1626 quem
2795 1552 3004 1611 datur:
3053 1553 3153 1611 sed

1789 1632 2075 1689 auxilium
2117 1634 2349 1707 praecise
2394 1635 2693 1691 moraliter
2748 1650 2986 1691 movens
3030 1650 3147 1691 non

1790 1713 2142 1769 connectitur
2164 1712 2575 1779 infallibiliter,
2620 1720 2677 1770 et
2698 1714 3017 1771 necessario
3045 1729 3152 1770 ne-

1787 1797 2045 1852 cessitate
2083 1795 2499 1868 consequentiae
2543 1812 2674 1852 cum
2703 1803 2843 1856 actu.
2876 1795 2945 1851 ad
2974 1812 3147 1867 quem

1788 1873 1958 1931 datur
1983 1897 1995 1932 ε
2026 1892 2161 1950 ergo
2182 1875 2468 1932 auxilium
2498 1874 2568 1931 ab
2616 1877 2931 1933 intrinseco
2951 1875 3147 1932 efficax

1789 1969 1906 2011 non
1929 1963 2121 2012 movet
2149 1955 2378 2028 praecise
2412 1957 2713 2012 moraliter
2745 1978 2756 2012 :
2790 1971 2927 2029 ergo
2957 1960 3147 2012 movet

1789 2037 2037 2110 physice.
2101 2037 2357 2094 Secunda
2416 2039 2819 2110 consequentia
2873 2042 3024 2109 patet
3074 2053 3145 2093 ex

1788 2118 1995 2189 prima,
2027 2123 2085 2174 et
2130 2117 2246 2174 haec
2294 2117 2549 2191 legitime
2595 2118 2845 2174 infertur
2891 2133 2961 2172 ex
2991 2133 3146 2188 prze-

1786 2197 1995 2253 missiS.
2039 2198 2222 2271 Major
2248 2204 2437 2254 autem
2466 2198 2604 2253 satis
2630 2203 2844 2254 constat
2872 2212 2943 2253 ex
2971 2195 3137 2252 dictis

1784 2276 1977 2333 dubiis
2036 2276 2483 2350 praecedentibus
2511 2321 2525 2343 ,
2581 2283 2638 2334 et
2689 2276 3015 2334 admittitur
3070 2276 3140 2332 ab

1783 2357 2135 2414 Authoribus
2156 2363 2352 2415 contra
2376 2374 2518 2430 quos
2550 2359 2874 2430 specialiter
2896 2359 3136 2431 agimuS,

1783 2444 1839 2494 et
1861 2454 2011 2494 nunc
2039 2438 2292 2495 breviter
2316 2439 2605 2505 suadetur;
2631 2439 2760 2511 quia
2786 2437 2832 2493 si
2852 2438 3139 2494 auxilium

1782 2518 1977 2576 efficax
2000 2534 2116 2576 non
2145 2519 2484 2591 importaret
2517 2518 2934 2576 connexionem
2958 2517 3140 2593 infal-

1784 2599 2027 2661 libilem,
2061 2605 2120 2657 et
2148 2601 2529 2657 necessariam
2558 2616 2688 2656 cum
2719 2605 2841 2656 actu
2872 2598 2941 2654 ad
2967 2614 3137 2671 quem

1781 2682 1967 2747 datur,
1995 2681 2120 2739 fieri
2152 2688 2353 2755 posset,
2377 2682 2527 2756 quod
2567 2686 2752 2738 stante
2773 2682 2992 2738 auxilio
3020 2696 3138 2738 non

1779 2769 2111 2833 sequeretur
2138 2762 2367 2819 effectus
2389 2764 2413 2817 ':
2461 2761 2558 2818 sed
2602 2776 2669 2818 eo
2698 2761 2839 2833 ipso,
2871 2759 3021 2834 quod
3049 2760 3139 2816 ef-

1780 2841 1958 2899 fectus
1997 2860 2112 2902 non
2153 2848 2440 2917 sequatur,
2486 2842 2771 2900 auxilium
2820 2857 2935 2898 non
2963 2840 3139 2898 estab

1780 2922 2091 2981 intrinseco
2117 2922 2309 2980 efficax
2335 2946 2350 2990 ;
2382 2922 2478 2980 sed
2504 2922 2831 2987 frustratur,
2871 2925 2927 2978 et
2950 2922 3138 2977 relin-

1777 3005 1974 3077 quitur
2002 3006 2063 3061 in
2085 3010 2232 3061 statu
2255 3005 2584 3063 sufficientis
2616 3030 2629 3061 ι
2653 3021 2787 3079 ergo
2813 3004 2884 3061 de
2914 3004 3136 3060 ratione

1778 3087 1982 3143 auxilii
2006 3085 2076 3143 ab
2123 3087 2436 3144 intrinseco
2479 3086 2717 3144 efficacis
2761 3090 2847 3140 est
2873 3084 3137 3143 connecti

1778 3166 2184 3232 infallibiliter,
2216 3172 2273 3223 et
2302 3167 2621 3224 necessario
2646 3166 2977 3222 necessitate
3003 3180 3139 3221 con-

1775 3248 2101 3320 sequentias,
2132 3262 2262 3303 cum
2291 3253 2413 3303 actu
2439 3246 2509 3302 ad
2529 3262 2699 3319 quem
2719 3245 2905 3303 datur.
2940 3246 3137 3302 Minor

1775 3329 1949 3386 etiam
1989 3328 2345 3395 ostenditur;
2394 3344 2530 3385 nam
2573 3329 2858 3384 auxilium
2903 3330 3135 3399 praecise

1776 3411 2073 3467 moraliter
2102 3425 2341 3466 movens
2385 3409 2641 3466 consistit
2664 3409 2726 3464 in
2753 3413 2948 3463 sancta
2976 3410 3136 3482 cogi-

1774 3490 2007 3555 tatione,
2040 3490 2443 3556 illustratione,
2491 3493 2588 3544 aut
2632 3489 2808 3545 etiam
2840 3487 3131 3545 indelibe-

1777 3576 1901 3626 rata
1926 3570 2240 3627 voluntatis
2285 3569 2580 3625 affectione
2613 3593 2626 3625 ι
2672 3568 2769 3625 sed
2798 3568 3017 3640 optime
3037 3585 3133 3626 co-

1774 3650 1966 3717 haeret,
1993 3649 2141 3721 quod
2167 3645 2342 3705 'homo
2372 3648 2648 3705 excitetur
2671 3649 2883 3705 sanctis
2909 3650 3126 3722 cogita-

1773 3730 2044 3799 tionibus,
2096 3728 2598 3795 illustrationibus,
2631 3735 2686 3786 et
2732 3730 3131 3787 affectionibus

1773 3811 2168 3870 indeliberatis
2196 3836 2211 3880 ;
2268 3818 2324 3869 et
2366 3809 2516 3884 quod
2564 3811 2952 3867 nihilominus
3005 3810 3130 3867 dis-

1770 3893 1980 3950 sentiat
2012 3913 2025 3948 :
2086 3898 2208 3949 tum
2264 3894 2399 3966 quia
2450 3891 2806 3964 experientia
2865 3898 3123 3955 testante,

1772 3974 2062 4034 multoties
2084 3973 2409 4047 huJ'usmodi
2428 3979 2615 4031 motus
2634 3979 2768 4029 sunt
2791 3974 2853 4030 in
2877 3975 3130 4031 nolenti-

1772 4054 1896 4119 bus,
1919 4060 1976 4111 et
2001 4061 2125 4111 actu
2154 4054 2654 4112 dissentientibus:
2683 4058 2802 4110 tum
2826 4055 2962 4127 quia
2992 4072 3131 4128 prae·

1770 4135 1908 4191 dicti
1968 4143 2154 4192 motus
2194 4137 2420 4192 nullum
2475 4133 2839 4208 praedicatum
2878 4134 3124 4197 habent,

1772 4232 1875 4289 per
1916 4215 2066 4289 quod
2089 4215 2495 4281 infallibiliter,
2540 4220 2596 4272 et
2621 4215 2941 4272 necessario
2988 4232 3130 4273 con-

1771 4302 2073 4354 nectantur
2118 4314 2247 4355 cum
2285 4313 2609 4355 consensu:
2658 4311 2794 4370 ergo
2840 4296 3127 4352 auxilium

1772 4379 2006 4452 praecise
2034 4381 2333 4437 moraliter
2361 4395 2599 4436 movens
2628 4394 2744 4436 non
2771 4379 3130 4435 connectitur

1771 4459 2182 4528 infallibiliter,
2207 4466 2265 4519 et
2285 4459 2604 4518 necessario
2633 4458 2965 4516 necessitate
2991 4475 3129 4515 con-

1770 4542 2080 4614 sequentiae
2105 4557 2233 4597 cum
2263 4546 2404 4607 actu,
2429 4539 2499 4596 ad
2521 4556 2689 4613 quem
2706 4537 2899 4595 datur.

1849 4622 2177 4696 Explicatur
2192 4622 2440 4694 amplius
2468 4623 2555 4678 vis
2584 4621 2753 4695 hujus
2775 4622 3123 4694 argumenti:
3164 4627 3327 4719 {5332}-

1773 4721 1912 4762 nam
1954 4703 2082 4762 ideo
2115 4707 2261 4761 Deus
2306 4706 2367 4762 in
2394 4705 2577 4761 causis
2607 4703 2805 4760 liberis
2830 4718 2945 4759 non
2978 4719 3127 4776 prae-

1772 4788 1945 4864 motis
1983 4786 2299 4854 efficaciter,
2333 4789 2423 4844 vel
2450 4786 2554 4842 sub
2587 4784 2918 4844 conditione
2937 4785 3127 4843 effica-

1772 4871 1916 4928 citer
1962 4869 2380 4942 praemovendis
2408 4871 2604 4943 nequit
2629 4874 2781 4927 certo
2811 4868 3128 4942 praevidere

1773 4956 1933 5009 actus
1958 4949 2172 5008 liberos
2197 4950 2473 5017 absolute,
2506 4951 2596 5007 vel
2618 4951 3004 5010 conditionate
3030 4954 3127 5010 fu-

1772 5037 1952 5100 turos,
1968 5032 2103 5106 quia
2123 5047 2291 5089 causa
2313 5032 2492 5090 libera
2509 5037 2593 5089 est
2612 5032 2682 5090 de
2707 5048 2767 5090 se
2789 5034 3132 5093 indifferens

3059 5116 3133 5173 ad
