3647 5753
1331 412 1508 469 DISP.
1552 411 1647 480 VI,
1691 411 1861 469 DUB.
1906 411 1999 468 IV.
2962 407 3070 462 847

33 600 202 646 nuez.
219 580 363 655 disp.
408 582 463 652 4,
510 583 766 657 vasquez
816 584 953 660 disp.
979 585 1108 653 220,
1135 602 1254 658 cap.
1295 586 1342 652 l,
1373 585 1584 641 Suarez

33 651 185 688 ‘⁸¹⁸²‘
222 663 319 721 lib.
343 664 635 735 dem-alia,
664 685 788 742 cap.
828 669 873 725 l.

33 739 180 831 ‚¹¹¹3ss-
298 745 582 804 Probatur
629 748 837 821 primo,
887 753 944 807 et
985 749 1124 806 satis
1172 749 1472 807 efficaciter
1513 763 1583 806 ex

31 799 206 883 ἒπῗυῗ-
221 826 481 885 Concilio
505 829 769 887 Trident.
810 847 937 887 sess.
968 833 1023 896 6,
1050 850 1174 906 cap.
1198 833 1289 899 32,
1318 847 1453 888 nam
1483 846 1583 888 eo·-

31 891 186 982 ξῗξή,
219 905 353 964 dem
393 912 593 968 tenore
639 910 953 970 verborum
976 912 1187 970 diffinit
1208 913 1429 987 justum
1457 926 1581 969 me-

37 986 202 1034 lden&
220 988 343 1046 reri
390 999 766 1066 augmentum
804 995 1005 1068 gratiae
1028 1039 1043 1064 ,
1095 999 1151 1052 et
1170 994 1419 1070 gloriam
1448 992 1583 1051 :sed

214 1075 438 1129 certum
489 1078 592 1139 est,
625 1073 981 1148 quodjustus
1021 1082 1276 1134 meretur
1321 1075 1391 1133 de
1442 1091 1583 1133 con-

217 1153 397 1230 digno
440 1157 708 1230 gloriam,
755 1164 815 1214 ut
854 1159 994 1215 satis
1037 1166 1255 1217 constat
1292 1177 1363 1218 ex
1407 1175 1582 1232 supra

211 1234 381 1294 dictis
406 1239 548 1312 disp.
581 1239 635 1308 3,
661 1239 789 1297 dub.
820 1243 887 1309 25
918 1256 1053 1316 ergo
1094 1241 1295 1300 eadem
1342 1241 1581 1299 certitu-

210 1317 351 1377 dine
371 1321 688 1379 tenendum
712 1328 1087 1398 augmentum
1109 1327 1333 1400 gratiae.

287 1402 713 1474 Confirmatur;
758 1424 894 1464 nam
926 1407 1104 1466 verba
1151 1409 1494 1482 Scripturae,
1524 1410 1581 1464 et

211 1483 553 1544 Sanctorum
601 1489 841 1545 Patrum
882 1489 1262 1565 intelligenda
1287 1494 1424 1546 sunt
1450 1503 1580 1546 cum

214 1566 586 1639 proprietate,
640 1568 738 1626 ubi
779 1586 850 1627 ex
903 1570 1008 1628 hoc
1049 1573 1280 1628 nullum
1320 1571 1582 1645 sequitur

217 1646 532 1706 absurdum
565 1672 578 1707 :
608 1650 708 1708 sed
733 1652 1048 1726 Scriptura,
1079 1658 1136 1711 et
1163 1655 1361 1711 Patres
1391 1653 1455 1709 in
1490 1654 1581 1709 lo-

212 1727 316 1795 cis,
343 1747 468 1803 quae
508 1749 686 1805 supra
712 1732 995 1804 dedimus,
1045 1735 1578 1810 affirmantjustum

210 1823 314 1882 per
343 1808 492 1868 bona
519 1829 693 1887 opera
720 1815 934 1872 mereri
958 1821 1333 1891 augmentum
1363 1815 1578 1871 sancti-

209 1891 380 1959 tatis;
409 1897 466 1948 et
506 1895 782 1951 meritum
812 1897 1062 1970 proprie,
1095 1904 1151 1956 et
1179 1897 1435 1955 absolute
1454 1896 1578 1953 dic-

207 1977 333 2029 tum
386 1980 498 2032 stat
550 1993 654 2049 pro
700 1979 915 2036 merito
936 1979 1007 2037 de
1039 1980 1341 2055 condigno,
1369 1996 1442 2037 ex
1468 1995 1580 2052 qua

212 2054 470 2123 rigorosa
538 2059 863 2131 acceptione
915 2062 1145 2118 nullum
1195 2062 1258 2117 in
1307 2061 1577 2134 praesenti

211 2139 473 2210 sequitur
502 2139 937 2209 inconveniens,
965 2150 1026 2200 ut
1047 2161 1119 2203 ex
1140 2144 1398 2201 dicendis
1421 2161 1579 2202 cons-

214 2219 359 2277 tabit
386 2238 559 2297 :ergo
584 2240 656 2281 ex
677 2230 871 2282 mente
898 2228 1224 2301 Scripturae,
1256 2233 1313 2285 et
1337 2230 1430 2285 SS.
1464 2230 1580 2285 Pa·-

217 2307 375 2358 trum
436 2304 621 2377 justus
679 2305 825 2364 hene
870 2307 1163 2380 operando
1210 2314 1468 2366 meretur
1507 2307 1578 2366 de

217 2383 504 2459 condigno
526 2393 899 2460 augmentum
925 2391 1145 2463 gratiae.

23 2459 177 2504 3⁸1¹&
293 2466 388 2521 82.
429 2467 688 2525 Secundo
721 2467 995 2541 probatur
1027 2472 1252 2528 ratione
1278 2470 1577 2544 desumpta

214 2562 287 2604 ex
316 2550 382 2603 D.
418 2550 625 2606 Thom.
658 2551 720 2606 in
752 2553 1017 2624 praesenti
1045 2578 1059 2621 ;
1091 2570 1227 2610 nam
1255 2554 1355 2627 qui
1384 2571 1577 2612 mere·

212 2635 309 2685 tur
346 2627 417 2686 de
444 2630 726 2705 condigno
743 2635 1060 2691 terminum
1080 2636 1371 2704 ultimum,
1394 2641 1577 2710 potest

212 2712 426 2769 mereri
466 2711 537 2769 de
589 2715 871 2791 condigno
918 2717 1236 2775 terminum
1291 2720 1574 2776 interme-

210 2791 373 2848 dium
407 2813 421 2847 :
462 2792 560 2849 sed
600 2794 786 2867 justus
814 2795 959 2854 bene
988 2798 1278 2870 operando
1316 2807 1574 2857 meretur

209 2872 279 2931 de
304 2875 587 2950 condigno
608 2879 875 2951 gloriam,
914 2897 1039 2953 quae
1063 2888 1147 2938 est
1189 2884 1432 2939 ultimus
1452 2889 1572 2940 ter-

210 2956 406 3013 minus
434 2959 629 3015 meriti
652 2981 665 3015 ε
688 2976 825 3036 ergo
846 2968 1027 3036 potest
1066 2966 1282 3021 mereri
1324 2964 1394 3022 de
1432 2981 1572 3022 con-

210 3037 386 3113 digno
412 3049 787 3115 augmentum
809 3044 1028 3117 gratiae,
1054 3046 1202 3120 quod
1224 3063 1284 3103 se
1312 3045 1481 3102 habet
1511 3053 1572 3102 ut

211 3121 496 3177 terminus
524 3123 939 3192 intermedius;
977 3126 1262 3198 siquidem
1289 3125 1570 3182 antecedit

207 3203 495 3278 gloriam,
545 3211 601 3264 et
641 3214 823 3280 potest
869 3215 993 3281 post
1042 3208 1244 3282 gloriae
1292 3207 1569 3263 meritum

206 3290 387 3359 sequi.
418 3290 602 3362 Major
646 3291 920 3347 suadetur
952 3311 964 3345 :
996 3296 1118 3346 tum
1164 3290 1299 3362 quia
1328 3291 1569 3346 termini

209 3367 541 3426 intermedii
569 3369 1026 3427 subordinantur
1051 3371 1261 3427 ultimo
1289 3371 1567 3429 termino:

211 3463 345 3523 ergo
372 3450 470 3522 qui
493 3455 673 3522 potest
719 3452 1018 3509 meritorie
1046 3451 1329 3525 attingere
1356 3452 1571 3508 termi-

213 3543 354 3583 num
409 3530 701 3596 ultimum,
734 3537 914 3604 potest
939 3531 1139 3588 eodem
1177 3531 1347 3589 modo
1389 3533 1570 3588 attin-

208 3623 342 3683 gere
353 3610 632 3668 terminos
647 3612 1041 3670 intermedios.
1054 3614 1201 3669 Tum
1222 3614 1418 3680 etiam,
1435 3614 1569 3687 quia

211 3708 350 3764 opus
378 3692 592 3758 bonum
620 3697 987 3756 constituitur
1022 3697 1084 3754 in
1115 3698 1341 3754 ratione
1385 3698 1572 3753 meri-

209 3775 346 3832 torii
392 3775 462 3833 de
507 3778 789 3855 condigno
818 3796 919 3852 per
959 3780 1217 3837 valorem
1261 3780 1568 3852 adaequan-

208 3862 323 3914 tem
346 3859 853 3918 aestimabilitatem
901 3862 1123 3934 praemii
1154 3883 1167 3917 ε
1195 3861 1294 3918 sed
1315 3862 1570 3920 aestima-

208 3938 402 3995 bilitas
423 3941 664 3998 termini
710 3943 921 4011 ultimi,
962 3959 1168 4017 nempe
1195 3945 1413 4019 gloriae,
1449 3959 1568 4001 non

206 4025 291 4077 est
327 4019 572 4079 inferior
623 4023 1071 4083 aestimabilitate
1108 4026 1347 4083 termini
1391 4024 1571 4081 inter-

210 4100 408 4170 medii,
443 4109 505 4159 ut
547 4104 777 4162 videtur
800 4123 900 4179 per
926 4122 987 4163 se
1026 4113 1227 4165 notum
1255 4123 1429 4183 :ergo
1470 4110 1570 4183 qui

210 4189 465 4242 meretur
504 4183 575 4242 de
595 4187 878 4263 condigno
920 4188 1243 4244 terminum
1267 4189 1565 4256 ultimum,

212 4270 392 4339 potest
419 4266 490 4325 de
509 4268 792 4344 condigno
819 4269 1032 4327 mereri
1060 4270 1344 4328 terminos
1391 4270 1573 4327 inter·

192 4347 449 4406 medios.

23 4440 172 4494 Objoe·
283 4431 374 4487 83.
419 4430 528 4487 Sed
560 4429 791 4505 objicies
817 4454 831 4488 ε
863 4448 999 4488 nam
1031 4433 1463 4505 perseverantia
1489 4437 1574 4489 est

139 4524 148 4534 ·
211 4512 493 4570 terminus
543 4513 767 4571 medius
819 4515 972 4571 inter
1016 4514 1291 4571 meritum
1329 4514 1493 4589 justi,
1520 4520 1574 4573 et

212 4596 485 4653 ultimum
529 4598 871 4665 terminum,
929 4613 1137 4670 nempe
1189 4599 1440 4673 gloriam
1475 4604 1575 4658 :et

209 4677 482 4735 similiter
525 4679 814 4753 reparatio
841 4684 964 4752 post
1004 4679 1231 4752 lapsum
1257 4681 1406 4737 solet
1446 4695 1573 4737 me-

209 4757 371 4816 diare
410 4759 564 4817 inter
611 4762 886 4818 meritum
916 4761 1075 4835 J'usti,
1107 4766 1163 4818 et
1183 4761 1388 4835 gloriae
1418 4778 1576 4819 asse-

210 4842 544 4916 quutionem
589 4866 602 4900 :
662 4853 718 4901 et
763 4844 1153 4902 nihilominus
1192 4844 1381 4918 justus
1430 4844 1575 4903 bene

210 4924 501 5000 operando
545 4932 802 4983 meretur
845 4925 916 4984 de
961 4925 1246 5000 condigno
1296 4927 1567 5001 gloriam,

208 5007 351 5081 quin
396 5005 468 5064 de
514 5005 799 5080 condigno
838 5013 1158 5074 mereatur,
1212 5013 1311 5065 ant
1357 5011 1575 5067 mereri

211 5089 387 5172 possit
453 5090 978 5162 perseverantiam,
1028 5094 1084 5148 et
1143 5092 1566 5164 reparationem

1716 588 1842 657 post
1883 584 2128 656 lapsum,
2181 588 2243 639 ut
2287 585 2506 641 constat
2546 596 2617 637 ex
2656 578 2830 636 dubio
2860 592 3066 651 praece·

1714 663 1894 732 denti,
1925 671 1983 722 et
2007 665 2286 723 constabit
2305 681 2377 722 ex
2402 662 2661 736 sequenti
2689 683 2702 717 :
2730 675 2868 734 ergo
2889 675 2959 715 ex
2986 664 3098 725 eo,'

1714 744 1864 820 quod
1912 753 2285 821 augmentum
2324 746 2524 821 gratiae
2550 760 2610 801 se
2637 741 2842 799 habeat
2871 745 2931 795 ut
2958 745 3079 797 ter—

1714 827 1913 885 minus
1961 827 2342 886 intermedius
2396 831 2649 900 respectu
2693 821 2911 897 glorias,
2960 836 3077 878 non

1716 916 1867 969 recte
1904 911 2216 986 colligitur,
2260 911 2501 985 Justum,
2547 908 2646 983 qui
2682 905 2752 964 de
2791 903 3077 978 condigno

1713 993 1962 1068 gloriam
1985 997 2261 1059 meretur,
2283 1007 2444 1066 posse
2463 990 2533 1049 de
2553 988 2835 1064 condigno
2857 986 3072 1043 mereri

1714 1083 2091 1151 augmentum
2125 1076 2346 1152 gratiae.

1787 1159 2184 1233 Respondetur
2221 1158 2713 1233 perseverantiam
2737 1170 2854 1212 non
2877 1169 2937 1210 se
2964 1153 3069 1209 ha-
3086 1184 3285 1230 Diluitur.

1713 1241 1849 1300 bere
1895 1258 1997 1314 per
2045 1242 2281 1299 modum
2328 1240 2566 1299 termini
2615 1236 2984 1303 intermedii,
3016 1242 3073 1291 et

1711 1321 2043 1396 subsequuti
2067 1327 2192 1396 post
2219 1323 2496 1380 meritum
2514 1316 2538 1389 ;Δ
2577 1319 2673 1377 sed
2695 1335 2756 1376 se
2783 1325 2980 1375 tenere
3001 1332 3073 1373 ex

1714 1409 1876 1477 parte
1923 1403 2197 1478 principii
2243 1404 2459 1471 meriti,
2511 1400 2660 1476 quod
2700 1404 2786 1456 est
2835 1400 3068 1473 gratia;

1712 1501 1850 1542 nam
1888 1491 1950 1542 ut
1989 1486 2105 1543 haec
2130 1485 2325 1543 eliciat
2365 1488 2553 1541 actum
2595 1480 2986 1544 meritorium,
3019 1484 3075 1534 et

1709 1567 2017 1625 constituat
2041 1568 2356 1641 subjectum
2390 1563 2908 1638 proportionatum,
2939 1565 2997 1615 ut
3019 1559 3073 1616 ei

1712 1651 1988 1707 meritum
2018 1648 2297 1721 proxime,
2329 1650 2384 1704 et
2404 1645 2668 1720 expedite
2695 1642 3066 1706 attribuatur,

1710 1730 1878 1790 debet
1925 1730 2198 1789 continuo
2245 1730 2569 1805 persistere.
2616 1726 2780 1783 Unde
2825 1726 2970 1781 sicut
2998 1724 3069 1781 ob

1712 1816 1859 1871 hanc
1886 1814 2168 1871 rationem
2193 1813 2388 1887 nequit
2412 1813 2585 1868 homo
2606 1809 2820 1866 mereri
2844 1806 2912 1863 de
2940 1823 3071 1864 con-

1711 1898 1885 1973 digno
1914 1899 2167 1971 primam
2211 1898 2460 1972 gratiam
2510 1891 2955 1969 justificantem3
2989 1890 3069 1946 ita

1712 1997 1815 2037 nec
1844 1981 2059 2037 mereri
2092 1980 2240 2037 valet
2267 1978 2486 2035 donum
2521 1974 2980 2049 perseverantiae,
3014 1977 3071 2029 et

1709 2062 1908 2138 gratiae
1943 2062 2474 2136 consequutionem.
2507 2061 2579 2113 Ut
2603 2057 2763 2114 enim
2792 2056 3067 2111 meritum

1711 2144 2040 2219 hujusmodi
2064 2145 2370 2216 praemium
2391 2145 2668 2206 causaret,
2697 2153 3068 2211 perseverare

1710 2241 1829 2283 non
1875 2224 2284 2283 mortificatum
2320 2223 2579 2289 debebat,
2611 2227 2667 2278 et
2695 2233 3066 2293 perseverare

1710 2322 1829 2364 non
1853 2313 2050 2380 potest,
2079 2308 2192 2364 nisi
2220 2311 2502 2379 supponat
2528 2304 2726 2378 gratiae
2755 2300 3065 2373 persisten-

1708 2389 1851 2445 tiam
1879 2433 1890 2455 ,
1955 2395 2018 2444 ut
2064 2390 2252 2462 latius>
2288 2388 2413 2443 dub.
2461 2405 2567 2465 seq.
2620 2380 3063 2441 declarabimus,

1709 2470 1876 2527 Unde
1902 2471 2077 2527 etiam
2107 2477 2256 2545 patet
2283 2469 2353 2527 ad
2375 2468 2453 2536 id,
2480 2468 2629 2542 quod
2651 2467 2863 2523 dicitur
2889 2463 2959 2520 de
2982 2479 3067 2520 re-

1710 2553 2008 2625 paratione
2036 2559 2158 2625 post
2201 2553 2461 2626 lapsum;
2495 2566 2630 2607 nam
2661 2550 2777 2606 haec
2803 2548 2978 2604 etiam
3006 2561 3068 2602 se

1709 2641 1865 2693 tenet
1905 2653 1977 2693 ex
2024 2642 2184 2709 parte
2212 2636 2484 2709 principii
2511 2633 2705 2690 meriti
2732 2637 2791 2688 ut
2815 2630 3065 2688 revivis-

1706 2719 1906 2785 centiS,
1938 2724 1995 2775 et
2021 2725 2145 2775 actu
2173 2719 2472 2776 efficaciter
2516 2714 2806 2773 causantis
2834 2710 3058 2787 praem'ii

1704 2799 2095 2858 existentiam.
2134 2798 2416 2855 Addimus
2464 2797 2887 2871 reparationem
2943 2799 3068 2868 post

1705 2882 1930 2954 lapsum
1974 2882 2272 2940 includere
2313 2881 2632 2939 necessario
2671 2878 3063 2937 conditionem

1702 2966 2086 3023 essentialiter
2117 2971 2532 3040 repugnantem
2579 2963 2819 3036 praemio
2849 2963 2909 3017 in
2938 2976 3061 3017 esse

1703 3047 1868 3113 talis;
1902 3063 2038 3103 nam
2085 3045 2156 3102 ab
2193 3048 2507 3103 intrinseco
2535 3045 2809 3117 supponit
2834 3043 3060 3099 extinc-

1704 3127 1920 3183 tionem
1954 3171 1966 3191 ,
2016 3143 2114 3183 seu
2162 3126 2663 3183 mortificationem
2693 3123 3057 3189 meritorum,

1703 3213 1872 3280 atque
1893 3206 2021 3264 ideo
2041 3206 2294 3265 excludit
2308 3223 2339 3262 a
2354 3208 2435 3264 sei
2443 3224 2541 3279 psa
2556 3209 2887 3277 conceptum
2913 3218 3060 3276 prae-

1703 3287 1828 3352 mii,
1860 3286 2011 3359 quod
2050 3285 2260 3343 dicitur
2288 3287 2399 3343 tale
2428 3303 2529 3359 per
2557 3284 2955 3341 habitudinem
2986 3285 3055 3341 ad

1701 3370 1979 3427 meritum
2031 3371 2253 3438 vivum,
2311 3376 2367 3429 et
2411 3367 2761 3444 expeditum,
2797 3371 2857 3423 ut
2885 3369 3058 3424 latius

1701 3451 2086 3524 explicuimus
2124 3451 2254 3508 dub.
2272 3450 2495 3525 praeced.
2531 3451 2660 3506 Haec
2686 3464 2825 3505 vero
2854 3448 3059 3505 incon-

1702 3534 1998 3591 venientia
2040 3549 2157 3591 non
2186 3540 2464 3607 apparent
2492 3533 2554 3589 in
2589 3535 2896 3604 augmento
2923 3548 3060 3605 gra-

1702 3615 1813 3683 tiae,
1833 3614 1982 3688 quod
2001 3615 2237 3674 aliunde
2250 3622 2470 3673 certum
2486 3620 2587 3680 est,
2616 3629 2777 3686 posse
2799 3611 3058 3672 mediare

1704 3697 1858 3752 inter
1906 3697 2156 3769 aliquem
2197 3702 2385 3754 actum
2433 3696 2822 3761 meritorium,
2856 3701 2910 3751 et
2935 3698 3062 3769 glo-

1704 3777 1877 3833 riam.
1923 3776 2089 3834 Unde
2117 3780 2314 3853 negari
2346 3794 2462 3834 non
2483 3776 2664 3844 debet,
2697 3775 2847 3850 quod
2872 3777 3059 3850 justus

1705 3858 1882 3931 possit
1902 3858 2049 3914 illud
2074 3863 2283 3917 mereri
2309 3860 2377 3918 de
2398 3858 2700 3933 condigno.
2745 3858 2904 3924 Quod
2932 3860 3061 3916 evi-

1703 3938 1930 3997 dcntius
1974 3942 2257 3999 constabit
2306 3942 2654 4001 occurrendo
2705 3942 3063 4016 argumentis

1703 4025 2007 4081 contrariae
2031 4023 2348 4099 opinionis.

2296 4213 2328 4280 g
2368 4212 2436 4266 11.

1929 4357 2144 4418 Motiva
2171 4359 2417 4433 opposita
2438 4357 2833 4415 convelluntur.

1780 4516 1867 4570 84.
1914 4517 2124 4573 Contra
2154 4522 2426 4583 nostram,
2450 4520 2506 4572 et
2526 4530 2895 4571 communem
2926 4529 3062 4571 sen-
3075 4538 3253 4595 egum,

1706 4596 1949 4654 tentiam
1994 4602 2148 4654 stare
2174 4598 2447 4654 videntur
2483 4599 2547 4652 D.
2579 4597 2894 4653 Bonavent.
2921 4598 2980 4652 in
3002 4598 3057 4661 2,
3078 4593 3135 4631 ¹¹²¹
3153 4598 3253 4631 ⁰⁰¹¹·

3102 4638 3246 4682 truta.

1704 4681 1834 4736 dist.
1861 4682 1915 4748 2,
1948 4688 2059 4738 art.
2091 4683 2144 4746 2,
2173 4689 2354 4759 quast.
2385 4683 2439 4737 2.
2473 4678 2793 4736 Richardus
2822 4678 3058 4747 ibidem,
3079 4688 3274 4733 ursona.

1706 4768 1986 4837 quatenus
2011 4762 2285 4820 meritum
2309 4768 2560 4838 respectu
2596 4761 2889 4835 augmenti
2929 4778 3066 4836 gra-

1708 4845 1803 4902 tiae
1828 4860 1946 4901 non
1967 4845 2259 4916 appellant
2280 4844 2350 4902 de
2363 4844 2662 4919 condigno,
2674 4842 2771 4899 sed
2784 4842 2854 4900 de
2869 4842 3062 4918 digno,

1707 4926 1832 4983 sive
1859 4926 2015 4982 intra
2064 4926 2430 4983 latitudinem
2452 4925 2689 5001 congrui
2720 4924 3070 4998 perfectissi-

1709 5023 1874 5063 mum
1920 5028 1934 5064 ε
1983 5012 2041 5063 et
2082 5007 2357 5064 similiter
2403 5007 2657 5064 Durand.
2707 5005 2891 5061 eadem
2935 5004 3277 5074 ‘lm-nunna.

1702 5097 1884 5168 quaest.
1917 5091 1974 5158 2,
2005 5106 2157 5147 mam.
2192 5091 2274 5146 12.
2301 5092 2370 5148 Ν.
2396 5088 2729 5149 Waldensis
2764 5095 2893 5143 tom.
2933 5086 2967 5138 3
3012 5085 3076 5139 ds
3089 5080 3284 5125 walnen.
