3647 5753
1522 416 1699 473 DISP.
1744 417 1838 483 lx,
1884 417 2046 472 DUB.
2080 417 2149 473 1.·
3071 419 3181 476 289

130 596 267 637 luno·
323 583 483 640 tiam.
518 606 545 637 «
567 586 999 653 PraesumimuS,
1020 589 1202 664 inquit
1228 585 1513 659 Pontifex,
1538 584 1689 660 quod

85 646 304 689 ⁶⁹⁰²·¹¹¹·
330 686 354 717 o
385 663 613 722 volebat
630 665 735 721 snb
759 667 1086 740 praescripta
1101 667 1287 726 forma
1302 668 1520 742 jurare,
1537 664 1688 740 quod

327 767 354 798 α
397 746 680 803 immunis
718 753 844 805 erat
893 747 964 805 ab
1004 749 1124 806 illis
1168 748 1536 815 criminibus,
1577 753 1683 806 etc.

328 848 355 880 α
396 832 669 900 tanquam
714 828 969 886 dimissis
1008 846 1109 904 per
1135 831 1535 905 poenitentiam
1565 828 1685 902 jam

324 928 352 959 «
395 913 540 964 esset
579 909 861 966 immunis
901 909 972 967 ab
1018 911 1157 967 illis.
1188 910 1295 968 Sed
1342 911 1446 969 hoc
1485 910 1686 984 jurare

326 1009 353 1039 (ι
398 1003 518 1045 non
568 1005 756 1063 parvae
803 990 1144 1047 temeritatis
1191 991 1493 1056 existeret,
1553 1005 1685 1046 cum

323 1087 350 1119 α
394 1068 460 1122 Β.
481 1066 588 1124 Job
610 1066 759 1125 dicat
793 1090 806 1124 ε
838 1069 956 1125 Etsi
983 1069 1231 1142 simplex
1251 1070 1435 1135 fuero,
1465 1069 1570 1126 hoc
1591 1068 1684 1141 ip-

326 1169 354 1201 α
393 1163 525 1204 sum
553 1147 842 1223 ignorabit
879 1150 1078 1207 anima
1104 1165 1306 1207 mea.»
1342 1149 1451 1205 Ubi
1483 1148 1684 1207 Ponti-

321 1229 416 1286 fex
444 1229 834 1302 reprehendit,
882 1237 940 1288 et
964 1232 1203 1290 damnat
1242 1232 1355 1289 tale
1376 1231 1685 1306 juramen-

321 1313 466 1377 tum,
485 1325 603 1367 non
616 1311 804 1369 solum
826 1312 962 1384 quia
982 1312 1451 1385 Archiepiscopns
1474 1311 1684 1386 injuste

319 1405 457 1445 usus
483 1389 659 1447 fuerit
682 1392 1152 1466 aequivocatione,
1185 1409 1303 1451 non
1332 1391 1683 1465 respondens

310 1472 476 1545 juxta
504 1477 756 1530 mentem
793 1472 1004 1546 judicis
1032 1475 1287 1549 legitime
1315 1474 1682 1548 interrogan-

316 1553 419 1619 tis;
447 1552 545 1610 sed
576 1554 773 1621 etiam,
805 1561 862 1611 et
909 1555 1209 1629 praecipue,
1259 1557 1398 1629 quia
1434 1555 1576 1612 dum
1620 1570 1683 1613 se

314 1634 571 1692 absolute
590 1636 873 1710 judicavit
894 1653 927 1693 a
956 1637 1405 1710 praecedentibus
1441 1637 1683 1711 peccatis

314 1717 641 1775 immunem
671 1736 772 1792 per
800 1719 1222 1792 poenitentiam,
1270 1722 1375 1779 hoc
1396 1719 1683 1795 judicium

306 1798 637 1871 juramento
659 1797 1006 1869 firmaverit,
1035 1806 1202 1873 atque
1222 1800 1352 1858 ideo
1380 1807 1596 1858 temere
1617 1800 1680 1856 in

309 1882 562 1956 jurando
607 1883 961 1957 processerit.
1021 1881 1132 1939 Ubi
1173 1888 1366 1955 aperte
1409 1882 1680 1956 supponit

314 1963 602 2032 Pontifex,
651 1970 708 2022 et
737 1964 1083 2022 authoritate
1109 1964 1420 2036 Scripturas
1463 1961 1679 2021 confir-

314 2048 449 2110 mat,
477 2045 701 2102 nemini
722 2044 1039 2102 secundum
1067 2058 1436 2102 communem
1479 2044 1679 2116 provi-

314 2124 570 2182 dentiam
600 2142 762 2199 posse
787 2127 868 2182 ita
888 2131 1041 2183 certo
1060 2125 1131 2181 de
1155 2141 1259 2181 sua
1274 2123 1498 2198 justitia
1520 2140 1679 2181 cons·

317 2210 455 2273 tare,
491 2212 552 2263 ut
577 2223 705 2264 eam
745 2207 1078 2281 juramento
1104 2205 1315 2281 absque
1354 2204 1678 2262 temeritate

321 2290 506 2346 valeat
532 2306 807 2347 asserere.

393 2370 450 2424 9.
481 2369 866 2428 confirmatur
912 2370 1101 2437 terti0,
1133 2369 1267 2442 quia
1305 2369 1355 2424 si
1384 2369 1556 2426 homo
1582 2384 1676 2425 se-

320 2449 569 2506 cundum
609 2467 994 2517 communem,
1025 2457 1080 2508 et
1109 2454 1449 2523 praesentem
1475 2449 1676 2523 gratias

323 2532 772 2604 providentiam,
822 2539 1042 2590 tantam
1093 2530 1498 2590 certitudinem
1557 2548 1673 2588 suae

315 2614 553 2687 justitiae
581 2615 785 2673 habere
825 2621 1023 2690 posset,
1055 2620 1119 2672 ut
1151 2614 1476 2672 excluderet
1501 2630 1674 2671 omne

317 2694 579 2763 dubium,
619 2701 675 2752 et
719 2695 1115 2765 formidinem,
1149 2711 1253 2752 nec
1284 2696 1483 2752 minus
1520 2701 1673 2753 certo

316 2790 442 2832 eam
486 2773 596 2831 sibi
642 2776 836 2833 adesse
880 2775 1156 2842 crederet,
1204 2790 1376 2848 quam
1426 2777 1670 2832 Romam

311 2854 574 2923 existere,
606 2854 665 2911 id
695 2856 978 2929 praecipue
1020 2857 1373 2929 contingeret
1421 2854 1484 2911 in
1527 2854 1671 2912 viris

313 2937 704 3002 sanctissimis,
729 2938 828 3009 qui
855 2938 1081 3012 negotio
1106 2937 1310 2993 salutis
1329 2952 1558 2992 summa
1586 2937 1672 2994 vi-

311 3018 551 3092 gilantia
597 3019 961 3077 incumbunt.
1010 3022 1152 3075 Cum
1195 3019 1355 3076 enim
1402 3017 1670 3091 praedicta

310 3097 587 3156 certitudo
642 3099 878 3168 debeat,
934 3099 1242 3174 suppositis
1298 3098 1669 3174 generalibus

310 3182 408 3238 Dei
445 3182 944 3255 promissionibus,
977 3182 1213 3239 fundari
1241 3183 1306 3238 in
1336 3181 1502 3238 bonis
1527 3196 1668 3254 ope-

313 3261 489 3330 ribus,
533 3269 591 3320 et
635 3264 926 3321 exercitiis
953 3262 1203 3329 virtutis,
1246 3262 1454 3335 quibus
1493 3263 1666 3320 homo

130 2374 282 2432 Tcrtio.

308 3343 509 3401 divina
531 3344 717 3419 gratia
744 3343 968 3419 adjutus
994 3343 1066 3399 ad
1100 3344 1222 3417 ejus
1255 3343 1658 3417 receptionem,
1675 3344 1687 3351 ’

305 3429 362 3481 et
400 3430 771 3499 augmentum
811 3441 873 3482 se
918 3423 1188 3497 disponit,
1234 3424 1298 3482 in
1337 3424 1421 3481 eis
1462 3424 1663 3497 praeci-

308 3520 417 3577 pue
463 3506 580 3562 haic
623 3505 920 3574 certitudo,
970 3512 1026 3562 et
1067 3506 1344 3563 securitas
1396 3521 1662 3580 assurge-

309 3590 413 3652 ret,
437 3588 535 3659 qui
563 3588 872 3645 sanctiores
891 3593 1044 3644 sunt.
1069 3589 1239 3661 Atqui
1267 3589 1384 3646 viri
1417 3588 1662 3645 sanctis-

301 3667 437 3722 simi
486 3683 604 3725 non
651 3669 731 3725 ita
772 3668 1234 3726 certificabantur
1271 3669 1342 3727 de
1380 3685 1497 3725 suae
1535 3670 1661 3744 jus-

301 3747 441 3804 titiae
483 3754 653 3815 statu,
702 3750 844 3822 quin
891 3750 1220 3824 frequenter
1265 3751 1557 3817 timerent,
1604 3754 1662 3807 et

299 3827 647 3886 dubitarent.
681 3832 829 3904 Ergo
874 3831 1104 3906 signum
1133 3831 1507 3888 manifestum
1550 3835 1653 3898 est,

299 3908 597 3967 hominem
648 3910 962 3968 secundum
1026 3927 1394 3969 communem
1459 3911 1659 3986 gratiae

300 3989 725 4060 providentiam
759 4006 876 4047 non
910 3992 991 4048 ita
1028 3991 1097 4048 de
1143 3992 1266 4066 ejus
1305 3992 1658 4064 possessione

298 4067 426 4127 fieri
453 4076 691 4137 certum,
723 4076 780 4129 et
798 4087 1084 4137 securum,
1117 4077 1178 4128 ut
1198 4087 1370 4129 omne
1389 4072 1652 4139 dubium,

293 4155 352 4205 et
376 4149 749 4208 formidinem
774 4158 916 4220 actu,
941 4157 999 4210 et
1018 4151 1217 4209 habitu
1243 4158 1428 4220 exuat,
1455 4157 1512 4210 et
1534 4169 1658 4225 per·

296 4229 429 4287 inde
471 4248 533 4288 se
577 4231 649 4289 ad
696 4232 862 4290 illam
910 4232 1134 4300 habeat,
1182 4249 1246 4290 ac
1279 4250 1341 4291 se
1378 4232 1548 4291 habet
1584 4233 1654 4291 ad

296 4314 490 4370 Romae
522 4314 910 4371 existentiam.
942 4315 1153 4383 Minor,
1189 4316 1252 4372 in
1277 4331 1389 4388 qua
1437 4320 1656 4388 poterat

294 4408 414 4449 esse
440 4392 758 4462 difficultas,
786 4395 962 4467 liquet
982 4400 1103 4450 tum
1127 4395 1502 4468 experientia,
1530 4400 1654 4452 tum

297 4473 536 4531 lectione
584 4475 961 4533 historiarum
1009 4499 1022 4533 :
1063 4483 1121 4535 et
1147 4483 1210 4532 nt
1247 4477 1364 4534 alia
1388 4477 1654 4550 exempla

102 4574 248 4620 'rimor
294 4553 646 4621 omittamuS,
674 4557 729 4611 S.
764 4556 825 4612 P.
859 4558 926 4613 N.
963 4557 1229 4614 Hilarion
1254 4560 1376 4630 post
1397 4558 1654 4630 plurima

89 4624 257 4719 ὃῧηῑζῇῗ·
295 4634 594 4702 miracula,
647 4640 772 4709 post
796 4637 1023 4712 egregia
1049 4638 1332 4694 virtutum
1375 4636 1646 4712 insignia,

290 4722 415 4790 post
448 4732 709 4774 summos
736 4719 1078 4791 asperitatis,
1106 4725 1165 4777 et
1191 4716 1651 4776 mortificationis

290 4796 535 4865 labores,
571 4798 746 4854 morti
779 4798 900 4873 jam
928 4799 1246 4872 proximus,
1277 4814 1407 4855 cum
1431 4814 1504 4856 ex
1529 4816 1649 4858 suae

284 4878 488 4936 salutis
533 4877 868 4945 formidine,
898 4883 956 4935 et
994 4878 1196 4952 judicii
1237 4879 1478 4936 horrore
1509 4895 1650 4937 con-

282 4959 622 5026 flictaretur,
654 4958 927 5031 spiritum
954 4964 1154 5016 contra
1175 4958 1651 5032 hujusmodihor-

283 5058 443 5102 rores
470 5042 698 5115 erigere
712 5056 858 5112 opus
870 5039 1071 5097 habuit
1088 5042 1178 5098 his
1195 5040 1425 5099 vocibus
1445 5062 1461 5098 ε
1479 5041 1647 5113 Effla-

1820 586 1960 653 dere,
1993 589 2127 666 quid
2148 588 2343 645 times?
2369 588 2640 659 Eyredere
2665 591 2861 644 anima
2885 604 3027 654 mea,
3058 587 3190 659 quid
3220 600 3374 657 san.

1819 670 2042 726 dubitas
2062 670 2093 724 P
2129 670 2495 745 Septuaginta
2533 689 2703 744 propa
2752 671 2920 725 annis
2969 670 3190 724 servisti
3244 649 3366 741 25¹1}

1759 800 1762 801 a
1822 747 2063 818 Christo,
2105 757 2155 804 et
2199 758 2427 807 mortem
2451 752 2650 806 times?
2676 750 2830 807 Licet
2857 749 3021 806 enim
3068 746 3188 804 viri

1820 831 2067 903 perfecte
2092 828 2434 888 fidissimam
2472 847 2632 903 spem
2659 829 2984 903 concipiant
3010 828 3188 885 mise-

1821 909 2083 967 ricordiae
2120 909 2356 978 divinas,
2398 916 2453 968 et
2480 927 2627 984 saepe
2654 925 2899 967 numero
2927 908 3188 965 maxima

1820 1006 1974 1064 pace,
2023 996 2079 1048 et
2117 991 2422 1047 securitate
2452 989 2723 1047 fruantur
2755 1012 2768 1046 ε
2800 988 3186 1046 nihilominus

1817 1068 1957 1126 dum
2005 1070 2299 1144 propriam
2329 1070 2824 1129 defectibilitatem
2856 1068 3181 1137 attendunt,

1816 1148 1889 1206 de
1931 1167 2035 1208 sua
2073 1149 2299 1224 iustitia
2324 1150 2641 1208 formidare
2667 1154 2920 1223 possunt,
2964 1153 3020 1205 et
3066 1163 3184 1204 non

1814 1230 1998 1287 semel
2020 1229 2361 1287 formidant.

1893 1314 2008 1368 Nec
2030 1311 2201 1386 hujus
2245 1311 2579 1369 formidinis
2604 1312 2852 1370 defectus
2891 1312 3185 1368 excellen-

1815 1392 2024 1450 tiorem
2051 1392 2412 1450 sanctitatem
2437 1392 2670 1459 indicat,
2698 1392 2799 1449 sed
2822 1391 3007 1466 potius
3023 1396 3185 1464 tepo-

1816 1486 1942 1528 rem
1968 1476 2026 1527 et
2045 1470 2339 1529 socordem
2368 1489 2432 1530 ac
2469 1473 2669 1529 minus
2697 1472 2983 1528 humilem
3011 1471 3184 1528 affec-

1813 1557 1975 1620 tum;
2012 1567 2147 1609 nam
2182 1554 2280 1625 qui
2316 1571 2547 1612 summa
2571 1571 2709 1611 cura
2737 1571 2856 1612 suae
2882 1554 3056 1610 saluti
3085 1553 3184 1609 in·-

1814 1634 2080 1708 vigilant,
2140 1632 2471 1707 frequenter
2520 1636 2847 1693 excitantur
2900 1636 3182 1708 peracutis

1812 1714 2158 1787 quibusdam
2183 1715 2535 1785 formidinis,
2566 1724 2623 1776 et
2648 1718 2956 1775 anxietatis
2976 1717 3182 1773 stimu-

1811 1795 1905 1864 lis,
1933 1801 1993 1851 ut
2014 1795 2203 1867 inquit
2222 1799 2288 1853 D.
2317 1798 2587 1855 Laurent.
2612 1801 2642 1852 J
2650 1798 2977 1855 ustinianus
2997 1801 3058 1853 in
3079 1799 3174 1854 lib.
3193 1824 3389 1868 nantem.

1809 1877 1877 1931 de
1896 1883 2044 1932 casto
2064 1876 2350 1947 connubio,
2382 1897 2502 1951 cap.
2540 1878 2624 1945 15,
2655 1878 2744 1934 his
2774 1878 2967 1935 verbis
2992 1900 3006 1935 z
3042 1901 3069 1932 α
3093 1877 3177 1934 Ad
3216 1873 3350 1966 ἐξὲξ·

1818 1980 1847 2012 α
1889 1956 2323 2030 reprimendam
2352 1959 2607 2015 hominis
2634 1959 2931 2017 audaciam
2954 1961 3180 2034 sapien·
3327 1956 3337 1964 “

1818 2064 1846 2094 α
1886 2041 2109 2098 tissime
2134 2039 2428 2097 interdum
2455 2056 2517 2097 se
2543 2040 2831 2113 subtrahit
2868 2044 3173 2116 sapientia,

1817 2143 1845 2175 α
1887 2136 2006 2178 non
2056 2120 2304 2178 odiendo
2328 2165 2341 2188 ,
2399 2137 2517 2177 non
2569 2122 2990 2180 contemnendo
3009 2168 3022 2190 ,
3077 2122 3176 2180 sed

1817 2226 1845 2259 «x
1886 2203 2155 2261 amando.
2186 2204 2323 2268 Quis
2353 2208 2545 2260 autem
2575 2205 2690 2260 nisi
2711 2204 3051 2277 quandoque
3079 2221 3175 2263 re-

1816 2307 1847 2339 «
1886 2286 2053 2342 lictus
2072 2285 2182 2342 sibi
2210 2284 2505 2358 propriam
2528 2291 2856 2360 agnosceret
2883 2286 3174 2360 fragilita-

1816 2388 1844 2419 «
1884 2367 2375 2435 temPContinuus
2400 2362 2687 2423 successus
2708 2367 3060 2424 occasionem
3084 2383 3181 2440 pa-

1815 2470 1843 2501 «
1885 2453 1974 2504 rat
1985 2447 2274 2505 elationis.
2293 2448 2403 2504 Vix
2421 2448 2631 2522 quippe
2652 2449 2893 2523 flagellis
2913 2447 3175 2505 eruditus

1813 2550 1842 2582 α
1883 2529 2136 2595 animus,
2181 2533 2237 2586 et
2282 2528 2696 2586 tentationibus
2721 2530 2980 2588 attristus
3005 2545 3169 2586 suam

1813 2630 1841 2663 α
1883 2611 2034 2667 valet
2060 2609 2390 2683 intelligere
2417 2608 2841 2667 infirmitatem.
2866 2610 2943 2667 Et
2970 2611 3128 2684 infra
3155 2630 3172 2664 .-

1811 2711 1839 2743 α
1880 2691 2088 2746 Nullus
2113 2690 2479 2762 experiretur
2500 2690 2658 2757 talia,
2692 2690 2806 2746 nisi
2833 2690 2935 2763 qui
2955 2689 3170 2748 arden-

1811 2791 1839 2822 «
1880 2774 1967 2827 ter
2010 2768 2215 2842 diligit.
2263 2770 2482 2845 Ignitus
2509 2786 2647 2828 vero
2675 2786 2838 2828 amor
2864 2787 2936 2831 ex
2970 2771 3171 2842 priva-

1810 2872 1837 2905 α
1879 2852 2036 2910 tione
2072 2851 2418 2926 agnoscitur.
2465 2852 2572 2919 Qui
2614 2869 2819 2926 parum
2863 2857 3036 2921 amat,
3070 2868 3171 2911 nec

1808 2954 1836 2985 α
1875 2932 2066 2990 dilecti
2091 2948 2342 2990 recessus
2362 2949 2557 2991 causas
2579 2934 2844 3007 inquirit,
2879 2950 2981 2991 nec
3001 2950 3171 2991 exur-

1807 3035 1847 3067 α·
1874 3013 1976 3088 git,
2006 3020 2069 3070 ut
2088 3020 2309 3087 quaerat
2332 3036 2345 3070 :
2366 3031 2483 3071 non
2503 3015 2682 3089 gemit
2703 3032 2805 3088 pro
2827 3015 3051 3082 dilecto,
3071 3031 3167 3071 ne·

1806 3114 1835 3147 α
1873 3109 1983 3165 que
2001 3093 2155 3151 dolet
2183 3111 2286 3167 pro
2306 3094 2535 3152 delicto.
2559 3098 2687 3152 Non
2710 3101 2906 3153 autem
2935 3095 3034 3164 ita,
3063 3096 3164 3168 qui

1806 3198 1833 3230 α
1872 3175 2063 3251 diligit
2090 3177 2356 3234 multum.
2388 3178 2697 3249 Nunquam
2717 3178 2877 3235 enim
2906 3178 3033 3235 sine
3059 3176 3166 3234 do-

1804 3277 1833 3310 «
1874 3258 1996 3316 lore
2022 3258 2327 3326 amittitur,
2353 3256 2502 3330 quod
2525 3274 2657 3314 cum
2685 3260 2942 3316 maximo
2968 3275 3167 3317 amore

1804 3359 1831 3391 α
1874 3338 2212 3411 possidetur.
2239 3338 2470 3395 Amoris
2493 3339 2857 3397 vehementia
2871 3357 2945 3397 ex
2967 3340 3166 3413 inqui-

1802 3440 1830 3472 «
1878 3419 2089 3476 sitione
2153 3420 2480 3494 colligitur.
2539 3420 2852 3494 Legitimus
2916 3437 3166 3494 namque

1802 3521 1830 3554 α
1871 3506 2097 3558 amator
2142 3517 2278 3557 mox
2318 3507 2381 3557 ut
2427 3499 2582 3557 abest
2608 3517 2869 3573 sponsus,
2904 3501 3055 3558 redit
3093 3502 3165 3558 ad

1800 3602 1829 3634 α
1867 3595 1945 3649 se,
1969 3580 2156 3638 cordis
2175 3580 2265 3636 sui
2296 3580 2544 3638 latebras
2567 3582 2891 3654 perlustrat,
2912 3580 3165 3657 diligen-

1800 3683 1828 3716 «
1875 3666 1964 3719 ter
1985 3661 2358 3728 intentiones,
2389 3663 2777 3737 cogitationes,
2805 3661 3164 3720 affectiones-

1799 3762 1827 3795 «
1867 3757 1977 3814 que
2002 3742 2333 3809 examinat;
2374 3743 2425 3798 si
2466 3742 2604 3815 quid
2644 3743 2707 3799 in
2738 3744 2967 3808 verbis,
3018 3743 3067 3799 si
3097 3744 3161 3801 in

1798 3844 1825 3876 α
1868 3822 2032 3880 factis
2083 3823 2432 3896 deliquerit,
2496 3824 2786 3882 subtiliter
2840 3825 3112 3901 dijudicat
3141 3851 3157 3894 ;

1797 3926 1825 3958 α
1866 3910 2063 3962 utrum
2091 3922 2226 3981 erga
2254 3906 2494 3964 fratrem
2539 3908 2872 3980 peccaverit,
2903 3913 3001 3966 aut
3024 3925 3159 3981 pro-

1795 4008 1822 4040 «
1864 3986 2027 4044 ximo
2069 4003 2173 4044 suo
2200 3985 2420 4061 aliquid
2453 3987 2710 4044 scandali
2740 3991 3032 4062 posuerit,
3065 3993 3156 4048 vel

1796 4088 1822 4121 α
1863 4066 2213 4134 offendiculi,
2247 4073 2613 4126 rememorat.
2658 4089 2683 4120 »
2730 4071 2800 4126 Et
2847 4070 3155 4128 illumina-

1789 4147 2012 4206 tissima
2034 4149 2232 4223 Virgo,
2257 4154 2312 4206 et
2338 4151 2416 4206 M.
2443 4151 2511 4206 N.
2539 4150 2814 4207 'theresia
2837 4167 2956 4208 non
2975 4155 3154 4210 semel
3182 4161 3348 4209 ΜΝΞ.

1785 4236 2020 4302 experta
2057 4236 2143 4287 est
2183 4231 2332 4288 hunc
2361 4231 2698 4290 formidinis
2721 4275 2735 4299 ,
2764 4239 2821 4289 et
2846 4232 3155 4292 dubietatis
3192 4208 3352 4303 Τζῖξω

1789 4326 2160 4382 peramarum
2188 4327 2523 4387 anguorem,
2551 4318 2615 4369 ut
2633 4312 2753 4385 ipsa
2773 4317 3011 4371 testatur
3035 4315 3157 4388 plu-

1787 4390 1948 4448 ribus
1996 4408 2235 4449 suorum
2273 4393 2620 4465 scriptorum
2669 4396 2824 4453 locis.
2877 4396 3155 4454 Videatur

1784 4492 1904 4547 cap.
1947 4476 1991 4541 l,
2023 4477 2298 4532 mansion.
2323 4478 2378 4542 4,
2409 4474 2506 4531 ubi
2529 4477 2610 4532 ait
2635 4498 2687 4532 :a
2729 4480 3004 4537 Passanse
3030 4485 3152 4537 ter-

1790 4575 1817 4608 «
1862 4553 2038 4610 ribles
2073 4553 2342 4628 trabajos,
2377 4571 2590 4630 porque
2631 4572 2707 4614 no
2733 4574 2837 4614 nos
2875 4557 3154 4618 entende-

1790 4657 1816 4690 α
1859 4652 2003 4702 mos,
2035 4652 2072 4710 y
2111 4636 2167 4693 lo
2210 4653 2321 4711 que
2342 4653 2417 4694 no
2442 4653 2505 4694 es
2531 4640 2685 4696 malo
2708 4682 2722 4706 ,
2765 4640 2895 4698 sino
2943 4640 3146 4709 bueno,

1789 4738 1816 4771 «x
1859 4732 2162 4789 pensamos
2189 4733 2298 4789 que
2329 4733 2390 4774 es
2423 4719 2632 4775 mucha
2652 4722 2840 4794 culpa.
2870 4741 2896 4771 »
2930 4723 2998 4777 Et
3024 4741 3145 4796 cap.

1790 4801 1809 4855 1
1842 4843 1856 4867 ,
1901 4799 2177 4855 mansion.
2205 4800 2241 4854 6
2268 4842 2283 4868 ,
2318 4798 2416 4855 nbi
2440 4799 2631 4873 inquit
2657 4823 2671 4858 ε
2701 4824 2728 4856 α
2760 4802 2982 4860 Vienen
3008 4821 3151 4863 unas

1788 4903 1814 4935 α
1855 4879 2234 4953 sequedades,
2276 4897 2388 4953 que
2428 4898 2629 4954 parece
2672 4900 2783 4957 que
2806 4884 2994 4960 jamas
3025 4903 3088 4946 se
3115 4906 3149 4946 a

1787 4983 1814 5015 α
1856 4960 2137 5019 acordado
2162 4960 2232 5018 de
2257 4962 2394 5019 Dios
2412 5006 2425 5029 ,
2470 4962 2533 5019 ni
2561 4979 2622 5021 se
2642 4980 2677 5021 a
2701 4964 2771 5023 de
2797 4966 3074 5026 acordar:
3105 4987 3146 5044 y

1786 5065 1813 5097 «
1855 5059 2018 5101 como
2045 5059 2165 5101 una
2205 5059 2468 5118 persona,
2512 5045 2584 5103 de
2620 5047 2796 5119 quien
2835 5064 2945 5123 oyo
2981 5049 3140 5109 dezir
