3647 5753
273 2475 483 2524 Diruitur.

517 440 620 495 180
1445 457 1448 458 ἡ
1532 440 1626 495 DE
1665 438 1936 495 GRATIA
1973 407 2317 494 Erchci.

506 611 715 668 elicere
733 611 1125 683 operationem
1153 610 1280 669 sine
1299 611 1409 681 his,
1442 628 1474 669 a
1494 610 1703 686 quibus
1723 627 1862 683 ope-

508 691 654 748 ratio
680 691 1061 749 essentialiter
1081 691 1361 765 dependet
1386 712 1400 748 z
1424 708 1560 768 ergo
1584 693 1633 749 si
1656 707 1864 764 opera-

505 773 586 829 tio
629 771 910 845 dependet
945 774 1330 831 essentialiter
1369 790 1717 831 a.concursu
1760 775 1861 833 Dei

505 855 722 928 praevio
751 897 764 920 ,
807 860 864 911 et
901 856 1129 924 efficaci,
1197 857 1458 929 sequitur
1494 856 1646 930 quod
1687 858 1863 917 homo

504 951 705 993 carens
725 934 989 1008 praedicto
1015 952 1289 995 concursu
1319 954 1437 995 non
1459 938 1636 1011 possit
1654 955 1862 1013 opera-

508 1016 725 1073 tionem
746 1016 970 1075 elicere.
991 1018 1230 1074 Falsitas
1251 1022 1442 1076 autem
1462 1021 1861 1093 consequentis

503 1103 589 1154 est
608 1096 913 1154 manifesta
934 1118 947 1153 ε
965 1101 1087 1154 tum
1102 1096 1239 1171 quia
1257 1098 1384 1155 sine
1404 1114 1680 1155 concursu
1707 1117 1861 1173 prae-

502 1179 597 1236 vio
613 1221 626 1245 ,
652 1184 708 1235 et
725 1178 932 1237 efficaci
956 1184 1192 1252 possunt
1216 1179 1452 1244 salvari.
1484 1184 1541 1238 et
1567 1182 1861 1240 multoties

500 1261 712 1318 dantur
750 1262 949 1318 omnia
993 1261 1297 1334 principia,
1341 1267 1398 1318 et
1437 1262 1658 1319 auxilia
1695 1264 1850 1320 suffi-

498 1343 709 1401 cientia
733 1342 802 1400 ad
824 1341 1127 1418 agendum,
1159 1348 1222 1399 ut
1240 1344 1628 1401 communiter
1655 1344 1859 1402 docent

501 1425 826 1492 Thomistae,
858 1428 913 1481 et
937 1424 1245 1480 statuimus
1271 1425 1412 1498 disp.
1450 1426 1676 1498 praeoed.
1720 1426 1847 1483 dub.

510 1507 526 1560 l
561 1528 575 1572 ;
604 1520 739 1580 ergo
765 1505 937 1582 homo
964 1504 1181 1562 habens
1202 1505 1305 1561 illa
1327 1504 1540 1562 auxilia
1569 1504 1854 1564 sufficien-

500 1584 598 1652 tia,
630 1590 687 1641 et
722 1600 924 1641 careus
965 1583 1068 1642 illo
1107 1600 1380 1642 concursu
1427 1584 1635 1642 efficaci
1675 1591 1857 1658 potest

495 1664 840 1738 simpliciter
855 1665 1247 1739 operationem
1258 1666 1638 1723 elicere.Tum
1654 1667 1850 1734 etiam,

500 1747 634 1819 quia
658 1762 729 1804 ex
767 1747 1024 1820 opposito
1052 1745 1240 1811 fieret,
1294 1762 1528 1819 omnem
1554 1747 1854 1806 hominem

498 1828 596 1901 qui
625 1826 839 1885 omittit
865 1827 1276 1900 operationem,
1302 1832 1358 1884 et
1382 1827 1699 1886 omittendo
1724 1846 1856 1903 pec-

497 1914 603 1975 cat,
653 1924 771 1965 non
812 1923 971 1981 posse
1012 1908 1175 1964 illam
1221 1907 1595 1966 omissionem
1624 1909 1848 1982 vitare,

497 1994 664 2063 atque
690 1988 816 2046 ideo
844 2004 1071 2061 peccare
1115 1988 1178 2045 in
1205 2005 1271 2046 eo
1310 1988 1459 2062 quod
1513 2006 1632 2047 non
1672 1997 1855 2064 potest

496 2086 615 2128 non
637 2070 898 2127 omittere
922 2069 1010 2125 :id
1027 2075 1216 2127 autem
1240 2075 1322 2128 est
1344 2068 1848 2143 absurdissimum,
1884 2121 1888 2126 .

494 2167 624 2207 cum
653 2166 825 2209 nemo
846 2156 1028 2224 peccet
1045 2152 1106 2208 in
1119 2168 1207 2219 e0,
1226 2150 1374 2225 quod
1391 2152 1648 2212 absolute
1667 2155 1855 2214 vitare

496 2245 614 2289 non
641 2236 839 2305 potest,
872 2237 934 2288 ut
958 2230 1310 2288 ostendimus
1337 2234 1458 2289 loco
1484 2234 1654 2292 citato
1679 2258 1692 2293 ε
1716 2253 1853 2313 ergo

495 2310 669 2369 homo
707 2327 908 2369 carens
957 2327 1233 2369 concursu
1264 2313 1495 2386 praevio,
1538 2318 1595 2371 et
1639 2315 1851 2373 efficaci

493 2389 563 2447 ad
592 2391 967 2464 operandum,
1002 2398 1183 2464 potest
1206 2392 1548 2465 simpliciter
1595 2396 1845 2468 operari.

574 2473 718 2529 Huic
744 2479 1081 2547 argumento
1101 2473 1222 2545 jam
1251 2474 1604 2530 occurrimus
1623 2475 1763 2550 disp.
1790 2479 1844 2546 5,

493 2553 614 2608 dub.
640 2556 694 2622 6,
720 2558 825 2624 §7,
859 2560 914 2611 et
932 2555 1096 2628 juxta
1120 2554 1441 2611 doctrinam
1466 2556 1543 2612 ibi
1575 2557 1849 2616 traditam

494 2632 905 2706 respondemus
924 2632 1327 2708 distinguendo
1354 2637 1664 2707 sequelam,
1689 2640 1849 2696 homo

491 2730 682 2768 carens
700 2713 918 2769 auxilio
937 2715 1145 2787 efficaci
1166 2732 1274 2769 non
1291 2722 1462 2787 potest
1482 2720 1849 2788 operationem

488 2794 691 2860 elicere,
744 2798 1014 2866 potestate
1066 2795 1469 2866 consequenti,
1506 2802 1562 2853 et
1590 2813 1692 2869 per
1717 2816 1848 2857 mo-

488 2875 627 2931 dum
651 2873 920 2948 principii
942 2875 1196 2942 actualis,
1227 2876 1349 2933 sive
1363 2892 1492 2933 cum
1514 2881 1846 2951 operatione

491 2954 967 3012 indissolubiliter
999 2956 1303 3030 conjuncti,
1329 2957 1724 3027 concedimus;
1751 2979 1846 3035 po·

487 3042 686 3094 testate
728 3036 1103 3104 antecedenti,
1135 3043 1192 3094 et
1230 3054 1329 3111 per
1355 3039 1589 3096 modum
1621 3043 1844 3114 princi-

487 3116 568 3189 pii
591 3115 915 3185 habitualiS,
929 3118 1052 3174 sive
1077 3118 1432 3190 respicientis
1447 3121 1843 3192 operationem

483 3198 797 3256 secundum
817 3217 895 3268 se,
928 3215 1224 3275 negamus.
1251 3202 1357 3258 Vel
1386 3202 1519 3258 aliis
1548 3204 1838 3275 terminis,

484 3297 592 3335 non
605 3288 778 3353 potest
797 3284 1161 3354 operationem
1180 3280 1383 3348 elicere,
1411 3282 1475 3338 in
1497 3298 1667 3340 sensu
1693 3302 1845 3343 com-

484 3361 681 3434 posito,
710 3369 768 3420 et
807 3356 1205 3437 conjungendo
1231 3362 1398 3420 illam
1426 3380 1559 3421 cum
1587 3367 1842 3427 carentia

414 3464 434 3479 =
483 3441 712 3515 auxilii,
762 3441 1122 3500 concedimus
1150 3464 1162 3498 ε
1194 3442 1257 3498 in
1308 3458 1480 3500 sensu
1533 3443 1741 3514 diviso,
1783 3452 1843 3505 et

481 3520 878 3597 conjungendo
917 3523 1101 3594 ipsam
1129 3538 1258 3579 cum
1281 3524 1593 3595 voluntate,
1623 3532 1680 3584 et
1708 3529 1839 3585 aliis

484 3602 785 3678 principiis
831 3605 902 3662 ad
946 3621 1074 3662 eam
1113 3621 1213 3678 per
1239 3623 1299 3664 se
1328 3609 1639 3680 requisitis,
1673 3627 1840 3687 nega-

485 3700 632 3742 mus.
659 3688 730 3743 Et
747 3688 984 3745 termini
1012 3689 1149 3744 satis
1171 3688 1394 3761 liquent
1428 3706 1498 3747 ex
1525 3691 1690 3749 dictis
1717 3695 1839 3752 loco

482 3764 670 3824 citato.
696 3770 888 3840 Itaque
909 3769 1192 3825 auxilium
1212 3768 1408 3826 efficax
1435 3786 1554 3829 non
1584 3774 1839 3846 requiri-

479 3848 576 3901 tur
601 3845 671 3902 ad
699 3849 1161 3907 constitutionem
1190 3851 1457 3920 potentias
1495 3853 1837 3911 anteceden—

479 3927 590 3996 tis,
647 3929 769 3988 sive
809 3931 1078 4004 principii
1122 3929 1453 3998 habitualis,
1486 3939 1543 3990 et
1595 3935 1657 3990 in
1710 3941 1835 3993 actu

479 4008 690 4081 primo,
727 4027 857 4068 cum
893 4023 1010 4068 non
1037 4010 1131 4068 det
1155 4026 1317 4084 posse
1345 4032 1358 4066 :
1383 4012 1482 4069 sed
1518 4016 1836 4088 requiritur

474 4088 549 4144 ad
593 4091 1057 4148 constitutionem
1087 4091 1357 4164 potentiae
1384 4096 1784 4166 consequentis
1814 4141 1828 4164 ,

473 4183 573 4226 seu
598 4171 868 4244 principii
891 4170 1147 4236 actualis,
1166 4172 1572 4244 operantisque
1594 4173 1658 4231 in
1671 4190 1834 4234 exer-

475 4249 636 4319 citio;
665 4250 950 4324 siquidem
999 4249 1145 4306 illud
1171 4267 1304 4308 cum
1331 4252 1664 4324 operatione
1689 4272 1832 4313 con-

467 4332 682 4407 jungit.
745 4334 816 4388 Et
858 4332 1129 4389 similiter
1194 4332 1447 4390 carentia
1497 4335 1702 4392 auxilii
1746 4343 1832 4395 est

472 4414 705 4487 quidem
757 4413 1224 4487 incomponibilis
1274 4432 1405 4472 cum
1452 4417 1785 4488 operatione
1810 4442 1825 4486 ;

465 4496 569 4553 sed
600 4512 715 4554 non
742 4500 828 4552 est
877 4495 1344 4570 incomponibilis
1388 4514 1519 4554 cum
1573 4499 1829 4571 potentia

472 4578 846 4645 antecedenti,
876 4584 933 4636 et
960 4578 1239 4636 habituali
1262 4577 1333 4636 ad
1353 4579 1711 4653 operandum
1735 4603 1749 4639 t
1772 4588 1829 4640 et

467 4659 599 4718 ideo
618 4674 749 4717 cum
776 4658 1030 4716 carentia
1050 4658 1254 4715 auxilii
1281 4663 1392 4715 stat
1417 4659 1594 4715 simul
1638 4666 1826 4734 potes-

469 4745 555 4797 tas
582 4740 848 4814 proxima
874 4738 944 4796 ad
969 4739 1383 4813 operationem,
1430 4755 1547 4797 non
1585 4740 1825 4815 quidem

470 4824 531 4875 ut
550 4820 1008 4895 conjungendam
1029 4836 1158 4877 cum
1186 4818 1309 4892 ipsa
1333 4821 1605 4890 carent-ia,
1637 4820 1735 4878 sed
1763 4829 1826 4880 ut

463 4903 591 4977 conj
599 4903 926 4977 ungendam
946 4918 1075 4959 cum
1098 4902 1409 4968 voluntate,
1435 4907 1492 4959 et
1512 4902 1643 4960 aliis
1666 4904 1823 4978 prin-

463 4980 650 5053 cipiis,
683 4998 810 5055 quae
836 4985 971 5038 tunc
997 4986 1121 5038 actu
1167 4981 1345 5038 simul
1387 4997 1519 5038 cum
1563 4983 1819 5041 carentia

465 5062 672 5118 auxilii
718 5062 1054 5119 coexistunt.
1107 5062 1272 5120 Unde
1311 5061 1495 5120 adhuc
1539 5063 1603 5119 in
1648 5080 1815 5121 sensu

1994 611 2306 685 composito
2330 610 2611 685 praedictae
2629 611 2900 669 carentiae
2919 609 3089 667 datur
3111 614 3356 683 potestas

1997 693 2259 765 proxima
2284 692 2641 759 antecedens,
2671 698 2728 749 et
2755 691 3070 749 habitualis
3097 690 3168 748 ad
3214 707 3354 763 ope-

1996 774 2279 832 rationem
2299 774 2612 832 secundum
2635 789 2715 843 se,
2742 779 2800 832 et
2840 774 2903 830 in
2928 789 3101 830 sensu
3141 771 3350 832 diviso.

1995 855 2334 931 Hujusmodi
2372 861 2563 914 autem
2608 860 2852 930 potestas
2876 854 3099 922 sufficit,
3132 859 3195 910 ut
3219 854 3349 927 quis

1992 935 2266 1001 absolute,
2298 939 2354 992 et
2392 935 2733 1008 simpliciter
2778 935 2952 1009 possit
2990 935 3237 1008 operari,
3290 938 3350 991 ut

1994 1021 2146 1089 patet
2165 1017 2229 1073 in
2254 1032 2321 1074 eo
2344 1016 2443 1091 qui
2474 1016 2544 1082 „in
2574 1017 2815 1073 instanti
2842 1015 2917 1082 A,
2948 1014 3118 1073 habet
3143 1031 3350 1073 caren-

1994 1096 2134 1153 tiam
2181 1098 2416 1165 amoris,
2457 1113 2589 1154 cum
2634 1113 2747 1171 qua
2783 1097 2984 1171 nequit
3006 1112 3351 1170 componere

1992 1193 2251 1234 amorem
2280 1182 2372 1235 :et
2410 1177 2794 1236 nihilominus
2832 1183 2919 1235 est
2944 1176 3200 1235 absolute
3246 1191 3351 1250 po-

1991 1263 2116 1317 tens
2142 1276 2357 1328 amare,
2388 1259 2524 1333 quia
2547 1261 2756 1318 retinet
2782 1260 3096 1334 potentiam
3120 1265 3352 1318 antece-

1990 1338 2241 1407 dentem,
2272 1346 2328 1396 et
2367 1341 2719 1398 habitualem
2762 1339 2832 1398 ad
2857 1356 3115 1398 amorem
3141 1356 3351 1398 secun-

1989 1419 2127 1477 dum
2167 1437 2245 1489 se,
2295 1422 2440 1478 etin
2466 1439 2638 1480 sensu
2685 1422 2871 1480 diviso
2900 1423 3061 1479 illius
3087 1422 3348 1480 circuns-

1990 1502 2185 1558 tantiae
2230 1507 2365 1576 tunc
2409 1503 2832 1562 accidentaliter
2882 1504 3251 1572 occurrentiS,
3286 1510 3347 1561 ut

1989 1582 2112 1640 loco
2136 1584 2308 1642 citato
2336 1586 2508 1642 latius
2533 1586 2935 1659 explicuimus.

2062 1663 2149 1720 Ad
2175 1666 2418 1737 sequelae
2465 1671 2657 1724 autem
2709 1664 3102 1739 probationem
3131 1671 3350 1723 constat

1987 1759 2058 1801 ex
2073 1743 2258 1813 dictis;
2284 1762 2422 1803 nam
2442 1763 2752 1804 concursus
2779 1747 2898 1813 Dei,
2921 1747 3046 1804 sive
3060 1747 3345 1803 auxilium

1986 1823 2201 1892 efficax,
2235 1842 2353 1884 non
2396 1829 2712 1901 requiritur
2738 1827 2808 1884 ad
2838 1843 2999 1900 posse
3033 1843 3218 1902 agere,
3249 1825 3346 1884 sed

1987 1902 2058 1961 ad
2079 1910 2202 1961 actu
2226 1921 2393 1980 agere
2413 1931 2427 1975 3
2456 1924 2558 1964 nec
2579 1907 2836 1981 operatio
2856 1906 3137 1980 dependet
3156 1923 3189 1964 a
3212 1923 3350 1980 prae·

1987 1980 2137 2041 dicto
2181 1985 2400 2043 auxilio
2446 1992 2720 2061 tanquam
2748 1985 2819 2043 ab
2866 1986 3247 2059 applicatione
3274 1986 3344 2043 ad

1987 2063 2290 2138 agendum.
2322 2067 2707 2132 Quamobrem
2747 2066 2975 2126 etiamsi
3022 2083 3139 2124 non
3178 2067 3346 2124 detur

1985 2147 2272 2204 auxilium
2293 2149 2540 2207 exercite
2559 2150 2829 2216 existenS,
2854 2147 3025 2204 datur
3047 2148 3347 2206 nihilomi-

1986 2241 2095 2283 nus
2133 2243 2204 2284 ex
2252 2233 2414 2301 parte
2451 2229 2767 2287 voluntatis
2810 2228 2998 2284 virtus
3049 2230 3346 2301 operativa

1986 2307 2269 2380 proxima,
2300 2315 2452 2366 etex
2480 2315 2641 2383 parte
2665 2308 3015 2382 operationis
3053 2307 3341 2381 possibili-

1984 2395 2069 2446 tas
2107 2387 2419 2463 objectiva,
2449 2395 2506 2448 et
2543 2407 2616 2449 ex
2643 2394 2804 2464 parte
2848 2390 2951 2447 Dei
3000 2394 3244 2461 potestas
3271 2390 3339 2448 ad

1984 2469 2412 2544 producendum
2460 2470 2791 2544 praedictum
2853 2470 3148 2527 auxilium
3172 2492 3186 2526 :
3218 2487 3342 2544 quae

1980 2551 2286 2619 sufficiunt,
2319 2559 2381 2609 ut
2406 2554 2577 2611 homo
2615 2553 2838 2611 dicatur
2886 2553 3139 2610 absolute
3181 2570 3341 2626 posse

1980 2634 2227 2705 operari.
2286 2636 2433 2690 Nam
2486 2633 2556 2690 ad
2602 2634 2749 2691 hanc
2804 2632 3336 2691 denominationem

1979 2712 2203 2779 sufficit,
2226 2712 2376 2786 quod
2403 2729 2470 2771 ea
2513 2730 2638 2787 quae
2681 2714 3054 2787 requiruntur
3082 2729 3183 2787 per
3209 2729 3339 2771 mo-

1978 2791 2117 2848 dum
2138 2793 2386 2861 virtutiS,
2416 2799 2475 2851 et
2499 2799 2654 2850 actus
2683 2794 2878 2867 primi,
2909 2794 3157 2850 exercite
3181 2794 3338 2851 exis-

1978 2878 2135 2941 tant;
2165 2891 2231 2932 ea
2277 2891 2432 2942 vero,
2471 2892 2597 2949 quaa
2645 2875 3022 2949 requiruntur
3066 2891 3137 2933 ex
3178 2881 3337 2948 parte

1978 2954 2397 3027 applicationis,
2421 2961 2477 3013 et
2503 2956 2854 3028 operationis
2892 2956 3176 3022 exercitae,
3218 2955 3337 3012 sint

1976 3034 2317 3108 simpliciter
2365 3035 2676 3109 possibilia.
2711 3037 2770 3093 Si
2799 3037 2961 3095 enim
2990 3036 3110 3092 haec
3146 3041 3337 3109 poste·

1978 3116 2134 3173 riora
2157 3117 2434 3189 requisita
2455 3134 2573 3175 non
2595 3119 2782 3175 solum
2804 3123 2994 3175 essent
3016 3116 3331 3191 possibilia,

1974 3195 2073 3253 sed
2092 3197 2267 3254 etiam
2293 3198 2618 3264 existentia,
2643 3199 2767 3272 jam
2791 3199 2962 3256 homo
2985 3197 3336 3255 denomina-

1976 3284 2134 3336 retur
2161 3295 2278 3337 non
2306 3281 2493 3337 solum
2523 3287 2720 3354 potens
2739 3280 2971 3354 operari
2996 3323 3009 3346 ,
3060 3278 3158 3337 sed
3207 3286 3331 3337 actu

1974 3376 2237 3435 operans,
2275 3363 2397 3426 Qua
2421 3378 2558 3438 ergo
2584 3361 2929 3420 certitudine
2973 3378 3180 3419 verum
3224 3367 3330 3428 est,

1974 3444 2044 3501 ad
2071 3445 2601 3504 denominationem
2648 3447 2893 3519 potentis
2936 3446 3166 3519 operari
3215 3461 3333 3502 non

1974 3527 2191 3599 requiri
2238 3526 2769 3586 denominationem
2816 3531 2941 3583 actu
2990 3527 3282 3600 operantis
3315 3570 3328 3593 ,

1971 3608 2171 3667 eadem
2218 3607 2636 3666 verificandum
2680 3614 2766 3667 est
2791 3609 2861 3665 ad
2900 3607 3333 3666 denominatio-

1972 3706 2106 3747 nem
2150 3690 2392 3763 potentis
2420 3690 2646 3762 operari
2679 3705 2795 3747 non
2827 3688 3043 3762 requiri
3072 3689 3330 3746 existen-

1971 3773 2111 3830 tiam
2134 3772 2341 3829 auxilii
2362 3771 2659 3829 efficaciter
2680 3771 3040 3844 applicantiS,
3059 3770 3158 3828 sed
3179 3771 3333 3827 suffi-

1967 3869 2094 3911 cere
2139 3853 2262 3926 ejus
2289 3851 2728 3925 possibilitatem
2755 3852 2931 3908 simul
2958 3868 3089 3909 cum
3117 3852 3329 3910 virtute

1967 3935 2264 4009 operativa
2285 3934 2618 3991 voluntatis.
2646 3935 2943 4005 Potestque
2965 3932 3022 3989 id
3043 3932 3323 3991 declarari

1966 4017 2229 4089 exemplo
2255 4014 2481 4081 auxilii,
2504 4014 2628 4070 sive
2648 4030 2957 4078 concursus
2985 4013 3083 4071 Dei
3111 4014 3324 4070 simul-

1966 4097 2139 4162 tanei,
2182 4097 2280 4170 qui
2311 4097 2374 4152 in
2415 4095 2896 4153 Adversariorum
2926 4096 3200 4170 opinione
3228 4112 3324 4154 re—
3354 4157 3361 4163 ,

1963 4178 2218 4251 quiritur
2243 4175 2312 4234 ad
2335 4193 2567 4234 omnem
2594 4178 2987 4249 operationem
3027 4182 3276 4234 creatam
3309 4198 3322 4233 :

1962 4262 2019 4314 et
2044 4257 2433 4314 nihilominus
2483 4273 2613 4315 cum
2662 4273 2779 4314 non
2820 4257 2978 4314 adest
3026 4256 3326 4331 praedictus

1962 4354 2284 4405 concursus,
2314 4337 2412 4395 sed
2439 4339 2626 4396 solum
2669 4345 2866 4395 manet
2889 4337 3164 4413 obJ‘ective
3194 4355 3326 4413 pos-

1960 4420 2166 4489 sibilis,
2189 4426 2367 4494 potest
2382 4421 2555 4478 homo
2575 4421 2916 4495 simpliciter
2931 4422 3182 4493 operari,
3204 4438 3321 4478 non

1961 4505 2235 4573 potestate
2276 4500 2614 4575 respiciente
2646 4501 3041 4573 operationem
3073 4508 3132 4558 ut
3159 4518 3320 4560 com-

1961 4580 2284 4654 ponendam
2312 4598 2442 4638 cum
2471 4582 2725 4638 carentia
2751 4598 3056 4639 concursus
3108 4583 3319 4640 simul-

1958 4661 2133 4728 tanei,
2150 4660 2250 4718 sed
2272 4666 2546 4734 potestate
2570 4661 2908 4734 respiciente
2921 4664 3315 4736 operationem

1956 4741 2269 4799 secundum
2296 4758 2375 4809 se,
2400 4745 2458 4798 et
2483 4741 2547 4798 in
2586 4758 2757 4799 sensu
2785 4742 2971 4801 diviso
3000 4743 3159 4800 illius
3198 4744 3318 4801 cir-

1956 4824 2315 4881 cumstantiae
2334 4829 2470 4880 tunc
2490 4822 2919 4882 accidentaliter
2939 4829 3310 4886 occurrentis.

1956 4903 2110 4962 Idem
2155 4906 2333 4981 igitur
2383 4905 2955 4979 proportionabiliter
3006 4907 3313 4966 dicendum

1952 4988 2037 5042 est
2077 4984 2147 5043 de
2193 4984 2432 5042 homine
2457 5029 2470 5051 ,
2520 4984 2619 5058 qui
2648 4991 2802 5043 caret
2847 4987 3067 5045 auxilio
3105 4989 3313 5047 efficaci

1955 5067 2171 5140 praevio
2197 5066 2268 5123 ad
2296 5065 2676 5140 operandum.

2944 5151 3265 5225 Replicabis
3295 5173 3310 5208 :
