3647 5753
544 394 603 435 vl
944 410 963 426 ·
1507 379 1734 436 INDEX
1770 372 2293 448 QUAESTIONUM,
2337 379 2494 447 ETC.

605 559 649 628 9
683 558 730 614 1.
763 558 1117 627 Communis,
1163 563 1220 616 et
1263 573 1403 615 vera
1449 556 1738 616 sententia
1784 572 1913 631 pro·

540 640 710 697 batur
756 640 1204 700 authoritatibus
1249 657 1426 699 sacrae
1479 640 1810 714 Scriptum,
1855 645 1913 698 et

540 723 766 781 ratione
793 726 856 781 D.
882 726 1117 783 Thomae
1139 723 1396 782 fulcitur.
1797 725 1903 780 711

612 809 645 877 9
671 808 726 863 2.
753 805 1107 881 objectiones
1128 804 1405 862 adversus
1428 804 1714 863 rationem
1736 803 1904 872 hanc,

540 890 599 944 et
623 902 828 944 earum
854 888 1084 945 solutio.
1789 886 1912 943 -712

611 973 645 1041 9
671 971 726 1027 3.
771 968 1124 1027 Referuntur
1151 968 1304 1026 varii
1346 967 1506 1027 modi
1547 965 1774 1025 dicendi
1804 982 1910 1041 pro
1948 985 1952 989 ·

537 1051 796 1128 opposita
834 1051 1141 1121 sententia,
1185 1056 1241 1107 et
1287 1050 1410 1125 ejus
1444 1054 1786 1126 argumenta
1813 1048 1910 1104 di-

540 1132 807 1189 luuntur.
1794 1131 1909 1186 715

612 1216 739 1271 Art.
762 1215 818 1270 4.
850 1214 1063 1269 Utrum
1083 1212 1271 1288 gratia
1297 1213 1374 1270 sit
1403 1212 1764 1289 principium
1791 1226 1910 1268 me-

542 1295 643 1352 riti
682 1296 1065 1370 principalius
1093 1311 1195 1369 per
1233 1297 1575 1356 charitatem
1601 1311 1777 1370 quam
1805 1310 1938 1369 perr

459 1376 462 1383 '
541 1376 689 1434 alias
710 1376 973 1436 virtutes,
1794 1376 1908 1432 716

985 1569 1303 1644 Disputatio
1345 1569 1383 1628 Ι
1395 1568 1457 1628 V.

613 1717 694 1773 De
720 1715 936 1773 actibus
963 1716 1096 1775 vitae
1134 1722 1363 1774 aeternae
1389 1715 1726 1784 meritoriis,
1752 1720 1809 1771 et
1835 1713 1909 1772 de

540 1797 765 1855 influxu
787 1798 1082 1856 charitatis
1104 1800 1168 1855 in
1191 1799 1343 1856 illos.
1792 1798 1905 1853 717

611 1880 754 1937 Dub.
798 1882 846 1937 1.
877 1883 1086 1937 Utrum
1113 1886 1268 1937 actus
1310 1879 1563 1937 aliarum
1591 1878 1901 1947 virtutum,

538 1967 601 2018 ut
625 1962 744 2018 sint
771 1962 1057 2020 meritorii
1097 1960 1491 2027 beatitudinis,
1523 1959 1769 2018 debeant
1798 1962 1908 2017 im-

537 2043 730 2117 perari
784 2060 819 2101 a
859 2043 1151 2111 charitate,
1200 2047 1259 2100 et
1298 2042 1361 2098 in
1409 2039 1589 2098 finem
1636 2041 1759 2116 ejus
1809 2055 1907 2097 re-

535 2123 724 2181 ferri?
1789 2124 1902 2178 717

608 2207 643 2274 9
689 2204 734 2260 1.
766 2203 1061 2261 Sententia
1104 2202 1366 2279 Angelici
1414 2202 1673 2260 Doctoris
1707 2201 1906 2259 defen-

535 2281 711 2340 ditur.
1792 2284 1905 2338 718

609 2368 642 2434 9
681 2367 735 2420 2.
762 2366 983 2440 Duplex
1009 2367 1250 2443 obJ‘ectio
1280 2364 1554 2423 adversus
1580 2362 1905 2422 doctrinam

537 2446 602 2502 D.
633 2444 887 2513 Thomae,
913 2451 969 2504 et
997 2449 1298 2520 utriusque
1325 2444 1612 2503 enodatio.
1790 2448 1905 2502 722

609 2525 716 2595 93.
767 2526 899 2583 Α113
939 2526 1178 2601 objectio
1205 2525 1571 2600 proponitur,
1620 2530 1677 2582 et
1722 2524 1906 2582 dilui-

537 2611 650 2663 tur.
1790 2608 1904 2663 724

609 2690 642 2756 9
681 2687 734 2742 4.
781 2686 1266 2744 Adversariorum
1308 2688 1529 2763 opini0,
1563 2692 1906 2762 argumenta

541 2782 646 2839 pro
675 2767 795 2834 illa,
820 2772 879 2825 et
903 2782 1106 2824 eorum
1133 2767 1525 2829 enodationes.
1790 2769 1903 2823 726

610 2854 753 2914 Dub.
784 2858 840 2915 2.
872 2858 1083 2915 Utrum
1103 2858 1333 2917 'actibus
1375 2857 1676 2932 imperatis
1703 2874 1737 2916 a
1774 2858 1905 2916 cha·

540 2936 709 2994 ritate
754 2938 1193 3011 correspondeat
1236 2940 1573 2999 distinctum
1622 2940 1903 2997 meritum

536 3018 607 3075 ab
629 3033 714 3084 eo,
744 3018 895 3092 quod
921 3021 1326 3094 correspondet
1352 3023 1494 3096 ipsis
1521 3020 1739 3078 actibus
1764 3020 1904 3078 cha-

540 3097 772 3155 ritatis?
1789 3102 1902 3157 728

606 3182 639 3248 9
688 3180 736 3236 1.
779 3181 952 3236 Juxta
992 3185 1249 3239 mentem
1319 3181 1583 3257 Angelici
1614 3157 1904 3240 'Doctoris

532 3257 778 3317 dubium
799 3259 1103 3319 deciditur.
1789 3265 1903 3320 729
1984 3265 1989 3269 ”

604 3344 638 3412 9
676 3343 731 3397 2.
779 3340 928 3407 Quid
956 3340 1139 3399 obstet
1157 3347 1357 3400 contra
1381 3349 1640 3401 nostram
1665 3348 1903 3400 senten-

530 3421 693 3489 tiam,
719 3428 776 3481 et
795 3422 1085 3498 quomodo
1112 3425 1459 3483 solvendum
1477 3427 1505 3482 l’
1788 3427 1894 3482 731

602 3510 808 3567 Dub.3.
830 3513 1040 3568 Utrum
1067 3517 1223 3570 actus
1245 3512 1429 3570 nostri
1458 3511 1725 3579 habeant,
1749 3512 1901 3586 quod

528 3593 646 3650 sint
668 3594 856 3668 magis
876 3593 1170 3652 meritorii
1195 3595 1385 3651 solum
1412 3612 1444 3652 a
1467 3595 1678 3669 majori
1705 3595 1866 3653 chari
1882 3627 1902 3638 ·

529 3680 664 3743 tate,
698 3691 773 3732 an
801 3691 941 3733 vero
969 3692 1001 3732 a
1030 3674 1241 3749 majori
1268 3676 1444 3733 etiam
1472 3692 1677 3735 eorum
1726 3675 1901 3735 boni-

529 3763 644 3816 tate
660 3760 688 3814 ?
1785 3762 1901 3818 732

602 3841 634 3909 9
682 3840 728 3895 l.
772 3838 1027 3896 Assertio
1051 3838 1215 3912 prior
1235 3856 1306 3897 ex
1328 3846 1520 3898 mente
1541 3844 1611 3897 D.
1635 3839 1896 3900 Thomae.

601 4001 634 4067 9
682 3999 737 4054 2.
811 3999 1105 4057 Posterior
1177 4001 1419 4059 assertio
1482 3999 1764 4060 doctrinm
1828 4006 1893 4061 D.

524 4079 764 4137 Thomae
791 4081 960 4139 valde
986 4098 1253 4140 consona.
1781 4085 1899 4140 735

600 4164 634 4231 9
674 4161 731 4216 3.
776 4161 1127 4236 Principalis
1148 4163 1389 4239 objectio
1417 4169 1616 4222 contra
1638 4168 1896 4222 nostram

527 4243 910 4303 assertionem
953 4245 1316 4319 proponitur,
1350 4251 1407 4303 et
1427 4246 1694 4304 diluitur.
1784 4249 1898 4305 737

596 4330 628 4396 9
666 4328 726 4383 4.
767 4329 905 4384 Duae
930 4327 1202 4400 oppositas
1228 4327 1526 4385 sententiaa
1564 4333 1760 4386 contra
1786 4327 1898 4385 du-

527 4407 734 4481 plicem
764 4414 1023 4466 nostram
1053 4409 1451 4466 assertionem.
1780 4412 1893 4467 744

598 4495 743 4553 Dub.
786 4497 843 4553 4.
887 4497 1094 4553 Utram
1144 4497 1334 4571 major
1372 4498 1578 4572 gratia,
1624 4501 1716 4557 vel
1755 4500 1909 4558 cha-⁷

526 4576 668 4635 ritas
718 4577 953 4651 praecise
980 4577 1295 4636 habitualis
1334 4585 1535 4654 augeat
1575 4582 1895 4640 meritum?

596 4742 628 4810 9
677 4739 723 4795 1.
774 4738 994 4797 Decisio
1021 4739 1186 4797 dubii
1213 4756 1284 4797 ex
1319 4746 1515 4866 mente
1542 4743 1606 4800 D.
1632 4664 1893 4802 Thog‘gs

602 4903 634 4971 9
666 4900 723 4961 2.
767 4899 1040 4960 Rationes
1087 4902 1152 4961 in
1193 4901 1520 4977 oppositum
1550 4825 1894 4980 proponggs

519 4987 634 5048 tur,
666 4984 721 5039 et
743 4978 1073 5041 diluuntur.
1775 4987 1889 5042 748

2116 549 2264 608 Dub.
2303 552 2359 609 5.
2403 552 2613 609 Utrum
2655 552 2830 612 homo
2854 553 3104 612 existens
3130 554 3195 612 in
3222 556 3415 631 gratia

2042 638 2172 706 post
2210 632 2489 691 emissum
2538 640 2727 693 actum
2776 634 3075 693 charitatis
3120 641 3419 695 mereatur

2042 730 2149 790 per
2199 731 2405 775 omnes
2443 724 2601 776 actus
2645 719 2948 789 moraliter
3010 719 3190 778 bonos
3229 720 3407 779 vitam

2042 802 2324 856 aeternam
2353 797 2424 856 de
2450 799 2774 875 condigno?
3294 804 3396 860 751

2113 883 2146 950 9
2185 881 2233 936 1.
2282 879 2532 955 Eligitur
2579 898 2712 956 pars
2752 879 3119 948 affirmativa,
3176 886 3233 938 et
3276 898 3404 940 eam

2039 976 2163 1018 esse
2183 961 2247 1018 D.
2274 962 2480 1020 Thom.
2512 967 2769 1020 mentem
2796 962 3143 1021 ostenditur.
3294 965 3395 1021 751

2114 1046 2221 1115 92.
2266 1043 2481 1101 Eadem
2519 1047 2583 1102 D.
2626 1044 2862 1101 Thomae
2889 1044 3178 1102 sententia
3224 1043 3402 1101 disci-

2040 1128 2313 1202 pulorum
2354 1125 2761 1184 autoritatibus
2789 1127 3217 1199 comprobatur.
3295 1128 3404 1184 755

2113 1214 2147 1281 9
2185 1211 2241 1267 3.
2285 1208 2454 1267 Ratio
2476 1208 2934 1267 fundamentalis
2957 1227 3062 1285 pro
3088 1211 3419 1269 assertione·

2039 1291 2343 1366 desumpta
2369 1307 2442 1349 ex
2469 1294 2537 1348 D.
2561 1291 2804 1350 Thoma.
3293 1295 3403 1349 757

2113 1379 2146 1446 9
2202 1377 2257 1433 4.
2320 1373 2688 1432 Precluditur
2748 1374 3047 1448 responsio
3116 1374 3405 1433 Gabrielis

2039 1458 2210 1531 vasq.
2242 1461 2299 1513 et
2318 1457 2595 1515 aliorum.
3294 1457 3419 1514 758·

2112 1542 2145 1608 9
2184 1540 2241 1595 5.
2283 1538 2638 1612 Proponitur
2678 1536 2890 1609 duplex
2915 1536 3155 1611 objectio
3195 1538 3406 1596 adver·

2037 1637 2134 1678 sus
2163 1622 2450 1681 rationem
2473 1625 2540 1678 D.
2570 1620 2827 1677 Thomas.
3291 1622 3421 1678 760·

2112 1707 2145 1774 9
2170 1705 2227 1760 6.
2258 1702 2703 1760 Praemittuntur
2752 1699 2945 1773 aliqua
2991 1706 3191 1759 notatu
3229 1701 3405 1777 digna

2039 1800 2144 1858 pro
2163 1786 2451 1844 solutione
2469 1783 2767 1856 utriusque
2785 1782 3136 1856 objectionis.
3292 1786 3397 1842 761

2112 1869 2145 1936 9
2193 1868 2252 1924 7.
2308 1868 2393 1923 Ex
2437 1863 2719 1940 praejactis
2765 1862 3158 1921 fundamentis
3201 1865 3412 1923 satisfit

2040 1947 2222 2020 priori
2255 1946 2579 2022 objectioni.
3295 1949 3407 2004 765

2111 2031 2143 2098 9
2171 2030 2225 2085 8.
2260 2028 2551 2086 Posterior
2590 2025 2829 2100 objectio
2849 2025 3111 2084 diluitur.
3293 2030 3407 2085 767

2111 2112 2143 2179 9
2170 2111 2224 2167 9.
2256 2110 2526 2183 Opposita
2547 2108 2850 2172 sententia,
2885 2107 3143 2180 primum
3188 2123 3295 2180 pro
3340 2125 3420 2166 ea·

2038 2196 2463 2264 argumentum,
2491 2196 2546 2247 et
2568 2188 2795 2246 eversio
2817 2188 2999 2245 illius.
3294 2191 3401 2247 771

2109 2273 2141 2340 9
2179 2273 2260 2328 10.
2287 2272 2416 2329 Α113
2437 2270 2692 2347 ejusdem
2721 2269 3021 2327 sententiae
3059 2276 3409 2343 argumenta

2038 2360 2461 2427 proponuntur,
2491 2359 2548 2411 et
2568 2352 2892 2409 diluuntur.
3294 2355 3408 2411 774

2112 2434 2256 2491 Dub.
2284 2436 2340 2491 6.
2386 2436 2597 2491 Utrum
2627 2434 2798 2491 homo
2819 2433 3162 2491 constitutus
3189 2434 3252 2490 in
3279 2450 3409 2508 gra-

2038 2517 2133 2583 tia,
2157 2516 2386 2574 etiamsi
2417 2521 2572 2573 actus
2595 2516 2863 2574 formalis
2883 2516 3184 2573 charitatis
3227 2515 3294 2572 in
3339 2532 3409 2574 eo

2036 2612 2156 2655 non
2190 2596 2567 2671 praecesserit,
2595 2602 2889 2654 mereatur
2911 2612 3011 2669 per
3038 2613 3239 2654 omnes
3264 2597 3429 2655 alios

2036 2683 2191 2736 actus
2240 2678 2543 2737 moraliter
2590 2678 2771 2737 bonos
2823 2679 3004 2735 vitam
3032 2683 3314 2737 aeternam
3336 2678 3410 2736 de

2035 2758 2361 2833 condigno?
3289 2761 3409 2816 776

2108 2844 2141 2912 9
2177 2842 2221 2897 l.
2254 2841 2509 2900 Assertio
2531 2857 2635 2914 pro
2655 2839 2931 2899 diluenda
2958 2840 3248 2899 difficulte.
3292 2843 3409 2899 776

2108 2927 2140 2994 9
2167 2925 2221 2982 2.
2254 2923 2548 2981 Sententia
2564 2924 2839 2998 opposita,
2861 2928 2914 2980 et
2937 2923 3059 2997 ejus
3076 2929 3410 3054 3131110117ξᾶ

2504 3152 2823 3227 Disputatio
2866 3150 2930 3210 V.

2108 3293 2188 3349 De
2210 3292 2617 3351 reviviscentia
2644 3291 3013 3350 meritorum.
3290 3294 3411 3350 778

2110 3374 2255 3431 Β1111.
2289 3375 2544 3433 unicum.
2588 3378 2699 3441 An,
2756 3379 2811 3431 et
2860 3374 3146 3447 quomodo
3189 3375 3409 3432 merita

2033 3469 2136 3526 per
2179 3461 2470 3529 peccatum
2534 3454 2893 3520 mortificata,
2955 3471 3056 3527 per
3108 3456 3409 3530 poeniten-

2032 3533 2175 3591 tiam
2201 3540 2256 3592 et
2276 3535 2745 3610 justificationem
2784 3540 3121 3609 sequentem
3150 3537 3412 3595 revivis-

2031 3622 2193 3688 cant..
3281 3621 3404 3676 778

2104 3695 2137 3761 9
2172 3693 2217 3748 1.
2252 3689 2542 3749 Deciditur
2572 3693 2762 3765 prima
2792 3707 2925 3765 pars
2951 3691 3132 3749 dubii.
3288 3695 3413 3751 779

2105 3773 2137 3841 9
2164 3773 2218 3829 2.
2252 3770 2623 3830 Diversorum
2654 3772 2864 3845 placita
2884 3772 3033 3829 circa
3078 3771 3404 3831 secundam

2031 3851 2195 3910 dubii
2218 3857 2460 3927 partem.
3286 3858 3414 3914 780

2105 3939 2138 4005 9
2163 3937 2220 3994 4.
2252 3935 2343 3992 Fit
2383 3938 2526 4025 satis
2571 3938 2929 4013 argumentis
2974 3937 3238 3996 secundae
3262 3954 3415 3997 sen-

2030 4017 2244 4077 tentiae.
3288 4024 3414 4078 785

2103 4095 2229 4151 Art.
2255 4094 2310 4150 5.
2337 4094 2546 4149 Utrum
2593 4093 2767 4153 homo
2807 4094 2985 4169 possit
3031 4095 3251 4163 mereri
3276 4097 3412 4170 pri-

2029 4190 2188 4231 mam
2226 4173 2499 4248 gratiam.
3287 4178 3425 4234 788

2100 4261 2228 4313 Art.
2253 4259 2311 4313 6.
2335 4258 2546 4314 Utrum
2561 4257 2735 4317 homo
2781 4258 2958 4332 possit
2978 4256 3193 4316 mereri
3217 4259 3409 4318 alteri

2029 4339 2283 4412 primam
2322 4338 2594 4412 gratiam.
3289 4343 3429 4398 788

2098 4423 2227 4477 Art.
2250 4424 2306 4478 7.
2336 4421 2547 4479 Utrum
2568 4421 2743 4479 homo
2787 4423 2963 4494 possit
2987 4421 3204 4480 mereri
3233 4438 3418 4498 repa-

2029 4502 2312 4560 rationem
2336 4509 2461 4575 post
2480 4505 2731 4578 lapsum.
3148 4518 3153 4522 ·
3286 4497 3437 4563 789³

2097 4587 2223 4641 Art.
2249 4585 2302 4640 8.
2336 4583 2545 4642 Utrum
2575 4585 2749 4642 homo
2776 4584 2952 4658 possit
3003 4582 3221 4642 mereri
3249 4599 3417 4661 aug-

2025 4669 2286 4721 mentum
2315 4666 2533 4739 gratiae,
2566 4667 2659 4723 vel
2686 4665 3000 4723 charitatis.
3285 4668 3417 4725 789

2096 4749 2221 4803 Art.
2248 4748 2301 4804 9.
2335 4747 2544 4807 Utrum
2594 4748 2766 4807 homo
2793 4749 2970 4821 possit
3009 4763 3417 4822 perseveran-

2024 4826 2166 4884 tiam
2193 4828 2433 4887 mereri.
3284 4833 3426 4890 790·

2095 4909 2223 4964 Art.
2254 4908 2339 4966 10.
2373 4910 2581 4967 Utrum
2607 4910 2951 4984 temporalia
2989 4909 3141 4968 bona
3182 4909 3419 4971 cadant

2022 4987 2129 5045 sub
2149 4988 2377 5047 merito.
3283 4996 3424 5052 790
