3647 5753
352 2345 525 2413 impug-

368 2416 549 2502 {Juftff'b‘m

380 4226 518 4270 Idem.

565 389 678 446 252

569 562 760 631 ageret
789 556 987 624 libere,
1013 558 1105 613 vel
1126 557 1529 631 contingenter
1560 581 1575 624 ;
1612 556 1711 614 sed
1733 571 1933 614 omnes

570 645 804 713 agerent
829 654 959 694 cum
980 636 1336 704 omnimoda,
1362 644 1419 695 et
1446 638 1707 695 absoluta
1733 654 1933 695 neces-

567 721 735 776 sitate
753 720 1090 777 excludente
1109 726 1229 777 tam
1252 720 1724 794 contingentiam,
1756 735 1930 793 quam

571 801 913 859 libertatem.
946 802 1107 868 Quod
1147 801 1259 858 sibi
1302 802 1603 875 persuadet
1628 804 1822 860 Scotus
1841 817 1933 875 ge-

569 882 758 938 nerali
791 882 1011 938 ratione
1035 906 1049 949 ;
1080 881 1353 954 quoniam
1380 882 1571 938 omnis
1595 897 1781 949 causa,
1806 896 1933 954 quae

569 976 689 1017 non
716 961 832 1035 agit
852 961 966 1017 nisi
1009 966 1070 1017 ut
1090 967 1260 1023 mota,
1292 961 1341 1016 si
1370 962 1690 1018 necessario
1731 975 1932 1017 move-

568 1047 682 1107 tur,
710 1044 1029 1100 necessario
1055 1043 1199 1117 agit:
1230 1041 1329 1099 sed
1356 1058 1523 1099 causa
1543 1041 1790 1099 secunda
1813 1057 1932 1098 non

565 1121 682 1196 agit
707 1123 818 1178 nisi
842 1129 995 1180 mota
1018 1139 1051 1180 a
1078 1126 1190 1180 Deo
1206 1146 1221 1189 ;
1255 1127 1311 1179 et
1338 1122 1401 1178 in
1429 1122 1751 1196 hypothesi,
1780 1118 1931 1194 quod

564 1205 714 1259 Deus
740 1211 932 1277 ageret
955 1219 1026 1259 ex
1049 1201 1382 1259 necessitate
1409 1207 1647 1268 naturas,
1668 1217 1931 1259 necessa-

568 1283 657 1340 rio
703 1299 735 1339 a
778 1287 894 1341 Deo
916 1288 1265 1349 moveretur,
1297 1283 1357 1357 ly
1401 1285 1704 1339 necessario
1732 1284 1931 1340 exclu-

566 1363 736 1422 dente
765 1372 879 1422 tam
901 1364 1553 1439 contingentiam,quam
1579 1364 1904 1422 libertatem
1913 1387 1929 1432 ;

566 1444 852 1518 siquidem
883 1447 1028 1500 Deus
1056 1460 1158 1501 nec
1185 1443 1382 1510 libere,
1410 1459 1514 1500 nec
1532 1444 1932 1520 contingenter

568 1533 827 1584 moveret
852 1541 1023 1600 :ergo
1049 1527 1097 1582 si
1127 1528 1274 1582 Deus
1301 1531 1492 1599 ageret
1511 1541 1581 1582 ex
1603 1525 1933 1583 necessitate

567 1614 811 1676 naturae,
844 1607 1034 1664 omnis
1061 1623 1227 1665 causa
1252 1607 1501 1664 secunda
1528 1613 1719 1681 ageret
1744 1622 1933 1663 neces-

564 1691 740 1757 sario,
799 1688 1130 1747 necessitate
1174 1687 1512 1745 excludente
1540 1694 1656 1743 tam
1702 1688 1931 1746 contin-

563 1773 838 1847 gentiam,
870 1786 1042 1844 quam
1093 1769 1437 1827 libertatem.
1465 1768 1630 1826 Unde
1658 1771 1821 1826 nulla
1866 1770 1932 1834 in

563 1868 633 1910 eo
658 1856 866 1908 eventu
913 1847 1220 1923 quaerenda
1262 1855 1407 1905 esset
1433 1849 1737 1923 disparitas
1778 1848 1931 1905 inter

567 1932 914 1999 libertatem,
940 1935 997 1986 et
1018 1930 1489 2004 contingentiam,
1507 1929 1605 1987 sed
1635 1930 1932 2002 aequaliter

565 2013 637 2070 de
653 2020 889 2085 utraque
911 2011 1300 2085 philosophari
1324 2016 1628 2084 oporteret.
1644 2014 1780 2077 Quae
1795 2008 1933 2066 doc-

566 2094 721 2149 trina
750 2093 959 2165 placuit
986 2093 1064 2148 M.
1108 2091 1321 2148 Joanni
1365 2091 1684 2158 Vincentio,
1716 2096 1773 2147 et
1799 2090 1932 2163 qui-

567 2172 808 2230 busdam
850 2172 982 2228 aliis
1010 2171 1305 2244 discipulis
1334 2174 1397 2228 D.
1429 2172 1633 2228 Thom.
1666 2176 1727 2226 ut
1757 2171 1934 2228 refert

565 2252 844 2311 Ledesma
874 2253 970 2309 ubi
991 2269 1165 2326 supra
1191 2253 1288 2326 fol.
1324 2254 1444 2309 103.

639 2336 769 2391 349.
796 2333 904 2390 Sed
925 2333 1185 2406 displicet
1211 2332 1597 2391 communiter
1618 2332 1750 2389 aliis
1776 2334 1934 2390 Tho-

565 2414 769 2480 mistis,
786 2419 841 2470 et
877 2413 1109 2486 quidem
1132 2414 1371 2470 merito:
1405 2417 1527 2468 tum
1551 2413 1686 2485 quia
1711 2413 1934 2486 opposi-

564 2497 684 2548 tam
699 2492 1020 2549 doctrinam
1037 2492 1175 2548 satis
1192 2497 1386 2566 aperte
1401 2491 1576 2548 tradit
1593 2492 1869 2549 D.Thom.
1886 2494 1929 2560 1,

563 2583 758 2631 contra
779 2581 977 2644 qantos,
1009 2591 1132 2646 cap.
1150 2575 1241 2639 67,
1268 2575 1481 2628 ratione
1506 2575 1559 2639 5,
1590 2573 1680 2629 his
1701 2573 1930 2630 verbis:

570 2679 597 2710 α
638 2658 698 2712 Si
726 2671 894 2712 causa
925 2656 1189 2727 proxima
1222 2655 1396 2711 fuerit
1423 2654 1778 2729 contingenS,
1809 2657 1933 2729 ejus

569 2759 596 2790 α
622 2736 884 2794 effectum
900 2735 1323 2807 contingentem
1338 2740 1558 2807 oportet
1571 2751 1711 2802 esse,
1733 2736 1935 2792 etiam-

568 2840 596 2872 «
636 2818 687 2873 si
735 2832 905 2873 causa
971 2823 1191 2873 remota
1249 2816 1572 2873 necessaria
1616 2816 1691 2873 sit
1719 2841 1735 2886 ;
1788 2817 1934 2873 sicut

567 2921 594 2953 α
637 2900 849 2972 plantae
868 2913 984 2954 non
1006 2898 1327 2955 necessario
1350 2898 1716 2966 fructificant,
1735 2915 1934 2971 quam-

565 3003 594 3036 «
637 2982 726 3038 vis
773 2985 961 3036 motus
1003 2979 1140 3036 solis
1178 2980 1253 3035 sit
1300 2982 1669 3047 necessarius,
1702 2986 1934 3054 propter

569 3082 595 3113 ι(
635 3076 832 3116 causas
861 3057 1241 3115 intermedias
1290 3061 1704 3135 contingentes.
1733 3062 1933 3117 Scien-

570 3161 596 3192 «
639 3141 720 3196 tia
741 3146 930 3196 autem
960 3139 1059 3196 Dei
1082 3139 1189 3195 etsi
1237 3139 1313 3195 sit
1337 3156 1509 3197 causa
1536 3156 1732 3197 rerum
1759 3141 1932 3198 scita-

570 3243 596 3275 α
639 3236 774 3277 rum
818 3237 919 3293 per
948 3221 1153 3294 ipsam,
1185 3229 1270 3279 est
1296 3227 1490 3278 tamen
1517 3239 1685 3279 causa
1713 3229 1934 3280 remota

570 3322 598 3354 α
638 3317 842 3359 earum
873 3323 885 3357 :
939 3301 1115 3376 igitur
1143 3302 1463 3359 necessitati
1490 3302 1763 3359 scitorum
1791 3320 1933 3360 con·-

571 3405 597 3437 «
640 3383 923 3458 tingentia
971 3399 1087 3440 non
1131 3388 1426 3456 repugnat,
1457 3399 1588 3439 cum
1641 3385 1935 3459 contingat

574 3486 600 3517 α
641 3479 840 3521 causas
878 3462 1254 3520 intermedias
1299 3463 1695 3539 confingentes
1724 3480 1864 3522 esse.
1899 3486 1926 3518 »

569 3545 701 3612 Ubi,
735 3551 797 3600 ut
850 3544 1025 3611 videS,
1074 3560 1192 3602 una
1238 3561 1309 3601 ex
1339 3545 1678 3613 rationibus,
1726 3546 1934 3619 quibus

567 3626 634 3681 D.
666 3624 869 3681 Thom.
916 3623 1117 3696 probat
1165 3624 1428 3681 divinam
1467 3626 1768 3682 scientiam
1816 3643 1934 3684 non

567 3704 871 3779 imponere
910 3705 980 3762 de
1025 3706 1174 3763 facto
1214 3707 1614 3763 necessitatem
1666 3708 1933 3764 omnibus

567 3786 742 3844 rebus
769 3788 946 3853 scitis,
973 3792 1060 3844 est
1077 3788 1214 3861 quia
1230 3804 1412 3844 causae
1435 3789 1712 3860 proximas
1730 3790 1931 3846 talium

571 3884 769 3928 rerum
797 3875 931 3925 sunt
956 3884 1025 3925 ex
1052 3885 1112 3926 se
1136 3869 1567 3944 contingentes:
1614 3887 1739 3943 quae
1787 3871 1933 3929 ratio

567 3949 743 4005 etiam
786 3950 1065 4005 militaret
1118 3948 1179 4003 in
1230 3948 1550 4021 hypothesi,
1596 3948 1744 4021 quod
1784 3953 1933 4007 Deus

570 4036 764 4104 ageret
783 4046 853 4087 ex
881 4029 1216 4087 necessitate
1242 4034 1480 4087 naturae.
1497 4030 1729 4086 Similia
1755 4032 1933 4088 tradit

579 4111 779 4183 [μανι.
832 4117 1012 4186 quaest.
1055 4110 1138 4172 14,
1194 4115 1304 4164 art.
1366 4110 1429 4164 13
1454 4109 1529 4164 ad
1581 4111 1626 4176 1,
1660 4108 1759 4164 ubi
1802 4111 1928 4167 ait:

576 4211 604 4245 α
645 4189 977 4256 Dicendum,
1002 4187 1150 4260 quod
1178 4187 1310 4244 licet
1349 4205 1517 4246 causa
1560 4205 1829 4262 suprema
1857 4193 1931 4249 sit

576 4293 602 4323 a
632 4269 1171 4334 necessaria,tamen
1191 4267 1420 4326 effectus
1436 4268 1733 4342 proximus
1751 4278 1932 4344 potest

576 4373 603 4404 α
644 4366 768 4409 esse
809 4350 1148 4423 contingens
1201 4356 1433 4422 propter
1473 4366 1701 4407 causam
1731 4353 1930 4424 proxi—

575 4453 601 4483 «
644 4446 801 4487 mam
847 4430 1272 4503 contingentem
1296 4471 1310 4485 .
1367 4430 1522 4486 Sicut
1582 4433 1929 4506 germinatio

573 4534 602 4567 α
644 4514 856 4584 plantae
901 4518 987 4568 est
1033 4512 1369 4587 contingens
1415 4519 1647 4585 propter
1698 4531 1930 4573 causam

573 4618 600 4647 «
645 4594 971 4667 proximam
999 4593 1452 4666 contingentem,
1480 4594 1610 4651 licet
1629 4602 1817 4653 motus
1843 4613 1930 4655 so-

569 4697 596 4726 «
642 4673 735 4740 lis,
781 4674 878 4745 qui
907 4677 990 4729 est
1027 4687 1196 4728 causa
1241 4673 1523 4744 proxima,
1553 4675 1629 4731 sit
1667 4691 1929 4733 neeessa-

569 4777 597 4807 «
640 4755 781 4812 rius.
815 4756 883 4810 Et
919 4752 1193 4811 similiter
1218 4754 1358 4811 scita
1397 4770 1430 4811 a
1458 4755 1573 4812 Deo
1616 4762 1751 4813 sunt
1788 4772 1928 4815 con-

570 4857 597 4887 «
640 4835 924 4909 tingentia
953 4839 1182 4908 propter
1208 4850 1404 4891 causas
1432 4837 1743 4909 proximas,
1796 4838 1929 4896 licet

569 4936 596 4968 α
636 4914 876 4972 scientia
922 4914 1043 4980 Dei,
1081 4930 1205 4988 quae
1247 4920 1332 4971 est
1381 4931 1550 4972 causa
1600 4917 1807 4991 prima,
1852 4918 1929 4975 sit

569 5015 597 5046 «
639 4995 978 5052 necessaria.
1008 5015 1034 5047 n
1067 4996 1212 5052 Tum
1258 4995 1456 5065 etiam,
1507 4998 1643 5071 quia
1679 4997 1751 5057 de
1777 4999 1925 5058 facto

1582 388 1674 442 DE
1713 386 1983 442 GRATIA
2037 388 2381 444 EF-FICAGI.

2066 560 2214 614 Deus
2238 574 2354 616 non
2381 563 2466 616 est
2503 576 2672 617 causa
2698 561 3051 636 contingens,
3094 561 3213 616 sive
3234 559 3401 631 irnpe-

2066 636 2327 695 dibiliter
2354 654 2554 713 agens:
2579 646 2639 697 et
2667 641 3051 697 nihilominus
3077 644 3261 696 causat
3284 653 3404 695 cau-

2064 732 2156 773 sas
2173 718 2575 793 contingenter
2601 726 2850 794 agentes,
2876 727 2933 777 et
2958 721 3186 777 effectus
3204 719 3404 776 contin-

2063 805 2264 874 genter
2308 802 2645 857 evenientes
2681 824 2696 868 ;
2731 808 2786 857 et
2825 801 2930 859 hoc
2970 818 3087 860 non
3136 800 3207 858 ob
3242 800 3404 856 aliam

2066 879 2369 944 rationem,
2416 881 2531 936 nisi
2579 881 2716 952 quia
2760 897 2941 938 causae
2993 880 3246 938 secundae
3286 885 3409 935 sunt

2065 958 2427 1033 impedibiles
2443 961 2506 1017 in
2530 961 2782 1036 agend03
2805 969 2862 1019 et
2887 963 2956 1019 ad
2977 961 3406 1037 contingentiam
3457 1021 3462 1026 ,

2064 1041 2312 1110 effectuS,
2338 1058 2468 1098 cum
2488 1043 2566 1098 sit
2593 1043 2663 1101 de
2687 1060 2898 1119 genere
2924 1046 3086 1113 mali,
3113 1044 3311 1100 sufficit
3327 1042 3411 1098 de·

2065 1123 2392 1181 sectibilitas
2411 1141 2483 1181 ex
2512 1132 2674 1198 parte
2695 1125 2968 1199 principii
2994 1126 3278 1199 proximi:
3301 1138 3414 1196 quae

2066 1203 2212 1261 ratio
2256 1204 2432 1260 etiam
2484 1206 2767 1262 militaret
2795 1206 2858 1262 in
2913 1205 3232 1280 hypothesi,
3275 1202 3413 1277 quod

2066 1283 2449 1358 Deusageret
2492 1300 2562 1342 ex
2609 1287 2942 1343 necessitate
2984 1291 3220 1342 naturae.
3265 1283 3411 1350 Quod

2064 1366 2347 1422 motivum
2376 1383 2495 1424 non
2530 1374 2692 1443 urget
2730 1369 2797 1424 in
2838 1368 3105 1426 libertate
3136 1370 3305 1427 etiam
3345 1367 3409 1425 ad

2064 1446 2306 1513 malum3
2332 1462 2471 1503 nam
2488 1453 2549 1504 ut
2568 1449 2696 1521 quis
2714 1447 2894 1506 libere
2915 1449 3138 1505 malum
3160 1450 3405 1524 attingat,

2063 1523 2230 1582 debet
2259 1526 2471 1584 habere
2499 1528 2562 1584 in
2591 1527 2792 1586 eodem
2821 1529 3062 1586 instanti
3092 1535 3409 1603 potestatem

2065 1603 2438 1664 intrinsecam
2467 1606 2539 1663 ad
2569 1606 2785 1665 bonum
2815 1611 3159 1682 oppositum,
3190 1610 3281 1667 vel
3304 1609 3412 1665 sal-

2066 1691 2181 1743 tem
2208 1687 2277 1744 ad
2304 1689 2446 1745 mali
2475 1690 2791 1747 carentiam
2826 1711 2838 1745 :
2888 1706 3013 1762 quae
3041 1697 3281 1763 potestas
3306 1706 3414 1747 non

2064 1767 2320 1824 subsistit
2352 1771 2415 1826 in
2443 1771 2739 1840 creaturis,
2776 1771 2889 1827 nisi
2919 1775 3069 1828 Deus
3096 1772 3298 1830 habeat
3322 1787 3417 1845 po·

2064 1853 2324 1906 testatem
2347 1850 2418 1906 ad
2442 1850 2596 1908 idem
2623 1872 2636 1907 ε
2661 1854 2809 1908 Deus
2836 1856 3046 1920 autem,
3067 1854 3118 1910 si
3148 1862 3333 1928 ageret
3350 1868 3414 1909 ex

2065 1931 2397 1987 necessitate
2413 1938 2549 1988 natu
2558 1933 2740 2000 rae,ita
2754 1940 3121 1990 concurreret
3136 1933 3205 1990 ad
3226 1949 3413 1995 unum,

2062 2009 2212 2083 quod
2242 2025 2362 2067 non
2392 2019 2578 2083 posset
2603 2013 2666 2068 in
2692 2012 2891 2070 eodem
2922 2014 3164 2070 instanti
3189 2029 3417 2072 concur-

2068 2105 2195 2146 rere
2244 2089 2316 2146 ad
2371 2092 2714 2163 oppositum.
2754 2094 2901 2148 Tum
2950 2099 3245 2165 praeterea,
3292 2094 3416 2166 quia

2064 2172 2213 2225 Deus
2237 2168 2306 2225 de
2335 2169 2481 2227 facto
2521 2172 2671 2227 nihil
2699 2173 3099 2245 contingenter
3149 2172 3414 2246 producit,

2064 2253 2121 2307 et
2146 2248 2344 2306 omnia
2388 2249 2651 2321 producit
2679 2250 2860 2308 libere
2887 2272 2900 2307 ε
2948 2251 3098 2324 quod
3126 2254 3263 2309 satis
3295 2268 3420 2325 per-

2064 2328 2261 2386 suadet
2302 2329 2473 2385 aliter
2522 2329 2588 2385 in
2638 2331 2799 2387 omni
2846 2330 3149 2405 hypothesi
3179 2331 3420 2404 philoso—

2067 2407 2376 2482 phandum'
2409 2424 2533 2466 esse
2579 2409 3099 2484 decontingentia,
3144 2428 3207 2469 ac
3236 2411 3305 2469 de
3350 2412 3420 2467 li-

2067 2489 2301 2545 bertate.
2428 2559 2437 2562 -

2139 2571 2287 2625 Tum
2313 2567 2582 2642 denique,
2617 2576 2674 2628 et
2696 2571 2994 2644 praecipue,
3026 2574 3165 2645 quia
3193 2572 3255 2629 in
3281 2589 3421 2647 prae·

2066 2650 2214 2707 dicta
2241 2649 2541 2723 hypothesi
2567 2653 2687 2725 ipsa
2708 2668 2939 2709 summa
2958 2651 3204 2711 efficacia
3231 2655 3348 2721 Dei,
3372 2658 3425 2710 et

2065 2729 2315 2789 defectus
2340 2730 2623 2790 libertatis
2645 2734 2709 2788 in
2730 2731 2949 2806 agendo
2970 2732 3218 2791 inferret
3238 2735 3426 2808 plures

2066 2811 2295 2870 effectus
2320 2815 2716 2888 contingentes
2725 2838 2738 2881 ;
2762 2813 2912 2887 quod
2937 2816 3223 2889 exemplis
3241 2814 3423 2872 decla·

2068 2899 2249 2952 ratur.
2280 2897 2511 2957 Etenim
2566 2896 2715 2952 Deus
2761 2912 2935 2970 agens
2977 2913 3047 2953 ex
3103 2898 3425 2954 necessitate

2066 2982 2287 3035 naturas
2316 2983 2679 3035 concurreret
2700 2994 2758 3034 v.
2788 2995 2844 3052 g.
2874 2994 3003 3034 cum
3032 2994 3197 3051 equo,
3228 2986 3283 3036 et
3302 2994 3425 3035 cum

2066 3059 2250 3127 leone,
2279 3076 2414 3116 cum
2446 3059 2599 3115 inter
2624 3074 2684 3115 se
2707 3066 3031 3133 pugnarent
3070 3081 3084 3117 ε
3121 3067 3321 3118 etcum
3344 3060 3429 3116 leo

2064 3138 2140 3194 sit
2166 3139 2370 3197 fortior
2406 3154 2578 3211 quam
2601 3153 2794 3211 eunS‚
2820 3139 2901 3195 ita
2920 3146 3289 3197 concurreret
3305 3154 3429 3196 cum

2066 3220 2250 3286 leone,
2293 3226 2354 3276 ut
2380 3219 2473 3275 hic
2520 3218 2794 3284 vinceret,
2843 3226 2900 3275 et
2946 3219 3261 3291 impediret
3289 3219 3433 3275 vires

2066 3300 2196 3371 equi
2230 3321 2245 3357 ι
2285 3300 2384 3373 qui
2437 3297 2680 3372 proinde
2728 3298 2961 3355 effectus
2987 3307 3133 3357 esset
3185 3304 3431 3374 respectu

2065 3381 2196 3453 equi
2223 3380 2585 3454 contingens.
2613 3379 2896 3436 Similiter
2916 3387 3290 3439 concurreret
3308 3395 3432 3436 cum

2065 3466 2223 3518 terra
2261 3460 2332 3518 ad
2377 3459 2762 3516 emittendum
2805 3459 2991 3526 flores,
3017 3464 3074 3516 et
3121 3478 3259 3518 cum
3296 3474 3432 3533 equo

2066 3538 2137 3596 ad
2163 3538 2514 3597 currendum
2543 3554 2714 3611 super
2742 3539 2895 3604 illos,
2941 3545 2998 3595 et
3024 3544 3435 3615 consequenter

2066 3619 2137 3677 ad
2157 3636 2253 3678 eos
2276 3617 2690 3676 conterendum
2719 3640 2733 3675 ε
2763 3618 2861 3692 qui
2888 3618 3118 3675 effectus
3166 3619 3436 3679 accideret

2064 3706 2233 3757 terrae
2254 3700 2324 3757 ad
2345 3700 2595 3756 fructum
2614 3699 3188 3758 inclinanti.Pariter
3208 3714 3436 3758 concur-

2067 3787 2155 3839 ret
2180 3781 2504 3839 necessario
2531 3797 2662 3837 cum
2693 3796 2839 3853 aqua
2861 3780 2931 3837 ad
2961 3780 3430 3845 humectantium,

2064 3868 2268 3919 etcum
2299 3863 2431 3936 igne
2454 3860 2526 3917 ad
2539 3859 3011 3918 calefaciendum:
3047 3868 3102 3919 et
3129 3879 3202 3920 ex
3233 3863 3433 3920 utrius-

2063 3958 2172 4016 que
2190 3959 2371 4000 causae
2390 3957 2665 3999 concursu
2696 3943 2993 3999 resultaret
3020 3944 3310 4015 quoddam
3326 3949 3429 3999 ter·

2065 4025 2387 4099 tium,quod
2401 4030 2549 4082 esset
2572 4030 2779 4096 praeter
2793 4024 3172 4083 intentionem
3189 4025 3429 4100 particu-

2064 4107 2246 4163 larem
2291 4121 2492 4163 earum
2518 4121 2838 4162 causarum.
2874 4107 3127 4180 Denique
3155 4103 3429 4182 quidquid

2061 4188 2458 4260 contingenter
2493 4201 2646 4243 nunc
2673 4184 2738 4241 fit
2765 4202 2833 4242 ex
2850 4185 3071 4243 influxu
3091 4187 3426 4252 necessario,

2061 4266 2457 4324 etuniversali
2496 4267 2794 4333 coelorum,
2824 4264 2989 4323 fieret
3012 4266 3195 4324 etiam
3240 4267 3304 4324 in
3331 4267 3433 4323 illa

2061 4349 2382 4424 hypothesi,
2440 4350 2556 4413 Deo
2599 4348 2877 4405 similiter
2925 4348 3209 4408 influente
3237 4375 3253 4418 ς
3282 4350 3429 4424 ‘quia

2061 4438 2499 4506 perseverarent
2523 4430 2739 4489 eaedem
2778 4446 2961 4488 causae
2992 4433 3277 4503 proximae
3318 4433 3431 4488 im-

2062 4513 2359 4587 pedibiles,
2385 4519 2441 4571 et
2489 4512 2596 4569 sub
2654 4511 2837 4568 variis
2873 4512 3303 4571 conditionibus
3330 4529 3430 4586 ap-

2061 4594 2381 4668 plicabiles:
2403 4611 2474 4651 ex
2492 4593 2700 4667 quibus
2718 4592 2791 4650 de
2812 4593 2957 4651 iacto
2971 4595 3260 4666 provenit,
3285 4592 3430 4667 quod

2061 4678 2255 4751 plures
2281 4676 2533 4733 actiones
2554 4690 2858 4733 causarum
2886 4677 3293 4747 proximarum
3315 4676 3429 4733 im·-

2061 4755 2386 4829 pediantur,
2431 4762 2489 4813 et
2514 4756 2707 4828 plures
2734 4753 2966 4811 effectus
2992 4761 3201 4828 praeter
3227 4771 3429 4813 earum

2060 4838 2435 4912 particulares
2456 4836 2866 4895 inclinationes
2895 4839 3173 4895 resultent
3199 4861 3214 4896 ε
3258 4836 3427 4912 quod,

2056 4924 2114 4976 et
2141 4919 2293 4977 nihil
2334 4918 2605 4993 amplius,
2637 4919 2893 4991 exposcit
2930 4918 3331 4993 contingentia
3372 4922 3432 4974 ut

2056 4996 2332 5057 distincta
2354 5013 2388 5056 a
2415 4998 2699 5057 libertate.
