3647 5753
525 490 640 548 702
980 488 986 493 ’
1549 486 1643 540 DE
1683 485 2045 541 DIVISIONE
2083 486 2363 542 MERITI.

336 677 490 733 neqn-
601 659 655 714 2.
701 658 809 714 Sed
836 660 987 715 circa
1014 660 1265 731 primam
1303 675 1374 716 ex
1416 657 1508 713 his
1543 656 1885 730 descriptio-

310 724 519 817 ,εξζξξξὼ
532 739 722 806 nibuS,
744 747 798 796 et
817 741 1293 814 explicationibus
1309 740 1566 808 observa,
1586 738 1734 813 quod
1751 754 1884 794 cum

336 822 392 915 {¹3¹¹
394 830 502 916 31²3)
532 821 595 876 in
610 835 677 877 ea
693 820 957 887 dicimus,
977 823 1250 878 meritum
1271 820 1341 878 de
1366 821 1649 895 condigno
1676 818 1888 875 habere

356 929 461 963 con-
531 905 913 976 aequalitatem
942 921 1071 960 cum
1096 905 1351 977 praemio,
1388 911 1443 962 et
1465 921 1582 961 non
1608 904 1886 960 meritum

334 969 482 1023 dmm·
531 985 601 1043 de
640 1002 909 1061 congruo,
943 986 1383 1060 intelligendum
1412 992 1496 1043 est
1536 986 1608 1043 de
1646 985 1886 1058 aequali-

528 1071 644 1124 tate
687 1084 817 1125 cum
864 1069 1101 1141 praemio
1146 1068 1505 1133 formaliter,
1550 1072 1607 1124 et
1657 1068 1720 1122 in
1764 1081 1889 1122 esse

529 1150 777 1221 praemii.
809 1152 954 1206 Nam
984 1149 1384 1214 materialiter,
1418 1154 1474 1205 et
1500 1149 1564 1205 in
1590 1162 1711 1203 esse
1736 1147 1890 1203 entis

527 1244 675 1301 saepe
738 1235 893 1286 actus
938 1228 1007 1286 de
1057 1229 1338 1303 condigno
1385 1230 1717 1286 meritorius
1769 1244 1888 1284 non

530 1310 785 1382 adaequat
826 1310 1150 1382 praemium,
1184 1315 1243 1365 ut
1272 1315 1422 1382 patet
1449 1309 1513 1365 in
1540 1316 1665 1366 actu
1692 1309 1889 1366 chari-

529 1391 662 1447 tatis
700 1390 891 1447 elicito
930 1408 963 1446 a
1003 1392 1242 1458 viatore,
1286 1391 1385 1463 qui
1413 1407 1543 1447 cum
1570 1407 1719 1464 saepe
1760 1405 1889 1446 mo-

528 1478 868 1530 mentaneus
895 1473 985 1538 sit,
1021 1479 1275 1529 meretur
1304 1473 1373 1528 de
1397 1472 1680 1547 condigno
1708 1474 1888 1530 vitam

530 1559 826 1622 aeternam,
847 1553 1001 1610 inter
1021 1570 1213 1627 quam,
1242 1559 1296 1610 et
1318 1553 1650 1627 praedictum
1674 1559 1885 1618 actum,

528 1639 579 1693 si
608 1637 670 1692 in
709 1652 831 1693 esse
869 1637 1019 1693 entis
1064 1636 1519 1703 considerentur,
1555 1642 1757 1693 notum
1804 1641 1891 1692 est

531 1719 778 1792 reperiri
825 1720 1145 1775 maximam
1199 1719 1682 1793 inaequalitatem.
1733 1720 1891 1792 Saepe

529 1800 705 1858 etiam
754 1799 1027 1855 meritum
1068 1799 1137 1856 de
1172 1816 1424 1874 congruo
1471 1801 1534 1856 in
1579 1816 1700 1857 esse
1739 1799 1892 1856 entis

531 1881 810 1954 adaequat,
836 1882 925 1937 vel
946 1882 1165 1938 excedit
1193 1884 1517 1955 praemium,
1546 1888 1605 1938 ut
1631 1882 1892 1939 cernitur

531 1965 596 2020 in
624 1969 746 2020 actu
774 1964 1218 2035 supernaturali,
1254 1981 1353 2036 per
1380 1980 1550 2037 quem
1594 1980 1740 2020 unus
1762 1965 1890 2038 jus-
1939 2009 1944 2015 .

533 2051 624 2102 tus
645 2051 899 2103 meretur
921 2045 1087 2101 alteri
1111 2046 1397 2103 auxilium
1427 2045 1657 2120 aliquod
1685 2062 1889 2120 super-

532 2127 814 2192 naturale,
848 2132 946 2182 aut
969 2126 1079 2182 sibi
1109 2126 1237 2198 ipsi,
1279 2129 1371 2184 vel
1401 2129 1534 2184 aliis
1561 2125 1711 2184 bona
1739 2133 1889 2183 tem-

531 2208 755 2280 poralia
783 2223 986 2280 :quem
1009 2206 1240 2279 quidem
1291 2213 1477 2264 actum
1528 2209 1766 2280 planum
1807 2213 1893 2264 est

530 2287 823 2361 adaequate
849 2289 912 2344 in
940 2304 1061 2344 esse
1088 2289 1255 2353 entis,
1289 2294 1387 2345 aut
1413 2288 1587 2345 etiam
1615 2304 1893 2361 superare

533 2371 860 2444 hujusmodi
890 2371 1126 2444 praemia
1149 2396 1163 2437 ;
1198 2387 1329 2427 cum
1351 2378 1547 2427 tamen
1570 2371 1674 2427 illa
1700 2372 1891 2428 solum

529 2450 601 2508 de
621 2466 872 2524 congruo
895 2456 1202 2507 mereatur.
1221 2454 1379 2508 Tunc
1401 2457 1591 2508 autem
1615 2452 1891 2508 meritum

532 2529 788 2603 adaequat
836 2533 1138 2603 praemium
1188 2532 1530 2599 formaliter,
1568 2538 1624 2588 et
1669 2532 1731 2588 in
1770 2549 1893 2590 esse

532 2613 759 2684 praemii
784 2657 796 2677 ,
827 2613 1064 2686 quando.
1082 2616 1174 2670 vel
1203 2616 1479 2671 meritum
1510 2615 1723 2671 virtute
1751 2630 1894 2671 con-

532 2694 678 2751 tinet
717 2695 906 2766 ipsum
955 2696 1256 2768 praemium
1291 2719 1303 2753 :
1334 2698 1480 2753 sicut
1519 2696 1709 2753 omnis
1737 2702 1893 2753 actus

532 2775 642 2830 viae
663 2791 693 2829 a
715 2776 899 2849 gratia
928 2775 1235 2848 procedens
1256 2778 1469 2833 virtute
1495 2776 1749 2833 continet
1767 2793 1895 2851 gra-

532 2856 673 2913 tiam
704 2856 919 2927 patriae,
951 2874 1049 2914 seu
1075 2857 1304 2932 gloriae;
1333 2860 1421 2916 vel
1444 2859 1609 2932 juxta
1634 2857 1892 2932 pruden-

532 2938 606 2993 tis
653 2935 960 2994 arbitrium
1014 2938 1161 2994 tanti
1206 2939 1525 2997 aestimatur
1571 2941 1848 2997 meritum
1877 2984 1891 3008 ,

531 3020 732 3092 quanti
775 3025 831 3076 et
858 3022 1182 3094 praemium,
1215 3021 1470 3095 illudque
1498 3022 1569 3079 ad
1593 3024 1715 3089 hoc,
1746 3024 1896 3079 sicut

532 3100 603 3159 ad
627 3103 919 3176 propriam
949 3103 1267 3160 mercedem
1297 3105 1602 3162 ordinatur
1635 3121 1706 3162 ex
1736 3111 1893 3163 certo

534 3189 710 3258 pacto,
733 3185 823 3241 vel
843 3185 1221 3258 promissione
1240 3188 1687 3245 remunerantis
1707 3190 1896 3253 Quare

460 3319 461 3324 ,
532 3281 663 3321 cum
687 3272 839 3322 actus
871 3266 1041 3322 unius
1058 3267 1197 3340 justi
1226 3283 1342 3324 non
1364 3268 1666 3326 ordinetur
1692 3285 1763 3326 ex
1789 3269 1899 3325 ali·

534 3364 645 3420 qua
689 3348 786 3403 Dei
825 3349 1223 3421 promissione,
1255 3355 1311 3406 et
1332 3356 1605 3423 tanquam
1647 3351 1718 3408 ad
1761 3367 1896 3426 pro-

538 3427 727 3500 priam
774 3427 1096 3485 mercedem
1152 3429 1222 3486 ad
1269 3430 1513 3487 ulterius
1566 3431 1854 3487 auxilium
1881 3475 1893 3497 ,

539 3524 723 3581 neque
770 3508 838 3564 ad
890 3508 1039 3565 bona
1092 3511 1434 3583 temporalia
1476 3512 1731 3585 propria,
1786 3514 1882 3569 vel

537 3589 727 3645 aliena
749 3588 892 3662 (ejus
917 3590 1075 3645 enim
1103 3591 1335 3663 propria
1363 3607 1578 3648 merces
1604 3593 1792 3649 solum
1814 3596 1899 3648 est

539 3674 914 3744 augmentum
945 3671 1190 3744 propriae
1208 3672 1425 3744 gratiae,
1452 3678 1508 3729 et
1527 3673 1746 3746 gloriae)
1763 3672 1899 3730 inde

537 3756 640 3818 est,
673 3756 736 3806 ut
775 3768 891 3808 non
936 3752 1140 3808 habeat
1161 3754 1547 3825 aequalitatem
1598 3771 1729 3811 cum
1776 3754 1899 3811 illis

542 3836 886 3902 formaliter,
918 3836 1057 3893 etin
1083 3852 1203 3893 esse
1231 3836 1458 3908 praemii
1482 3879 1496 3903 ,
1546 3837 1676 3894 licet
1714 3837 1789 3893 sit
1814 3838 1899 3894 eis

541 3917 795 3989 aequaliS,
823 3918 912 3974 vel
936 3918 1118 3990 major
1146 3917 1285 3989 ipsis
1314 3917 1376 3972 in
1404 3933 1525 3974 esse
1551 3918 1719 3974 entis.

322 4009 529 4104 fflfffflss‘ss'
616 3998 668 4053 3.
714 3999 797 4052 Ex
824 3997 1031 4070 quibus
1060 3998 1343 4054 nonnulla
1372 3998 1716 4055 discrimina
1744 3999 1899 4058 inter

353 4108 504 4152 merita
542 4083 849 4150 utrumque
875 4078 1168 4145 meritum,
1200 4078 1407 4150 quibus
1430 4080 1667 4135 illorum
1693 4085 1900 4138 natura
1935 4130 1940 4135 .

346 4156 402 4202 ‘¹0
416 4167 511 4202 001¹·
543 4159 770 4231 plenius
792 4158 1160 4232 dignoscitur,
1187 4158 1595 4231 deprehendes,
1630 4162 1897 4219 Primum

321 4205 531 4301 ‘iigsssshft
542 4248 644 4309 est,
670 4241 819 4316 quod
848 4241 918 4298 ad
941 4242 1214 4298 meritum
1241 4241 1310 4297 de
1338 4240 1620 4315 condigno
1648 4259 1902 4302 necessa-

355 4316 475 4359 ΜΟ·
543 4323 631 4380 ria
670 4329 754 4380 est
795 4321 1098 4396 promissio
1143 4337 1213 4378 ex
1262 4328 1419 4395 parte
1448 4326 1894 4395 remunerantis,

537 4421 636 4463 seu
685 4410 909 4479 pactum
955 4422 1084 4461 cum
1131 4420 1218 4473 eo,
1248 4403 1343 4477 qui
1392 4411 1665 4464 meretur.
1694 4409 1898 4466 saltem

538 4487 921 4558 implicitum:
951 4487 1084 4560 quia
1124 4485 1379 4543 debitum
1406 4502 1478 4543 ex
1513 4487 1735 4560 J’ustitia
1781 4506 1899 4549 non

538 4568 857 4639 completur
897 4566 1107 4639 absque
1124 4564 1402 4640 praedicto
1443 4572 1602 4640 pacto
1631 4586 1644 4621 :
1678 4570 1783 4627 hoc
1808 4575 1901 4628 ta-

543 4665 681 4706 men
705 4665 821 4707 non
849 4649 1197 4724 exigitur‘ad
1224 4648 1499 4706 meritum
1523 4650 1593 4708 de
1619 4667 1894 4726 congruo,

541 4729 638 4786 ubi
667 4730 924 4788 debitum
951 4735 1035 4787 est
1060 4747 1132 4788 ex
1164 4732 1283 4788 sola
1326 4729 1604 4800 decentia,
1640 4735 1730 4790 vel
1759 4751 1900 4792 con-

538 4813 805 4889 gruitate,
831 4811 980 4885 quod
1011 4817 1169 4885 pacto
1192 4827 1308 4869 non
1337 4809 1622 4879 firmatur,
1654 4813 1752 4871 sed
1774 4817 1900 4893 lege

541 4896 827 4960 amicitiae,
853 4902 909 4953 et
932 4895 1276 4953 liberalitate
1305 4898 1755 4954 remunerantis.

614 4975 935 5033 Secundum
965 4976 1133 5049 (quod
1161 4994 1231 5034 ex
1261 4975 1597 5050 praecedenti
1617 4981 1901 5054 sequitur)

539 5060 641 5123 est,
668 5056 816 5128 quod
840 5058 1064 5114 meritis
1090 5056 1159 5113 de
1184 5056 1467 5130 condigno
1504 5058 1900 5119 infallibiliter

539 5154 573 5194 a
619 5138 733 5194 Deo
771 5139 1063 5195 confertur
1108 5137 1453 5209 praemium,
1505 5141 1619 5198 nisi
1668 5143 1773 5200 illa
1800 5159 1901 5217 per

2019 662 2309 729 peccatum
2355 657 2812 728 mortificentur,
2860 666 2918 717 et
2959 676 3161 717 eorum
3205 660 3385 715 motio

2019 738 2496 813 interrumpatur,
2525 755 2628 795 nec
2650 740 3013 813 postmodum
3037 745 3377 812 reparetur:

2019 818 2165 874 sicut
2183 821 2463 895 contingit
2490 821 2553 876 in
2579 836 2665 886 e0‚
2690 823 2789 894 qui
2810 823 3139 878 mortaliter
3171 826 3379 894 peccat,

2020 904 2076 954 et
2104 915 2221 956 non
2249 902 2527 975 resurgit.
2560 904 2841 960 Caeterum
2883 903 3114 959 meritis
3147 902 3220 960 de
3243 918 3384 960 con-

2018 997 2162 1055 gruo
2199 999 2349 1056 saepe
2379 985 2685 1056 praemium
2713 1003 2746 1042 a
2775 988 2888 1044 Deo
2920 1002 3039 1043 non
3059 984 3379 1042 confertur.

2023 1062 2203 1136 Hujus
2249 1063 2606 1120 discriminis
2655 1066 2803 1124 ratio
2838 1081 2962 1122 esse
3003 1070 3204 1138 potest,
3234 1063 3386 1138 quod

2022 1143 2297 1199 meritum
2348 1160 2421 1201 ex
2458 1144 2743 1220 condigno
2791 1147 2922 1203 facit
2964 1146 3077 1203 sibi
3125 1144 3383 1202 debitum

2024 1224 2329 1295 praemium
2370 1241 2440 1280 ex
2483 1227 2728 1300 justitia,
2765 1232 2824 1282 ut
2863 1226 3083 1283 dictum
3114 1231 3237 1292 est,
3289 1230 3386 1282 aut

2022 1304 2228 1361 saltem
2272 1321 2345 1362 ex
2384 1305 2677 1372 fidelitate,
2721 1315 2917 1382 estque
2959 1324 2991 1363 a
3035 1310 3148 1364 Deo
3172 1312 3383 1367 statuta

2024 1385 2118 1441 lex
2133 1387 2545 1443 remunerandi
2565 1388 2892 1462 hujusmodi
2911 1388 3218 1445 meritum:
3233 1386 3384 1462 quod

2024 1474 2216 1524 autem
2238 1469 2320 1525 sic
2346 1484 2378 1525 a
2405 1471 2519 1526 Deo
2545 1470 2800 1538 debetur,
2824 1487 3055 1544 semper
3084 1468 3380 1527 redditur:

2023 1556 2108 1607 est
2132 1551 2293 1607 enim
2333 1549 2524 1609 fidelis
2552 1556 2717 1621 DeuS,
2763 1559 2818 1610 et
2854 1554 3040 1626 justus
3061 1553 3257 1626 judex,
3286 1553 3385 1624 qui

2024 1631 2269 1705 proinde
2308 1633 2584 1706 seipsum,
2616 1640 2713 1689 aut
2738 1634 2889 1706 quod
2913 1633 3099 1700 debet,
3132 1639 3231 1690 aut
3254 1648 3386 1706 pro·

2025 1714 2221 1780 mittit,
2256 1729 2464 1788 negare
2494 1732 2610 1773 non
2641 1723 2840 1787 potest.
2873 1717 2954 1771 Eo
2987 1717 3079 1772 vel
3109 1716 3384 1779 maxime,

2023 1796 2173 1868 quod
2210 1796 2432 1853 ratione
2470 1797 2667 1854 meriti
2697 1797 2767 1854 de
2799 1796 3087 1870 condigno
3109 1795 3168 1853 id
3198 1797 3387 1852 solum

2026 1881 2203 1948 potest
2230 1894 2352 1935 esse
2380 1878 2716 1935 hominibus
2744 1879 3026 1944 debitum,
3053 1877 3203 1951 quod
3223 1894 3386 1951 spec·

2024 1964 2106 2014 tat
2145 1958 2215 2014 ad
2236 1975 2440 2017 eorum
2470 1960 2907 2028 beatitudinem,
2935 1961 3150 2017 scilicet
3173 1960 3382 2035 gratia,

2024 2042 2080 2094 et
2104 2039 2288 2112 gloria
2321 2061 2335 2096 z
2366 2041 2470 2095 hoc
2511 2047 2702 2097 autem
2739 2042 2888 2097 nulli
2934 2045 3078 2098 Deus
3118 2039 3382 2114 denegat,

2027 2120 2139 2176 nisi
2186 2137 2287 2193 per
2334 2123 2523 2196 ipsum
2553 2124 2853 2181 hominem
2885 2129 3012 2188 stet,
3051 2123 3239 2197 quise
3267 2123 3393 2178 ali-·

2025 2204 2255 2276 quando
2283 2222 2383 2278 per
2413 2213 2701 2279 peccatum
2728 2206 2913 2264 reddit
2961 2209 3284 2278 incapacem
3313 2203 3387 2259 ad

2028 2285 2191 2340 illam
2217 2285 2625 2359 recipiendam.
2649 2289 3009 2344 Atmeritum
3025 2286 3093 2343 de
3113 2301 3384 2359 congrue.

2025 2368 2117 2424 cui
2143 2369 2330 2424 solum
2358 2386 2429 2425 ex
2456 2370 2832 2443 congruitate,
2863 2376 2918 2427 et
2947 2369 3220 2432 decentia,
3261 2365 3389 2422 abs—

2026 2467 2133 2523 que
2155 2456 2310 2507 certa
2336 2451 2458 2525 lege
2484 2468 2516 2507 a
2562 2454 2674 2509 Deo
2716 2454 2848 2518 lata,
2882 2452 3183 2525 praemium
3211 2449 3389 2505 debe-

2028 2539 2137 2600 tur,
2170 2538 2350 2606 potest
2373 2533 2442 2589 ab
2469 2534 2590 2607 ejus
2617 2536 3061 2608 consequutione
3088 2532 3386 2605 impediri,

2026 2615 2255 2672 etiamsi
2302 2632 2532 2672 merens
2579 2634 2696 2673 non
2741 2634 2803 2674 se
2849 2618 3009 2673 illius
3057 2617 3390 2687 incapacem

2031 2697 2255 2764 reddat,
2289 2700 2380 2754 vel
2407 2701 2543 2771 quia
2599 2700 2910 2773 aliquando
2962 2699 3283 2771 oppositum
3328 2699 3388 2753 ei

2028 2782 2212 2856 magis
2248 2783 2516 2838 convenit
2549 2784 2613 2839 in
2654 2782 2860 2840 ordine
2888 2783 2958 2840 ad
2986 2790 3261 2839 aeternam
3289 2796 3391 2836 sa-

2029 2863 2242 2930 lutem3
2271 2879 2382 2935 qua
2426 2865 2648 2922 ratione
2667 2865 2836 2939 justis
2873 2881 3021 2936 saepe
3046 2865 3190 2920 Deus
3219 2869 3394 2937 negat

2030 2943 2179 3000 bona
2203 2946 2565 3016 temporalia,
2597 2948 2823 3003 etiamsi
2874 2946 2978 3001 illa
3023 2944 3093 3000 de
3132 2959 3393 3017 congruo

2030 3031 2382 3092 mereantur,
2408 3027 2543 3098 quia
2565 3025 2847 3084 bonorum
2870 3027 3112 3082 istorum
3137 3026 3398 3082 carentia

2029 3106 2173 3163 solet
2200 3109 2381 3180 magis
2421 3107 2737 3165 conducere
2758 3107 2829 3164 ad
2858 3109 3136 3163 meritum
3164 3107 3233 3162 de
3259 3121 3401 3162 con·

2030 3185 2204 3260 digno
2233 3187 2368 3244 vitae
2389 3194 2621 3244 aeternae
2650 3190 2772 3245 :vel
2800 3189 2933 3262 quia
2960 3204 3107 3260 saepe
3127 3202 3256 3243 cum
3287 3186 3401 3242 hoc

2030 3282 2100 3324 ex
2145 3284 2262 3323 una
2311 3272 2469 3339 parte
2510 3285 2828 3344 congruum
2875 3268 3107 3328 videtur
3134 3312 3144 3332 ,
3172 3273 3401 3324 attenta

2032 3347 2262 3420 praecise
2289 3347 2545 3404 humana
2567 3351 2917 3421 operatione,
2944 3353 2998 3405 et
3019 3347 3219 3404 divina
3253 3348 3404 3405 libe·

2034 3429 2293 3493 ralitate3
2324 3445 2394 3485 ex
2422 3431 2537 3487 alia
2563 3431 2885 3504 oppositum
2916 3431 3098 3504 magis
3125 3432 3403 3504 congruit

2030 3510 2343 3566 secundum
2377 3511 2643 3569 ordinem
2692 3511 2907 3569 divinae
2949 3511 3245 3584 sapientiae
3271 3555 3285 3573 ,
3335 3519 3404 3569 et

2034 3590 2433 3663 providentiae,
2460 3610 2584 3666 quae
2607 3593 2821 3649 bonum
2846 3594 3018 3649 totius
3039 3592 3189 3649 bono
3210 3594 3298 3666 cuj
3308 3609 3408 3648 us-

2033 3671 2174 3729 libet
2190 3672 2441 3746 partium
2466 3675 2910 3745 anteponit.Qua
2928 3673 3149 3730 ratione
3160 3673 3403 3742 etiamsi

2033 3768 2182 3808 unus
2221 3753 2409 3825 justus
2450 3761 2742 3811 mereatur
2797 3756 2866 3811 de
2918 3770 3170 3828 congruo
3233 3754 3404 3809 salu-

2034 3829 2148 3890 tem
2184 3835 2422 3908 alicujus
2451 3837 2773 3908 peccatoris,
2807 3835 3114 3909 aliquando
3143 3835 3232 3891 hic
3259 3849 3402 3891 eam

2035 3931 2151 3972 non
2171 3918 2563 3990 consequitur3
2593 3920 2725 3991 quia
2747 3918 2911 3992 juxta
2941 3916 3204 3980 ordinem
3233 3916 3405 3972 divi·
3597 3977 3598 3984 χ

2037 4012 2124 4053 nae
2167 3998 2479 4071 sapientiae,
2510 4006 2566 4057 et
2608 3999 3020 4072 provideram,
3067 4015 3190 4072 quae
3235 3998 3403 4053 hunc
3597 3993 3598 4030 ¹

2036 4084 2384 4149 peccatorem
2433 4080 2741 4152 reprobum
2793 4078 2925 4135 fecit
2955 4124 2966 4145 ,
3025 4078 3171 4137 bono
3215 4077 3400 4134 totius

2035 4161 2314 4226 universi,
2347 4167 2401 4217 et
2422 4161 2570 4219 bono
2600 4161 3132 4234 praedestinatorum
3160 4159 3396 4232 opposi-

2034 4248 2158 4297 tum
2186 4244 2371 4317 magis
2395 4244 2675 4318 congruit,
2697 4244 2861 4316 juxta
2883 4243 3030 4300 illud
3058 4245 3267 4299 Jerem.
3304 4242 3403 4296 15:
3442 4265 3599 4312 Jeren

2033 4321 2102 4381 Si
2145 4328 2350 4380 steterit
2371 4324 2598 4396 Moyses,
2622 4334 2671 4380 et
2692 4326 2922 4384 Samuel
2940 4344 3124 4381 coram
3153 4341 3251 4388 me,
3285 4339 3413 4376 non
3509 4319 3590 4359 15-

2033 4412 2109 4461 est
2130 4409 2324 4462 anima
2352 4423 2472 4461 mca
2493 4407 2567 4461 ad
2590 4409 2854 4479 populum
2881 4411 3067 4464 istum.

2650 4597 2680 4665 g
2721 4596 2788 4651 11.

2128 4742 2285 4817 Quod
2310 4745 2416 4800 liaec
2436 4744 2621 4799 meriti
2645 4744 2847 4801 divisio
2872 4748 2944 4802 sit
2965 4745 3275 4823 adaequata.

2105 4893 2161 4948 4.
2208 4893 2293 4949 Ex
2314 4893 2609 4965 utriusque
2637 4895 2830 4950 meriti
2864 4893 3248 4967 explicatione
3277 4895 3427 4951 col—
3459 4924 3599 4967 „m

2034 4974 2254 5048 ligitur,
2301 4971 2628 5046 praedictam
2660 4974 3006 5033 divisionem
3035 4973 3418 5047 adaequatam
3434 4973 3599 5068 52¹5}

2034 5073 2175 5123 esse,
2221 5058 2560 5129 nullumque
2608 5058 2849 5130 reperiri
2893 5057 3207 5124 meritum,
3240 5060 3423 5129 quod
3470 5079 3599 5127 quau

2035 5155 2153 5197 non
2196 5139 2273 5194 sit
2316 5136 2386 5194 de
2428 5153 2700 5212 congruo,
2735 5146 2831 5194 aut
2871 5136 2939 5196 de
2984 5137 3299 5211 condigno,
3338 5142 3429 5197 Et

3249 5214 3436 5274 ratio
