3647 5753
487 384 596 439 314
1437 365 1529 420 DE
1568 354 2149 417 JUSTIFICATIONE
2191 351 2346 405 IMPI
2352 350 2391 406 1.

495 578 521 609 α
551 559 608 611 et
650 565 893 625 quorum
941 550 1081 603 tecta
1126 545 1261 598 sunt
1301 542 1540 614 peccata,
1589 533 1785 605 adjecit
1823 548 1844 582 .-

294 664 454 716 paug.
494 660 519 689 a
549 638 822 706 cooperta
848 633 982 684 sunt
1009 629 1245 699 peccata,
1277 626 1333 679 et
1361 624 1503 676 tecta
1526 619 1678 679 sunt,
1705 612 1845 669 abo-

493 738 518 768 «
551 715 654 771 lita
675 710 831 769 su‘nt.
862 710 918 764 Si
940 706 1083 765 texit
1104 709 1326 777 peccata
1352 703 1517 764 Deus,
1548 691 1847 752 noluitad-

496 820 521 851 «
549 793 849 859 vertere3si
867 789 1052 847 noluit
1067 779 1572 844 advertere‚noluit
1587 773 1848 834 animad-

495 902 517 930 «
557 872 800 935 vertere.
827 874 903 931 Et
920 878 1040 947 post
1063 886 1242 942 pauca
1269 885 1286 920 :
1313 868 1425 921 Nec
1451 861 1532 917 sic
1552 858 1859 930 intelligas

498 984 521 1015 «
553 962 645 1027 tis,
675 957 823 1031 quod
845 955 1263 1011 dixitzpeccata
1285 951 1482 1020 operta
1505 946 1640 999 sunt
1686 937 1848 1012 quasi

497 1064 520 1093 «
556 1041 636 1097 ibi
688 1040 824 1105 sint,
875 1042 931 1093 et
972 1034 1191 1089 vivant.
1236 1031 1402 1085 Tecta
1440 1039 1577 1099 ergo
1629 1025 1850 1094 peccata

502 1146 527 1176 «
557 1137 732 1196 quare
783 1119 978 1175 dixit?
1017 1116 1093 1170 Ut
1136 1127 1254 1169 non
1294 1109 1650 1166 viderentur.
1701 1099 1851 1182 Quid

502 1224 526 1254 α
558 1202 716 1259 enim
745 1204 866 1273 erat
885 1196 983 1252 Dei
1004 1192 1201 1250 videre
1228 1193 1467 1263 peccata,
1500 1184 1612 1241 nisi
1644 1181 1853 1256 punire

504 1305 528 1336 α
563 1287 779 1357 peccata
800 1280 840 1335 P·
857 1288 883 1329 n‘
908 1276 966 1332 Si
993 1275 1152 1331 enim
1182 1274 1329 1328 Deus
1343 1267 1499 1325 videt
1526 1266 1589 1322 in
1614 1262 1853 1320 homine

499 1369 807 1437 peccatum,
835 1358 1030 1431 nequit
1045 1372 1164 1432 non
1183 1352 1352 1409 illum
1373 1348 1578 1416 odisse,
1601 1350 1659 1403 et
1678 1357 1855 1416 repu-

500 1451 623 1502 tare
644 1442 940 1516 punitione
960 1436 1219 1511 dignum.

312 1553 437 1595 flauo
573 1528 665 1583 22.
713 1521 995 1580 Probatur
1030 1514 1279 1575 secundo
1318 1511 1553 1570 assertio
1580 1505 1856 1566 catholica

308 1602 463 1695 gzuffij
501 1605 757 1680 sequenti
785 1597 1043 1658 discursu
1070 1598 1370 1669 desumpto
1389 1609 1459 1651 ex
1480 1595 1544 1648 D.
1564 1590 1769 1645 Thom.
1819 1587 1856 1641 3

343 1701 410 1744 lis.
499 1695 646 1762 part.
678 1692 858 1763 quaest.
890 1684 984 1747 86,
1012 1686 1122 1735 art.
1156 1680 1203 1743 1,
1233 1674 1509 1749 quoniam
1534 1667 1683 1743 qnod
1726 1681 1858 1740 pec-

309 1751 468 1794 D‘rho.
502 1774 626 1827 cata
672 1769 730 1823 in
770 1762 1176 1840 justificatione
1215 1773 1335 1816 non
1375 1755 1731 1816 auferantur,
1764 1749 1858 1805 vel

504 1851 769 1926 provenit
811 1864 879 1905 ex
916 1861 1000 1911 e0‚
1041 1841 1191 1916 quod
1227 1844 1456 1913 'peccata
1494 1834 1672 1901 semel
1699 1847 1859 1888 com-

503 1932 679 1989 missa
717 1930 1005 2002 nequeunt
1050 1922 1288 1987 auferri,
1332 1920 1426 1976 vel
1470 1934 1540 1975 ex
1579 1931 1666 1981 e0,
1708 1911 1859 1985 quod

504 2017 649 2071 Deus
689 2026 805 2068 non
845 2008 967 2065 vult
1012 2006 1116 2062 illa
1142 2002 1370 2060 auferre
1402 2022 1416 2056 z
1447 2002 1717 2054 neutrum
1745 1991 1857 2048 dici

473 2122 484 2129 ’
503 2100 682 2169 potest
708 2116 720 2150 ε
749 2108 885 2166 ergo
902 2091 1132 2147 nullum
1149 2083 1306 2143 adest
1321 2080 1778 2141 fundamentum,
1799 2079 1863 2129 ut

499 2177 722 2249 dicatur
751 2176 972 2247 peccata
998 2165 1269 2226 mortalia
1290 2177 1407 2220 non
1429 2158 1645 2218 auferri
1668 2157 1729 2212 in
1747 2156 1866 2229 jus-

499 2258 827 2322 tificatione,
861 2253 957 2310 sed
989 2257 1215 2308 tantum
1242 2245 1375 2320 tegi,
1401 2243 1495 2300 vel
1524 2256 1639 2297 non
1669 2239 1863 2311 impu-

501 2341 614 2397 tari
668 2338 737 2395 ad
791 2350 1054 2410 poenam..
1094 2330 1299 2403 Maior,
1354 2330 1411 2382 et
1461 2319 1889 2394 consequentia

503 2424 780 2479 constant.
814 2417 1010 2487 Minor
1030 2416 1222 2469 autem
1249 2404 1434 2480 quoad
1456 2403 1704 2476 primam
1728 2414 1866 2472 par-

507 2507 620 2557 tem
668 2494 988 2554 ostenditur
1034 2512 1047 2547 :
1088 2487 1362 2562 quoniam
1399 2486 1620 2556 peccata
1647 2477 1863 2536 remitti

507 2594 629 2637 non
673 2575 932 2633 consistit
971 2572 1033 2627 in
1076 2584 1163 2634 eo,
1203 2564 1352 2641 quod
1397 2560 1702 2620 commissa
1748 2571 1867 2614 non

511 2658 749 2722 fuerint,
781 2654 839 2711 id
878 2652 1037 2710 enim
1066 2644 1421 2721 impossibile
1445 2647 1563 2709 est;
1603 2637 1702 2696 sed
1728 2653 1869 2694 con-

506 2740 662 2796 sistit
691 2739 753 2794 in
791 2750 877 2801 ρο,
907 2730 1055 2806 quod
1083 2728 1323 2794 macula,
1362 2730 1419 2782 et
1444 2723 1657 2778 damna
1680 2734 1752 2776 ex
1786 2717 1869 2774 eis

517 2822 716 2882 relicta
743 2815 1077 2874 auferantur
1103 2833 1116 2867 ε
1146 2806 1302 2882 atqui
1334 2802 1603 2879 possibile
1623 2805 1725 2865 est,
1751 2814 1871 2855 ma-

515 2905 689 2967 culas,
716 2905 773 2958 et
809 2897 1021 2954 damna
1060 2909 1131 2950 ex
1160 2887 1397 2966 peccatis
1424 2879 1872 2959 praecedentibus

521 2985 716 3043 relicta
741 2994 873 3037 vere
894 2973 1113 3033 auferri
1131 2996 1147 3039 3
1173 2985 1309 3027 nam
1330 2966 1556 3023 macula
1578 2967 1756 3037 potest
1776 2976 1873 3016 au-

519 3066 660 3124 ferri
687 3080 800 3137 per-
809 3059 1054 3136 gratiam
1075 3051 1544 3114 sanctificantem,
1569 3052 1625 3103 et
1650 3042 1875 3102 aversio

521 3164 553 3204 a
582 3148 694 3202 Deo
722 3158 824 3216 per
850 3144 1038 3196 actum
1063 3131 1378 3195 charitatis,
1408 3134 1465 3186 et
1489 3126 1572 3183 sic
1595 3124 1666 3181 de
1692 3121 1871 3180 aliis:

523 3227 673 3285 unde
717 3229 936 3282 certum
974 3224 1077 3285 est,
1119 3218 1319 3273 Beatos
1351 3212 1415 3268 in
1456 3207 1640 3283 patria
1679 3217 1877 3263 carere

524 3325 678 3377 vere,
720 3313 777 3364 et
824 3302 1058 3361 realiter
1098 3297 1188 3353 his
1228 3287 1777 3366 imperfectionibuS,
1819 3289 1877 3342 et

312 3420 426 3472 3„oe
441 3420 503 3461 21.
522 3387 805 3454 sordibus,
834 3385 998 3458 juxta
1024 3377 1170 3435 illud
1199 3373 1431 3449 Apocal.
1471 3373 1536 3428 21
1572 3390 1586 3426 ε
1615 3367 1744 3426 Non
1783 3367 1880 3420 in-

524 3471 693 3531 trabit
737 3470 795 3523 in
833 3481 954 3520 eam
992 3457 1209 3539 aliquid
1246 3454 1660 3531 coinquinatum
1687 3467 1705 3502 .·
1743 3460 1878 3520 ergo

527 3549 812 3628 possibilis
837 3551 921 3604 est
940 3557 1079 3600 vera
1099 3537 1332 3604 ablatio,
1356 3541 1411 3592 et
1431 3528 1736 3590 destructio
1758 3542 1881 3600 pec·

525 3637 801 3691 catorum.
834 3620 1150 3681 Secundam
1177 3617 1351 3676 etiam
1380 3611 1629 3670 minoris
1655 3611 1880 3681 partem

332 3743 490 3787 ωηο,
530 3716 676 3770 recte
717 3705 916 3782 probat
942 3706 1007 3759 D.
1038 3699 1242 3756 Thom.
1286 3696 1410 3753 loco
1443 3691 1630 3755 citato,
1663 3688 1726 3744 in
1765 3683 1881 3741 fine

526 3783 779 3863 corporis
810 3807 823 3841 ε
852 3783 987 3856 quia
1013 3781 1194 3836 Deum
1222 3775 1377 3831 nolle
1405 3770 1634 3828 auferre
1661 3768 1883 3839 peccata

528 3890 561 3931 a
586 3872 740 3929 veris
762 3860 1185 3941 prenitentibus,
1221 3877 1246 3909 α
1280 3855 1469 3929 primo
1492 3853 1770 3924 repugnat
1786 3844 1882 3901 di-

338 3991 477 4035 Joe¹2
532 3978 555 4008 α
603 3954 753 4011 vinae
774 3937 1417 4009 misericordiae,dequa
1432 3932 1643 3988 dicitur
1662 3927 1878 3995 Joe1.2,

480 4023 488 4031 ’
532 4059 556 4088 κ
603 4030 750 4108 quod
779 4025 1082 4099 benignus,
1124 4024 1183 4076 et
1208 4015 1534 4073 misericors
1566 4015 1669 4076 est,
1697 4012 1753 4065 et
1780 4022 1885 4080 pa-

534 4139 559 4168 «
604 4115 771 4176 tiens,
801 4112 857 4164 et
881 4102 1079 4161 multae
1106 4091 1534 4158 misericordiae,
1564 4095 1620 4148 et
1648 4091 1886 4161 praesta-

532 4218 557 4246 «
602 4192 737 4250 bilis
750 4201 920 4260 super
942 4179 1184 4239 malitia.
1204 4176 1546 4232 vinceretur
1559 4169 1720 4227 enim
1740 4181 1887 4240 quo-

533 4298 557 4327 «
603 4264 910 4329 dammodo
960 4266 1119 4319 Deus·
1157 4257 1228 4314 ab
1280 4253 1519 4312 homine
1545 4294 1558 4316 ,
1612 4248 1662 4304 si
1713 4247 1888 4304 homo

533 4376 560 4406 «
608 4354 894 4426 peccatum
920 4342 1095 4399 vellet
1120 4336 1321 4402 deleri,
1345 4329 1494 4407 quod
1522 4333 1671 4386 Deus
1695 4326 1888 4384 delere

532 4457 558 4488 α
605 4447 721 4490 non
766 4428 959 4486 vellet.
1007 4415 1282 4481 Secundo,
1331 4415 1469 4489 quia
1516 4412 1618 4469 hoc
1656 4408 1890 4483 derogat

513 4540 561 4569 :a
604 4512 805 4574 virtuti
836 4504 1114 4582 passionis
1152 4498 1383 4563 Christi,
1415 4510 1518 4569 per
1555 4507 1727 4566 quam
1766 4505 1890 4563 poe-

536 4620 561 4650 a
607 4591 853 4653 nitentia
880 4589 1168 4661 operatur,
1198 4579 1343 4636 sicut
1378 4582 1436 4634 et
1460 4579 1660 4632 caetera
1687 4573 1891 4627 Sacra-

321 4731 339 4768 ι
353 4728 379 4771 J
477 4730 503 4771 2
537 4701 562 4732 α
608 4680 834 4739 menta;
863 4684 994 4726 cum
1013 4658 1388 4735 scriptum'sit
1411 4656 1613 4731 primae
1629 4655 1793 4711 Joan.
1817 4652 1889 4708 2:

381 4737 473 4770 ⁰³¹'‘
507 4760 565 4813 ἀ
610 4762 732 4831 lpse
755 4758 842 4811 est
869 4744 1199 4823 propitiatio
1238 4755 1343 4815 pro
1385 4735 1623 4812 peccatis
1657 4731 1888 4799 nostris,

539 4867 563 4896 α
608 4855 726 4898 non
778 4834 966 4892 solum
1018 4825 1261 4893 nostris,
1322 4819 1422 4880 sed
1479 4818 1654 4878 etiam
1717 4813 1893 4872 totius

539 4947 563 4978 a
606 4916 1014 5061 3313&th
1047 4987 1183 5063 quia
1203 5001 1274 5044 ex
1297 4981 1554 5058 opposito
1574 4977 1755 5045 fieret,
1775 4990 1896 5032 non

1980 525 2107 582 dari
2151 524 2214 579 in
2256 520 2506 578 Ecclesia
2545 532 2742 575 veram
2773 517 3104 588 potestatem
3136 509 3340 567 remit·
3379 519 3539 563 conflr-

1978 606 2135 666 tendi
2166 611 2409 679 peccata,
2453 607 2572 658 tam
2601 615 2703 674 per
2728 599 3162 654 Sacramentum
3189 594 3344 665 Bap-
3381 574 3528 614 'mm‘

1977 688 2153 755 tismi,
2175 701 2345 759 quam
2364 698 2464 756 per
2484 682 2917 738 Sacramentum
2941 673 3300 732 Poenitentiae
3326 693 3340 728 :

1977 780 2326 839 consequens
2340 769 2423 820 est
2443 761 2748 818 manifeste
2762 763 2960 815 contra
2976 753 3145 812 fidem
3163 777 3177 821 ;
3203 768 3342 809 nam

1980 850 2044 905 in
2066 846 2338 922 Symbolo
2359 844 2588 899 Nicaeno
2609 840 2852 896 dicitur:
2878 836 3149 908 Confiteor
3168 851 3342 889 unum
3355 851 3540 902 symbol.

1982 927 2276 1001 Baptisma
2297 928 2359 979 in
2382 922 2754 979 remissionem
2777 924 3144 992 peccatorum.
3175 916 3246 969 Et
3272 911 3343 970 ad
3356 901 3538 1002 {ffssgfi

1984 1009 2188 1081 Ephes.
2214 1009 2250 1061 5
2277 1027 2290 1062 z
2320 1004 2603 1064 Mundans
2620 1019 2743 1058 eam
2765 1001 2989 1057 lavacro
3003 1016 3102 1072 per
3121 997 3346 1053 verbum
3430 1000 3473 1042 δ-

1982 1092 2123 1146 vitae.
2157 1089 2225 1143 Et
2250 1082 2440 1143 Actor.
2470 1087 2507 1141 3
2542 1105 2556 1140 =
2597 1082 2965 1159 Poenitemini,
2994 1087 3044 1136 et
3071 1080 3346 1136 converti-
3384 1099 3477 1141 Aa,
3498 1099 3533 1141 a

1982 1170 2145 1235 mini,
2162 1175 2222 1223 ut
2248 1168 2532 1222 deleantur
2544 1169 2769 1237 peccata
2779 1163 3058 1218 vestram
3075 1160 3343 1217 Joan.20:
3358 1171 3553 1219 suanm.

1987 1250 2234 1324 Quorum
2261 1245 2583 1303 remiseritis
2600 1251 2840 1317 peccata,
2863 1243 3222 1298 remittuntur
3244 1241 3345 1295 eis.

1988 1332 2135 1403 Ergo
2176 1329 2239 1384 in
2262 1324 2671 1401 iustificatione
2709 1338 2845 1380 vere
2872 1322 3268 1384 remittuntur,
3292 1324 3350 1376 et

1988 1409 2335 1466 auferuntur
2376 1409 2620 1479 peccata.
2649 1405 2764 1459 Nec
2781 1400 3094 1476 quidquam
3123 1396 3350 1473 prodest

1987 1488 2390 1563 interpretatio
2418 1486 2838 1551 haereticorum,
2868 1483 2966 1556 qui
2994 1481 3192 1539 dicunt
3220 1494 3350 1552 pec·

1988 1578 2111 1630 cata
2164 1570 2400 1634 remitti,
2454 1567 2592 1640 quia
2643 1566 3018 1630 occultantur,
3074 1568 3131 1621 et
3180 1561 3351 1619 homo

1988 1653 2241 1711 vestitur,
2254 1648 2480 1725 justitia
2504 1646 2825 1704 extrinseca
2851 1644 3063 1701 Christi
3093 1641 3345 1700 Domini.

1990 1734 2277 1799 Quoniam
2306 1731 2436 1787 licet
2462 1729 2582 1794 ille,
2601 1728 2700 1801 qui
2724 1729 2883 1800 lepra
2897 1725 3240 1790 maculatur,
3260 1723 3354 1780 vel

1994 1816 2240 1874 vinculis
2279 1810 2712 1885 constringitur,
2744 1807 3186 1882 superindueret
3223 1821 3355 1862 ves-

1991 1902 2107 1952 tem
2125 1892 2619 1967 pretiosissimam,
2633 1895 2690 1946 et
2703 1894 2987 1963 tegentem
3002 1887 3124 1962 ejus
3140 1886 3350 1950 ulcera,

1994 1993 2057 2033 ac
2081 1976 2332 2040 vincula,
2359 1973 2438 2029 ita
2453 1977 2514 2028 ut
2536 1972 2726 2045 leprae,
2747 1972 2841 2027 vel
2859 1974 3193 2026 catenarum
3216 1967 3357 2024 hor-
3414 2024 3419 2039 ,

1996 2073 2094 2114 ror
2153 2070 2271 2112 non
2332 2057 2666 2126 appareret;
2721 2049 3109 2108 nihilominus
3161 2048 3360 2105 nullus

1994 2152 2151 2195 sanae
2173 2134 2385 2192 mentis
2413 2134 2587 2191 homo
2607 2130 2841 2197 diceret,
2874 2130 3046 2186 illum
3076 2143 3195 2186 non
3234 2142 3358 2185 esse

1996 2234 2132 2297 vere
2159 2219 2474 2290 leprosum,
2504 2219 2561 2271 et
2589 2213 2932 2288 religatum;
2971 2226 3076 2269 nec
3101 2208 3359 2267 absolute

2000 2298 2400 2375 pronuntiaret
2422 2296 2594 2351 illum
2616 2309 2738 2350 esse
2759 2308 2984 2359 sanum,
3008 2295 3065 2348 et
3079 2288 3352 2347 liberum.

1997 2381 2290 2453 Scriptura
2329 2381 2541 2442 autem,
2583 2381 2641 2432 et
2678 2372 2819 2430 fides
2857 2373 3017 2429 docet
3054 2371 3355 2428 hominem

2001 2464 2110 2518 rite
2137 2458 2506 2533 baptizatum,
2536 2461 2593 2513 et
2620 2454 2993 2527 poenitentem
3021 2451 3294 2507 mundari
3322 2467 3357 2507 a

2001 2541 2208 2616 peccati
2236 2537 2523 2606 sordibus,
2552 2542 2609 2593 et
2638 2539 2858 2608 peccata
2883 2534 2974 2590 illi
3000 2533 3240 2590 remitti.

2026 2626 2032 2631 '
2074 2623 2165 2679 23.
2215 2620 2428 2686 Terti0,
2477 2623 2533 2675 et
2580 2616 2788 2673 ultimo
2839 2612 3114 2686 probatur
3159 2618 3359 2670 nostra
3372 2608 3553 2702 Altit'om'

2000 2701 2323 2767 conclusio;
2351 2698 2627 2772 quoniam
2656 2695 2907 2760 macula,
2938 2710 3038 2751 seu
3068 2698 3356 2766 peecatum
3497 2690 3507 2700 ‘

2004 2784 2297 2841 habituale
2343 2780 2601 2838 consistit
2636 2777 3021 2835 essentialiter
3060 2776 3125 2832 in
3159 2776 3360 2848 priva-

2004 2865 2160 2924 tione
2172 2861 2501 2922 voluntaria
2512 2859 2709 2936 gratiae
2721 2856 3141 2924 sanctificantis,
3150 2860 3211 2913 ut
3227 2855 3355 2913 dub.

2002 2948 2222 3021 praeoed.
2253 2944 2676 3002 declaravimus
2702 2962 2715 2998 ε
2743 2941 2841 2998 sed
2868 2941 2932 2997 in
2953 2933 3362 3015 justificatione

2008 3029 2211 3101 recipit
2266 3027 2440 3084 homo
2485 3022 2730 3098 gratiam
2775 3018 3248 3086 sanctificantem,
3300 3021 3366 3073 ut

2007 3109 2260 3165 dicemus
2286 3106 2432 3178 disp.
2459 3121 2573 3181 seq.
2599 3102 2727 3158 dub.
2767 3103 2816 3168 13
2846 3116 2983 3175 ergo
3012 3100 3075 3155 in
3091 3096 3366 3172 J‘ustiflca-

2008 3192 2320 3249 tione-vere
2339 3193 2396 3245 et
2422 3185 2657 3258 proprie
2681 3184 2944 3241 aufertur
2971 3185 3278 3255 peccatum,
3308 3183 3368 3236 et

2010 3272 2251 3330 macula.
2288 3272 2447 3326 Patet
2469 3265 2902 3340 consequentia3
2932 3279 3070 3320 nam
3097 3260 3367 3337 quaslibet

2011 3351 2259 3429 privatio
2281 3364 2417 3408 vere
2443 3347 2702 3404 aufertur
2730 3361 2830 3419 per
2857 3345 3106 3402 formam
3134 3342 3368 3415 opposi-

2011 3440 2130 3491 tam
2172 3432 2233 3487 in
2260 3428 2457 3487 eodem
2486 3425 2733 3501 subjecto
2761 3424 3147 3495 introductam
3180 3443 3194 3478 :
3223 3421 3368 3479 sicut

2012 3514 2221 3572 umbra
2247 3512 2508 3570 aufertur
2528 3525 2630 3583 per
2651 3506 2963 3566 adventum
2988 3505 3165 3573 lncis;
3194 3509 3251 3562 et
3269 3520 3370 3561 cae·

2011 3597 2151 3655 citas
2197 3609 2299 3668 per
2342 3591 2553 3656 visum,
2603 3595 2661 3646 et
2706 3587 3020 3645 infirmitas
3065 3601 3169 3661 per
3210 3585 3372 3641 salu-

2012 3685 2148 3737 tem.

2088 3754 2511 3819 confirmatum
2535 3768 2672 3809 nam
2693 3751 2791 3824 qui
2814 3748 2985 3807 habet
3007 3749 3072 3805 in
3089 3763 3152 3806 se
3177 3762 3374 3820 pecca-

2016 3844 2159 3905 tum,
2192 3838 2323 3893 licet
2342 3835 2705 3900 occultatum,
2735 3837 2792 3889 et
2811 3829 3263 3895 dissimulatum,
3287 3833 3374 3885 est

2016 3936 2152 3978 vere
2178 3917 2454 3976 inimicus
2495 3915 2629 3982 Dei;
2673 3929 2803 3972 cnm
2844 3912 3071 3970 aversio
3099 3927 3133 3968 a
3159 3912 3272 3967 Deo
3297 3910 3377 3965 sit

2017 3995 2550 4071 indispensahiliter
2598 4009 2825 4050 annexa
2864 3997 3088 4065 peccato
3112 3990 3371 4055 mortali,

2012 4082 2175 4157 juxta
2214 4076 2363 4134 illud
2389 4078 2553 4134 Joan.
2598 4077 2633 4130 8
2668 4096 2681 4131 ε
2726 4073 2828 4132 Vos
2850 4091 2924 4131 ex
2959 4080 3119 4146 patre
3157 4063 3563 4128 diabolosoans.

2016 4165 2146 4218 estis
2166 4179 2183 4213 .·
2208 4164 2266 4216 et
2284 4156 2538 4231 Sapient'.
2579 4156 2640 4211 14
2668 4176 2682 4211 ι
2713 4153 2853 4211 odio
2870 4160 3000 4208 sunt
3016 4154 3130 4210 Deo
3145 4153 3371 4226 impius,
3409 4154 3569 4207 Salv-¹¹-

2017 4249 2067 4298 et
2088 4241 2343 4313 impietas
2361 4238 2496 4308 ejus.
2530 4234 2640 4299 Qui
2668 4238 2860 4290 autem
2883 4231 3247 4306 justificatur,
3271 4230 3380 4288 de-

2019 4321 2159 4378 sinit
2197 4333 2319 4376 esse
2347 4316 2447 4373 Dei
2489 4314 2784 4381 inimicus,
2814 4318 2871 4370 et
2898 4314 3021 4388 ejus
3047 4313 3281 4379 amicus,
3315 4327 3379 4368 ac
3600 4359 3603 4362 .

2020 4402 2179 4459 filius
2199 4398 2282 4466 fit,
2308 4399 2472 4473 juxta
2494 4393 2641 4451 illud
2665 4396 2832 4451 Joan.
2866 4395 2930 4449 15
2956 4414 2972 4450 z
2998 4392 3131 4450 Jam
3156 4410 3266 4449 non
3284 4392 3602 4447 di-Joami.

2020 4500 2145 4540 cam
2170 4498 2266 4536 vos
2284 4493 2485 4541 servos,
2508 4475 2602 4531 sed
2619 4475 2843 4532 amicos.
2871 4475 2941 4529 Et
2960 4489 3081 4546 cap.
3118 4476 3137 4530 1
3172 4492 3187 4529 t
3219 4471 3381 4529 Dedit

2020 4566 2099 4620 eis
2127 4566 2449 4635 potestatem
2473 4556 2618 4628 filios
2646 4554 2750 4612 Dei
2773 4557 2912 4627 fieri.
2945 4556 3096 4629 Ergo
3123 4553 3187 4611 in
3206 4552 3382 4627 justi-

2023 4641 2288 4701 ficatione
2327 4651 2445 4695 non
2483 4640 2711 4692 tantum
2749 4638 3039 4709 teguntur,
3070 4635 3165 4691 vel
3189 4633 3384 4694 occul-

2024 4726 2223 4781 tantur
2250 4721 2492 4792 peccata,
2522 4715 2622 4772 sed
2648 4730 2785 4774 vere
2809 4713 3098 4783 delentur,
3136 4717 3193 4772 et
3218 4711 3387 4770 aufe-

2027 4808 2254 4863 runtur.

3253 5044 3385 5114 §.11-
