3647 5753
1464 337 1642 393 DlSP.
1687 337 1779 404 111,
1826 337 1988 393 DUB.
2036 337 2129 392 IV.
3024 345 3123 398 (501

262 506 460 563 existit
486 506 662 563 etiam
693 505 753 561 in
802 505 904 563 illo
945 505 1149 579 priori.
1183 523 1280 564 seu
1310 521 1538 582 genere,
1571 508 1635 564 in

261 604 375 663 quo
421 587 491 644 ad
538 588 786 664 gratiam
813 586 1087 661 disponit.
1123 591 1237 647 Hoc
1283 595 1474 647 autem
1516 606 1634 647 non

263 671 531 744 provenit
556 686 628 725 ex
653 685 736 736 e0,
779 669 930 743 quod
969 672 1154 746 gratia
1190 688 1307 729 non
1347 673 1422 728 sit
1465 688 1632 730 causa

260 752 510 810 efficiens
537 752 973 808 communicans
1001 753 1336 810 contritioni
1378 754 1631 811 existen-

263 837 437 903 tiam;
468 833 565 893 sed
594 833 729 906 quia
756 833 923 889 illam
950 840 1143 891 causat
1181 836 1246 892 in
1287 837 1404 893 alio
1447 837 1628 909 priori

258 917 445 991 magis
489 916 693 981 nobili,
738 918 793 971 et
829 913 1262 989 independenti.
1315 933 1523 990 nempe
1565 917 1629 972 in

254 1014 465 1072 genere
490 1013 669 1053 causae
695 995 1010 1064 efficientis,
1041 997 1190 1071 quod
1237 998 1403 1067 (facta
1447 999 1629 1055 colla-

255 1079 411 1136 tione
436 1079 585 1134 inter
607 1094 907 1135 causarum
935 1080 1170 1151 genera)
1198 1077 1463 1150 praecedit
1489 1078 1627 1133 sim-

221 1228 226 1231 ,
257 1158 481 1231 pliciter
520 1175 698 1232 genus
724 1174 904 1215 causae
943 1157 1314 1231 dispositivae,
1347 1165 1409 1215 ut
1434 1160 1624 1231 expli-

255 1240 480 1297 cuimus
499 1258 652 1296 num.
683 1241 776 1296 76.
811 1239 975 1297 Unde
1001 1240 1617 1315 gratia-essentialiter,

253 1324 379 1380 sive
418 1321 872 1395 independenter
918 1338 949 1378 a
990 1323 1334 1380 contritione
1376 1329 1616 1396 recepta,

256 1403 721 1475 praesupponitur
765 1403 1147 1459 essentialiter
1190 1403 1459 1467 existens,
1497 1404 1622 1461 sive

253 1500 497 1541 manens
524 1489 686 1541 extra
725 1500 941 1550 causaS,
974 1500 1006 1539 a
1032 1483 1239 1557 quibus
1277 1485 1621 1557 simpliciter

251 1563 557 1638 dependet:
612 1567 668 1620 et
718 1563 928 1620 exinde
978 1564 1133 1621 elicit
1183 1564 1613 1632 contritionem,

248 1645 468 1717 quaein
501 1659 710 1719 genere
749 1659 929 1700 causae
973 1644 1293 1701 materialis
1339 1645 1618 1703 antecedit

245 1726 495 1800 gratiam
544 1731 605 1781 ut
651 1725 1106 1782 connaturaliter
1148 1732 1450 1799 receptam,
1495 1728 1619 1784 sive

247 1811 311 1861 ut
338 1806 665 1863 voluntarie
691 1810 1094 1876 consequutam
1126 1805 1197 1862 ab
1238 1805 1450 1863 adulto.
1484 1810 1618 1872 Quae

245 1887 445 1943 omnia
468 1890 702 1959 possunt
728 1883 1010 1941 declarari
1036 1891 1159 1942 tum
1186 1888 1451 1961 exemplo
1480 1904 1614 1960 pro-

244 1970 574 2042 prietatum,
608 1983 732 2042 quas
767 1969 828 2023 in
855 1971 1151 2027 communi
1179 1971 1613 2027 Thomistarum

237 2051 523 2107 sententia
568 2055 996 2121 consequuntur
1038 2050 1109 2107 ad
1154 2051 1405 2107 formam
1449 2051 1614 2107 subs-

237 2130 538 2186 tantialem
569 2130 628 2186 in
659 2130 904 2187 materia
934 2135 1240 2203 receptam,
1275 2137 1330 2187 et
1376 2131 1612 2203 simpli·

240 2212 383 2267 citer
407 2212 777 2279 existentem;
808 2216 864 2268 et
903 2216 1099 2267 tamen
1138 2211 1209 2267 ad
1246 2212 1369 2284 ejus
1397 2228 1613 2268 conna-

239 2292 488 2348 turalem
570 2294 954 2365 receptionem
1032 2290 1349 2364 disponunt
1395 2312 1409 2346 :
1489 2300 1612 2349 tum

237 2374 507 2444 exemplo
534 2374 773 2430 actionis
812 2373 1094 2438 creativae,
1139 2384 1263 2445 quse
1291 2371 1442 2444 apud
1481 2390 1611 2431 mo-

238 2454 451 2513 dernos
485 2455 776 2512 Societatis
803 2456 919 2528 (qui
957 2457 1164 2530 majori
1201 2471 1272 2512 ex
1302 2461 1461 2528 parte
1487 2457 1612 2514 for-

236 2540 406 2592 mant
451 2536 581 2592 illas
631 2535 1082 2607 consequentias)
1133 2541 1218 2592 est
1283 2536 1610 2594 formaliter

233 2617 533 2673 transiens
547 2639 561 2683 ς
596 2632 731 2674 nam
776 2614 1043 2689 praecedit
1070 2616 1132 2672 in
1171 2632 1380 2690 genere
1417 2633 1610 2674 ›causae

231 2697 533 2755 efficientis
577 2697 853 2766 animam,
903 2713 960 2753 v.
1000 2712 1053 2770 g.
1098 2712 1270 2768 quam
1312 2696 1510 2761 efficit3
1552 2704 1610 2756 et

231 2788 433 2838 tamen
458 2781 519 2835 in
539 2795 749 2853 genere
776 2794 959 2835 causae
988 2779 1310 2835 materialis
1336 2782 1609 2853 supponit

233 2861 514 2927 animam,
549 2861 610 2916 in
657 2876 768 2933 qua
809 2860 1124 2934 recipitur:
1155 2859 1251 2917 ubi
1299 2860 1520 2928 eadem,
1551 2867 1609 2921 et

229 2944 484 3018 majores
512 2941 869 3000 difficultates
890 2946 1117 3017 urgent.

15 3051 198 3146 “ss-
230 3021 1607 3176 masaa?fagaaaraffsssaffaffla

15 3151 191 3260 '’affl-¹3
232 3185 576 3244 antecedens
603 3185 962 3243 intellectum
988 3183 1059 3241 de
1079 3183 1382 3242 existentia
1403 3185 1605 3260 gratiae

39 3256 183 3346 mffgffif
231 3271 400 3325 extra
432 3282 633 3323 omnes
657 3280 875 3334 causaS,
907 3269 963 3322 et
988 3265 1341 3322 causalitatis
1379 3266 1599 3333 modos,

234 3363 269 3404 a
296 3344 506 3419 quibus
537 3345 920 3403 essentialiter
946 3344 1229 3418 dependet
1254 3370 1267 3414 ;
1295 3351 1352 3403 et
1395 3346 1606 3404 deinde

230 3443 511 3502 negamus
525 3426 989 3498 consequentiam
1024 3425 1376 3484 intellectam
1397 3428 1467 3486 de
1483 3428 1605 3485 dis-

233 3508 518 3581 positione
548 3507 840 3580 requisita,
866 3523 985 3564 non
1023 3512 1084 3563 ut
1110 3509 1293 3581 gratia
1322 3508 1598 3578 absolute,

232 3594 292 3646 et
317 3588 700 3645 essentialiter
712 3588 917 3644 existat
936 3610 950 3654 ;
973 3587 1071 3643 sed
1091 3589 1283 3644 solum
1308 3590 1599 3662 requisita,

233 3674 302 3725 ut
346 3667 553 3724 existat
595 3667 1070 3736 connaturaliter,
1120 3674 1178 3725 et
1220 3668 1327 3725 sub
1380 3671 1605 3730 ratione

235 3752 443 3809 formae
464 3749 795 3806 voluntarie
819 3756 1078 3822 receptae.
1244 3753 1248 3756 ’
1417 3821 1422 3826 ,

49 3867 112 3910 Ad
129 3878 196 3913 sc·
312 3835 512 3906 Liquet
540 3832 716 3890 etiam
745 3832 815 3891 ad
860 3833 1169 3890 secundam
1203 3834 1604 3901 ;concedimus

24 3918 214 3963 eandam.
233 3913 395 3970 euim
426 3915 728 3988 majorem,
753 3920 810 3972 et
831 3914 1172 3972 -omittendo
1219 3916 1528 3983 minorem,
1549 3922 1606 3975 et

235 3994 492 4066 primam
541 3997 1025 4069 consequentiam,
1077 4012 1354 4070 negamus
1397 4014 1605 4056 secun-

236 4074 414 4132 dam:
457 4077 590 4149 quia
634 4077 762 4134 licet
802 4079 988 4153 gratia
1026 4079 1090 4135 in
1131 4077 1235 4135 illo
1278 4079 1478 4153 priori,
1503 4096 1602 4138 seu

233 4168 464 4227 genere,
492 4157 687 4229 inquo
731 4157 1065 4231 dependeta
1110 4160 1456 4218 contritione
1483 4165 1603 4216 tan-

231 4250 407 4306 quam
438 4252 470 4292 a
511 4236 903 4311 dispositione,
947 4256 1066 4297 non
1113 4238 1325 4297 influat
1347 4240 1605 4298 effective

231 4318 467 4391 (quippe
495 4335 623 4376 cum
671 4319 818 4375 illud
861 4321 1022 4394 prius
1062 4338 1180 4381 non
1229 4323 1511 4395 pertineat
1531 4320 1604 4379 ad

231 4412 415 4471 genus
459 4416 639 4458 causas
689 4402 1004 4467 efficientis,
1037 4405 1134 4463 sed
1174 4422 1354 4464 causae
1416 4410 1604 4463 mate-

237 4478 404 4535 rialis
474 4479 867 4553 dispositivae),
917 4485 1305 4545 nihilominus
1358 4487 1422 4542 in
1486 4486 1603 4543 alio

230 4569 462 4633 genere,
540 4577 750 4635 nempe
824 4580 1006 4622 causae
1071 4567 1384 4628 efficientis,
1452 4565 1604 4639 quod

232 4644 319 4695 est
340 4638 683 4712 simpliciter
733 4643 914 4716 prius,
940 4647 1407 4720 praesupponitur
1450 4647 1605 4702 exis-

231 4726 380 4786 tens,
434 4728 491 4778 et
533 4723 717 4781 active
767 4725 1020 4784 influens
1061 4729 1127 4784 in
1173 4728 1599 4786 contritionem.

237 4798 401 4858 Unde
417 4816 519 4860 nec
540 4804 978 4880 sequitur,quod
1002 4806 1271 4866 contritio
1291 4806 1606 4881 dependeat

234 4898 267 4939 a
313 4884 602 4957 gratiain
630 4903 699 4946 eo
745 4904 977 4964 genere,
1004 4891 1068 4948 in
1096 4906 1209 4964 quo
1236 4889 1305 4947 ad
1354 4889 1603 4964 gratiam

233 4962 523 5038 disponit}
590 4982 694 5026 nec
726 4969 877 5042 quod
905 4970 967 5027 in
1019 4985 1093 5028 eo
1125 4985 1337 5045 genere
1379 4969 1460 5028 ab²
1492 4968 1606 5029 alio

384 5047 678 5109 Salmant.
714 5050 878 5112 Cura.
904 5053 1130 5128 theoloq.
1160 5061 1288 5113 tom.
1323 5051 1392 5113 Χ.

1769 508 2054 581 principio
2083 510 2389 582 procedat:
2419 509 2516 568 sed
2574 516 2798 575 tantum
2846 514 3124 585 sequitur,

1765 589 1913 663 quod
1943 590 2004 645 in
2032 606 2098 648 eo
2123 608 2332 665 genere
2360 607 2476 649 non
2505 592 2794 665 dependea
2837 611 2868 650 a
2908 595 3128 666 princi-

1767 670 1861 742 pio
1904 670 2181 737 effectivo,
2214 671 2527 745 dependeat
2577 680 2769 732 tamen
2800 676 2859 731 in
2889 676 3002 732 atio
3028 691 3125 749 ge-

1764 767 1922 820 nere,
1967 758 2023 809 et
2070 769 2185 811 non
2236 770 2267 810 a
2321 754 2548 812 diverso
2598 757 2900 830 principio,
2950 773 3122 829 quam

1763 848 1795 888 a
1840 833 2025 906 gratia
2093 833 2497 893 sanctificante.
2546 839 2613 891 Et
2665 836 2792 893 ideo
2861 839 2991 894 licet
3062 840 3122 894 in

1760 911 1867 969 illo
1907 913 2180 985 priori,in
2205 931 2317 987 quo
2339 916 2609 972 contritio
2635 916 2908 989 disponit,
2937 919 3122 990 gratia

1759 993 1934 1051 etiam
1962 995 2186 1061 existat,
2221 1012 2338 1053 non
2365 998 2559 1055 existit
2589 1015 2690 1071 per
2737 999 2972 1061 mod-um
2997 1015 3122 1055 cau·

1757 1090 1856 1140 sae,
1881 1075 1978 1132 sed
2009 1092 2107 1148 per
2137 1075 2373 1133 modum
2401 1077 2630 1135 effectus
2656 1102 2669 1145 ;
2697 1095 2800 1134 nec
2840 1080 3120 1151 importa-

1757 1157 1936 1211 turin
1966 1164 2135 1224 recto,
2159 1156 2257 1213 sed
2286 1158 2348 1213 in
2376 1158 2625 1231 obliquo.

1831 1235 1918 1291 Ad
1943 1238 2173 1294 tertiam
2200 1237 2574 1308 respondetur
2604 1238 2863 1312 negando
2893 1244 3119 1297 antece·
3156 1258 3221 1315 Aa
3235 1264 3315 1303 ter-

1755 1315 1917 1372 dens.
1947 1316 2033 1371 Ad
2059 1316 2219 1390 cujus
2247 1317 2642 1388 probationem
2667 1320 2877 1375 iterum
2902 1334 3114 1394 negan-
3163 1313 3278 1351 ”³¹¹¹-

1753 1395 1891 1452 dum
1933 1393 2036 1464 est,
2062 1397 2212 1470 quod
2238 1398 2425 1471 gratia
2479 1406 2784 1473 antequam
2826 1406 3113 1471 operetur,

1753 1477 1957 1536 habeat
1983 1480 2198 1546 omnia,
2236 1497 2360 1554 quas
2413 1480 2482 1537 ad
2509 1483 2629 1555 ejus
2681 1484 3116 1538 connaturalem

1754 1562 2138 1636 receptionem
2186 1562 2629 1620 desiderantur:
2676 1564 2881 1622 suflicit
2931 1566 3112 1623 enim.

1750 1641 1898 1713 quod
1914 1643 1987 1698 sit
2008 1645 2391 1702 essentialiter
2420 1649 2659 1717 recepta,
2694 1651 2756 1699 ut
2796 1648 2968 1717 possit
2989 1662 3117 1702 con·

1751 1722 2065 1787 tritionem‚
2090 1728 2146 1778 et
2179 1724 2323 1781 alias
2363 1726 2724 1797 operationes
2773 1726 2841 1791 in
2874 1727 3112 1783 instanti

1744 1800 2170 1874 justificationis
2194 1805 2423 1862 elicere.

1823 1885 1913 1939 98.
1960 1886 2072 1940 Nec
2114 1886 2308 1954 refert,
2340 1888 2389 1942 si
2443 1886 2577 1941 huic
2620 1889 2980 1961 responsioni
3009 1906 3326 1965 op-Repiwae,

1750 1978 1927 2035 ponas
1952 1965 2130 2035 primo
2146 1965 2457 2037 :quoniam
2487 1970 2546 2019 ut
2562 1981 2729 2022 causa
2769 1968 3111 2026 naturaliter

1749 2049 2033 2115 operetur,
2062 2042 2225 2099 debet
2249 2046 2700 2102 connaturaliter
2721 2047 2965 2104 existere
2986 2048 3113 2106 :sed

1746 2124 1932 2198 gratia
1956 2140 2057 2196 pro
2088 2124 2189 2183 illo
2238 2127 2438 2198 priori,
2471 2143 2582 2198 quo
2611 2126 2805 2183 influit
2840 2130 3021 2186 active
3051 2132 3111 2185 in

1746 2206 2174 2272 contritionem,
2249 2210 2705 2265 connaturaliter
2777 2218 3046 2283 operatur
3100 2238 3111 2276 ;

1745 2288 1954 2360 quippe
1981 2302 2111 2342 cum
2137 2288 2365 2345 nullum
2401 2290 2748 2346 miraculum
2802 2292 2863 2347 in
2893 2307 2958 2348 eo
2980 2307 3114 2363 ope-

1748 2370 1917 2426 randi
1939 2369 2109 2426 modo
2126 2370 2480 2430 interveniat
2507 2394 2520 2429 :
2545 2389 2681 2446 ergo
2699 2390 2800 2446 pro
2815 2374 2917 2430 illo
2930 2375 3112 2446 priori

1743 2450 2197 2508 connaturaliter
2223 2452 2416 2509 existit
2447 2477 2462 2520 ;
2488 2459 2544 2511 et
2586 2459 2783 2510 tamen
2803 2455 2988 2529 gratia
3012 2473 3114 2527 pro

1745 2532 1849 2588 illo
1898 2532 2083 2605 priori
2126 2548 2245 2590 non
2292 2533 2513 2609 indiget
2546 2536 2909 2603 contritione,
2936 2553 3110 2609 quam

1742 2614 1935 2671 elicit:
1967 2631 2103 2689 ergo
2146 2613 2416 2672 contritio
2449 2631 2482 2670 a
2507 2618 2693 2689 gratia
2720 2617 2908 2673 elicita
2953 2619 3115 2676 nullo

1743 2696 1914 2753 modo
1937 2695 2301 2756 desideratur
2342 2694 2413 2750 ad
2440 2698 2878 2754 connaturalem
2913 2699 3114 2770 gratias

1740 2777 2130 2847 existentiam,
2162 2786 2218 2838 et
2246 2777 2647 2851 receptionem.
2680 2781 2948 2847 Secundo,
2981 2782 3112 2853 quia

1739 2858 1927 2932 gratia
1951 2866 2011 2916 ut
2057 2859 2388 2919 voluntarie
2425 2865 2648 2933 recepta
2696 2876 2814 2919 non
2844 2863 3115 2936 importat
3184 2925 3191 2929 ἡ

1740 2954 1906 2995 suam
1929 2941 2249 3007 entitatem,
2281 2938 2380 2997 sed
2408 2943 2635 2995 tantum
2662 2940 2981 3016 reduplicat
3009 2960 3114 3000 vo-

1743 3020 2029 3091 litionem,
2060 3041 2158 3096 per
2181 3040 2353 3096 quam
2378 3028 2699 3093 acceptatur
2723 3045 2736 3079 ε
2766 3040 2900 3097 ergo
2927 3024 3115 3082 dicere

1739 3102 1889 3174 quod
1908 3105 2098 3178 gratia
2126 3111 2188 3161 ut
2209 3103 2541 3162 voluntarie
2582 3110 2806 3176 recepta
2833 3105 3115 3177 dependet

1741 3180 1812 3237 ab
1838 3183 2054 3240 actibus
2093 3185 2323 3252 nostriS,
2355 3183 2542 3240 solum
2560 3183 2760 3250 salvat,
2787 3183 2934 3256 quod
2957 3192 3112 3242 actus

1740 3260 2102 3335 dependeant
2121 3281 2152 3321 a
2175 3261 2499 3337 seipsis,vel
2523 3279 2640 3321 non
2656 3264 2875 3337 possint
2899 3281 3002 3321 ase
3028 3267 3110 3321 di—

1740 3342 1905 3401 vidi:
1937 3343 2089 3418 quod
2115 3362 2184 3402 ex
2230 3359 2348 3400 una
2390 3348 2551 3415 parte
2587 3344 2765 3417 liquet
2791 3360 2861 3400 ex
2902 3348 3108 3402 termi-

1740 3423 1852 3489 niS,
1885 3428 1941 3480 et
1984 3440 2056 3482 ex
2101 3425 2219 3481 alia
2265 3428 2351 3480 est
2369 3423 2537 3479 valde
2572 3422 2887 3480 absurdum
2920 3427 3106 3491 ;nihil

1738 3503 1901 3560 enim
1942 3502 2199 3578 disponit
2221 3503 2291 3559 ad
2311 3503 2705 3575 semetipsum.
2744 3503 2941 3569 Tertio,
2973 3507 3105 3576 quia

1737 3585 1988 3659 gratiam
2036 3600 2157 3641 esse
2204 3583 2615 3650 voluntariam,
2672 3599 2772 3642 seu
2838 3586 3105 3642 volunta-

1740 3666 1827 3723 rie
1881 3671 2183 3738 receptam,
2243 3682 2344 3723 seu
2396 3664 2716 3722 terminum
2788 3666 3101 3732 volitioniS,

1740 3747 1948 3821 pendet
1990 3746 2060 3806 ab
2110 3749 2233 3821 ipsa
2272 3747 2550 3805 volitione
2578 3747 2642 3802 in
2681 3763 2890 3821 genere
2930 3765 3109 3806 causae

1737 3829 2054 3894 efficientiS,
2110 3843 2240 3884 cum
2294 3828 2500 3885 volitio
2551 3827 2627 3882 sit
2671 3829 2931 3901 quaedam
2971 3846 3106 3902 ope-

1740 3909 1890 3967 ratio
1943 3909 2015 3967 ad
2066 3908 2214 3965 illud
2285 3925 2463 3984 genus
2499 3908 2710 3966 directe
2764 3911 3102 3981 pertinens:

1737 3991 1836 4049 sed
1856 3993 2062 4067 gratia,
2097 3997 2160 4048 ut
2212 3993 2381 4050 modo
2426 3989 2774 4058 dicebamus,
2809 3994 3004 4065 nequit
3043 3995 3105 4050 in

1737 4090 1948 4149 genere
1987 4090 2167 4131 causae
2209 4072 2504 4130 efficientis
2531 4072 2852 4146 dependere
2894 4073 2964 4129 ab
3012 4091 3105 4131 ac·

1739 4154 1909 4221 tibus,
1936 4155 2034 4228 qui
2070 4154 2255 4228 ipsam
2287 4154 2349 4210 in
2391 4152 2661 4226 praedicto
2710 4169 2919 4227 genere
2966 4171 3105 4211 con-

1737 4241 2095 4309 sequuntur:
2145 4250 2281 4309 ergo
2339 4232 2646 4289 dicendum
2686 4239 2785 4302 est,
2818 4236 2910 4291 vel
2955 4235 3104 4307 quod

1736 4317 1925 4393 gratia
1954 4332 2073 4374 non
2090 4316 2401 4389 recipiatur
2429 4315 2775 4382 voluntarie,
2806 4322 2862 4372 et
2899 4314 3105 4389 depen-

1736 4398 1941 4455 denter
1967 4396 2236 4454 anostris
2281 4393 2536 4462 actibus;
2589 4396 2681 4451 vel
2708 4395 2857 4468 quod
2902 4396 3103 4470 hujus—

1739 4479 1897 4538 modi
1920 4484 2075 4536 actus
2122 4494 2248 4536 non*
2284 4476 2608 4551 dependent
2636 4493 2667 4533 a
2704 4477 2889 4552 gratia
2917 4477 2977 4534 in
3004 4496 3104 4553 ge·

1739 4577 1879 4621 nere
1902 4578 2087 4619 causae
2113 4559 2429 4617 efficientis.

1810 4647 1860 4700 N
1866 4641 2497 4715 on,inquam,referunt
2511 4641 2631 4698 istae
2641 4639 3107 4715 objectiones,sed
3125 4682 3297 4727 Dum,

1737 4742 1810 4784 ex
1848 4723 2013 4781 dictis
2034 4723 2200 4779 facile
2220 4720 2637 4778 diluuntur.Ad
2660 4720 2914 4794 primam
2962 4722 3109 4782 dici·
3173 4740 3252 4776 tur.

1738 4802 2047 4877 mu5,quod
2067 4808 2127 4859 ut
2146 4800 2333 4877 gratia
2347 4802 2550 4859 influat
2570 4802 3025 4861 connaturaliter
3048 4805 3110 4861 in

1740 4887 2168 4952 contritionem,
2220 4900 2339 4942 non
2388 4882 2643 4958 exposcit
2684 4884 2799 4940 nisi
2844 4900 2930 4949 ea,
2984 4903 3111 4959 quae

1738 4986 1846 5045 pro
1885 4968 1989 5026 illo
2030 4964 2213 5040 priori
2270 4964 2727 5023 connaturaliter
2774 4964 3117 5026 desideran—
