<?xml version="1.0" encoding="UTF-8"?>
<!DOCTYPE html PUBLIC "-//W3C//DTD XHTML 1.0 Transitional//EN"
    "http://www.w3.org/TR/xhtml1/DTD/xhtml1-transitional.dtd">
<html xmlns="http://www.w3.org/1999/xhtml" xml:lang="en" lang="en">
 <head>
  <title>
</title>
<meta http-equiv="Content-Type" content="text/html;charset=utf-8" />
  <meta name='ocr-system' content='tesseract 3.04.00' />
  <meta name='ocr-capabilities' content='ocr_page ocr_carea ocr_par ocr_line ocrx_word'/>
</head>
<body>
  <div class='ocr_page' id='page_1' title='image "./collegiisalmant00carmgoog_0056.png"; bbox 0 0 3647 5753; ppageno 0'>
   <div class='ocr_carea' id='block_1_1' title="bbox 318 2872 487 3116">
    <p class='ocr_par' dir='ltr' id='par_1_1' title="bbox 324 2872 478 2918">
     <span class='ocr_line' id='line_1_1' title="bbox 324 2872 478 2918; baseline 0 -1"><span class='ocrx_word' id='word_1_1' title='bbox 324 2872 478 2918; x_wconf 78' lang='lat' dir='ltr'>Melior</span> 
     </span>
    </p>

    <p class='ocr_par' dir='ltr' id='par_1_2' title="bbox 318 2933 487 2977">
     <span class='ocr_line' id='line_1_2' title="bbox 318 2933 487 2977; baseline 0 -11"><span class='ocrx_word' id='word_1_2' title='bbox 318 2933 487 2977; x_wconf 55' lang='lat' dir='ltr'>respon·</span> 
     </span>
    </p>

    <p class='ocr_par' dir='ltr' id='par_1_3' title="bbox 324 3004 481 3116">
     <span class='ocr_line' id='line_1_3' title="bbox 324 3004 481 3067; baseline 0.006 -3"><span class='ocrx_word' id='word_1_3' title='bbox 324 3004 481 3067; x_wconf 65' lang='lat' dir='ltr'>Navar-</span> 
     </span>
     <span class='ocr_line' id='line_1_4' title="bbox 348 3077 451 3116; baseline 0.01 -3"><span class='ocrx_word' id='word_1_4' title='bbox 348 3077 451 3116; x_wconf 85' lang='lat' dir='ltr'>rete.</span> 
     </span>
    </p>
   </div>
   <div class='ocr_carea' id='block_1_2' title="bbox 486 401 2305 463">
    <p class='ocr_par' dir='ltr' id='par_1_4' title="bbox 486 401 2305 463">
     <span class='ocr_line' id='line_1_5' title="bbox 486 401 2305 463; baseline -0.003 -1"><span class='ocrx_word' id='word_1_5' title='bbox 486 408 558 463; x_wconf 82' lang='lat'>34</span> <span class='ocrx_word' id='word_1_6' title='bbox 1516 404 1606 459; x_wconf 85' lang='lat' dir='ltr'>DE</span> <span class='ocrx_word' id='word_1_7' title='bbox 1647 402 1918 459; x_wconf 76' lang='lat' dir='ltr'>GRATIA</span> <span class='ocrx_word' id='word_1_8' title='bbox 1960 401 2305 458; x_wconf 85' lang='lat' dir='ltr'>EFFICACI.</span> 
     </span>
    </p>
   </div>
   <div class='ocr_carea' id='block_1_3' title="bbox 487 588 1849 667">
    <p class='ocr_par' dir='ltr' id='par_1_5' title="bbox 487 588 1849 667">
     <span class='ocr_line' id='line_1_6' title="bbox 487 588 1849 667; baseline -0.001 -22"><span class='ocrx_word' id='word_1_9' title='bbox 487 593 653 656; x_wconf 89' lang='lat' dir='ltr'>certe,</span> <span class='ocrx_word' id='word_1_10' title='bbox 705 588 843 662; x_wconf 87' lang='lat' dir='ltr'>quid</span> <span class='ocrx_word' id='word_1_11' title='bbox 884 594 1015 647; x_wconf 91' lang='lat' dir='ltr'>tunc</span> <span class='ocrx_word' id='word_1_12' title='bbox 1057 611 1081 641; x_wconf 90' lang='lat'>»</span> <span class='ocrx_word' id='word_1_13' title='bbox 1120 594 1363 667; x_wconf 83' lang='lat' dir='ltr'>(nempe</span> <span class='ocrx_word' id='word_1_14' title='bbox 1392 591 1453 645; x_wconf 89' lang='lat' dir='ltr'>in</span> <span class='ocrx_word' id='word_1_15' title='bbox 1492 589 1849 663; x_wconf 81' lang='lat' dir='ltr'>expositione</span> 
     </span>
    </p>
   </div>
   <div class='ocr_carea' id='block_1_4' title="bbox 269 669 1851 825">
    <p class='ocr_par' dir='ltr' id='par_1_6' title="bbox 269 669 1851 825">
     <span class='ocr_line' id='line_1_7' title="bbox 269 669 1848 742; baseline 0 -19"><span class='ocrx_word' id='word_1_16' title='bbox 269 718 273 723; x_wconf 82' lang='grc'><em>.</em></span> <span class='ocrx_word' id='word_1_17' title='bbox 304 681 441 722; x_wconf 64' lang='lat' dir='ltr'>uxu-</span> <span class='ocrx_word' id='word_1_18' title='bbox 489 670 742 742; x_wconf 83' lang='lat' dir='ltr'>epistolae</span> <span class='ocrx_word' id='word_1_19' title='bbox 764 670 833 726; x_wconf 90' lang='lat' dir='ltr'>ad</span> <span class='ocrx_word' id='word_1_20' title='bbox 862 672 1167 740; x_wconf 84' lang='lat' dir='ltr'>Romanos,</span> <span class='ocrx_word' id='word_1_21' title='bbox 1202 670 1297 726; x_wconf 90' lang='lat' dir='ltr'>ubi</span> <span class='ocrx_word' id='word_1_22' title='bbox 1321 671 1564 727; x_wconf 78' lang='lat' dir='ltr'>asseruit</span> <span class='ocrx_word' id='word_1_23' title='bbox 1610 669 1848 725; x_wconf 90' lang='lat' dir='ltr'>initium</span> 
     </span>
     <span class='ocr_line' id='line_1_8' title="bbox 272 731 1851 825; baseline 0.001 -20"><span class='ocrx_word' id='word_1_24' title='bbox 272 731 476 783; x_wconf 75' lang='lat' dir='ltr'>gasunus.</span> <span class='ocrx_word' id='word_1_25' title='bbox 490 750 649 807; x_wconf 87' lang='lat' dir='ltr'>Fidei</span> <span class='ocrx_word' id='word_1_26' title='bbox 671 767 791 808; x_wconf 90' lang='lat' dir='ltr'>esse</span> <span class='ocrx_word' id='word_1_27' title='bbox 810 767 880 808; x_wconf 84' lang='lat' dir='ltr'>ex</span> <span class='ocrx_word' id='word_1_28' title='bbox 903 751 1085 818; x_wconf 75' lang='lat' dir='ltr'>nobie,</span> <span class='ocrx_word' id='word_1_29' title='bbox 1111 752 1259 824; x_wconf 90' lang='lat' dir='ltr'>quod</span> <span class='ocrx_word' id='word_1_30' title='bbox 1290 758 1476 825; x_wconf 88' lang='lat' dir='ltr'>postea</span> <span class='ocrx_word' id='word_1_31' title='bbox 1502 750 1851 822; x_wconf 83' lang='lat' dir='ltr'>retractavit)</span> 
     </span>
    </p>
   </div>
   <div class='ocr_carea' id='block_1_5' title="bbox 447 831 1890 5107">
    <p class='ocr_par' dir='ltr' id='par_1_7' title="bbox 447 831 1869 2836">
     <span class='ocr_line' id='line_1_9' title="bbox 496 831 1853 906; baseline 0.003 -23"><span class='ocrx_word' id='word_1_32' title='bbox 496 855 521 884; x_wconf 73' lang='grc' dir='ltr'>«ι</span> <span class='ocrx_word' id='word_1_33' title='bbox 550 832 620 889; x_wconf 91' lang='lat' dir='ltr'>de</span> <span class='ocrx_word' id='word_1_34' title='bbox 642 833 796 899; x_wconf 82' lang='lat' dir='ltr'>Fide,</span> <span class='ocrx_word' id='word_1_35' title='bbox 820 838 986 906; x_wconf 87' lang='lat' dir='ltr'>atque</span> <span class='ocrx_word' id='word_1_36' title='bbox 1000 833 1269 906; x_wconf 85' lang='lat' dir='ltr'>operibus</span> <span class='ocrx_word' id='word_1_37' title='bbox 1289 831 1604 890; x_wconf 80' lang='lat' dir='ltr'>sentiebam</span> <span class='ocrx_word' id='word_1_38' title='bbox 1623 856 1636 898; x_wconf 88' lang='lat'>;</span> <span class='ocrx_word' id='word_1_39' title='bbox 1655 847 1853 905; x_wconf 88' lang='lat' dir='ltr'>quam·</span> 
     </span>
     <span class='ocr_line' id='line_1_10' title="bbox 497 912 1853 987; baseline 0.002 -22"><span class='ocrx_word' id='word_1_40' title='bbox 497 936 521 965; x_wconf 90' lang='lat'>«</span> <span class='ocrx_word' id='word_1_41' title='bbox 551 912 642 968; x_wconf 86' lang='lat' dir='ltr'>vis</span> <span class='ocrx_word' id='word_1_42' title='bbox 669 912 739 970; x_wconf 91' lang='lat' dir='ltr'>de</span> <span class='ocrx_word' id='word_1_43' title='bbox 766 912 1221 971; x_wconf 88' lang='lat' dir='ltr'>commendanda</span> <span class='ocrx_word' id='word_1_44' title='bbox 1273 914 1372 970; x_wconf 92' lang='lat' dir='ltr'>Dei</span> <span class='ocrx_word' id='word_1_45' title='bbox 1398 913 1582 987; x_wconf 88' lang='lat' dir='ltr'>gratia</span> <span class='ocrx_word' id='word_1_46' title='bbox 1620 912 1853 969; x_wconf 84' lang='lat' dir='ltr'>labora-</span> 
     </span>
     <span class='ocr_line' id='line_1_11' title="bbox 447 994 1854 1067; baseline 0.003 -23"><span class='ocrx_word' id='word_1_47' title='bbox 447 1056 451 1060; x_wconf 19' lang='lat'><em>.</em></span> <span class='ocrx_word' id='word_1_48' title='bbox 496 1017 520 1044; x_wconf 93' lang='lat'>«</span> <span class='ocrx_word' id='word_1_49' title='bbox 554 1010 674 1050; x_wconf 89' lang='lat' dir='ltr'>rem</span> <span class='ocrx_word' id='word_1_50' title='bbox 712 1014 725 1049; x_wconf 74' lang='grc' dir='ltr'><strong><em>ε</em></strong></span> <span class='ocrx_word' id='word_1_51' title='bbox 750 994 813 1049; x_wconf 92' lang='lat' dir='ltr'>in</span> <span class='ocrx_word' id='word_1_52' title='bbox 839 1011 951 1067; x_wconf 87' lang='lat' dir='ltr'>qua</span> <span class='ocrx_word' id='word_1_53' title='bbox 977 994 1283 1051; x_wconf 83' lang='lat' dir='ltr'>sentientia</span> <span class='ocrx_word' id='word_1_54' title='bbox 1312 995 1448 1051; x_wconf 89' lang='lat' dir='ltr'>istos</span> <span class='ocrx_word' id='word_1_55' title='bbox 1488 994 1694 1050; x_wconf 74' lang='lat' dir='ltr'>fratres</span> <span class='ocrx_word' id='word_1_56' title='bbox 1716 1010 1854 1051; x_wconf 84' lang='lat' dir='ltr'>nos-</span> 
     </span>
     <span class='ocr_line' id='line_1_12' title="bbox 497 1074 1855 1146; baseline 0.003 -21"><span class='ocrx_word' id='word_1_57' title='bbox 497 1096 521 1125; x_wconf 82' lang='lat'>«</span> <span class='ocrx_word' id='word_1_58' title='bbox 552 1079 699 1129; x_wconf 90' lang='lat' dir='ltr'>stros</span> <span class='ocrx_word' id='word_1_59' title='bbox 746 1092 771 1124; x_wconf 68' lang='grc' dir='ltr'>ι»</span> <span class='ocrx_word' id='word_1_60' title='bbox 805 1075 906 1143; x_wconf 91' lang='lat' dir='ltr'>(sic</span> <span class='ocrx_word' id='word_1_61' title='bbox 935 1074 1186 1146; x_wconf 89' lang='lat' dir='ltr'>appellat</span> <span class='ocrx_word' id='word_1_62' title='bbox 1237 1074 1645 1144; x_wconf 79' lang='lat' dir='ltr'>Massilienses)</span> <span class='ocrx_word' id='word_1_63' title='bbox 1677 1095 1701 1125; x_wconf 82' lang='grc' dir='ltr'>α</span> <span class='ocrx_word' id='word_1_64' title='bbox 1731 1088 1855 1129; x_wconf 86' lang='lat' dir='ltr'>esse</span> 
     </span>
     <span class='ocr_line' id='line_1_13' title="bbox 498 1151 1855 1228; baseline 0.003 -25"><span class='ocrx_word' id='word_1_65' title='bbox 498 1175 523 1203; x_wconf 94' lang='lat'>«</span> <span class='ocrx_word' id='word_1_66' title='bbox 555 1168 708 1208; x_wconf 88' lang='lat' dir='ltr'>nunc</span> <span class='ocrx_word' id='word_1_67' title='bbox 732 1152 919 1220; x_wconf 84' lang='lat' dir='ltr'>video,</span> <span class='ocrx_word' id='word_1_68' title='bbox 957 1155 1092 1226; x_wconf 87' lang='lat' dir='ltr'>quia</span> <span class='ocrx_word' id='word_1_69' title='bbox 1120 1169 1241 1210; x_wconf 89' lang='lat' dir='ltr'>non</span> <span class='ocrx_word' id='word_1_70' title='bbox 1267 1154 1410 1210; x_wconf 89' lang='lat' dir='ltr'>sicut</span> <span class='ocrx_word' id='word_1_71' title='bbox 1460 1155 1646 1228; x_wconf 90' lang='lat' dir='ltr'>legere</span> <span class='ocrx_word' id='word_1_72' title='bbox 1674 1151 1855 1209; x_wconf 88' lang='lat' dir='ltr'>libros</span> 
     </span>
     <span class='ocr_line' id='line_1_14' title="bbox 499 1233 1856 1307; baseline 0.004 -22"><span class='ocrx_word' id='word_1_73' title='bbox 499 1258 522 1285; x_wconf 92' lang='lat'>«</span> <span class='ocrx_word' id='word_1_74' title='bbox 555 1249 730 1299; x_wconf 77' lang='lat' dir='ltr'>meOS,</span> <span class='ocrx_word' id='word_1_75' title='bbox 753 1234 834 1290; x_wconf 85' lang='lat' dir='ltr'>ita</span> <span class='ocrx_word' id='word_1_76' title='bbox 848 1235 1024 1291; x_wconf 88' lang='lat' dir='ltr'>etiam</span> <span class='ocrx_word' id='word_1_77' title='bbox 1042 1236 1104 1291; x_wconf 88' lang='lat' dir='ltr'>in</span> <span class='ocrx_word' id='word_1_78' title='bbox 1118 1236 1201 1292; x_wconf 87' lang='lat' dir='ltr'>eis</span> <span class='ocrx_word' id='word_1_79' title='bbox 1220 1241 1568 1292; x_wconf 88' lang='lat' dir='ltr'>curaverunt</span> <span class='ocrx_word' id='word_1_80' title='bbox 1584 1233 1856 1307; x_wconf 87' lang='lat' dir='ltr'>proficere</span> 
     </span>
     <span class='ocr_line' id='line_1_15' title="bbox 500 1315 1858 1379; baseline 0.001 -12"><span class='ocrx_word' id='word_1_81' title='bbox 500 1337 525 1366; x_wconf 78' lang='grc' dir='ltr'>α</span> <span class='ocrx_word' id='word_1_82' title='bbox 557 1328 800 1370; x_wconf 89' lang='lat' dir='ltr'>mecum.</span> <span class='ocrx_word' id='word_1_83' title='bbox 854 1317 1000 1371; x_wconf 87' lang='lat' dir='ltr'>Nam</span> <span class='ocrx_word' id='word_1_84' title='bbox 1046 1316 1094 1371; x_wconf 93' lang='lat' dir='ltr'>si</span> <span class='ocrx_word' id='word_1_85' title='bbox 1134 1321 1447 1379; x_wconf 84' lang='lat' dir='ltr'>curassent,</span> <span class='ocrx_word' id='word_1_86' title='bbox 1498 1315 1858 1371; x_wconf 86' lang='lat' dir='ltr'>invenissent</span> 
     </span>
     <span class='ocr_line' id='line_1_16' title="bbox 502 1393 1855 1466; baseline -0.001 -17"><span class='ocrx_word' id='word_1_87' title='bbox 502 1417 527 1443; x_wconf 71' lang='grc' dir='ltr'>ιι</span> <span class='ocrx_word' id='word_1_88' title='bbox 559 1393 729 1449; x_wconf 87' lang='lat' dir='ltr'>istam</span> <span class='ocrx_word' id='word_1_89' title='bbox 769 1396 1139 1466; x_wconf 84' lang='lat' dir='ltr'>quaestionem</span> <span class='ocrx_word' id='word_1_90' title='bbox 1180 1395 1491 1452; x_wconf 87' lang='lat' dir='ltr'>secundum</span> <span class='ocrx_word' id='word_1_91' title='bbox 1552 1394 1855 1451; x_wconf 89' lang='lat' dir='ltr'>veritatem</span> 
     </span>
     <span class='ocr_line' id='line_1_17' title="bbox 503 1473 1858 1549; baseline 0.004 -24"><span class='ocrx_word' id='word_1_92' title='bbox 503 1497 527 1525; x_wconf 76' lang='grc' dir='ltr'>α</span> <span class='ocrx_word' id='word_1_93' title='bbox 559 1473 893 1546; x_wconf 81' lang='lat' dir='ltr'>divinarum</span> <span class='ocrx_word' id='word_1_94' title='bbox 964 1477 1390 1549; x_wconf 85' lang='lat' dir='ltr'>Scripturarum</span> <span class='ocrx_word' id='word_1_95' title='bbox 1469 1478 1715 1533; x_wconf 87' lang='lat' dir='ltr'>solutam</span> <span class='ocrx_word' id='word_1_96' title='bbox 1794 1476 1858 1531; x_wconf 92' lang='lat' dir='ltr'>in</span> 
     </span>
     <span class='ocr_line' id='line_1_18' title="bbox 503 1554 1860 1631; baseline 0.002 -21"><span class='ocrx_word' id='word_1_97' title='bbox 503 1576 528 1604; x_wconf 90' lang='lat'>«</span> <span class='ocrx_word' id='word_1_98' title='bbox 559 1554 750 1627; x_wconf 88' lang='lat' dir='ltr'>primo</span> <span class='ocrx_word' id='word_1_99' title='bbox 792 1555 944 1612; x_wconf 91' lang='lat' dir='ltr'>libro</span> <span class='ocrx_word' id='word_1_100' title='bbox 970 1556 1236 1623; x_wconf 90' lang='lat' dir='ltr'>duorum,</span> <span class='ocrx_word' id='word_1_101' title='bbox 1280 1574 1421 1631; x_wconf 89' lang='lat' dir='ltr'>quos</span> <span class='ocrx_word' id='word_1_102' title='bbox 1443 1557 1513 1613; x_wconf 89' lang='lat' dir='ltr'>ad</span> <span class='ocrx_word' id='word_1_103' title='bbox 1536 1556 1711 1614; x_wconf 63' lang='lat' dir='ltr'>beatee</span> <span class='ocrx_word' id='word_1_104' title='bbox 1734 1572 1860 1613; x_wconf 89' lang='lat' dir='ltr'>me-</span> 
     </span>
     <span class='ocr_line' id='line_1_19' title="bbox 503 1635 1859 1710; baseline 0.005 -25"><span class='ocrx_word' id='word_1_105' title='bbox 503 1656 528 1684; x_wconf 87' lang='lat'>«</span> <span class='ocrx_word' id='word_1_106' title='bbox 560 1635 762 1690; x_wconf 83' lang='lat' dir='ltr'>moriae</span> <span class='ocrx_word' id='word_1_107' title='bbox 807 1635 1247 1708; x_wconf 86' lang='lat' dir='ltr'>Simplicianum</span> <span class='ocrx_word' id='word_1_108' title='bbox 1275 1638 1475 1710; x_wconf 85' lang='lat' dir='ltr'>scripsi</span> <span class='ocrx_word' id='word_1_109' title='bbox 1520 1637 1859 1709; x_wconf 83' lang='lat' dir='ltr'>Episcopum</span> 
     </span>
     <span class='ocr_line' id='line_1_20' title="bbox 502 1714 1858 1785; baseline 0.005 -20"><span class='ocrx_word' id='word_1_110' title='bbox 502 1737 528 1765; x_wconf 89' lang='lat'>«</span> <span class='ocrx_word' id='word_1_111' title='bbox 559 1714 1007 1773; x_wconf 83' lang='lat' dir='ltr'>Mediolanensis</span> <span class='ocrx_word' id='word_1_112' title='bbox 1037 1719 1313 1785; x_wconf 84' lang='lat' dir='ltr'>Ecclesiae,</span> <span class='ocrx_word' id='word_1_113' title='bbox 1339 1719 1522 1775; x_wconf 86' lang='lat' dir='ltr'>sancti</span> <span class='ocrx_word' id='word_1_114' title='bbox 1568 1717 1858 1775; x_wconf 82' lang='lat' dir='ltr'>Ambrosii</span> 
     </span>
     <span class='ocr_line' id='line_1_21' title="bbox 503 1799 1861 1872; baseline 0.005 -26"><span class='ocrx_word' id='word_1_115' title='bbox 503 1818 528 1847; x_wconf 94' lang='lat'>«</span> <span class='ocrx_word' id='word_1_116' title='bbox 558 1811 956 1863; x_wconf 86' lang='lat' dir='ltr'>successorem,</span> <span class='ocrx_word' id='word_1_117' title='bbox 990 1799 1053 1854; x_wconf 89' lang='lat' dir='ltr'>in</span> <span class='ocrx_word' id='word_1_118' title='bbox 1081 1799 1203 1871; x_wconf 89' lang='lat' dir='ltr'>ipso</span> <span class='ocrx_word' id='word_1_119' title='bbox 1230 1799 1466 1857; x_wconf 88' lang='lat' dir='ltr'>exordio</span> <span class='ocrx_word' id='word_1_120' title='bbox 1495 1800 1861 1872; x_wconf 85' lang='lat' dir='ltr'>Episcopatus</span> 
     </span>
     <span class='ocr_line' id='line_1_22' title="bbox 504 1875 1861 1943; baseline 0.004 -15"><span class='ocrx_word' id='word_1_121' title='bbox 504 1897 529 1927; x_wconf 84' lang='lat'>«</span> <span class='ocrx_word' id='word_1_122' title='bbox 560 1875 676 1931; x_wconf 89' lang='lat' dir='ltr'>mei</span> <span class='ocrx_word' id='word_1_123' title='bbox 711 1897 724 1930; x_wconf 71' lang='grc' dir='ltr'><strong><em>ε</em></strong></span> <span class='ocrx_word' id='word_1_124' title='bbox 775 1876 887 1932; x_wconf 93' lang='lat' dir='ltr'>nisi</span> <span class='ocrx_word' id='word_1_125' title='bbox 919 1877 1064 1936; x_wconf 84' lang='lat' dir='ltr'>sorte</span> <span class='ocrx_word' id='word_1_126' title='bbox 1092 1895 1206 1936; x_wconf 90' lang='lat' dir='ltr'>non</span> <span class='ocrx_word' id='word_1_127' title='bbox 1225 1896 1322 1936; x_wconf 91' lang='lat' dir='ltr'>eos</span> <span class='ocrx_word' id='word_1_128' title='bbox 1352 1880 1644 1936; x_wconf 77' lang='lat' dir='ltr'>noverint.</span> <span class='ocrx_word' id='word_1_129' title='bbox 1700 1876 1861 1943; x_wconf 90' lang='lat' dir='ltr'>Quod</span> 
     </span>
     <span class='ocr_line' id='line_1_23' title="bbox 505 1956 1864 2032; baseline 0.008 -25"><span class='ocrx_word' id='word_1_130' title='bbox 505 1977 531 2007; x_wconf 90' lang='lat'>«</span> <span class='ocrx_word' id='word_1_131' title='bbox 560 1956 609 2010; x_wconf 88' lang='lat' dir='ltr'>si</span> <span class='ocrx_word' id='word_1_132' title='bbox 638 1956 715 2012; x_wconf 87' lang='lat' dir='ltr'>ita</span> <span class='ocrx_word' id='word_1_133' title='bbox 738 1963 841 2021; x_wconf 88' lang='lat' dir='ltr'>est,</span> <span class='ocrx_word' id='word_1_134' title='bbox 896 1958 1060 2015; x_wconf 84' lang='lat' dir='ltr'>facite</span> <span class='ocrx_word' id='word_1_135' title='bbox 1088 1965 1151 2015; x_wconf 91' lang='lat' dir='ltr'>ut</span> <span class='ocrx_word' id='word_1_136' title='bbox 1177 1962 1464 2018; x_wconf 79' lang='lat' dir='ltr'>noverint.</span> <span class='ocrx_word' id='word_1_137' title='bbox 1519 1981 1544 2011; x_wconf 89' lang='lat'>»</span> <span class='ocrx_word' id='word_1_138' title='bbox 1598 1962 1665 2014; x_wconf 87' lang='lat' dir='ltr'>Et</span> <span class='ocrx_word' id='word_1_139' title='bbox 1693 1959 1864 2032; x_wconf 83' lang='lat' dir='ltr'>paulo</span> 
     </span>
     <span class='ocr_line' id='line_1_24' title="bbox 500 2035 1863 2115; baseline 0.004 -25"><span class='ocrx_word' id='word_1_140' title='bbox 500 2035 744 2092; x_wconf 85' lang='lat' dir='ltr'>inferius</span> <span class='ocrx_word' id='word_1_141' title='bbox 773 2037 962 2110; x_wconf 90' lang='lat' dir='ltr'>inquit</span> <span class='ocrx_word' id='word_1_142' title='bbox 988 2083 1000 2095; x_wconf 90' lang='lat'>.</span> <span class='ocrx_word' id='word_1_143' title='bbox 1040 2062 1065 2091; x_wconf 91' lang='lat'>«</span> <span class='ocrx_word' id='word_1_144' title='bbox 1116 2042 1180 2095; x_wconf 89' lang='lat' dir='ltr'>In</span> <span class='ocrx_word' id='word_1_145' title='bbox 1208 2042 1367 2115; x_wconf 82' lang='lat' dir='ltr'>qu&#39;us</span> <span class='ocrx_word' id='word_1_146' title='bbox 1412 2040 1739 2114; x_wconf 81' lang='lat' dir='ltr'>quaestionis</span> <span class='ocrx_word' id='word_1_147' title='bbox 1767 2055 1863 2095; x_wconf 91' lang='lat' dir='ltr'>so-</span> 
     </span>
     <span class='ocr_line' id='line_1_25' title="bbox 504 2117 1865 2193; baseline 0.005 -25"><span class='ocrx_word' id='word_1_148' title='bbox 504 2138 529 2168; x_wconf 88' lang='lat'>«</span> <span class='ocrx_word' id='word_1_149' title='bbox 560 2117 780 2174; x_wconf 89' lang='lat' dir='ltr'>lutione</span> <span class='ocrx_word' id='word_1_150' title='bbox 809 2138 834 2169; x_wconf 82' lang='lat'>›&gt;</span> <span class='ocrx_word' id='word_1_151' title='bbox 901 2121 1096 2193; x_wconf 87' lang='lat' dir='ltr'>(quam</span> <span class='ocrx_word' id='word_1_152' title='bbox 1142 2121 1409 2179; x_wconf 88' lang='lat' dir='ltr'>videlicet</span> <span class='ocrx_word' id='word_1_153' title='bbox 1435 2120 1505 2177; x_wconf 91' lang='lat' dir='ltr'>ad</span> <span class='ocrx_word' id='word_1_154' title='bbox 1534 2121 1865 2193; x_wconf 88' lang='lat' dir='ltr'>Simplicia-</span> 
     </span>
     <span class='ocr_line' id='line_1_26' title="bbox 500 2200 1867 2276; baseline 0.005 -23"><span class='ocrx_word' id='word_1_155' title='bbox 500 2214 637 2255; x_wconf 86' lang='lat' dir='ltr'>num</span> <span class='ocrx_word' id='word_1_156' title='bbox 661 2200 984 2273; x_wconf 87' lang='lat' dir='ltr'>scripserat)</span> <span class='ocrx_word' id='word_1_157' title='bbox 1013 2225 1037 2254; x_wconf 85' lang='lat'>«</span> <span class='ocrx_word' id='word_1_158' title='bbox 1067 2202 1427 2260; x_wconf 87' lang='lat' dir='ltr'>elaboratum</span> <span class='ocrx_word' id='word_1_159' title='bbox 1449 2210 1535 2260; x_wconf 91' lang='lat' dir='ltr'>est</span> <span class='ocrx_word' id='word_1_160' title='bbox 1555 2219 1657 2276; x_wconf 91' lang='lat' dir='ltr'>pro</span> <span class='ocrx_word' id='word_1_161' title='bbox 1682 2202 1867 2260; x_wconf 88' lang='lat' dir='ltr'>libero</span> 
     </span>
     <span class='ocr_line' id='line_1_27' title="bbox 506 2278 1866 2350; baseline 0.004 -19"><span class='ocrx_word' id='word_1_162' title='bbox 506 2301 532 2330; x_wconf 74' lang='grc' dir='ltr'><strong>α</strong></span> <span class='ocrx_word' id='word_1_163' title='bbox 564 2278 808 2337; x_wconf 85' lang='lat' dir='ltr'>arbitrio</span> <span class='ocrx_word' id='word_1_164' title='bbox 859 2282 1176 2338; x_wconf 84' lang='lat' dir='ltr'>voluntatis</span> <span class='ocrx_word' id='word_1_165' title='bbox 1222 2284 1490 2340; x_wconf 83' lang='lat' dir='ltr'>humanae</span> <span class='ocrx_word' id='word_1_166' title='bbox 1515 2307 1528 2350; x_wconf 91' lang='lat'>;</span> <span class='ocrx_word' id='word_1_167' title='bbox 1577 2283 1675 2340; x_wconf 92' lang='lat' dir='ltr'>sed</span> <span class='ocrx_word' id='word_1_168' title='bbox 1729 2283 1866 2339; x_wconf 84' lang='lat' dir='ltr'>vicit</span> 
     </span>
     <span class='ocr_line' id='line_1_28' title="bbox 474 2362 1868 2434; baseline 0.009 -24"><span class='ocrx_word' id='word_1_169' title='bbox 474 2392 479 2397; x_wconf 87' lang='lat'><em>-</em></span> <span class='ocrx_word' id='word_1_170' title='bbox 508 2383 534 2412; x_wconf 91' lang='lat'>«</span> <span class='ocrx_word' id='word_1_171' title='bbox 562 2362 747 2434; x_wconf 86' lang='lat' dir='ltr'>gratia</span> <span class='ocrx_word' id='word_1_172' title='bbox 775 2364 893 2419; x_wconf 87' lang='lat' dir='ltr'>Dei.</span> <span class='ocrx_word' id='word_1_173' title='bbox 924 2385 948 2414; x_wconf 86' lang='lat'>»</span> <span class='ocrx_word' id='word_1_174' title='bbox 986 2363 1148 2420; x_wconf 78' lang='lat' dir='ltr'>Unde</span> <span class='ocrx_word' id='word_1_175' title='bbox 1178 2364 1517 2423; x_wconf 84' lang='lat' dir='ltr'>incredibile</span> <span class='ocrx_word' id='word_1_176' title='bbox 1544 2372 1627 2423; x_wconf 89' lang='lat' dir='ltr'>est</span> <span class='ocrx_word' id='word_1_177' title='bbox 1650 2370 1711 2424; x_wconf 91' lang='lat' dir='ltr'>D.</span> <span class='ocrx_word' id='word_1_178' title='bbox 1744 2371 1868 2422; x_wconf 82' lang='lat' dir='ltr'>Au-</span> 
     </span>
     <span class='ocr_line' id='line_1_29' title="bbox 503 2444 1865 2519; baseline 0.007 -25"><span class='ocrx_word' id='word_1_179' title='bbox 503 2446 647 2513; x_wconf 88' lang='lat' dir='ltr'>gust.</span> <span class='ocrx_word' id='word_1_180' title='bbox 672 2447 1002 2500; x_wconf 84' lang='lat' dir='ltr'>retractasse</span> <span class='ocrx_word' id='word_1_181' title='bbox 1015 2444 1336 2502; x_wconf 88' lang='lat' dir='ltr'>doctrinam</span> <span class='ocrx_word' id='word_1_182' title='bbox 1356 2447 1514 2502; x_wconf 90' lang='lat' dir='ltr'>illius</span> <span class='ocrx_word' id='word_1_183' title='bbox 1532 2447 1865 2519; x_wconf 89' lang='lat' dir='ltr'>libri,quem</span> 
     </span>
     <span class='ocr_line' id='line_1_30' title="bbox 503 2521 1866 2598; baseline 0.006 -23"><span class='ocrx_word' id='word_1_184' title='bbox 503 2521 624 2593; x_wconf 87' lang='lat' dir='ltr'>jam</span> <span class='ocrx_word' id='word_1_185' title='bbox 652 2535 827 2577; x_wconf 80' lang='lat' dir='ltr'>senex</span> <span class='ocrx_word' id='word_1_186' title='bbox 848 2523 988 2579; x_wconf 89' lang='lat' dir='ltr'>adeo</span> <span class='ocrx_word' id='word_1_187' title='bbox 1014 2525 1456 2592; x_wconf 87' lang='lat' dir='ltr'>commendavit,</span> <span class='ocrx_word' id='word_1_188' title='bbox 1492 2532 1552 2581; x_wconf 88' lang='lat' dir='ltr'>ut</span> <span class='ocrx_word' id='word_1_189' title='bbox 1578 2527 1648 2583; x_wconf 87' lang='lat' dir='ltr'>ad</span> <span class='ocrx_word' id='word_1_190' title='bbox 1679 2528 1866 2598; x_wconf 89' lang='lat' dir='ltr'>ipsum</span> 
     </span>
     <span class='ocr_line' id='line_1_31' title="bbox 509 2600 1869 2681; baseline 0.006 -25"><span class='ocrx_word' id='word_1_191' title='bbox 509 2600 814 2673; x_wconf 89' lang='lat' dir='ltr'>discipulos</span> <span class='ocrx_word' id='word_1_192' title='bbox 842 2619 972 2659; x_wconf 90' lang='lat' dir='ltr'>suos</span> <span class='ocrx_word' id='word_1_193' title='bbox 1001 2620 1104 2676; x_wconf 91' lang='lat' dir='ltr'>pro</span> <span class='ocrx_word' id='word_1_194' title='bbox 1142 2605 1483 2664; x_wconf 84' lang='lat' dir='ltr'>enodatione</span> <span class='ocrx_word' id='word_1_195' title='bbox 1502 2607 1664 2664; x_wconf 89' lang='lat' dir='ltr'>dubii</span> <span class='ocrx_word' id='word_1_196' title='bbox 1720 2623 1869 2681; x_wconf 84' lang='lat' dir='ltr'>prae-</span> 
     </span>
     <span class='ocr_line' id='line_1_32' title="bbox 508 2683 1869 2762; baseline 0.007 -24"><span class='ocrx_word' id='word_1_197' title='bbox 508 2683 685 2739; x_wconf 90' lang='lat' dir='ltr'>sentis</span> <span class='ocrx_word' id='word_1_198' title='bbox 721 2684 1026 2741; x_wconf 88' lang='lat' dir='ltr'>remiserit.</span> <span class='ocrx_word' id='word_1_199' title='bbox 1056 2688 1412 2760; x_wconf 85' lang='lat' dir='ltr'>Quapropter</span> <span class='ocrx_word' id='word_1_200' title='bbox 1440 2690 1732 2762; x_wconf 88' lang='lat' dir='ltr'>responsio</span> <span class='ocrx_word' id='word_1_201' title='bbox 1755 2706 1869 2746; x_wconf 90' lang='lat' dir='ltr'>nu-</span> 
     </span>
     <span class='ocr_line' id='line_1_33' title="bbox 513 2760 1314 2836; baseline 0.009 -19"><span class='ocrx_word' id='word_1_202' title='bbox 513 2778 613 2834; x_wconf 87' lang='lat' dir='ltr'>per</span> <span class='ocrx_word' id='word_1_203' title='bbox 640 2760 770 2817; x_wconf 91' lang='lat' dir='ltr'>data</span> <span class='ocrx_word' id='word_1_204' title='bbox 799 2765 996 2836; x_wconf 89' lang='lat' dir='ltr'>nequit</span> <span class='ocrx_word' id='word_1_205' title='bbox 1020 2766 1314 2824; x_wconf 85' lang='lat' dir='ltr'>sustineri.</span> 
     </span>
    </p>

    <p class='ocr_par' dir='ltr' id='par_1_8' title="bbox 515 2842 1874 3392">
     <span class='ocr_line' id='line_1_34' title="bbox 589 2842 1868 2923; baseline 0.009 -28"><span class='ocrx_word' id='word_1_206' title='bbox 589 2843 679 2898; x_wconf 84' lang='lat'>50.</span> <span class='ocrx_word' id='word_1_207' title='bbox 726 2842 925 2900; x_wconf 89' lang='lat' dir='ltr'>Primo</span> <span class='ocrx_word' id='word_1_208' title='bbox 951 2860 1086 2919; x_wconf 90' lang='lat' dir='ltr'>ergo</span> <span class='ocrx_word' id='word_1_209' title='bbox 1133 2847 1466 2920; x_wconf 88' lang='lat' dir='ltr'>responderi</span> <span class='ocrx_word' id='word_1_210' title='bbox 1515 2855 1694 2923; x_wconf 85' lang='lat' dir='ltr'>potest</span> <span class='ocrx_word' id='word_1_211' title='bbox 1739 2866 1868 2908; x_wconf 87' lang='lat' dir='ltr'>cum</span> 
     </span>
     <span class='ocr_line' id='line_1_35' title="bbox 517 2924 1871 3002; baseline 0.008 -26"><span class='ocrx_word' id='word_1_212' title='bbox 517 2924 563 2976; x_wconf 84' lang='lat' dir='ltr'>N</span> <span class='ocrx_word' id='word_1_213' title='bbox 570 2929 831 2980; x_wconf 80' lang='lat' dir='ltr'>avarrete</span> <span class='ocrx_word' id='word_1_214' title='bbox 850 2926 912 2978; x_wconf 83' lang='lat' dir='ltr'>de</span> <span class='ocrx_word' id='word_1_215' title='bbox 932 2927 1170 2983; x_wconf 74' lang='lat' dir='ltr'>auaeiliis</span> <span class='ocrx_word' id='word_1_216' title='bbox 1189 2937 1514 2987; x_wconf 77' lang='lat' dir='ltr'>controvers,</span> <span class='ocrx_word' id='word_1_217' title='bbox 1541 2933 1628 2998; x_wconf 76' lang='lat'>24,</span> <span class='ocrx_word' id='word_1_218' title='bbox 1642 2936 1689 3002; x_wconf 62' lang='grc' dir='ltr'>,ξ</span> <span class='ocrx_word' id='word_1_219' title='bbox 1710 2935 1766 2997; x_wconf 84' lang='grc'>6,</span> <span class='ocrx_word' id='word_1_220' title='bbox 1805 2934 1871 2987; x_wconf 70' lang='lat' dir='ltr'>in</span> 
     </span>
     <span class='ocr_line' id='line_1_36' title="bbox 519 3005 1873 3070; baseline 0.01 -13"><span class='ocrx_word' id='word_1_221' title='bbox 519 3005 639 3070; x_wconf 69' lang='lat' dir='ltr'>fine,</span> <span class='ocrx_word' id='word_1_222' title='bbox 667 3006 841 3063; x_wconf 81' lang='lat' dir='ltr'>verba</span> <span class='ocrx_word' id='word_1_223' title='bbox 863 3007 964 3064; x_wconf 86' lang='lat' dir='ltr'>illa</span> <span class='ocrx_word' id='word_1_224' title='bbox 987 3023 1103 3064; x_wconf 91' lang='lat' dir='ltr'>non</span> <span class='ocrx_word' id='word_1_225' title='bbox 1129 3011 1423 3069; x_wconf 90' lang='lat' dir='ltr'>continere</span> <span class='ocrx_word' id='word_1_226' title='bbox 1449 3028 1682 3069; x_wconf 88' lang='lat' dir='ltr'>sensum</span> <span class='ocrx_word' id='word_1_227' title='bbox 1713 3029 1873 3070; x_wconf 85' lang='lat' dir='ltr'>reso-</span> 
     </span>
     <span class='ocr_line' id='line_1_37' title="bbox 519 3084 1874 3166; baseline 0.007 -27"><span class='ocrx_word' id='word_1_228' title='bbox 519 3084 794 3141; x_wconf 89' lang='lat' dir='ltr'>lutorium</span> <span class='ocrx_word' id='word_1_229' title='bbox 848 3089 910 3143; x_wconf 94' lang='lat' dir='ltr'>D.</span> <span class='ocrx_word' id='word_1_230' title='bbox 960 3090 1282 3162; x_wconf 82' lang='lat' dir='ltr'>Augustini,</span> <span class='ocrx_word' id='word_1_231' title='bbox 1328 3092 1425 3148; x_wconf 89' lang='lat' dir='ltr'>sed</span> <span class='ocrx_word' id='word_1_232' title='bbox 1453 3093 1741 3166; x_wconf 82' lang='lat' dir='ltr'>quandam</span> <span class='ocrx_word' id='word_1_233' title='bbox 1762 3093 1874 3148; x_wconf 91' lang='lat' dir='ltr'>du-</span> 
     </span>
     <span class='ocr_line' id='line_1_38' title="bbox 517 3165 1874 3247; baseline 0.008 -25"><span class='ocrx_word' id='word_1_234' title='bbox 517 3165 805 3234; x_wconf 89' lang='lat' dir='ltr'>bietatem,</span> <span class='ocrx_word' id='word_1_235' title='bbox 856 3169 978 3226; x_wconf 82' lang='lat' dir='ltr'>sive</span> <span class='ocrx_word' id='word_1_236' title='bbox 1006 3171 1516 3247; x_wconf 81' lang='lat' dir='ltr'>interrogationem</span> <span class='ocrx_word' id='word_1_237' title='bbox 1552 3177 1700 3232; x_wconf 87' lang='lat' dir='ltr'>circa</span> <span class='ocrx_word' id='word_1_238' title='bbox 1720 3175 1874 3232; x_wconf 86' lang='lat' dir='ltr'>diffi-</span> 
     </span>
     <span class='ocr_line' id='line_1_39' title="bbox 515 3247 1872 3328; baseline 0.007 -27"><span class='ocrx_word' id='word_1_239' title='bbox 515 3247 783 3303; x_wconf 88' lang='lat' dir='ltr'>cultatem</span> <span class='ocrx_word' id='word_1_240' title='bbox 844 3265 1016 3320; x_wconf 87' lang='lat' dir='ltr'>quam</span> <span class='ocrx_word' id='word_1_241' title='bbox 1071 3252 1348 3318; x_wconf 78' lang='lat' dir='ltr'>versabat,</span> <span class='ocrx_word' id='word_1_242' title='bbox 1418 3272 1624 3328; x_wconf 90' lang='lat' dir='ltr'>nempe</span> <span class='ocrx_word' id='word_1_243' title='bbox 1674 3263 1872 3312; x_wconf 87' lang='lat' dir='ltr'>utrum</span> 
     </span>
     <span class='ocr_line' id='line_1_40' title="bbox 517 3328 1346 3392; baseline 0.013 -11"><span class='ocrx_word' id='word_1_244' title='bbox 517 3328 753 3384; x_wconf 90' lang='lat' dir='ltr'>initium</span> <span class='ocrx_word' id='word_1_245' title='bbox 778 3329 936 3387; x_wconf 85' lang='lat' dir='ltr'>Fidei</span> <span class='ocrx_word' id='word_1_246' title='bbox 963 3332 1036 3387; x_wconf 90' lang='lat' dir='ltr'>sit</span> <span class='ocrx_word' id='word_1_247' title='bbox 1062 3349 1131 3389; x_wconf 82' lang='lat' dir='ltr'>ex</span> <span class='ocrx_word' id='word_1_248' title='bbox 1163 3334 1346 3392; x_wconf 82' lang='lat' dir='ltr'>nobiS.</span> 
     </span>
    </p>

    <p class='ocr_par' dir='ltr' id='par_1_9' title="bbox 517 3410 1890 5107">
     <span class='ocr_line' id='line_1_41' title="bbox 592 3410 1874 3485; baseline 0.011 -22"><span class='ocrx_word' id='word_1_249' title='bbox 592 3411 662 3463; x_wconf 88' lang='lat' dir='ltr'>Et</span> <span class='ocrx_word' id='word_1_250' title='bbox 690 3410 938 3482; x_wconf 83' lang='lat' dir='ltr'>profecto</span> <span class='ocrx_word' id='word_1_251' title='bbox 988 3413 1136 3485; x_wconf 90' lang='lat' dir='ltr'>quod</span> <span class='ocrx_word' id='word_1_252' title='bbox 1192 3417 1462 3475; x_wconf 89' lang='lat' dir='ltr'>resolutio</span> <span class='ocrx_word' id='word_1_253' title='bbox 1507 3419 1561 3475; x_wconf 88' lang='lat' dir='ltr'>S.</span> <span class='ocrx_word' id='word_1_254' title='bbox 1620 3422 1874 3479; x_wconf 88' lang='lat' dir='ltr'>Doctoris</span> 
     </span>
     <span class='ocr_line' id='line_1_42' title="bbox 518 3491 1874 3573; baseline 0.012 -29"><span class='ocrx_word' id='word_1_255' title='bbox 518 3505 635 3546; x_wconf 90' lang='lat' dir='ltr'>non</span> <span class='ocrx_word' id='word_1_256' title='bbox 675 3491 749 3545; x_wconf 90' lang='lat' dir='ltr'>sit</span> <span class='ocrx_word' id='word_1_257' title='bbox 793 3492 1106 3550; x_wconf 80' lang='lat' dir='ltr'>conformis</span> <span class='ocrx_word' id='word_1_258' title='bbox 1156 3497 1418 3568; x_wconf 92' lang='lat' dir='ltr'>opinioni</span> <span class='ocrx_word' id='word_1_259' title='bbox 1467 3501 1718 3573; x_wconf 90' lang='lat' dir='ltr'>Vasquii‚</span> <span class='ocrx_word' id='word_1_260' title='bbox 1772 3519 1874 3560; x_wconf 90' lang='lat' dir='ltr'>nec</span> 
     </span>
     <span class='ocr_line' id='line_1_43' title="bbox 518 3569 1868 3651; baseline 0.012 -27"><span class='ocrx_word' id='word_1_261' title='bbox 518 3569 607 3626; x_wconf 94' lang='lat' dir='ltr'>illi</span> <span class='ocrx_word' id='word_1_262' title='bbox 631 3570 837 3637; x_wconf 80' lang='lat' dir='ltr'>faveat,</span> <span class='ocrx_word' id='word_1_263' title='bbox 862 3574 1001 3628; x_wconf 83' lang='lat' dir='ltr'>satis</span> <span class='ocrx_word' id='word_1_264' title='bbox 1023 3575 1200 3646; x_wconf 87' lang='lat' dir='ltr'>liquet</span> <span class='ocrx_word' id='word_1_265' title='bbox 1218 3593 1288 3633; x_wconf 87' lang='lat' dir='ltr'>ex</span> <span class='ocrx_word' id='word_1_266' title='bbox 1316 3578 1440 3651; x_wconf 90' lang='lat' dir='ltr'>ipso</span> <span class='ocrx_word' id='word_1_267' title='bbox 1462 3585 1614 3636; x_wconf 86' lang='lat' dir='ltr'>textu</span> <span class='ocrx_word' id='word_1_268' title='bbox 1647 3582 1706 3637; x_wconf 90' lang='lat' dir='ltr'>in</span> <span class='ocrx_word' id='word_1_269' title='bbox 1735 3580 1868 3650; x_wconf 90' lang='lat' dir='ltr'>fine,</span> 
     </span>
     <span class='ocr_line' id='line_1_44' title="bbox 518 3648 1876 3734; baseline 0.011 -29"><span class='ocrx_word' id='word_1_270' title='bbox 518 3648 614 3706; x_wconf 91' lang='lat' dir='ltr'>ubi</span> <span class='ocrx_word' id='word_1_271' title='bbox 642 3649 874 3708; x_wconf 88' lang='lat' dir='ltr'>tandem</span> <span class='ocrx_word' id='word_1_272' title='bbox 901 3654 1149 3710; x_wconf 87' lang='lat' dir='ltr'>excludit</span> <span class='ocrx_word' id='word_1_273' title='bbox 1183 3673 1414 3715; x_wconf 91' lang='lat' dir='ltr'>omnem</span> <span class='ocrx_word' id='word_1_274' title='bbox 1431 3663 1876 3734; x_wconf 60' lang='lat' dir='ltr'>⁴attemperatio-</span> 
     </span>
     <span class='ocr_line' id='line_1_45' title="bbox 518 3733 1874 3816; baseline 0.008 -27"><span class='ocrx_word' id='word_1_275' title='bbox 518 3747 671 3798; x_wconf 91' lang='lat' dir='ltr'>nem,</span> <span class='ocrx_word' id='word_1_276' title='bbox 722 3735 815 3790; x_wconf 83' lang='lat' dir='ltr'>vel</span> <span class='ocrx_word' id='word_1_277' title='bbox 840 3733 1274 3809; x_wconf 86' lang='lat' dir='ltr'>dispositionem</span> <span class='ocrx_word' id='word_1_278' title='bbox 1326 3741 1574 3810; x_wconf 87' lang='lat' dir='ltr'>arbitrii,</span> <span class='ocrx_word' id='word_1_279' title='bbox 1630 3759 1755 3816; x_wconf 75' lang='lat' dir='ltr'>quae</span> <span class='ocrx_word' id='word_1_280' title='bbox 1782 3746 1874 3802; x_wconf 86' lang='lat' dir='ltr'>vel</span> 
     </span>
     <span class='ocr_line' id='line_1_46' title="bbox 519 3813 1877 3891; baseline 0.009 -23"><span class='ocrx_word' id='word_1_281' title='bbox 519 3813 588 3868; x_wconf 88' lang='lat' dir='ltr'>ad</span> <span class='ocrx_word' id='word_1_282' title='bbox 615 3814 1066 3886; x_wconf 88' lang='lat' dir='ltr'>consequendam</span> <span class='ocrx_word' id='word_1_283' title='bbox 1094 3821 1359 3891; x_wconf 83' lang='lat' dir='ltr'>gratiam,</span> <span class='ocrx_word' id='word_1_284' title='bbox 1413 3824 1503 3879; x_wconf 80' lang='lat' dir='ltr'>vel</span> <span class='ocrx_word' id='word_1_285' title='bbox 1533 3822 1603 3879; x_wconf 84' lang='lat' dir='ltr'>ad</span> <span class='ocrx_word' id='word_1_286' title='bbox 1631 3839 1758 3879; x_wconf 89' lang='lat' dir='ltr'>eam</span> <span class='ocrx_word' id='word_1_287' title='bbox 1787 3824 1877 3880; x_wconf 79' lang='lat' dir='ltr'>ef-</span> 
     </span>
     <span class='ocr_line' id='line_1_47' title="bbox 518 3892 1876 3970; baseline 0.007 -22"><span class='ocrx_word' id='word_1_288' title='bbox 518 3892 818 3951; x_wconf 86' lang='lat' dir='ltr'>ficiendam</span> <span class='ocrx_word' id='word_1_289' title='bbox 870 3912 1201 3970; x_wconf 86' lang='lat' dir='ltr'>congruam,</span> <span class='ocrx_word' id='word_1_290' title='bbox 1286 3904 1376 3958; x_wconf 85' lang='lat' dir='ltr'>vel</span> <span class='ocrx_word' id='word_1_291' title='bbox 1427 3902 1495 3958; x_wconf 88' lang='lat' dir='ltr'>ad</span> <span class='ocrx_word' id='word_1_292' title='bbox 1542 3903 1876 3960; x_wconf 87' lang='lat' dir='ltr'>discernen-</span> 
     </span>
     <span class='ocr_line' id='line_1_48' title="bbox 517 3973 1879 4055; baseline 0.009 -26"><span class='ocrx_word' id='word_1_293' title='bbox 517 3973 841 4032; x_wconf 87' lang='lat' dir='ltr'>dumunum</span> <span class='ocrx_word' id='word_1_294' title='bbox 871 3977 1165 4035; x_wconf 90' lang='lat' dir='ltr'>hominem</span> <span class='ocrx_word' id='word_1_295' title='bbox 1194 3979 1265 4036; x_wconf 87' lang='lat' dir='ltr'>ab</span> <span class='ocrx_word' id='word_1_296' title='bbox 1293 3981 1408 4038; x_wconf 86' lang='lat' dir='ltr'>alio</span> <span class='ocrx_word' id='word_1_297' title='bbox 1437 3982 1497 4037; x_wconf 89' lang='lat' dir='ltr'>in</span> <span class='ocrx_word' id='word_1_298' title='bbox 1527 3985 1753 4055; x_wconf 86' lang='lat' dir='ltr'>negotio</span> <span class='ocrx_word' id='word_1_299' title='bbox 1791 4000 1879 4041; x_wconf 88' lang='lat' dir='ltr'>sa-</span> 
     </span>
     <span class='ocr_line' id='line_1_49' title="bbox 523 4058 1872 4127; baseline 0.008 -14"><span class='ocrx_word' id='word_1_300' title='bbox 523 4059 677 4124; x_wconf 77' lang='lat' dir='ltr'>lutiS‚</span> <span class='ocrx_word' id='word_1_301' title='bbox 705 4059 825 4115; x_wconf 92' lang='lat' dir='ltr'>ullo</span> <span class='ocrx_word' id='word_1_302' title='bbox 845 4058 1014 4116; x_wconf 91' lang='lat' dir='ltr'>modo</span> <span class='ocrx_word' id='word_1_303' title='bbox 1040 4067 1358 4127; x_wconf 86' lang='lat' dir='ltr'>concurrat,</span> <span class='ocrx_word' id='word_1_304' title='bbox 1375 4069 1471 4118; x_wconf 85' lang='lat' dir='ltr'>aut</span> <span class='ocrx_word' id='word_1_305' title='bbox 1497 4062 1872 4125; x_wconf 88' lang='lat' dir='ltr'>desideretur.</span> 
     </span>
     <span class='ocr_line' id='line_1_50' title="bbox 528 4140 1872 4216; baseline 0.011 -27"><span class='ocrx_word' id='word_1_306' title='bbox 528 4161 553 4189; x_wconf 95' lang='lat'>«</span> <span class='ocrx_word' id='word_1_307' title='bbox 584 4141 765 4204; x_wconf 85' lang='lat' dir='ltr'>Certe,</span> <span class='ocrx_word' id='word_1_308' title='bbox 816 4141 1014 4216; x_wconf 79' lang='lat' dir='ltr'>inquit,</span> <span class='ocrx_word' id='word_1_309' title='bbox 1065 4140 1143 4196; x_wconf 90' lang='lat' dir='ltr'>ita</span> <span class='ocrx_word' id='word_1_310' title='bbox 1169 4141 1384 4197; x_wconf 90' lang='lat' dir='ltr'>occulta</span> <span class='ocrx_word' id='word_1_311' title='bbox 1410 4147 1495 4197; x_wconf 91' lang='lat' dir='ltr'>est</span> <span class='ocrx_word' id='word_1_312' title='bbox 1519 4142 1634 4200; x_wconf 82' lang='lat' dir='ltr'>haec</span> <span class='ocrx_word' id='word_1_313' title='bbox 1654 4145 1872 4215; x_wconf 89' lang='lat' dir='ltr'>electi0,</span> 
     </span>
     <span class='ocr_line' id='line_1_51' title="bbox 529 4220 1879 4300; baseline 0.009 -27"><span class='ocrx_word' id='word_1_314' title='bbox 529 4245 553 4273; x_wconf 88' lang='lat'>«</span> <span class='ocrx_word' id='word_1_315' title='bbox 596 4228 658 4276; x_wconf 92' lang='lat' dir='ltr'>ut</span> <span class='ocrx_word' id='word_1_316' title='bbox 702 4223 765 4278; x_wconf 92' lang='lat' dir='ltr'>in</span> <span class='ocrx_word' id='word_1_317' title='bbox 805 4220 1004 4277; x_wconf 89' lang='lat' dir='ltr'>eadem</span> <span class='ocrx_word' id='word_1_318' title='bbox 1043 4223 1446 4294; x_wconf 89' lang='lat' dir='ltr'>conspersione</span> <span class='ocrx_word' id='word_1_319' title='bbox 1493 4224 1658 4281; x_wconf 90' lang='lat' dir='ltr'>nobis</span> <span class='ocrx_word' id='word_1_320' title='bbox 1710 4243 1879 4300; x_wconf 89' lang='lat' dir='ltr'>appa-</span> 
     </span>
     <span class='ocr_line' id='line_1_52' title="bbox 528 4301 1878 4378; baseline 0.008 -26"><span class='ocrx_word' id='word_1_321' title='bbox 528 4324 553 4352; x_wconf 89' lang='lat'>«</span> <span class='ocrx_word' id='word_1_322' title='bbox 584 4316 710 4358; x_wconf 90' lang='lat' dir='ltr'>rere</span> <span class='ocrx_word' id='word_1_323' title='bbox 737 4317 855 4358; x_wconf 91' lang='lat' dir='ltr'>non</span> <span class='ocrx_word' id='word_1_324' title='bbox 902 4301 1097 4372; x_wconf 90' lang='lat' dir='ltr'>possit.</span> <span class='ocrx_word' id='word_1_325' title='bbox 1144 4304 1256 4357; x_wconf 84' lang='lat' dir='ltr'>Aut</span> <span class='ocrx_word' id='word_1_326' title='bbox 1282 4301 1331 4356; x_wconf 82' lang='lat' dir='ltr'>si</span> <span class='ocrx_word' id='word_1_327' title='bbox 1379 4311 1613 4375; x_wconf 88' lang='lat' dir='ltr'>apparet</span> <span class='ocrx_word' id='word_1_328' title='bbox 1638 4305 1878 4378; x_wconf 89' lang='lat' dir='ltr'>quibus-</span> 
     </span>
     <span class='ocr_line' id='line_1_53' title="bbox 528 4379 1878 4455; baseline 0.009 -22"><span class='ocrx_word' id='word_1_329' title='bbox 528 4405 553 4433; x_wconf 87' lang='lat'>«</span> <span class='ocrx_word' id='word_1_330' title='bbox 583 4380 736 4445; x_wconf 91' lang='lat' dir='ltr'>dam,</span> <span class='ocrx_word' id='word_1_331' title='bbox 787 4396 889 4455; x_wconf 90' lang='lat' dir='ltr'>ego</span> <span class='ocrx_word' id='word_1_332' title='bbox 913 4381 973 4436; x_wconf 91' lang='lat' dir='ltr'>in</span> <span class='ocrx_word' id='word_1_333' title='bbox 1002 4381 1106 4437; x_wconf 89' lang='lat' dir='ltr'>hac</span> <span class='ocrx_word' id='word_1_334' title='bbox 1133 4396 1194 4436; x_wconf 90' lang='lat' dir='ltr'>re</span> <span class='ocrx_word' id='word_1_335' title='bbox 1246 4379 1645 4440; x_wconf 88' lang='lat' dir='ltr'>infirmitatem</span> <span class='ocrx_word' id='word_1_336' title='bbox 1688 4402 1878 4445; x_wconf 88' lang='lat' dir='ltr'>meam</span> 
     </span>
     <span class='ocr_line' id='line_1_54' title="bbox 530 4460 1879 4535; baseline 0.01 -23"><span class='ocrx_word' id='word_1_337' title='bbox 530 4484 555 4514; x_wconf 92' lang='lat'>«</span> <span class='ocrx_word' id='word_1_338' title='bbox 586 4462 786 4519; x_wconf 74' lang='lat' dir='ltr'>fateor.</span> <span class='ocrx_word' id='word_1_339' title='bbox 836 4465 964 4519; x_wconf 91' lang='lat' dir='ltr'>Non</span> <span class='ocrx_word' id='word_1_340' title='bbox 990 4462 1149 4518; x_wconf 89' lang='lat' dir='ltr'>enim</span> <span class='ocrx_word' id='word_1_341' title='bbox 1178 4460 1357 4519; x_wconf 86' lang='lat' dir='ltr'>habeo</span> <span class='ocrx_word' id='word_1_342' title='bbox 1395 4463 1541 4535; x_wconf 88' lang='lat' dir='ltr'>quod</span> <span class='ocrx_word' id='word_1_343' title='bbox 1566 4465 1793 4524; x_wconf 89' lang='lat' dir='ltr'>intuear</span> <span class='ocrx_word' id='word_1_344' title='bbox 1816 4469 1879 4525; x_wconf 90' lang='lat' dir='ltr'>in</span> 
     </span>
     <span class='ocr_line' id='line_1_55' title="bbox 533 4540 1881 4617; baseline 0.01 -26"><span class='ocrx_word' id='word_1_345' title='bbox 533 4564 557 4593; x_wconf 64' lang='grc' dir='ltr'>,ι</span> <span class='ocrx_word' id='word_1_346' title='bbox 586 4541 865 4616; x_wconf 88' lang='lat' dir='ltr'>eligendis</span> <span class='ocrx_word' id='word_1_347' title='bbox 918 4540 1251 4598; x_wconf 87' lang='lat' dir='ltr'>hominibus</span> <span class='ocrx_word' id='word_1_348' title='bbox 1279 4542 1350 4599; x_wconf 88' lang='lat' dir='ltr'>ad</span> <span class='ocrx_word' id='word_1_349' title='bbox 1389 4545 1635 4617; x_wconf 87' lang='lat' dir='ltr'>gratiam</span> <span class='ocrx_word' id='word_1_350' title='bbox 1663 4547 1881 4604; x_wconf 90' lang='lat' dir='ltr'>saluta-</span> 
     </span>
     <span class='ocr_line' id='line_1_56' title="bbox 535 4621 1884 4701; baseline 0.01 -30"><span class='ocrx_word' id='word_1_351' title='bbox 535 4643 560 4671; x_wconf 89' lang='lat'>«</span> <span class='ocrx_word' id='word_1_352' title='bbox 593 4637 735 4686; x_wconf 89' lang='lat' dir='ltr'>rem,</span> <span class='ocrx_word' id='word_1_353' title='bbox 761 4622 811 4677; x_wconf 87' lang='lat' dir='ltr'>si</span> <span class='ocrx_word' id='word_1_354' title='bbox 834 4621 903 4678; x_wconf 84' lang='lat' dir='ltr'>ad</span> <span class='ocrx_word' id='word_1_355' title='bbox 923 4637 1166 4679; x_wconf 86' lang='lat' dir='ltr'>examen</span> <span class='ocrx_word' id='word_1_356' title='bbox 1187 4622 1355 4698; x_wconf 86' lang='lat' dir='ltr'>hujus</span> <span class='ocrx_word' id='word_1_357' title='bbox 1375 4625 1668 4682; x_wconf 86' lang='lat' dir='ltr'>electionis</span> <span class='ocrx_word' id='word_1_358' title='bbox 1688 4627 1884 4701; x_wconf 89' lang='lat' dir='ltr'>aliqua</span> 
     </span>
     <span class='ocr_line' id='line_1_57' title="bbox 537 4701 1885 4780; baseline 0.008 -26"><span class='ocrx_word' id='word_1_359' title='bbox 537 4723 562 4754; x_wconf 92' lang='lat'>«</span> <span class='ocrx_word' id='word_1_360' title='bbox 591 4701 928 4775; x_wconf 85' lang='lat' dir='ltr'>cogitatione</span> <span class='ocrx_word' id='word_1_361' title='bbox 963 4702 1280 4774; x_wconf 87' lang='lat' dir='ltr'>permittor,</span> <span class='ocrx_word' id='word_1_362' title='bbox 1334 4705 1446 4761; x_wconf 88' lang='lat' dir='ltr'>nisi</span> <span class='ocrx_word' id='word_1_363' title='bbox 1469 4708 1559 4763; x_wconf 83' lang='lat' dir='ltr'>vel</span> <span class='ocrx_word' id='word_1_364' title='bbox 1585 4708 1769 4780; x_wconf 86' lang='lat' dir='ltr'>majus</span> <span class='ocrx_word' id='word_1_365' title='bbox 1796 4708 1885 4765; x_wconf 90' lang='lat' dir='ltr'>in·</span> 
     </span>
     <span class='ocr_line' id='line_1_58' title="bbox 536 4782 1884 4857; baseline 0.008 -23"><span class='ocrx_word' id='word_1_366' title='bbox 536 4805 561 4832; x_wconf 86' lang='lat'>«</span> <span class='ocrx_word' id='word_1_367' title='bbox 590 4782 842 4855; x_wconf 89' lang='lat' dir='ltr'>genium,</span> <span class='ocrx_word' id='word_1_368' title='bbox 875 4783 965 4838; x_wconf 84' lang='lat' dir='ltr'>vel</span> <span class='ocrx_word' id='word_1_369' title='bbox 992 4784 1222 4841; x_wconf 90' lang='lat' dir='ltr'>minora</span> <span class='ocrx_word' id='word_1_370' title='bbox 1248 4792 1486 4857; x_wconf 86' lang='lat' dir='ltr'>peccata,</span> <span class='ocrx_word' id='word_1_371' title='bbox 1519 4782 1625 4846; x_wconf 81' lang='lat' dir='ltr'>&#39;vel</span> <span class='ocrx_word' id='word_1_372' title='bbox 1654 4793 1884 4845; x_wconf 87' lang='lat' dir='ltr'>utrum-</span> 
     </span>
     <span class='ocr_line' id='line_1_59' title="bbox 535 4862 1880 4940; baseline 0.007 -23"><span class='ocrx_word' id='word_1_373' title='bbox 535 4886 561 4917; x_wconf 84' lang='lat'>«</span> <span class='ocrx_word' id='word_1_374' title='bbox 588 4879 697 4935; x_wconf 91' lang='lat' dir='ltr'>que</span> <span class='ocrx_word' id='word_1_375' title='bbox 727 4882 738 4914; x_wconf 77' lang='grc' dir='ltr'><strong><em>ε</em></strong></span> <span class='ocrx_word' id='word_1_376' title='bbox 765 4862 1041 4920; x_wconf 88' lang='lat' dir='ltr'>addamus</span> <span class='ocrx_word' id='word_1_377' title='bbox 1065 4867 1258 4933; x_wconf 87' lang='lat' dir='ltr'>etiam,</span> <span class='ocrx_word' id='word_1_378' title='bbox 1284 4869 1334 4924; x_wconf 91' lang='lat' dir='ltr'>si</span> <span class='ocrx_word' id='word_1_379' title='bbox 1364 4869 1561 4940; x_wconf 88' lang='lat' dir='ltr'>placet,</span> <span class='ocrx_word' id='word_1_380' title='bbox 1595 4869 1880 4940; x_wconf 82' lang='lat' dir='ltr'>honestas,</span> 
     </span>
     <span class='ocr_line' id='line_1_60' title="bbox 536 4943 1881 5026; baseline 0.009 -30"><span class='ocrx_word' id='word_1_381' title='bbox 536 4969 561 4999; x_wconf 90' lang='lat'>«</span> <span class='ocrx_word' id='word_1_382' title='bbox 593 4943 873 5018; x_wconf 84' lang='lat' dir='ltr'>utilesque</span> <span class='ocrx_word' id='word_1_383' title='bbox 898 4943 1205 5006; x_wconf 81' lang='lat' dir='ltr'>doctrinas.</span> <span class='ocrx_word' id='word_1_384' title='bbox 1235 4949 1500 5023; x_wconf 87' lang='lat' dir='ltr'>Quisquis</span> <span class='ocrx_word' id='word_1_385' title='bbox 1526 4967 1660 5026; x_wconf 92' lang='lat' dir='ltr'>ergo</span> <span class='ocrx_word' id='word_1_386' title='bbox 1688 4952 1881 5019; x_wconf 81' lang='lat' dir='ltr'>fuerit,</span> 
     </span>
     <span class='ocr_line' id='line_1_61' title="bbox 536 5026 1890 5107; baseline 0.01 -30"><span class='ocrx_word' id='word_1_387' title='bbox 536 5051 561 5078; x_wconf 86' lang='lat'>«</span> <span class='ocrx_word' id='word_1_388' title='bbox 590 5041 764 5100; x_wconf 89' lang='lat' dir='ltr'>quam</span> <span class='ocrx_word' id='word_1_389' title='bbox 812 5026 1074 5084; x_wconf 85' lang='lat' dir='ltr'>minimis</span> <span class='ocrx_word' id='word_1_390' title='bbox 1116 5031 1352 5101; x_wconf 86' lang='lat' dir='ltr'>peccatis</span> <span class='ocrx_word' id='word_1_391' title='bbox 1397 5032 1675 5100; x_wconf 86' lang='lat' dir='ltr'>irretitus,</span> <span class='ocrx_word' id='word_1_392' title='bbox 1721 5038 1890 5107; x_wconf 89' lang='lat' dir='ltr'>atque</span> 
     </span>
    </p>
   </div>
   <div class='ocr_carea' id='block_1_6' title="bbox 1991 580 3647 5111">
    <p class='ocr_par' dir='ltr' id='par_1_10' title="bbox 1991 580 3424 659">
     <span class='ocr_line' id='line_1_62' title="bbox 1991 580 3424 659; baseline -0.007 -19"><span class='ocrx_word' id='word_1_393' title='bbox 1991 586 2361 642; x_wconf 86' lang='lat' dir='ltr'>«maculatus</span> <span class='ocrx_word' id='word_1_394' title='bbox 2411 589 2570 659; x_wconf 80' lang='lat' dir='ltr'>(uam</span> <span class='ocrx_word' id='word_1_395' title='bbox 2613 587 2791 643; x_wconf 91' lang='lat' dir='ltr'>nullis</span> <span class='ocrx_word' id='word_1_396' title='bbox 2834 584 2962 658; x_wconf 91' lang='lat' dir='ltr'>quis</span> <span class='ocrx_word' id='word_1_397' title='bbox 3003 584 3204 656; x_wconf 78' lang='lat' dir='ltr'>potest</span> <span class='ocrx_word' id='word_1_398' title='bbox 3235 580 3298 647; x_wconf 69' lang='lat'>1²)</span> <span class='ocrx_word' id='word_1_399' title='bbox 3354 582 3424 631; x_wconf 84' lang='lat' dir='ltr'>et</span> 
     </span>
    </p>

    <p class='ocr_par' dir='ltr' id='par_1_11' title="bbox 1991 660 3420 740">
     <span class='ocr_line' id='line_1_63' title="bbox 1991 660 3420 740; baseline -0.004 -22"><span class='ocrx_word' id='word_1_400' title='bbox 1991 689 2016 719; x_wconf 88' lang='lat'>«</span> <span class='ocrx_word' id='word_1_401' title='bbox 2046 682 2173 723; x_wconf 87' lang='lat' dir='ltr'>acer</span> <span class='ocrx_word' id='word_1_402' title='bbox 2200 667 2452 740; x_wconf 91' lang='lat' dir='ltr'>ingenio,</span> <span class='ocrx_word' id='word_1_403' title='bbox 2485 672 2538 724; x_wconf 90' lang='lat' dir='ltr'>et</span> <span class='ocrx_word' id='word_1_404' title='bbox 2562 666 2899 724; x_wconf 85' lang='lat' dir='ltr'>liberalibus</span> <span class='ocrx_word' id='word_1_405' title='bbox 2923 660 3148 720; x_wconf 91' lang='lat' dir='ltr'>artibus</span> <span class='ocrx_word' id='word_1_406' title='bbox 3185 671 3420 730; x_wconf 82' lang='lat' dir='ltr'>expo-</span> 
     </span>
    </p>

    <p class='ocr_par' dir='ltr' id='par_1_12' title="bbox 1993 732 3420 826">
     <span class='ocr_line' id='line_1_64' title="bbox 1993 732 3420 820; baseline -0.007 -20"><span class='ocrx_word' id='word_1_407' title='bbox 1993 770 2018 799; x_wconf 78' lang='grc' dir='ltr'><strong>α</strong></span> <span class='ocrx_word' id='word_1_408' title='bbox 2048 746 2205 812; x_wconf 88' lang='lat' dir='ltr'>litus,</span> <span class='ocrx_word' id='word_1_409' title='bbox 2258 745 2555 820; x_wconf 88' lang='lat' dir='ltr'>eligendus</span> <span class='ocrx_word' id='word_1_410' title='bbox 2584 746 2811 803; x_wconf 90' lang='lat' dir='ltr'>videtur</span> <span class='ocrx_word' id='word_1_411' title='bbox 2837 743 2907 809; x_wconf 80' lang='lat' dir='ltr'>ad</span> <span class='ocrx_word' id='word_1_412' title='bbox 2934 740 3228 817; x_wconf 82' lang='lat' dir='ltr'>gratiam.</span> <span class='ocrx_word' id='word_1_413' title='bbox 3283 732 3420 792; x_wconf 82' lang='lat' dir='ltr'>Sed</span> 
     </span>
    </p>

    <p class='ocr_par' dir='ltr' id='par_1_13' title="bbox 1993 821 3417 894">
     <span class='ocr_line' id='line_1_65' title="bbox 1993 821 3417 894; baseline -0.007 -12"><span class='ocrx_word' id='word_1_414' title='bbox 1993 850 2019 882; x_wconf 74' lang='grc' dir='ltr'><strong>α</strong></span> <span class='ocrx_word' id='word_1_415' title='bbox 2048 844 2177 885; x_wconf 91' lang='lat' dir='ltr'>cum</span> <span class='ocrx_word' id='word_1_416' title='bbox 2206 828 2309 884; x_wconf 91' lang='lat' dir='ltr'>hoc</span> <span class='ocrx_word' id='word_1_417' title='bbox 2334 832 2601 894; x_wconf 87' lang='lat' dir='ltr'>statuer0‚</span> <span class='ocrx_word' id='word_1_418' title='bbox 2635 827 2715 885; x_wconf 88' lang='lat' dir='ltr'>ita</span> <span class='ocrx_word' id='word_1_419' title='bbox 2743 843 2836 884; x_wconf 90' lang='lat' dir='ltr'>me</span> <span class='ocrx_word' id='word_1_420' title='bbox 2867 824 3081 882; x_wconf 88' lang='lat' dir='ltr'>ridebit</span> <span class='ocrx_word' id='word_1_421' title='bbox 3102 821 3248 884; x_wconf 81' lang='lat' dir='ltr'>ille,</span> <span class='ocrx_word' id='word_1_422' title='bbox 3292 835 3417 891; x_wconf 73' lang='lat' dir='ltr'>qui</span> 
     </span>
    </p>

    <p class='ocr_par' dir='ltr' id='par_1_14' title="bbox 1995 898 3420 982">
     <span class='ocr_line' id='line_1_66' title="bbox 1995 898 3420 982; baseline -0.006 -21"><span class='ocrx_word' id='word_1_423' title='bbox 1995 931 2018 961; x_wconf 82' lang='lat'>«</span> <span class='ocrx_word' id='word_1_424' title='bbox 2046 906 2279 964; x_wconf 86' lang='lat' dir='ltr'>infirma</span> <span class='ocrx_word' id='word_1_425' title='bbox 2297 906 2500 963; x_wconf 89' lang='lat' dir='ltr'>mundi</span> <span class='ocrx_word' id='word_1_426' title='bbox 2518 908 2705 982; x_wconf 89' lang='lat' dir='ltr'>elegit,</span> <span class='ocrx_word' id='word_1_427' title='bbox 2725 903 3115 963; x_wconf 82' lang='lat' dir='ltr'>utcont&#39;undat</span> <span class='ocrx_word' id='word_1_428' title='bbox 3136 898 3368 956; x_wconf 84' lang='lat' dir='ltr'>fortia</span> <span class='ocrx_word' id='word_1_429' title='bbox 3400 920 3420 963; x_wconf 88' lang='lat'>;</span> 
     </span>
    </p>

    <p class='ocr_par' dir='ltr' id='par_1_15' title="bbox 1996 982 3414 1055">
     <span class='ocr_line' id='line_1_67' title="bbox 1996 982 3414 1055; baseline -0.006 -12"><span class='ocrx_word' id='word_1_430' title='bbox 1996 1013 2021 1043; x_wconf 78' lang='grc' dir='ltr'>α</span> <span class='ocrx_word' id='word_1_431' title='bbox 2049 995 2105 1046; x_wconf 89' lang='lat' dir='ltr'>et</span> <span class='ocrx_word' id='word_1_432' title='bbox 2131 990 2305 1045; x_wconf 88' lang='lat' dir='ltr'>stulta</span> <span class='ocrx_word' id='word_1_433' title='bbox 2326 988 2549 1054; x_wconf 90' lang='lat' dir='ltr'>mundi,</span> <span class='ocrx_word' id='word_1_434' title='bbox 2583 994 2643 1044; x_wconf 89' lang='lat' dir='ltr'>ut</span> <span class='ocrx_word' id='word_1_435' title='bbox 2686 984 2998 1045; x_wconf 84' lang='lat' dir='ltr'>confundat</span> <span class='ocrx_word' id='word_1_436' title='bbox 3042 982 3414 1055; x_wconf 82' lang='lat' dir='ltr'>sapientes,</span> 
     </span>
    </p>

    <p class='ocr_par' dir='ltr' id='par_1_16' title="bbox 1997 1069 3423 1142">
     <span class='ocr_line' id='line_1_68' title="bbox 1997 1069 3423 1142; baseline -0.007 -15"><span class='ocrx_word' id='word_1_437' title='bbox 1997 1096 2022 1127; x_wconf 88' lang='lat'>«</span> <span class='ocrx_word' id='word_1_438' title='bbox 2052 1077 2114 1129; x_wconf 84' lang='lat' dir='ltr'>ut</span> <span class='ocrx_word' id='word_1_439' title='bbox 2141 1087 2274 1128; x_wconf 89' lang='lat' dir='ltr'>eum</span> <span class='ocrx_word' id='word_1_440' title='bbox 2315 1070 2567 1137; x_wconf 89' lang='lat' dir='ltr'>intuens,</span> <span class='ocrx_word' id='word_1_441' title='bbox 2594 1076 2649 1127; x_wconf 89' lang='lat' dir='ltr'>et</span> <span class='ocrx_word' id='word_1_442' title='bbox 2691 1069 2905 1142; x_wconf 87' lang='lat' dir='ltr'>pudore</span> <span class='ocrx_word' id='word_1_443' title='bbox 2930 1070 3254 1137; x_wconf 88' lang='lat' dir='ltr'>correptus</span> <span class='ocrx_word' id='word_1_444' title='bbox 3287 1077 3423 1136; x_wconf 79' lang='lat' dir='ltr'>ego</span> 
     </span>
    </p>

    <p class='ocr_par' dir='ltr' id='par_1_17' title="bbox 1998 1146 3419 1224">
     <span class='ocr_line' id='line_1_69' title="bbox 1998 1146 3419 1224; baseline -0.006 -17"><span class='ocrx_word' id='word_1_445' title='bbox 1998 1176 2023 1207; x_wconf 79' lang='grc' dir='ltr'>α</span> <span class='ocrx_word' id='word_1_446' title='bbox 2053 1151 2333 1209; x_wconf 89' lang='lat' dir='ltr'>irrideam</span> <span class='ocrx_word' id='word_1_447' title='bbox 2363 1153 2593 1218; x_wconf 89' lang='lat' dir='ltr'>multos,</span> <span class='ocrx_word' id='word_1_448' title='bbox 2625 1157 2679 1208; x_wconf 88' lang='lat' dir='ltr'>et</span> <span class='ocrx_word' id='word_1_449' title='bbox 2706 1167 2824 1224; x_wconf 64' lang='lat' dir='ltr'>praa</span> <span class='ocrx_word' id='word_1_450' title='bbox 2850 1146 3209 1222; x_wconf 86' lang='lat' dir='ltr'>quibusdam</span> <span class='ocrx_word' id='word_1_451' title='bbox 3249 1159 3419 1221; x_wconf 75' lang='lat' dir='ltr'>pec-</span> 
     </span>
    </p>

    <p class='ocr_par' dir='ltr' id='par_1_18' title="bbox 1999 1226 3421 1306">
     <span class='ocr_line' id='line_1_70' title="bbox 1999 1226 3421 1306; baseline -0.007 -16"><span class='ocrx_word' id='word_1_452' title='bbox 1999 1259 2024 1290; x_wconf 81' lang='lat'>«</span> <span class='ocrx_word' id='word_1_453' title='bbox 2054 1232 2340 1292; x_wconf 86' lang='lat' dir='ltr'>catoribus</span> <span class='ocrx_word' id='word_1_454' title='bbox 2365 1234 2652 1299; x_wconf 87' lang='lat' dir='ltr'>castiores,</span> <span class='ocrx_word' id='word_1_455' title='bbox 2681 1248 2797 1306; x_wconf 60' lang='lat' dir='ltr'>praa</span> <span class='ocrx_word' id='word_1_456' title='bbox 2814 1228 3159 1303; x_wconf 86' lang='lat' dir='ltr'>quibusdam</span> <span class='ocrx_word' id='word_1_457' title='bbox 3189 1226 3421 1299; x_wconf 75' lang='lat' dir='ltr'>pisca-</span> 
     </span>
    </p>

    <p class='ocr_par' dir='ltr' id='par_1_19' title="bbox 1999 1314 3413 1381">
     <span class='ocr_line' id='line_1_71' title="bbox 1999 1314 3413 1381; baseline -0.006 -9"><span class='ocrx_word' id='word_1_458' title='bbox 1999 1342 2025 1372; x_wconf 79' lang='lat'>«</span> <span class='ocrx_word' id='word_1_459' title='bbox 2054 1316 2274 1374; x_wconf 91' lang='lat' dir='ltr'>toribus</span> <span class='ocrx_word' id='word_1_460' title='bbox 2295 1320 2568 1373; x_wconf 89' lang='lat' dir='ltr'>oratores.</span> <span class='ocrx_word' id='word_1_461' title='bbox 2598 1336 2622 1366; x_wconf 73' lang='lat' dir='ltr'>n</span> <span class='ocrx_word' id='word_1_462' title='bbox 2651 1318 2722 1370; x_wconf 88' lang='lat' dir='ltr'>Et</span> <span class='ocrx_word' id='word_1_463' title='bbox 2742 1314 2919 1370; x_wconf 78' lang='lat' dir='ltr'>infra:</span> <span class='ocrx_word' id='word_1_464' title='bbox 2945 1336 2971 1366; x_wconf 87' lang='lat'>«</span> <span class='ocrx_word' id='word_1_465' title='bbox 2996 1314 3193 1369; x_wconf 82' lang='lat' dir='ltr'>Restat</span> <span class='ocrx_word' id='word_1_466' title='bbox 3208 1322 3413 1381; x_wconf 81' lang='lat' dir='ltr'>ergo,</span> 
     </span>
    </p>

    <p class='ocr_par' dir='ltr' id='par_1_20' title="bbox 2000 1390 3424 1470">
     <span class='ocr_line' id='line_1_72' title="bbox 2000 1390 3424 1470; baseline -0.008 -18"><span class='ocrx_word' id='word_1_467' title='bbox 2000 1421 2026 1451; x_wconf 84' lang='lat'>«</span> <span class='ocrx_word' id='word_1_468' title='bbox 2058 1402 2119 1453; x_wconf 86' lang='lat' dir='ltr'>ut</span> <span class='ocrx_word' id='word_1_469' title='bbox 2164 1397 2494 1453; x_wconf 86' lang='lat' dir='ltr'>voluntates</span> <span class='ocrx_word' id='word_1_470' title='bbox 2537 1395 2828 1470; x_wconf 88' lang='lat' dir='ltr'>eligantur</span> <span class='ocrx_word' id='word_1_471' title='bbox 2863 1415 2876 1449; x_wconf 91' lang='lat'><strong>:</strong></span> <span class='ocrx_word' id='word_1_472' title='bbox 2941 1391 3040 1449; x_wconf 91' lang='lat' dir='ltr'>sed</span> <span class='ocrx_word' id='word_1_473' title='bbox 3095 1390 3424 1446; x_wconf 72' lang='lat' dir='ltr'>voluntas</span> 
     </span>
    </p>

    <p class='ocr_par' dir='ltr' id='par_1_21' title="bbox 2001 1468 3412 1549">
     <span class='ocr_line' id='line_1_73' title="bbox 2001 1468 3412 1549; baseline -0.007 -18"><span class='ocrx_word' id='word_1_474' title='bbox 2001 1501 2027 1531; x_wconf 74' lang='grc' dir='ltr'><strong><em>α</em></strong></span> <span class='ocrx_word' id='word_1_475' title='bbox 2063 1477 2199 1549; x_wconf 91' lang='lat' dir='ltr'>ipsa,</span> <span class='ocrx_word' id='word_1_476' title='bbox 2234 1474 2347 1531; x_wconf 89' lang='lat' dir='ltr'>nisi</span> <span class='ocrx_word' id='word_1_477' title='bbox 2375 1474 2592 1547; x_wconf 87' lang='lat' dir='ltr'>aliquid</span> <span class='ocrx_word' id='word_1_478' title='bbox 2621 1468 2879 1531; x_wconf 84' lang='lat' dir='ltr'>occurrat</span> <span class='ocrx_word' id='word_1_479' title='bbox 2903 1470 3053 1544; x_wconf 90' lang='lat' dir='ltr'>quod</span> <span class='ocrx_word' id='word_1_480' title='bbox 3099 1468 3412 1532; x_wconf 81' lang='lat' dir='ltr'>delectet,</span> 
     </span>
    </p>

    <p class='ocr_par' dir='ltr' id='par_1_22' title="bbox 2002 1546 3417 1630">
     <span class='ocr_line' id='line_1_74' title="bbox 2002 1546 3417 1630; baseline -0.006 -19"><span class='ocrx_word' id='word_1_481' title='bbox 2002 1581 2027 1611; x_wconf 89' lang='lat'>«</span> <span class='ocrx_word' id='word_1_482' title='bbox 2053 1564 2219 1630; x_wconf 89' lang='lat' dir='ltr'>atque</span> <span class='ocrx_word' id='word_1_483' title='bbox 2235 1557 2443 1612; x_wconf 82' lang='lat' dir='ltr'>invitet</span> <span class='ocrx_word' id='word_1_484' title='bbox 2458 1557 2741 1620; x_wconf 88' lang='lat' dir='ltr'>animum,</span> <span class='ocrx_word' id='word_1_485' title='bbox 2765 1554 2986 1610; x_wconf 78' lang='lat' dir='ltr'>moveri</span> <span class='ocrx_word' id='word_1_486' title='bbox 3012 1552 3176 1613; x_wconf 88' lang='lat' dir='ltr'>nullo</span> <span class='ocrx_word' id='word_1_487' title='bbox 3193 1546 3417 1605; x_wconf 85' lang='lat' dir='ltr'>modo</span> 
     </span>
    </p>

    <p class='ocr_par' dir='ltr' id='par_1_23' title="bbox 2004 1628 3411 1789">
     <span class='ocr_line' id='line_1_75' title="bbox 2004 1628 3411 1711; baseline -0.006 -20"><span class='ocrx_word' id='word_1_488' title='bbox 2004 1661 2028 1691; x_wconf 72' lang='grc' dir='ltr'>(ι</span> <span class='ocrx_word' id='word_1_489' title='bbox 2062 1642 2257 1711; x_wconf 89' lang='lat' dir='ltr'>potest.</span> <span class='ocrx_word' id='word_1_490' title='bbox 2292 1638 2407 1693; x_wconf 89' lang='lat' dir='ltr'>Hoc</span> <span class='ocrx_word' id='word_1_491' title='bbox 2436 1642 2626 1692; x_wconf 85' lang='lat' dir='ltr'>autem</span> <span class='ocrx_word' id='word_1_492' title='bbox 2657 1639 2719 1689; x_wconf 92' lang='lat' dir='ltr'>ut</span> <span class='ocrx_word' id='word_1_493' title='bbox 2743 1628 3019 1698; x_wconf 75' lang='lat' dir='ltr'>occari-at,</span> <span class='ocrx_word' id='word_1_494' title='bbox 3053 1647 3170 1688; x_wconf 91' lang='lat' dir='ltr'>non</span> <span class='ocrx_word' id='word_1_495' title='bbox 3195 1636 3305 1686; x_wconf 86' lang='lat' dir='ltr'>est</span> <span class='ocrx_word' id='word_1_496' title='bbox 3333 1628 3411 1683; x_wconf 88' lang='lat' dir='ltr'>in</span> 
     </span>
     <span class='ocr_line' id='line_1_76' title="bbox 2004 1711 3405 1789; baseline -0.006 -17"><span class='ocrx_word' id='word_1_497' title='bbox 2004 1718 2309 1775; x_wconf 89' lang='lat' dir='ltr'>«hominis</span> <span class='ocrx_word' id='word_1_498' title='bbox 2338 1722 2629 1789; x_wconf 84' lang='lat' dir='ltr'>potestate.</span> <span class='ocrx_word' id='word_1_499' title='bbox 2686 1714 2834 1779; x_wconf 79' lang='lat' dir='ltr'>Quid</span> <span class='ocrx_word' id='word_1_500' title='bbox 2862 1712 3088 1771; x_wconf 84' lang='lat' dir='ltr'>volebat</span> <span class='ocrx_word' id='word_1_501' title='bbox 3133 1711 3405 1773; x_wconf 79' lang='lat' dir='ltr'>SauluS,</span> 
     </span>
    </p>

    <p class='ocr_par' dir='ltr' id='par_1_24' title="bbox 2005 1793 3404 1864">
     <span class='ocr_line' id='line_1_77' title="bbox 2005 1793 3404 1864; baseline -0.006 -10"><span class='ocrx_word' id='word_1_502' title='bbox 2005 1825 2030 1854; x_wconf 86' lang='lat'>«</span> <span class='ocrx_word' id='word_1_503' title='bbox 2062 1800 2174 1856; x_wconf 92' lang='lat' dir='ltr'>nisi</span> <span class='ocrx_word' id='word_1_504' title='bbox 2204 1806 2265 1854; x_wconf 92' lang='lat' dir='ltr'>ut</span> <span class='ocrx_word' id='word_1_505' title='bbox 2312 1798 2629 1864; x_wconf 83' lang='lat' dir='ltr'>invaderet,</span> <span class='ocrx_word' id='word_1_506' title='bbox 2662 1804 2719 1855; x_wconf 91' lang='lat' dir='ltr'>et</span> <span class='ocrx_word' id='word_1_507' title='bbox 2757 1797 3032 1858; x_wconf 88' lang='lat' dir='ltr'>traheret,</span> <span class='ocrx_word' id='word_1_508' title='bbox 3089 1793 3404 1855; x_wconf 81' lang='lat' dir='ltr'>vinciret,</span> 
     </span>
    </p>

    <p class='ocr_par' dir='ltr' id='par_1_25' title="bbox 2006 1872 3407 2031">
     <span class='ocr_line' id='line_1_78' title="bbox 2006 1872 3407 1941; baseline -0.005 -8"><span class='ocrx_word' id='word_1_509' title='bbox 2006 1904 2031 1933; x_wconf 88' lang='lat'>«</span> <span class='ocrx_word' id='word_1_510' title='bbox 2062 1885 2117 1937; x_wconf 91' lang='lat' dir='ltr'>et</span> <span class='ocrx_word' id='word_1_511' title='bbox 2144 1890 2372 1936; x_wconf 87' lang='lat' dir='ltr'>necaret</span> <span class='ocrx_word' id='word_1_512' title='bbox 2391 1878 2749 1935; x_wconf 87' lang='lat' dir='ltr'>Christianos</span> <span class='ocrx_word' id='word_1_513' title='bbox 2777 1881 2804 1935; x_wconf 75' lang='lat' dir='ltr'><em>P</em></span> <span class='ocrx_word' id='word_1_514' title='bbox 2824 1880 3007 1941; x_wconf 86' lang='lat' dir='ltr'>Quam</span> <span class='ocrx_word' id='word_1_515' title='bbox 3039 1872 3247 1930; x_wconf 84' lang='lat' dir='ltr'>rabida</span> <span class='ocrx_word' id='word_1_516' title='bbox 3272 1888 3407 1927; x_wconf 79' lang='lat' dir='ltr'>vo-</span> 
     </span>
     <span class='ocr_line' id='line_1_79' title="bbox 2007 1952 3401 2031; baseline -0.006 -17"><span class='ocrx_word' id='word_1_517' title='bbox 2007 1961 2270 2026; x_wconf 82' lang='lat' dir='ltr'>«luntas,</span> <span class='ocrx_word' id='word_1_518' title='bbox 2321 1974 2494 2031; x_wconf 87' lang='lat' dir='ltr'>quam</span> <span class='ocrx_word' id='word_1_519' title='bbox 2537 1959 2774 2023; x_wconf 81' lang='lat' dir='ltr'>furiosa,</span> <span class='ocrx_word' id='word_1_520' title='bbox 2819 1972 2991 2030; x_wconf 90' lang='lat' dir='ltr'>quam</span> <span class='ocrx_word' id='word_1_521' title='bbox 3038 1956 3234 2010; x_wconf 59' lang='lat' dir='ltr'>casca?</span> <span class='ocrx_word' id='word_1_522' title='bbox 3263 1952 3401 2016; x_wconf 82' lang='lat' dir='ltr'>Qui</span> 
     </span>
    </p>

    <p class='ocr_par' dir='ltr' id='par_1_26' title="bbox 2009 2038 3404 2110">
     <span class='ocr_line' id='line_1_80' title="bbox 2009 2038 3404 2110; baseline -0.003 -17"><span class='ocrx_word' id='word_1_523' title='bbox 2009 2064 2032 2094; x_wconf 91' lang='lat'>«</span> <span class='ocrx_word' id='word_1_524' title='bbox 2064 2046 2256 2096; x_wconf 89' lang='lat' dir='ltr'>tamen</span> <span class='ocrx_word' id='word_1_525' title='bbox 2284 2056 2399 2096; x_wconf 86' lang='lat' dir='ltr'>una</span> <span class='ocrx_word' id='word_1_526' title='bbox 2437 2038 2679 2110; x_wconf 90' lang='lat' dir='ltr'>desuper</span> <span class='ocrx_word' id='word_1_527' title='bbox 2708 2054 2840 2096; x_wconf 77' lang='lat' dir='ltr'>voce</span> <span class='ocrx_word' id='word_1_528' title='bbox 2883 2039 3221 2109; x_wconf 85' lang='lat' dir='ltr'>prostratus,</span> <span class='ocrx_word' id='word_1_529' title='bbox 3281 2049 3404 2089; x_wconf 85' lang='lat' dir='ltr'>oc-</span> 
     </span>
    </p>

    <p class='ocr_par' dir='ltr' id='par_1_27' title="bbox 2008 2115 3396 2191">
     <span class='ocr_line' id='line_1_81' title="bbox 2008 2115 3396 2191; baseline -0.004 -17"><span class='ocrx_word' id='word_1_530' title='bbox 2008 2145 2033 2176; x_wconf 92' lang='lat'>«</span> <span class='ocrx_word' id='word_1_531' title='bbox 2061 2126 2328 2177; x_wconf 89' lang='lat' dir='ltr'>currente</span> <span class='ocrx_word' id='word_1_532' title='bbox 2357 2119 2550 2191; x_wconf 90' lang='lat' dir='ltr'>utique</span> <span class='ocrx_word' id='word_1_533' title='bbox 2576 2120 2677 2175; x_wconf 90' lang='lat' dir='ltr'>tali</span> <span class='ocrx_word' id='word_1_534' title='bbox 2707 2119 2850 2182; x_wconf 84' lang='lat' dir='ltr'>viso,</span> <span class='ocrx_word' id='word_1_535' title='bbox 2905 2131 3017 2189; x_wconf 93' lang='lat' dir='ltr'>quo</span> <span class='ocrx_word' id='word_1_536' title='bbox 3044 2130 3212 2170; x_wconf 90' lang='lat' dir='ltr'>mens</span> <span class='ocrx_word' id='word_1_537' title='bbox 3245 2115 3396 2179; x_wconf 77' lang='lat' dir='ltr'>illa,</span> 
     </span>
    </p>

    <p class='ocr_par' dir='ltr' id='par_1_28' title="bbox 2009 2151 3647 2354">
     <span class='ocr_line' id='line_1_82' title="bbox 2009 2151 3647 2314; baseline -0.004 -57"><span class='ocrx_word' id='word_1_538' title='bbox 2009 2227 2035 2257; x_wconf 87' lang='lat'>«</span> <span class='ocrx_word' id='word_1_539' title='bbox 2063 2208 2120 2261; x_wconf 93' lang='lat' dir='ltr'>et</span> <span class='ocrx_word' id='word_1_540' title='bbox 2139 2204 2422 2267; x_wconf 77' lang='lat' dir='ltr'>voluntaS,</span> <span class='ocrx_word' id='word_1_541' title='bbox 2452 2201 2692 2257; x_wconf 76' lang='lat' dir='ltr'>refracta</span> <span class='ocrx_word' id='word_1_542' title='bbox 2731 2198 2968 2263; x_wconf 80' lang='lat' dir='ltr'>saevitia,</span> <span class='ocrx_word' id='word_1_543' title='bbox 3005 2203 3402 2269; x_wconf 81' lang='lat' dir='ltr'>retorquerc-</span> <span class='ocrx_word' id='word_1_544' title='bbox 3644 2151 3647 2314; x_wconf 83' lang='grc' dir='ltr'>Ι</span> 
     </span>
     <span class='ocr_line' id='line_1_83' title="bbox 2010 2277 3399 2354; baseline -0.004 -18"><span class='ocrx_word' id='word_1_545' title='bbox 2010 2307 2035 2337; x_wconf 93' lang='lat'>«</span> <span class='ocrx_word' id='word_1_546' title='bbox 2064 2288 2177 2347; x_wconf 88' lang='lat' dir='ltr'>tur,</span> <span class='ocrx_word' id='word_1_547' title='bbox 2210 2288 2266 2339; x_wconf 91' lang='lat' dir='ltr'>et</span> <span class='ocrx_word' id='word_1_548' title='bbox 2291 2281 2676 2354; x_wconf 87' lang='lat' dir='ltr'>corrigeretur</span> <span class='ocrx_word' id='word_1_549' title='bbox 2707 2278 2777 2336; x_wconf 88' lang='lat' dir='ltr'>ad</span> <span class='ocrx_word' id='word_1_550' title='bbox 2805 2277 2997 2346; x_wconf 85' lang='lat' dir='ltr'>fidem,</span> <span class='ocrx_word' id='word_1_551' title='bbox 3033 2282 3277 2348; x_wconf 89' lang='lat' dir='ltr'>repente</span> <span class='ocrx_word' id='word_1_552' title='bbox 3308 2291 3399 2331; x_wconf 83' lang='lat' dir='ltr'>ex</span> 
     </span>
    </p>

    <p class='ocr_par' dir='ltr' id='par_1_29' title="bbox 2004 2353 3647 2919">
     <span class='ocr_line' id='line_1_84' title="bbox 2011 2353 3647 2510; baseline -0.006 -92"><span class='ocrx_word' id='word_1_553' title='bbox 2011 2388 2037 2418; x_wconf 89' lang='lat'>«</span> <span class='ocrx_word' id='word_1_554' title='bbox 2067 2363 2362 2438; x_wconf 84' lang='lat' dir='ltr'>Evangelii</span> <span class='ocrx_word' id='word_1_555' title='bbox 2386 2362 2646 2419; x_wconf 87' lang='lat' dir='ltr'>mirabili</span> <span class='ocrx_word' id='word_1_556' title='bbox 2685 2364 3090 2434; x_wconf 86' lang='lat' dir='ltr'>persequutore</span> <span class='ocrx_word' id='word_1_557' title='bbox 3118 2357 3400 2414; x_wconf 85' lang='lat' dir='ltr'>mirabi-</span> <span class='ocrx_word' id='word_1_558' title='bbox 3644 2353 3647 2510; x_wconf 82' lang='grc' dir='ltr'>Ι</span> 
     </span>
     <span class='ocr_line' id='line_1_85' title="bbox 2013 2438 3399 2516; baseline -0.004 -19"><span class='ocrx_word' id='word_1_559' title='bbox 2013 2467 2039 2498; x_wconf 91' lang='lat'>«</span> <span class='ocrx_word' id='word_1_560' title='bbox 2069 2446 2182 2501; x_wconf 89' lang='lat' dir='ltr'>lior</span> <span class='ocrx_word' id='word_1_561' title='bbox 2206 2442 2540 2516; x_wconf 58' lang='lat' dir='ltr'>praedicator</span> <span class='ocrx_word' id='word_1_562' title='bbox 2556 2441 2782 2498; x_wconf 84' lang='lat' dir='ltr'>effectus</span> <span class='ocrx_word' id='word_1_563' title='bbox 2801 2446 2938 2496; x_wconf 81' lang='lat' dir='ltr'>est.»</span> <span class='ocrx_word' id='word_1_564' title='bbox 2968 2441 3104 2495; x_wconf 86' lang='lat' dir='ltr'>Ecce</span> <span class='ocrx_word' id='word_1_565' title='bbox 3122 2438 3399 2509; x_wconf 79' lang='lat' dir='ltr'>qualiter</span> 
     </span>
     <span class='ocr_line' id='line_1_86' title="bbox 2004 2520 3400 2582; baseline -0.007 0"><span class='ocrx_word' id='word_1_566' title='bbox 2004 2525 2308 2582; x_wconf 86' lang='lat' dir='ltr'>efficaciam</span> <span class='ocrx_word' id='word_1_567' title='bbox 2356 2523 2571 2579; x_wconf 81' lang='lat' dir='ltr'>divinae</span> <span class='ocrx_word' id='word_1_568' title='bbox 2617 2520 2934 2578; x_wconf 80' lang='lat' dir='ltr'>vocationis</span> <span class='ocrx_word' id='word_1_569' title='bbox 2979 2534 3096 2576; x_wconf 89' lang='lat' dir='ltr'>non</span> <span class='ocrx_word' id='word_1_570' title='bbox 3131 2524 3400 2581; x_wconf 72' lang='lat' dir='ltr'>,revocat</span> 
     </span>
     <span class='ocr_line' id='line_1_87' title="bbox 2006 2561 3647 2706; baseline -0.006 -45"><span class='ocrx_word' id='word_1_571' title='bbox 2006 2605 2358 2680; x_wconf 83' lang='lat' dir='ltr'>Augustinus</span> <span class='ocrx_word' id='word_1_572' title='bbox 2386 2602 2454 2659; x_wconf 93' lang='lat' dir='ltr'>ad</span> <span class='ocrx_word' id='word_1_573' title='bbox 2500 2604 2755 2674; x_wconf 87' lang='lat' dir='ltr'>aliquam</span> <span class='ocrx_word' id='word_1_574' title='bbox 2796 2601 3250 2672; x_wconf 87' lang='lat' dir='ltr'>dispositionem,</span> <span class='ocrx_word' id='word_1_575' title='bbox 3284 2600 3393 2655; x_wconf 76' lang='lat' dir='ltr'>vel</span> <span class='ocrx_word' id='word_1_576' title='bbox 3644 2561 3647 2706; x_wconf 76' lang='grc'>1</span> 
     </span>
     <span class='ocr_line' id='line_1_88' title="bbox 2007 2679 3395 2757; baseline -0.007 -15"><span class='ocrx_word' id='word_1_577' title='bbox 2007 2686 2543 2757; x_wconf 84' lang='lat' dir='ltr'>attemperatiouem</span> <span class='ocrx_word' id='word_1_578' title='bbox 2568 2681 2796 2739; x_wconf 88' lang='lat' dir='ltr'>arbitrii</span> <span class='ocrx_word' id='word_1_579' title='bbox 2826 2705 2839 2747; x_wconf 90' lang='grc'><strong>;</strong></span> <span class='ocrx_word' id='word_1_580' title='bbox 2868 2681 3010 2753; x_wconf 87' lang='lat' dir='ltr'>quin</span> <span class='ocrx_word' id='word_1_581' title='bbox 3032 2695 3160 2736; x_wconf 91' lang='lat' dir='ltr'>eam</span> <span class='ocrx_word' id='word_1_582' title='bbox 3186 2679 3395 2751; x_wconf 80' lang='lat' dir='ltr'>potius</span> 
     </span>
     <span class='ocr_line' id='line_1_89' title="bbox 2007 2760 3647 2854; baseline -0.006 -29"><span class='ocrx_word' id='word_1_583' title='bbox 2007 2768 2256 2826; x_wconf 87' lang='lat' dir='ltr'>excludit</span> <span class='ocrx_word' id='word_1_584' title='bbox 2277 2767 2544 2839; x_wconf 88' lang='lat' dir='ltr'>exemplo</span> <span class='ocrx_word' id='word_1_585' title='bbox 2566 2764 2742 2832; x_wconf 89' lang='lat' dir='ltr'>Sauli,</span> <span class='ocrx_word' id='word_1_586' title='bbox 2773 2763 2870 2835; x_wconf 89' lang='lat' dir='ltr'>qui</span> <span class='ocrx_word' id='word_1_587' title='bbox 2896 2778 3028 2818; x_wconf 89' lang='lat' dir='ltr'>cum</span> <span class='ocrx_word' id='word_1_588' title='bbox 3055 2768 3207 2817; x_wconf 89' lang='lat' dir='ltr'>esset</span> <span class='ocrx_word' id='word_1_589' title='bbox 3229 2760 3389 2817; x_wconf 86' lang='lat' dir='ltr'>adeo</span> <span class='ocrx_word' id='word_1_590' title='bbox 3644 2765 3647 2854; x_wconf 54' lang='lat' dir='ltr'>l</span> 
     </span>
     <span class='ocr_line' id='line_1_90' title="bbox 2009 2840 3388 2919; baseline -0.004 -16"><span class='ocrx_word' id='word_1_591' title='bbox 2009 2847 2401 2919; x_wconf 78' lang='lat' dir='ltr'>indisposituS,</span> <span class='ocrx_word' id='word_1_592' title='bbox 2432 2850 2489 2903; x_wconf 91' lang='lat' dir='ltr'>et</span> <span class='ocrx_word' id='word_1_593' title='bbox 2508 2842 2835 2910; x_wconf 55' lang='lat' dir='ltr'>obduratus</span> <span class='ocrx_word' id='word_1_594' title='bbox 2889 2847 2951 2898; x_wconf 92' lang='lat' dir='ltr'>ut</span> <span class='ocrx_word' id='word_1_595' title='bbox 2977 2842 3163 2914; x_wconf 89' lang='lat' dir='ltr'>aptior</span> <span class='ocrx_word' id='word_1_596' title='bbox 3210 2840 3388 2898; x_wconf 77' lang='lat' dir='ltr'>vide-</span> 
     </span>
    </p>

    <p class='ocr_par' dir='ltr' id='par_1_30' title="bbox 2015 2926 3387 2988">
     <span class='ocr_line' id='line_1_91' title="bbox 2015 2926 3387 2988; baseline -0.006 -1"><span class='ocrx_word' id='word_1_597' title='bbox 2015 2937 2172 2988; x_wconf 89' lang='lat' dir='ltr'>retur</span> <span class='ocrx_word' id='word_1_598' title='bbox 2194 2929 2265 2986; x_wconf 90' lang='lat' dir='ltr'>ad</span> <span class='ocrx_word' id='word_1_599' title='bbox 2293 2927 2648 2985; x_wconf 85' lang='lat' dir='ltr'>efficiendam</span> <span class='ocrx_word' id='word_1_600' title='bbox 2689 2926 3043 2983; x_wconf 79' lang='lat' dir='ltr'>vocationem</span> <span class='ocrx_word' id='word_1_601' title='bbox 3088 2939 3205 2980; x_wconf 90' lang='lat' dir='ltr'>non</span> <span class='ocrx_word' id='word_1_602' title='bbox 3232 2940 3387 2980; x_wconf 88' lang='lat' dir='ltr'>con-</span> 
     </span>
    </p>

    <p class='ocr_par' dir='ltr' id='par_1_31' title="bbox 2009 3005 3389 3085">
     <span class='ocr_line' id='line_1_92' title="bbox 2009 3005 3389 3085; baseline -0.006 -19"><span class='ocrx_word' id='word_1_603' title='bbox 2009 3026 2229 3085; x_wconf 88' lang='lat' dir='ltr'>gruam,</span> <span class='ocrx_word' id='word_1_604' title='bbox 2261 3025 2432 3081; x_wconf 86' lang='lat' dir='ltr'>quarn</span> <span class='ocrx_word' id='word_1_605' title='bbox 2461 3023 2772 3082; x_wconf 88' lang='lat' dir='ltr'>congruam</span> <span class='ocrx_word' id='word_1_606' title='bbox 2800 3029 2812 3071; x_wconf 90' lang='grc'>;</span> <span class='ocrx_word' id='word_1_607' title='bbox 2860 3005 3246 3062; x_wconf 85' lang='lat' dir='ltr'>nihilominus</span> <span class='ocrx_word' id='word_1_608' title='bbox 3272 3021 3389 3059; x_wconf 90' lang='lat' dir='ltr'>su-</span> 
     </span>
    </p>

    <p class='ocr_par' dir='ltr' id='par_1_32' title="bbox 2010 3083 3385 3326">
     <span class='ocr_line' id='line_1_93' title="bbox 2011 3083 3384 3164; baseline -0.005 -17"><span class='ocrx_word' id='word_1_609' title='bbox 2011 3106 2189 3164; x_wconf 88' lang='lat' dir='ltr'>perna</span> <span class='ocrx_word' id='word_1_610' title='bbox 2216 3089 2457 3146; x_wconf 81' lang='lat' dir='ltr'>efficacia</span> <span class='ocrx_word' id='word_1_611' title='bbox 2484 3086 2796 3146; x_wconf 83' lang='lat' dir='ltr'>vocationis</span> <span class='ocrx_word' id='word_1_612' title='bbox 2824 3090 3140 3158; x_wconf 84' lang='lat' dir='ltr'>prostratus</span> <span class='ocrx_word' id='word_1_613' title='bbox 3179 3083 3384 3140; x_wconf 88' lang='lat' dir='ltr'>eidem</span> 
     </span>
     <span class='ocr_line' id='line_1_94' title="bbox 2011 3163 3385 3240; baseline -0.007 -13"><span class='ocrx_word' id='word_1_614' title='bbox 2011 3170 2291 3227; x_wconf 87' lang='lat' dir='ltr'>vocationi</span> <span class='ocrx_word' id='word_1_615' title='bbox 2319 3170 2501 3226; x_wconf 86' lang='lat' dir='ltr'>cessit.</span> <span class='ocrx_word' id='word_1_616' title='bbox 2548 3168 2706 3224; x_wconf 87' lang='lat' dir='ltr'>Nihil</span> <span class='ocrx_word' id='word_1_617' title='bbox 2728 3182 2863 3240; x_wconf 90' lang='lat' dir='ltr'>ergo</span> <span class='ocrx_word' id='word_1_618' title='bbox 2890 3166 3084 3221; x_wconf 86' lang='lat' dir='ltr'>minus</span> <span class='ocrx_word' id='word_1_619' title='bbox 3117 3163 3385 3220; x_wconf 86' lang='lat' dir='ltr'>intendit</span> 
     </span>
     <span class='ocr_line' id='line_1_95' title="bbox 2010 3247 3376 3326; baseline -0.004 -18"><span class='ocrx_word' id='word_1_620' title='bbox 2010 3253 2357 3326; x_wconf 82' lang='lat' dir='ltr'>Augustinus</span> <span class='ocrx_word' id='word_1_621' title='bbox 2374 3253 2436 3308; x_wconf 90' lang='lat' dir='ltr'>in</span> <span class='ocrx_word' id='word_1_622' title='bbox 2460 3249 2649 3307; x_wconf 83' lang='lat' dir='ltr'>verbis</span> <span class='ocrx_word' id='word_1_623' title='bbox 2667 3266 2791 3321; x_wconf 79' lang='lat' dir='ltr'>quae</span> <span class='ocrx_word' id='word_1_624' title='bbox 2812 3248 2976 3305; x_wconf 91' lang='lat' dir='ltr'>nobis</span> <span class='ocrx_word' id='word_1_625' title='bbox 2996 3247 3376 3322; x_wconf 83' lang='lat' dir='ltr'>objiciuntur,</span> 
     </span>
    </p>

    <p class='ocr_par' dir='ltr' id='par_1_33' title="bbox 2010 3329 3384 3485">
     <span class='ocr_line' id='line_1_96' title="bbox 2010 3329 3384 3406; baseline -0.004 -18"><span class='ocrx_word' id='word_1_626' title='bbox 2010 3350 2181 3406; x_wconf 90' lang='lat' dir='ltr'>quam</span> <span class='ocrx_word' id='word_1_627' title='bbox 2210 3331 2278 3388; x_wconf 91' lang='lat' dir='ltr'>ad</span> <span class='ocrx_word' id='word_1_628' title='bbox 2323 3330 2757 3404; x_wconf 87' lang='lat' dir='ltr'>dispositionem</span> <span class='ocrx_word' id='word_1_629' title='bbox 2812 3331 3085 3402; x_wconf 88' lang='lat' dir='ltr'>aliquam,</span> <span class='ocrx_word' id='word_1_630' title='bbox 3140 3329 3232 3384; x_wconf 78' lang='lat' dir='ltr'>vel</span> <span class='ocrx_word' id='word_1_631' title='bbox 3279 3333 3384 3383; x_wconf 84' lang='lat' dir='ltr'>at-</span> 
     </span>
     <span class='ocr_line' id='line_1_97' title="bbox 2012 3407 3383 3485; baseline -0.004 -17"><span class='ocrx_word' id='word_1_632' title='bbox 2012 3411 2483 3485; x_wconf 90' lang='lat' dir='ltr'>temperationem</span> <span class='ocrx_word' id='word_1_633' title='bbox 2514 3409 2740 3466; x_wconf 87' lang='lat' dir='ltr'>arbitrii</span> <span class='ocrx_word' id='word_1_634' title='bbox 2771 3407 3080 3476; x_wconf 89' lang='lat' dir='ltr'>attendere,</span> <span class='ocrx_word' id='word_1_635' title='bbox 3117 3414 3175 3463; x_wconf 90' lang='lat' dir='ltr'>ut</span> <span class='ocrx_word' id='word_1_636' title='bbox 3226 3409 3383 3462; x_wconf 78' lang='lat' dir='ltr'>Vas-</span> 
     </span>
    </p>

    <p class='ocr_par' dir='ltr' id='par_1_34' title="bbox 2011 3494 2437 3571">
     <span class='ocr_line' id='line_1_98' title="bbox 2011 3494 2437 3571; baseline -0.007 -17"><span class='ocrx_word' id='word_1_637' title='bbox 2011 3513 2151 3571; x_wconf 88' lang='lat' dir='ltr'>quez</span> <span class='ocrx_word' id='word_1_638' title='bbox 2177 3494 2437 3553; x_wconf 88' lang='lat' dir='ltr'>attendit.</span> 
     </span>
    </p>

    <p class='ocr_par' dir='ltr' id='par_1_35' title="bbox 2009 3570 3647 5111">
     <span class='ocr_line' id='line_1_99' title="bbox 2084 3570 3556 3644; baseline -0.007 -12"><span class='ocrx_word' id='word_1_639' title='bbox 2084 3580 2176 3634; x_wconf 86' lang='lat'>51.</span> <span class='ocrx_word' id='word_1_640' title='bbox 2220 3575 2326 3633; x_wconf 89' lang='lat' dir='ltr'>Sed</span> <span class='ocrx_word' id='word_1_641' title='bbox 2390 3574 2636 3632; x_wconf 89' lang='lat' dir='ltr'>secundo</span> <span class='ocrx_word' id='word_1_642' title='bbox 2694 3574 2903 3630; x_wconf 88' lang='lat' dir='ltr'>melius</span> <span class='ocrx_word' id='word_1_643' title='bbox 2972 3570 3377 3644; x_wconf 88' lang='lat' dir='ltr'>respondetur,</span> <span class='ocrx_word' id='word_1_644' title='bbox 3427 3580 3556 3634; x_wconf 72' lang='lat' dir='ltr'>Legit</span> 
     </span>
     <span class='ocr_line' id='line_1_100' title="bbox 2012 3639 3557 3728; baseline -0.004 -12"><span class='ocrx_word' id='word_1_645' title='bbox 2012 3658 2186 3716; x_wconf 86' lang='lat' dir='ltr'>verba</span> <span class='ocrx_word' id='word_1_646' title='bbox 2209 3658 2309 3713; x_wconf 87' lang='lat' dir='ltr'>illa</span> <span class='ocrx_word' id='word_1_647' title='bbox 2329 3657 2655 3728; x_wconf 84' lang='lat' dir='ltr'>exprimere</span> <span class='ocrx_word' id='word_1_648' title='bbox 2676 3657 2994 3713; x_wconf 89' lang='lat' dir='ltr'>absolutam</span> <span class='ocrx_word' id='word_1_649' title='bbox 3030 3657 3084 3710; x_wconf 91' lang='lat' dir='ltr'>S.</span> <span class='ocrx_word' id='word_1_650' title='bbox 3115 3657 3382 3711; x_wconf 85' lang='lat' dir='ltr'>Doctoris</span> <span class='ocrx_word' id='word_1_651' title='bbox 3400 3639 3557 3726; x_wconf 62' lang='grc' dir='ltr'>ξ’,ξὸἳ</span> 
     </span>
     <span class='ocr_line' id='line_1_101' title="bbox 2011 3734 3557 3808; baseline -0.007 -13"><span class='ocrx_word' id='word_1_652' title='bbox 2011 3738 2352 3795; x_wconf 89' lang='lat' dir='ltr'>sententiam</span> <span class='ocrx_word' id='word_1_653' title='bbox 2386 3760 2399 3802; x_wconf 82' lang='lat'><em>3</em></span> <span class='ocrx_word' id='word_1_654' title='bbox 2445 3737 2590 3792; x_wconf 89' lang='lat' dir='ltr'>nihil</span> <span class='ocrx_word' id='word_1_655' title='bbox 2623 3741 2817 3793; x_wconf 88' lang='lat' dir='ltr'>tamen</span> <span class='ocrx_word' id='word_1_656' title='bbox 2856 3736 3170 3802; x_wconf 86' lang='lat' dir='ltr'>continere,</span> <span class='ocrx_word' id='word_1_657' title='bbox 3217 3736 3379 3808; x_wconf 88' lang='lat' dir='ltr'>quod</span> <span class='ocrx_word' id='word_1_658' title='bbox 3419 3734 3557 3784; x_wconf 68' lang='lat' dir='ltr'>Augus</span> 
     </span>
     <span class='ocr_line' id='line_1_102' title="bbox 2013 3816 3379 3892; baseline -0.002 -16"><span class='ocrx_word' id='word_1_659' title='bbox 2013 3820 2102 3876; x_wconf 83' lang='lat' dir='ltr'>vel</span> <span class='ocrx_word' id='word_1_660' title='bbox 2126 3817 2289 3892; x_wconf 88' lang='lat' dir='ltr'>nobis</span> <span class='ocrx_word' id='word_1_661' title='bbox 2309 3816 2473 3883; x_wconf 89' lang='lat' dir='ltr'>obsit,</span> <span class='ocrx_word' id='word_1_662' title='bbox 2506 3818 2598 3873; x_wconf 80' lang='lat' dir='ltr'>vel</span> <span class='ocrx_word' id='word_1_663' title='bbox 2645 3817 2892 3889; x_wconf 86' lang='lat' dir='ltr'>Vasquio</span> <span class='ocrx_word' id='word_1_664' title='bbox 2932 3816 3135 3872; x_wconf 77' lang='lat' dir='ltr'>faveat.</span> <span class='ocrx_word' id='word_1_665' title='bbox 3169 3817 3379 3873; x_wconf 85' lang='lat' dir='ltr'>Solum</span> 
     </span>
     <span class='ocr_line' id='line_1_103' title="bbox 2013 3896 3381 3966; baseline -0.004 -8"><span class='ocrx_word' id='word_1_666' title='bbox 2013 3902 2170 3958; x_wconf 90' lang='lat' dir='ltr'>enim</span> <span class='ocrx_word' id='word_1_667' title='bbox 2217 3899 2431 3966; x_wconf 88' lang='lat' dir='ltr'>asserit,</span> <span class='ocrx_word' id='word_1_668' title='bbox 2489 3898 2844 3955; x_wconf 85' lang='lat' dir='ltr'>vocationem</span> <span class='ocrx_word' id='word_1_669' title='bbox 2897 3914 3019 3956; x_wconf 86' lang='lat' dir='ltr'>esse</span> <span class='ocrx_word' id='word_1_670' title='bbox 3062 3896 3346 3954; x_wconf 83' lang='lat' dir='ltr'>efficacem</span> <span class='ocrx_word' id='word_1_671' title='bbox 3367 3942 3381 3964; x_wconf 88' lang='lat'>,</span> 
     </span>
     <span class='ocr_line' id='line_1_104' title="bbox 2012 3978 3647 4093; baseline -0.001 -55"><span class='ocrx_word' id='word_1_672' title='bbox 2012 3984 2135 4040; x_wconf 84' lang='lat' dir='ltr'>sive</span> <span class='ocrx_word' id='word_1_673' title='bbox 2184 3981 2403 4054; x_wconf 88' lang='lat' dir='ltr'>assequi</span> <span class='ocrx_word' id='word_1_674' title='bbox 2467 3980 2746 4045; x_wconf 82' lang='lat' dir='ltr'>effectum,</span> <span class='ocrx_word' id='word_1_675' title='bbox 2817 3979 3046 4052; x_wconf 84' lang='lat' dir='ltr'>quando</span> <span class='ocrx_word' id='word_1_676' title='bbox 3095 3978 3385 4037; x_wconf 87' lang='lat' dir='ltr'>tribuitur</span> <span class='ocrx_word' id='word_1_677' title='bbox 3644 4019 3647 4093; x_wconf 32' lang='grc'>1</span> 
     </span>
     <span class='ocr_line' id='line_1_105' title="bbox 2013 4061 3384 4139; baseline -0.003 -18"><span class='ocrx_word' id='word_1_678' title='bbox 2013 4063 2260 4139; x_wconf 89' lang='lat' dir='ltr'>subjecto</span> <span class='ocrx_word' id='word_1_679' title='bbox 2284 4063 2393 4118; x_wconf 89' lang='lat' dir='ltr'>sibi</span> <span class='ocrx_word' id='word_1_680' title='bbox 2422 4069 2571 4135; x_wconf 88' lang='lat' dir='ltr'>apto,</span> <span class='ocrx_word' id='word_1_681' title='bbox 2629 4063 2721 4118; x_wconf 82' lang='lat' dir='ltr'>vel</span> <span class='ocrx_word' id='word_1_682' title='bbox 2747 4078 2815 4119; x_wconf 92' lang='lat' dir='ltr'>eo</span> <span class='ocrx_word' id='word_1_683' title='bbox 2855 4061 3043 4127; x_wconf 89' lang='lat' dir='ltr'>modo,</span> <span class='ocrx_word' id='word_1_684' title='bbox 3095 4078 3206 4133; x_wconf 89' lang='lat' dir='ltr'>quo</span> <span class='ocrx_word' id='word_1_685' title='bbox 3231 4061 3384 4118; x_wconf 87' lang='lat' dir='ltr'>sub-</span> 
     </span>
     <span class='ocr_line' id='line_1_106' title="bbox 2009 4141 3381 4218; baseline -0.001 -17"><span class='ocrx_word' id='word_1_686' title='bbox 2009 4145 2219 4218; x_wconf 86' lang='lat' dir='ltr'>jectum</span> <span class='ocrx_word' id='word_1_687' title='bbox 2241 4143 2293 4200; x_wconf 89' lang='lat' dir='ltr'>ei</span> <span class='ocrx_word' id='word_1_688' title='bbox 2315 4149 2511 4215; x_wconf 85' lang='lat' dir='ltr'>aptum</span> <span class='ocrx_word' id='word_1_689' title='bbox 2541 4142 2604 4198; x_wconf 82' lang='lat' dir='ltr'>fit</span> <span class='ocrx_word' id='word_1_690' title='bbox 2636 4164 2650 4198; x_wconf 78' lang='lat' dir='ltr'><em>z</em></span> <span class='ocrx_word' id='word_1_691' title='bbox 2677 4141 2826 4214; x_wconf 92' lang='lat' dir='ltr'>quod</span> <span class='ocrx_word' id='word_1_692' title='bbox 2849 4141 3095 4198; x_wconf 88' lang='lat' dir='ltr'>libenter</span> <span class='ocrx_word' id='word_1_693' title='bbox 3121 4141 3381 4199; x_wconf 88' lang='lat' dir='ltr'>admitti-</span> 
     </span>
     <span class='ocr_line' id='line_1_107' title="bbox 2014 4167 3647 4300; baseline 0 -19"><span class='ocrx_word' id='word_1_694' title='bbox 2014 4242 2161 4282; x_wconf 88' lang='lat' dir='ltr'>mus.</span> <span class='ocrx_word' id='word_1_695' title='bbox 2219 4227 2498 4282; x_wconf 80' lang='lat' dir='ltr'>Caeterum</span> <span class='ocrx_word' id='word_1_696' title='bbox 2528 4226 2630 4284; x_wconf 90' lang='lat' dir='ltr'>illa</span> <span class='ocrx_word' id='word_1_697' title='bbox 2669 4223 2925 4297; x_wconf 90' lang='lat' dir='ltr'>aptitudo</span> <span class='ocrx_word' id='word_1_698' title='bbox 2954 4240 3071 4281; x_wconf 92' lang='lat' dir='ltr'>non</span> <span class='ocrx_word' id='word_1_699' title='bbox 3114 4225 3381 4282; x_wconf 88' lang='lat' dir='ltr'>consistit</span> <span class='ocrx_word' id='word_1_700' title='bbox 3645 4167 3647 4300; x_wconf 80' lang='grc' dir='ltr'>Ι</span> 
     </span>
     <span class='ocr_line' id='line_1_108' title="bbox 2016 4303 3378 4378; baseline -0.001 -17"><span class='ocrx_word' id='word_1_701' title='bbox 2016 4304 2078 4361; x_wconf 92' lang='lat' dir='ltr'>in</span> <span class='ocrx_word' id='word_1_702' title='bbox 2105 4305 2294 4378; x_wconf 88' lang='lat' dir='ltr'>aliqua</span> <span class='ocrx_word' id='word_1_703' title='bbox 2322 4305 2573 4361; x_wconf 87' lang='lat' dir='ltr'>naturali</span> <span class='ocrx_word' id='word_1_704' title='bbox 2613 4305 3089 4377; x_wconf 88' lang='lat' dir='ltr'>attemperatione</span> <span class='ocrx_word' id='word_1_705' title='bbox 3137 4303 3378 4361; x_wconf 86' lang='lat' dir='ltr'>arbitrii</span> 
     </span>
     <span class='ocr_line' id='line_1_109' title="bbox 2017 4383 3377 4458; baseline -0.001 -17"><span class='ocrx_word' id='word_1_706' title='bbox 2017 4383 2085 4441; x_wconf 87' lang='lat' dir='ltr'>ad</span> <span class='ocrx_word' id='word_1_707' title='bbox 2112 4384 2378 4458; x_wconf 88' lang='lat' dir='ltr'>gratiam,</span> <span class='ocrx_word' id='word_1_708' title='bbox 2433 4400 2557 4457; x_wconf 79' lang='lat' dir='ltr'>quae</span> <span class='ocrx_word' id='word_1_709' title='bbox 2583 4402 2699 4442; x_wconf 91' lang='lat' dir='ltr'>non</span> <span class='ocrx_word' id='word_1_710' title='bbox 2744 4386 2818 4441; x_wconf 91' lang='lat' dir='ltr'>sit</span> <span class='ocrx_word' id='word_1_711' title='bbox 2860 4383 3090 4441; x_wconf 80' lang='lat' dir='ltr'>effectus</span> <span class='ocrx_word' id='word_1_712' title='bbox 3117 4383 3377 4457; x_wconf 88' lang='lat' dir='ltr'>ejusdem</span> 
     </span>
     <span class='ocr_line' id='line_1_110' title="bbox 2016 4464 3387 4540; baseline 0.001 -20"><span class='ocrx_word' id='word_1_713' title='bbox 2016 4466 2258 4539; x_wconf 78' lang='lat' dir='ltr'>gratiae3</span> <span class='ocrx_word' id='word_1_714' title='bbox 2304 4464 2403 4521; x_wconf 91' lang='lat' dir='ltr'>sed</span> <span class='ocrx_word' id='word_1_715' title='bbox 2431 4464 2501 4521; x_wconf 89' lang='lat' dir='ltr'>ab</span> <span class='ocrx_word' id='word_1_716' title='bbox 2541 4466 2663 4538; x_wconf 89' lang='lat' dir='ltr'>ipsa</span> <span class='ocrx_word' id='word_1_717' title='bbox 2687 4466 2872 4540; x_wconf 85' lang='lat' dir='ltr'>gratia</span> <span class='ocrx_word' id='word_1_718' title='bbox 2919 4465 3206 4538; x_wconf 83' lang='lat' dir='ltr'>provenit.</span> <span class='ocrx_word' id='word_1_719' title='bbox 3267 4466 3387 4521; x_wconf 89' lang='lat' dir='ltr'>Pro</span> 
     </span>
     <span class='ocr_line' id='line_1_111' title="bbox 2017 4547 3384 4622; baseline 0.002 -19"><span class='ocrx_word' id='word_1_720' title='bbox 2017 4547 2176 4620; x_wconf 88' lang='lat' dir='ltr'>cujus</span> <span class='ocrx_word' id='word_1_721' title='bbox 2196 4547 2320 4603; x_wconf 89' lang='lat' dir='ltr'>luce</span> <span class='ocrx_word' id='word_1_722' title='bbox 2342 4547 2640 4605; x_wconf 90' lang='lat' dir='ltr'>recolenda</span> <span class='ocrx_word' id='word_1_723' title='bbox 2661 4554 2795 4604; x_wconf 87' lang='lat' dir='ltr'>sunt</span> <span class='ocrx_word' id='word_1_724' title='bbox 2813 4564 2937 4621; x_wconf 80' lang='lat' dir='ltr'>quae</span> <span class='ocrx_word' id='word_1_725' title='bbox 2957 4547 3216 4604; x_wconf 86' lang='lat' dir='ltr'>diximus</span> <span class='ocrx_word' id='word_1_726' title='bbox 3234 4548 3384 4622; x_wconf 77' lang='lat' dir='ltr'>disp.</span> 
     </span>
     <span class='ocr_line' id='line_1_112' title="bbox 2019 4593 3647 4702; baseline 0.001 -20"><span class='ocrx_word' id='word_1_727' title='bbox 2019 4627 2072 4694; x_wconf 89' lang='grc'>3,</span> <span class='ocrx_word' id='word_1_728' title='bbox 2104 4626 2230 4683; x_wconf 81' lang='lat' dir='ltr'>dub.</span> <span class='ocrx_word' id='word_1_729' title='bbox 2256 4627 2310 4691; x_wconf 91' lang='grc'>4,</span> <span class='ocrx_word' id='word_1_730' title='bbox 2337 4625 2436 4683; x_wconf 91' lang='lat' dir='ltr'>ubi</span> <span class='ocrx_word' id='word_1_731' title='bbox 2463 4629 2850 4702; x_wconf 86' lang='lat' dir='ltr'>exposuimus,</span> <span class='ocrx_word' id='word_1_732' title='bbox 2876 4629 3124 4702; x_wconf 88' lang='lat' dir='ltr'>qualiter</span> <span class='ocrx_word' id='word_1_733' title='bbox 3146 4629 3382 4695; x_wconf 77' lang='lat' dir='ltr'>credere,</span> <span class='ocrx_word' id='word_1_734' title='bbox 3645 4593 3647 4692; x_wconf 51' lang='lat' dir='ltr'>l</span> 
     </span>
     <span class='ocr_line' id='line_1_113' title="bbox 2011 4707 3387 4775; baseline 0.001 -12"><span class='ocrx_word' id='word_1_735' title='bbox 2011 4707 2140 4763; x_wconf 87' lang='lat' dir='ltr'>sive</span> <span class='ocrx_word' id='word_1_736' title='bbox 2168 4707 2433 4763; x_wconf 90' lang='lat' dir='ltr'>assentiri</span> <span class='ocrx_word' id='word_1_737' title='bbox 2454 4707 2657 4766; x_wconf 90' lang='lat' dir='ltr'>divino</span> <span class='ocrx_word' id='word_1_738' title='bbox 2683 4710 3030 4775; x_wconf 90' lang='lat' dir='ltr'>testimonio,</span> <span class='ocrx_word' id='word_1_739' title='bbox 3061 4709 3141 4765; x_wconf 87' lang='lat' dir='ltr'>ita</span> <span class='ocrx_word' id='word_1_740' title='bbox 3161 4710 3236 4764; x_wconf 88' lang='lat' dir='ltr'>sit</span> <span class='ocrx_word' id='word_1_741' title='bbox 3260 4708 3387 4765; x_wconf 75' lang='lat' dir='ltr'>for-</span> 
     </span>
     <span class='ocr_line' id='line_1_114' title="bbox 2021 4787 3390 4848; baseline 0.004 -6"><span class='ocrx_word' id='word_1_742' title='bbox 2021 4787 2252 4843; x_wconf 88' lang='lat' dir='ltr'>maliter</span> <span class='ocrx_word' id='word_1_743' title='bbox 2305 4792 2460 4844; x_wconf 87' lang='lat' dir='ltr'>actus</span> <span class='ocrx_word' id='word_1_744' title='bbox 2532 4789 2851 4847; x_wconf 87' lang='lat' dir='ltr'>intellectus</span> <span class='ocrx_word' id='word_1_745' title='bbox 2897 4790 2969 4847; x_wconf 87' lang='lat' dir='ltr'>ab</span> <span class='ocrx_word' id='word_1_746' title='bbox 3014 4806 3083 4847; x_wconf 90' lang='lat' dir='ltr'>eo</span> <span class='ocrx_word' id='word_1_747' title='bbox 3132 4789 3390 4848; x_wconf 79' lang='lat' dir='ltr'>elicitive</span> 
     </span>
     <span class='ocr_line' id='line_1_115' title="bbox 2022 4868 3388 4945; baseline 0.003 -20"><span class='ocrx_word' id='word_1_748' title='bbox 2022 4868 2347 4942; x_wconf 87' lang='lat' dir='ltr'>procedens,</span> <span class='ocrx_word' id='word_1_749' title='bbox 2403 4870 2552 4944; x_wconf 91' lang='lat' dir='ltr'>quod</span> <span class='ocrx_word' id='word_1_750' title='bbox 2607 4873 2992 4930; x_wconf 89' lang='lat' dir='ltr'>nihilominus</span> <span class='ocrx_word' id='word_1_751' title='bbox 3065 4872 3306 4945; x_wconf 90' lang='lat' dir='ltr'>pendeat</span> <span class='ocrx_word' id='word_1_752' title='bbox 3353 4889 3388 4929; x_wconf 85' lang='lat' dir='ltr'>a</span> 
     </span>
     <span class='ocr_line' id='line_1_116' title="bbox 2022 4951 3384 5026; baseline 0.004 -19"><span class='ocrx_word' id='word_1_753' title='bbox 2022 4951 2316 5008; x_wconf 84' lang='lat' dir='ltr'>voluntate</span> <span class='ocrx_word' id='word_1_754' title='bbox 2368 4954 2691 5026; x_wconf 85' lang='lat' dir='ltr'>applicante</span> <span class='ocrx_word' id='word_1_755' title='bbox 2744 4954 3099 5011; x_wconf 90' lang='lat' dir='ltr'>intellectum</span> <span class='ocrx_word' id='word_1_756' title='bbox 3147 4954 3217 5010; x_wconf 90' lang='lat' dir='ltr'>ad</span> <span class='ocrx_word' id='word_1_757' title='bbox 3254 4970 3384 5012; x_wconf 86' lang='lat' dir='ltr'>cre-</span> 
     </span>
     <span class='ocr_line' id='line_1_117' title="bbox 2023 5032 3395 5111; baseline 0.004 -23"><span class='ocrx_word' id='word_1_758' title='bbox 2023 5032 2297 5091; x_wconf 86' lang='lat' dir='ltr'>dendum.</span> <span class='ocrx_word' id='word_1_759' title='bbox 2348 5036 2489 5092; x_wconf 90' lang='lat' dir='ltr'>Cum</span> <span class='ocrx_word' id='word_1_760' title='bbox 2537 5036 2696 5093; x_wconf 89' lang='lat' dir='ltr'>enim</span> <span class='ocrx_word' id='word_1_761' title='bbox 2748 5035 3031 5111; x_wconf 84' lang='lat' dir='ltr'>objectum</span> <span class='ocrx_word' id='word_1_762' title='bbox 3105 5036 3262 5095; x_wconf 86' lang='lat' dir='ltr'>Fidei</span> <span class='ocrx_word' id='word_1_763' title='bbox 3315 5038 3395 5093; x_wconf 87' lang='lat' dir='ltr'>sit</span> 
     </span>
    </p>
   </div>
   <div class='ocr_carea' id='block_1_7' title="bbox 3083 5119 3394 5178">
    <p class='ocr_par' dir='ltr' id='par_1_36' title="bbox 3083 5119 3394 5178">
     <span class='ocr_line' id='line_1_118' title="bbox 3083 5119 3394 5178; baseline 0 -1"><span class='ocrx_word' id='word_1_764' title='bbox 3083 5119 3394 5178; x_wconf 91' lang='lat' dir='ltr'>obscurum</span> 
     </span>
    </p>
   </div>
  </div>
 </body>
</html>
