3647 5753
1144 810 1709 914 CONTIN
1729 808 2197 910 UATIO

281 1050 2305 1288 TRAOTATUS'
2441 1098 3042 1289 XIV

1195 1664 1404 1742 ·DE
1502 1661 2094 1744 GRATIA.

510 1916 1100 1988 DISPUTATIO
1137 1918 1306 1993 VII.

564 2093 670 2157 De
697 2092 944 2175 qratia
971 2093 1263 2176 efficaci.

294 2258 556 2315 Celebris
605 2258 706 2313 illa
743 2257 953 2315 divisio
995 2259 1474 2341 gratias-actualis
1523 2258 1584 2313 in

219 2340 616 2407 sufficientem,
641 2347 696 2398 et
721 2341 1020 2405 efficacem,
1046 2356 1217 2413 quam
1245 2356 1416 2412 supra
1437 2341 1582 2413 disp.

218 2424 274 2487 4,
301 2421 435 2477 dub.
459 2424 514 2484 7,
540 2425 589 2489 g,
609 2423 664 2483 6,
699 2421 1115 2493 proposuimus,
1141 2424 1196 2476 et
1220 2419 1349 2475 rudi
1369 2420 1586 2475 Miner-

222 2517 295 2556 va
317 2501 711 2572 exposuimus,
742 2515 846 2555 nos
873 2499 1165 2572 compulit,
1198 2503 1259 2554 ut
1302 2498 1373 2555 de
1398 2501 1584 2572 gratia

218 2579 536 2635 sufficienti
565 2581 628 2634 in
673 2579 898 2650 speciali
924 2579 1309 2650 disputatione
1334 2579 1582 2635 dissere-

217 2677 424 2717 remus
450 2685 463 2726 ;
494 2666 548 2716 et
596 2676 744 2716 nunc
771 2660 1063 2734 urgentius
1089 2661 1366 2732 impellet,
1398 2667 1461 2715 ut
1511 2659 1582 2716 de

214 2742 435 2798 efficaci
475 2741 798 2810 (difficiliori
843 2741 1098 2813 quidem,
1128 2741 1485 2806 abstrusiori,
1526 2747 1582 2799 et

215 2822 553 2879 innumeris
591 2821 1010 2878 difficultatibus
1048 2820 1317 2893 obnoxia)
1356 2838 1580 2880 sermo-

212 2921 350 2960 nem
386 2902 877 2959 instituamus.Est
903 2908 1090 2958 autem
1116 2903 1381 2974 praecipui
1406 2902 1579 2957 dissi-

208 2985 289 3039 dii
314 2988 488 3055 caput
513 2981 814 3037 diversitas
846 2983 966 3055 ejus
992 2998 1025 3037 a
1050 2981 1370 3047 sufficienti,
1403 2999 1574 3053 quam

212 3065 374 3121 varie
397 3063 1087 3136 assignantAuthores.Et
1101 3063 1364 3134 quamvis
1387 3063 1576 3118 volui-

211 3163 339 3201 mus
370 3161 499 3201 rem
529 3146 676 3201 hanc
701 3143 874 3201 dubio
907 3144 1072 3200 unico
1103 3145 1403 3209 ventilare,
1435 3160 1576 3199 exa-

212 3229 510 3282 minantes
537 3242 608 3282 an
637 3226 820 3297 gratia
848 3225 1083 3280 actualis
1108 3225 1301 3281 efficax
1328 3225 1401 3278 sit
1444 3225 1574 3281 talis

208 3324 276 3362 ex
305 3311 456 3369 se‚et
471 3304 541 3361 ab
559 3305 871 3361 intrinseco
886 3305 967 3372 (in
982 3305 1084 3360 hoc
1103 3304 1313 3377 quippe
1329 3304 1574 3360 vertitur

205 3384 380 3440 totius
409 3383 758 3440 difficultatis
786 3381 1139 3453 cardo);quia
1164 3388 1356 3438 tamen
1380 3385 1573 3455 plures

202 3468 339 3519 sunt
359 3461 523 3519 modi
549 3461 776 3518 dicendi
811 3460 958 3534 apud
985 3462 1283 3529 Authores,
1302 3462 1397 3533 qui
1423 3478 1571 3534 prae-

202 3543 415 3601 dictam
459 3542 764 3599 efficaciam
787 3541 1158 3598 intrinsecam
1207 3543 1563 3617 impugnant,

201 3639 341 3694 quos
367 3624 420 3678 si
447 3616 550 3678 sub
579 3622 748 3677 unico
769 3620 943 3678 dubio
971 3622 1334 3686 referremus,
1353 3629 1410 3678 et
1429 3638 1569 3678 exa-

203 3704 718 3767 minaremu5,non
743 3718 1031 3773 possemus
1062 3717 1174 3758 non
1200 3701 1562 3774 prolixitatiS,

198 3790 250 3837 et
272 3782 636 3839 confusionis
658 3781 864 3836 vitium
890 3782 1205 3837 incurrere:
1232 3781 1440 3837 idcirco
1469 3797 1569 3854 per

199 3863 475 3919 distincta
488 3862 662 3917 dubia
677 3860 1059 3935 procedemus,
1077 3862 1391 3919 refellendo
1408 3864 1567 3935 prius

198 3945 511 4015 opiniones
538 3941 726 4008 falsas,
753 3947 816 3996 ut
843 3941 1091 4007 tandem,
1118 3941 1188 3998 ad
1205 3943 1567 4016 Augustiuia-

201 4040 360 4090 nam,
411 4030 472 4078 et
509 4020 918 4077 Tlxomisticam
959 4023 1303 4077 seutentiam
1333 4023 1564 4078 acceda-

197 4104 525 4160 mus,Circa
540 4101 688 4174 quod
707 4117 907 4159 omnes
928 4103 1558 4176 Catholicisupponunt,

193 4184 321 4241 dari
367 4183 627 4254 aliquam
655 4183 902 4256 gratiam
944 4183 1219 4238 actualem
1260 4183 1558 4252 efficacem,

192 4265 262 4320 ob
285 4262 731 4329 authoritatum,
757 4261 1120 4319 etrationum
1146 4262 1415 4334 pondera,
1442 4279 1566 4335 quae

187 4343 581 4418 expendimus
607 4343 727 4399 loco
747 4342 934 4408 citato,
966 4347 1022 4399 et
1049 4342 1218 4398 latius
1248 4343 1564 4416 perpende-

191 4440 322 4479 mus
353 4424 422 4479 in
455 4422 736 4493 praesenti.
763 4424 1091 4495 Supponere
1118 4422 1290 4479 etiam
1333 4428 1565 4495 oporte-

132 4551 144 4563 .
191 4503 288 4559 bat
312 4502 619 4576 propriam
650 4500 1055 4558 diffinitionem
1082 4502 1283 4575 gratia:-
1303 4501 1560 4558 efficacis.

192 4583 302 4640 Sed
332 4583 477 4657 qnia
500 4583 618 4639 haec
647 4581 927 4656 dependet
953 4599 1022 4639 ex
1058 4583 1314 4655 legitima
1343 4584 1564 4640 intelli-

188 4664 388 4737 gentia
438 4668 676 4728 naturae,
721 4669 775 4719 et
815 4662 1160 4720 conditionis
1207 4663 1383 4728 illius,
1440 4679 1564 4734 quae

191 4743 361 4798 varie
383 4739 732 4797 describitur
754 4739 824 4796 ab
845 4741 1213 4807 Authoribus,
1240 4747 1295 4798 et
1316 4742 1404 4798 cui
1427 4758 1564 4798 enu-

189 4820 454 4878 cleandae
471 4836 717 4891 praesens
735 4819 1043 4892 disputatio
1059 4821 1340 4879 deserviet
1359 4846 1372 4888 3
1400 4838 1565 4895 prop-

189 4907 351 4957 terea
377 4901 617 4956 nuncin
639 4901 931 4956 communi
954 4901 1090 4957 satis
1110 4903 1220 4958 erit
1245 4917 1563 4975 proponere

190 4981 598 5056 imperfectam
637 4980 928 5054 quandam
966 4982 1087 5056 ejus
1133 4984 1447 5050 notionem,
1500 4984 1562 5040 in

342 5073 634 5132 Salmant.
667 5073 833 5133 Cura.
864 5076 1083 5147 theoloq.
1115 5084 1246 5133 tom.
1277 5075 1345 5134 Χ.

1727 1931 1838 1987 qua
1863 1913 2162 1971 nobiscum
2184 1914 2516 1973 Adversarii
2540 1917 2906 1984 conveniunt,
2930 1934 3086 1974 nem-

1723 2011 1790 2066 pe
1817 1995 2104 2050 auxilium
2133 1994 2324 2051 efficax
2352 2011 2473 2051 esse
2496 1995 2658 2049 illam
2680 1998 2945 2068 gratiam,
2972 2015 3084 2071 qua

1719 2075 1782 2129 cle
1808 2076 1956 2147 sacto
1981 2069 2204 2147 semper,
2235 2083 2283 2130 et
2325 2076 2700 2148 infallibiliter
2743 2076 2899 2131 habet
2919 2079 3078 2149 effec-

1721 2163 1858 2220 tum,
1886 2161 1947 2210 ut
1975 2154 2147 2211 tradit
2169 2157 2377 2211 Suarez
2404 2157 2494 2212 lib.
2512 2157 2565 2219 5,
2590 2156 2653 2210 cle
2667 2158 2924 2222 ατη-ίίἰὶκ,
2950 2176 3068 2229 cap.

1721 2237 1811 2301 25,
1846 2240 2000 2291 num.
2031 2239 2085 2293 4.
2122 2237 2434 2293 Difficultas
2456 2244 2645 2293 autem
2673 2244 2775 2302 est,
2808 2237 2958 2293 unde
2980 2238 3075 2293 in-

1722 2314 1988 2372 fallibilis
2032 2316 2148 2373 liaec
2175 2318 2516 2391 conjunctio,
2562 2318 2682 2372 sive
2726 2317 2953 2372 effectus
2982 2318 3077 2372 in-

1720 2397 1861 2452 tenti
1889 2397 2208 2468 assequutio
2229 2397 2600 2453 desumatur?
2627 2398 2738 2453 Pro
2763 2414 2874 2469 qua
2897 2396 3077 2455 decla-

1721 2476 1901 2534 randa
1926 2478 2002 2532 sit

2152 2625 2159 2632 ’
2213 2657 2493 2712 numum
2538 2659 2576 2712 1.

1715 2816 1727 2827 “
1801 2816 1894 2873 An
1918 2820 2103 2888 malla
2131 2819 2222 2882 sit,
2256 2823 2306 2871 el
2348 2817 2568 2873 dicatur
2593 2819 2792 2892 efficax:
2817 2819 2991 2874 sedum

2225 2899 2295 2952 ab
2336 2899 2540 2970 effectu.

3106 2174 3272 2216 suarez.

1790 3057 1834 3110 l.
1879 3054 2267 3122 Sensusttituli
2311 3060 2412 3120 est,
2446 3061 2639 3112 utrum
2680 3057 2866 3130 gratia
2887 3058 2978 3123 sit,
3011 3064 3262 3118 etrunctus

1704 3134 1926 3191 dicatur
1948 3135 2141 3193 efficax
2158 3135 2555 3193 antecedenter
2577 3136 2646 3192 ad
2671 3140 3063 3208 operationem

1706 3214 1874 3270 liberi
1910 3215 2159 3280 arbitrii,
2227 3216 2450 3272 ratione
2501 3216 2740 3289 alicujus
2778 3217 3061 3288 prsndicati

1703 3295 2002 3353 intrinseci
2031 3313 2159 3353 cum
2188 3296 2385 3353 eadem
2415 3299 2744 3369 operatione
2777 3299 3063 3357 infallibi-

1704 3375 1838 3431 liter
1861 3378 2126 3443 connexi;
2158 3377 2236 3433 ita
2249 3376 2395 3448 quod
2420 3378 2638 3450 proillo
2663 3378 2841 3450 priori
2860 3380 3063 3437 habeat

1702 3457 1956 3528 aliquam
2007 3459 2288 3515 rationem
2318 3457 2711 3526 intrinsecam,
2746 3478 2847 3532 per
2890 3479 3061 3534 quam

1701 3554 1734 3591 a
1778 3540 1964 3611 gratia
1994 3554 2132 3610 pure
2158 3538 2470 3594 sufficiente
2496 3539 2880 3613 distinguatur
2924 3564 2936 3597 :
2987 3559 3059 3599 an

1699 3632 1838 3673 vero
1860 3622 1973 3673 tota
1993 3617 2318 3674 differentia
2341 3619 2494 3674 inter
2513 3621 2761 3693 gratiam
2784 3621 3059 3677 sufficien-

1700 3702 1837 3761 tem,
1876 3702 1931 3752 et
1956 3696 2233 3753 efficacem
2263 3696 2612 3754 desumenda
2638 3699 2710 3754 sit
2740 3698 2809 3754 ab
2837 3701 3052 3766 effectu,

1698 3778 1777 3834 ita
1802 3777 1952 3850 quod
1996 3776 2192 3833 eadem
2242 3793 2473 3850 prorsus
2512 3781 2714 3852 gratia,
2760 3781 2895 3836 dum
2943 3799 3057 3839 non

1697 3858 2021 3929 assequitur
2059 3856 2341 3920 effectum,
2373 3860 2693 3928 appelletur
2732 3861 3015 3918 sufficiens
3043 3889 3056 3930 ;

1695 3944 1909 3993 etcum
1954 3938 2122 3993 illum
2171 3939 2555 4009 consequitur,
2586 3939 2779 3997 efficax
2815 3941 3051 4008 dicatur,

1697 4019 1861 4073 nulla
1901 4017 2193 4089 supposita
2221 4016 2551 4074 diversitate
2578 4035 2648 4074 ex
2678 4027 2835 4091 parte
2860 4024 3059 4093 gratiae

1695 4101 1758 4154 in
1783 4114 1906 4155 esse
1937 4098 2229 4170 principii,
2255 4098 2351 4154 sed
2378 4100 2566 4156 solum
2595 4111 2936 4173 consequuta
2963 4104 3053 4159 di-

1695 4178 1967 4234 versitate
1991 4194 2061 4234 ex
2099 4185 2257 4249 parte
2283 4177 2512 4235 effectus
2532 4183 2559 4235 Ρ
2588 4180 2751 4236 Unde
2789 4184 3053 4254 quaelibet

1692 4258 2020 4315 differentia
2065 4258 2414 4315 conveniens
2464 4261 2664 4333 gratiae
2711 4262 2916 4318 efficaci
2952 4280 3053 4334 pro

1696 4340 1876 4413 priori
1898 4339 1968 4396 ad
1990 4339 2292 4404 infimum,
2317 4356 2413 4397 seu
2435 4343 2890 4415 cooperationem
2914 4344 3053 4401 libe-

1694 4421 1745 4476 ri
1787 4420 2037 4481 arbitrii.
2092 4437 2189 4492 per
2234 4437 2407 4494 quam
2436 4437 2468 4477 a
2493 4423 2677 4495 gratia
2708 4439 2847 4495 pure
2892 4425 3051 4480 suffi-

1692 4501 1864 4558 cienti
1896 4502 1958 4557 in
1987 4502 2089 4559 illo
2113 4502 2294 4574 priori
2320 4502 2698 4569 discernatur,
2724 4507 2861 4561 satis
2882 4507 3052 4562 evin-

1691 4591 1779 4639 cet
1795 4583 2099 4639 efficaciam
2121 4584 2319 4658 gratiae
2347 4601 2464 4642 non
2485 4585 2708 4642 desumi
2731 4587 2802 4642 ab
2829 4589 3047 4653 effectu,

1692 4664 1788 4721 sed
1856 4664 2121 4721 aliunde.
2170 4665 2328 4730 Quod
2375 4672 2597 4723 tantum
2660 4670 2721 4724 in
2785 4673 3051 4740 praesenti

1692 4744 2231 4807 determinabimus,
2252 4751 2308 4801 et
2327 4745 2594 4818 deinceps
2617 4750 2909 4819 propriam
2927 4767 3055 4806 con·

1692 4823 1975 4880 ditionem
2002 4839 2153 4879 verae
2178 4823 2523 4881 efficacitatis
2549 4825 2750 4897 gratiae
2778 4829 2960 4901 magis
2989 4829 3051 4884 in

1693 4902 2030 4977 particulari
2056 4918 2430 4975 exponemus,

1765 4983 1873 5041 Sed
1893 4984 2026 5058 quia
2054 4990 2340 5040 certamen
2364 4983 2645 5056 praecipue
2685 4988 3053 5060 aggredimur

2879 5081 2896 5133 1

3094 3124 3265 3182 dinltcul·

3114 3178 3226 3216 talis.
