3647 5753
1447 382 1621 438 DISP.
1667 382 1710 449 1,
1753 380 1918 438 DUB.
1963 380 2055 437 IV.
3031 388 3145 444 683

273 551 432 625 quod
472 552 856 610 essentialiter
896 552 1140 610 includit
1187 551 1560 620 tendentiam,
1593 557 1649 608 et

279 640 524 699 motum,
577 634 822 706 postulet
867 633 1183 709 subjectum
1209 678 1222 697 ,
1272 632 1423 706 quod
1476 632 1648 707 possit

279 715 526 782 moveri,
558 722 726 787 atque
746 714 852 771 ado
880 716 1133 772 existens
1160 714 1357 787 aliquo
1383 713 1557 771 modo
1584 713 1647 768 in

279 796 394 863 via,
418 802 474 853 et
500 796 666 853 valde
704 801 978 853 consonet
998 802 1222 853 naturae
1246 795 1462 863 meriti,
1495 793 1647 869 quod

282 880 377 936 via
404 880 520 936 haec
545 878 738 935 sitvia
763 878 1167 952 simpliciter:
1197 884 1255 936 at
1303 894 1420 936 non
1474 893 1647 950 repu-

274 966 436 1034 gnat,
467 962 576 1017 Deo
599 960 679 1016 ita
699 960 1054 1037 disponente,
1074 960 1459 1031 praetermisso
1485 974 1648 1015 com-

282 1042 448 1097 muni
480 1057 674 1098 rerum
691 1033 922 1107 ordine,
942 1046 1005 1095 ut
1031 1040 1080 1095 is
1100 1040 1198 1111 qui
1219 1040 1416 1097 existit
1437 1040 1559 1113 jam
1583 1040 1646 1095 in

278 1138 382 1178 suo
410 1122 679 1186 termino,
706 1138 777 1178 ex
806 1127 1014 1178 natura
1062 1120 1167 1187 rei,
1199 1127 1256 1178 et
1300 1121 1645 1194 simpliciter

283 1205 508 1268 ultim0,
536 1210 704 1274 atque
734 1201 872 1259 adeo
898 1207 1063 1258 extra
1092 1202 1247 1258 viam
1272 1203 1637 1275 simpliciter,

281 1289 581 1341 moveatur
608 1285 794 1341 adhuc
822 1283 893 1339 ad
922 1283 1102 1339 alium
1143 1285 1462 1340 terminum
1504 1299 1645 1340 con-

277 1366 654 1440 sequendum,
700 1368 798 1439 qui
827 1367 982 1423 solus
1009 1366 1083 1421 sit
1124 1367 1409 1422 terminus
1436 1382 1644 1423 secun-

277 1447 417 1504 dum
460 1446 618 1520 quid,
651 1450 711 1503 ut
750 1453 835 1504 est
862 1448 1170 1519 praemium
1218 1445 1447 1519 aliquod
1494 1447 1645 1504 acci-

278 1526 527 1592 dentale,
566 1528 660 1584 vel
704 1528 879 1585 etiam
917 1542 1102 1583 novus
1152 1525 1362 1601 gradus
1417 1526 1642 1600 praemii

274 1609 636 1676 essentialis3
666 1608 818 1682 quod
843 1614 927 1666 est
967 1625 1088 1666 esse
1114 1609 1176 1664 in
1204 1608 1301 1665 via
1327 1607 1642 1665 secundum

273 1692 434 1765 quid,
463 1698 518 1748 et
545 1697 709 1748 extra
731 1691 888 1748 viam
934 1691 1299 1764 simpliciter.
1328 1692 1455 1747 Haec
1480 1692 1640 1748 enim

276 1774 424 1831 ratio
452 1774 560 1828 viae
583 1770 899 1829 secundum
927 1771 1064 1845 quid
1089 1770 1160 1827 de
1188 1771 1444 1844 potentia
1473 1771 1642 1829 abso-

278 1856 398 1910 luta
417 1853 769 1925 compatitur
789 1868 920 1908 cum
941 1857 1089 1910 statu
1112 1852 1482 1908 existentium
1505 1852 1644 1907 sim-

223 1954 230 1957 ·
275 1935 501 2008 pliciter
527 1941 691 1991 extra
721 1934 896 1998 viam,
930 1938 992 1989 ut
1010 1940 1149 1990 sunt
1192 1933 1641 2007 comprehenso-

273 2032 383 2084 reS,
415 2021 471 2072 et
516 2016 704 2072 salvat
730 2014 1074 2071 sufficienter
1103 2014 1389 2071 rationem
1419 2012 1634 2070 meriti.

270 2097 546 2163 Quamvis
576 2094 796 2169 quiade
819 2096 942 2168 lege
967 2093 1289 2159 ordinaria,
1320 2099 1377 2151 et
1406 2094 1640 2150 attentis

274 2180 500 2236 naturis
518 2180 714 2235 rerum
749 2183 930 2234 status
957 2178 1050 2234 hic
1089 2178 1636 2251 comprehensorum

271 2260 436 2317 affert
462 2276 652 2316 secum
705 2258 1245 2325 invariabilitatem,
1289 2263 1345 2315 et
1390 2255 1640 2315 excludit

271 2357 505 2398 omnem
552 2345 813 2408 motum,
866 2338 1168 2397 excludere
1214 2340 1390 2397 etiam
1436 2337 1633 2404 debet,

272 2429 550 2494 quantum
578 2428 752 2477 estex
772 2436 864 2487 se,
890 2435 1123 2477 omnem
1172 2420 1458 2477 rationem
1504 2418 1632 2486 viae,

272 2510 328 2559 et
360 2504 573 2559 meriti.
609 2505 676 2557 Et
699 2501 824 2558 ideo
846 2501 1160 2557 secundum
1201 2501 1350 2557 hanc
1391 2499 1635 2557 ordina-

276 2586 425 2641 riam
472 2586 655 2659 legem
687 2599 801 2640 non
829 2582 1192 2655 compatitur,
1230 2579 1381 2655 quod
1429 2581 1637 2654 aliquis

269 2666 615 2738 simpliciter
642 2670 807 2720 extra
834 2664 986 2719 viam
1009 2662 1103 2725 sit,
1152 2671 1207 2718 et
1248 2662 1637 2718 nihilominus

272 2751 574 2803 moveatur
602 2743 673 2801 ad
705 2744 1008 2817 praemium
1037 2741 1218 2799 adhuc
1245 2742 1592 2800 accidentale
1619 2763 1633 2798 ε

267 2834 325 2884 et
349 2827 429 2883 ita
458 2824 834 2900 intelligenda
855 2829 940 2882 est
969 2823 1116 2881 ratio
1144 2822 1307 2880 facta.

36 2936 139 2981 Alia
154 2937 233 2980 oh·
343 2911 435 2965 29.
488 2908 730 2981 Objicies
779 2904 1028 2963 secundo
1061 2926 1074 2961 ε
1106 2921 1225 2961 non
1265 2905 1424 2977 sequi
1464 2921 1535 2962 ex
1568 2921 1635 2962 eo

55 2985 212 3038 1⁸0²*st
262 2989 418 3062 quod
448 2991 723 3046 meritum
777 2988 1051 3061 importet
1097 2987 1385 3043 rationem
1418 2987 1549 3054 viae,
1579 2992 1634 3043 et

265 3079 478 3139 motus,
511 3072 658 3128 illud
698 3088 815 3128 non
855 3086 1015 3144 posse
1041 3073 1360 3142 competere
1400 3070 1506 3137 his,
1535 3071 1633 3142 qui

261 3160 404 3210 sunt
434 3153 495 3208 in
514 3153 771 3209 termino
804 3172 817 3207 ε
846 3167 1001 3225 erg0,
1027 3155 1133 3207 etc.
1165 3147 1449 3206 Probatur
1478 3155 1635 3207 ante·

267 3236 494 3301 cedens,
521 3235 654 3309 quia
679 3251 796 3291 non
820 3236 1119 3308 repugnat,
1140 3231 1289 3305 quod
1320 3232 1530 3303 aliquis
1557 3232 1633 3288 sit

268 3319 332 3374 in
362 3334 478 3374 uno
498 3317 769 3382 termino,
801 3321 858 3371 et
883 3316 956 3370 sit
1000 3320 1164 3371 extra
1214 3315 1375 3370 viam
1423 3312 1493 3369 ad
1541 3313 1631 3386 ip-

266 3416 432 3466 sum;
463 3405 518 3455 et
553 3399 939 3455 nihilominus
968 3397 1140 3470 possit
1172 3395 1355 3452 adhuc
1406 3396 1632 3452 moveri

270 3481 339 3536 ad
366 3481 546 3536 alium
575 3480 896 3534 terminum
925 3500 938 3533 :
968 3494 1103 3552 ergo
1145 3478 1352 3550 poterit
1377 3477 1478 3550 qui
1505 3492 1632 3532 me-

272 3562 453 3618 rendo
483 3561 742 3634 pervenit
793 3559 864 3615 ad
914 3576 1095 3615 unum
1148 3560 1488 3622 terminum,
1532 3573 1630 3614 seu

272 3643 596 3715 praemium,
631 3639 859 3697 moveri
891 3656 989 3711 per
1020 3641 1295 3696 meritum
1319 3638 1388 3695 ad
1417 3639 1550 3695 alia.

222 3773 240 3783 -
345 3723 740 3796 Respondetur
781 3722 1041 3797 negando
1080 3722 1434 3787 antecedenS,
1466 3727 1521 3778 et
1560 3719 1629 3777 ad

95 3800 181 3845 ⁸¹⁰
270 3805 667 3881 probationem
691 3804 995 3861 dicendum
1035 3809 1137 3868 est,
1163 3803 1466 3876 quodlicet
1512 3819 1630 3859 non

271 3890 549 3960 repugnet
569 3885 907 3942 existentem
939 3885 999 3940 in
1042 3900 1159 3939 uno
1205 3885 1455 3941 termino
1502 3901 1631 3940 mo-

269 3969 394 4027 veri
418 3967 487 4023 ad
517 3966 960 4040 alium,quando
983 3966 1265 4023 terminus
1294 3967 1412 4031 ille,
1442 3966 1630 4038 inquo

263 4053 484 4119 existit,
520 4068 635 4108 non
663 4057 746 4107 est
769 4050 1031 4112 ultimus;
1055 4065 1211 4105 secus
1234 4057 1424 4106 autem
1449 4065 1631 4122 quan·

265 4135 341 4192 do
371 4133 667 4207 praedictus
694 4132 979 4187 terminus
1026 4129 1192 4186 habet
1224 4131 1507 4187 rationem
1535 4132 1630 4185 ul-

267 4219 419 4284 timi,
445 4216 711 4307 quisicut
750 4214 1088 4270 existentem
1120 4214 1182 4269 in
1229 4229 1295 4269 eo
1336 4213 1630 4269 constituit

171 4327 174 4330 >
263 4305 430 4357 extra
459 4299 614 4353 viam
657 4294 1014 4367 simpliciter,
1048 4294 1129 4350 ita
1179 4310 1250 4351 ex
1296 4299 1502 4349 natura
1544 4294 1627 4350 rei

270 4379 430 4453 petit,
458 4377 607 4452 quod
631 4377 875 4432 ulterius
898 4390 1014 4430 non
1044 4380 1363 4432 moveatur.
1397 4373 1628 4428 Termi-

269 4477 378 4517 nus
405 4465 595 4515 autem
642 4456 856 4523 meriti,
900 4457 995 4528 qui
1046 4456 1355 4526 opponitur
1395 4452 1524 4516 viae,
1573 4458 1629 4510 et

265 4539 561 4598 constituit
587 4542 795 4593 statum
825 4534 1195 4592 existentium
1243 4540 1404 4591 extra
1445 4533 1622 4599 viam,

263 4620 611 4694 simpliciter
633 4623 714 4674 est
739 4616 1023 4673 terminus
1051 4614 1324 4681 ultimus;
1357 4618 1442 4670 est
1467 4612 1626 4670 enim

262 4710 481 4761 aeterna
523 4696 832 4762 beatitudo,
865 4696 934 4753 ad
962 4712 1134 4768 quam
1162 4711 1232 4752 ex
1282 4700 1490 4750 natura
1542 4694 1625 4749 rei

261 4789 468 4843 caetera
511 4777 709 4837 omnia
756 4776 1146 4834 ordinantur:
1175 4774 1326 4831 unde
1353 4776 1405 4830 ei
1455 4789 1628 4845 repu-

260 4868 420 4941 gnat,
453 4859 604 4933 quod
653 4858 716 4913 in
744 4858 848 4914 illa
874 4858 1144 4922 existenS,
1176 4855 1247 4912 ad
1294 4856 1476 4911 alium
1507 4858 1624 4910 ter-

262 4945 496 5002 minum
522 4957 623 5014 per
647 4940 922 4996 meritum
944 4954 1078 4994 mot·
1081 4943 1262 4995 eatur.

338 5028 435 5085 30.
478 5023 673 5080 Tertio
720 5020 950 5096 oincies
985 5025 1183 5078 contra
1228 5014 1626 5075 confirmatio-

1780 567 1936 619 nem,
1963 552 2173 609 falsum
2201 566 2322 610 esse
2341 553 2531 626 quod'
2512 571 2582 620 is,
2608 555 2706 628 qui
2738 563 3008 625 meretur,
3041 557 3146 615 de·-
3183 571 3325 615 Tenis

1780 632 1909 690 beat
1929 651 2032 707 pro
2048 641 2181 691 tunc
2194 651 2390 693 carere
2412 638 2672 709 praemio,
2692 638 2840 711 quod
2862 647 3143 708 meretur;
3157 619 3357 673 ⁰h¹⁰⁰²¹⁰·

1780 714 1900 771 imo
1929 720 2108 788 potest
2129 716 2192 771 in
2212 714 2413 772 eodem
2443 717 2706 786 instanti,
2742 719 2806 775 in
2833 738 2944 794 quo
2995 738 3144 794 prae-

1779 796 1967 853 mium
1995 802 2271 863 meretur,
2298 797 2445 854 illud
2486 801 2739 873 recipere
2768 817 2939 876 :ergo
2967 805 3141 860 etiam

1777 877 1892 932 erit
1913 877 2143 944 falsum,
2170 878 2319 951 quod
2349 895 2478 937 non·
2509 880 2727 952 possint
2766 885 3001 948 mereri,
3042 885 3141 958 qui

1776 959 2033 1016 existunt
2053 966 2215 1017 extra
2245 963 2424 1028 viam,
2468 968 2524 1019 et
2575 963 2639 1019 in
2661 967 2933 1024 termino.
2962 972 3143 1024 Ante-

1776 1038 1981 1097 cedens
2014 1039 2334 1113 probatur:
2366 1048 2488 1099 tum
2509 1045 2646 1116 quia
2686 1046 2748 1102 in
2771 1046 2970 1104 eodem
3015 1049 3141 1105 ins—

1778 1122 1943 1186 tanti,
1977 1122 2039 1177 in
2078 1138 2190 1194 quo
2243 1124 2416 1181 homo
2464 1131 2723 1182 meretur
2766 1135 3140 1220 augmentum

1773 1201 1998 1274 gratiae,
2032 1208 2211 1274 potest
2242 1204 2389 1261 illud
2438 1205 2709 1278 recipere,
2735 1212 2790 1263 et
2815 1224 2961 1280 saepe
2991 1209 3141 1266 reci-

1778 1283 1878 1355 pit,
1910 1282 2240 1340 utinferius
2261 1282 2407 1342 forte
2433 1285 2708 1352 dicemus,
2752 1292 2808 1343 et
2854 1288 3026 1344 latius
3075 1290 3140 1345 in

1776 1364 2041 1420 Tractatu
2069 1362 2138 1420 de
2161 1364 2473 1423 charitate.
2497 1368 2645 1422 Tum
2661 1368 2857 1436 etiam,
2884 1371 3018 1441 quia
3041 1368 3139 1425 ubi

1775 1451 1966 1502 motus
2011 1448 2097 1501 est
2126 1445 2545 1514 instantaneuS,
2588 1448 2765 1505 simul
2790 1456 2970 1523 potest
3016 1467 3143 1508 esse

1774 1542 1904 1584 cum
1928 1524 2181 1583 termino
2200 1549 2213 1594 ;
2233 1534 2289 1584 et
2316 1530 2396 1586 ita
2419 1530 2480 1586 in
2501 1528 2704 1586 eodem
2727 1531 2964 1587 instanti
2984 1532 3142 1591 adest

1773 1607 2070 1679 generatio
2089 1606 2502 1674 substantialis,
2528 1614 2585 1665 et
2615 1627 2705 1668 res
2729 1627 2829 1684 per
2858 1612 3025 1667 illam
3046 1628 3139 1686 ge·

1775 1689 1898 1745 nita
1930 1710 1943 1745 ι
1983 1689 2129 1746 etin
2168 1689 2369 1746 eadem
2419 1689 2743 1757 duratione,
2789 1694 2853 1749 in
2879 1709 2991 1765 qua
3039 1710 3139 1751 aer

1774 1768 2164 1836 illuminatur,
2199 1775 2283 1825 est
2323 1769 2543 1826 lucidus
2576 1792 2589 1826 z
2635 1774 2911 1828 meritum
2944 1770 3133 1830 aiitem

1771 1849 2038 1920 quamvis
2063 1851 2137 1906 sit
2152 1854 2360 1917 motuS,
2379 1855 2559 1923 potest
2573 1868 2695 1909 esse
2713 1854 3135 1921 instantaneus;

1772 1937 1829 1988 et
1875 1932 2005 1989 ideo
2045 1933 2304 1989 Christus
2357 1934 2572 1990 meruit
2620 1935 2682 1990 in
2735 1935 2975 1994 instanti
3020 1954 3140 1993 suae

1773 2012 2177 2085 conceptionis,
2202 2017 2259 2068 et
2284 2015 2537 2087 Angelus
2570 2015 2630 2070 in
2673 2016 2916 2073 instanti
2964 2035 3128 2076 crea-

1772 2092 1980 2149 tionis:
2002 2107 2138 2166 ergo
2158 2093 2434 2150 meritum
2462 2099 2641 2166 potest
2661 2110 2782 2153 esse
2802 2097 2979 2154 simul
3003 2115 3135 2155 cum

1773 2173 2049 2230 termino.

1846 2251 2243 2326 Respondetur
2271 2251 2534 2328 negando
2563 2254 2918 2324 antecedens,
2936 2257 2984 2312 si
3006 2264 3324 2319 ser-‘solutia

1771 2351 1867 2392 mo
1911 2335 1988 2390 sit
2033 2335 2102 2393 de
2133 2337 2387 2409 praemio,
2438 2335 2591 2409 quod
2633 2335 2805 2393 habet
2848 2340 3134 2398 rationem

1769 2418 2008 2474 termini
2043 2420 2235 2475 ultimi
2268 2424 2521 2492 respectu
2568 2419 2783 2484 meriti,
2817 2422 3005 2492 qualis
3051 2431 3140 2480 est

1770 2499 2073 2567 beatitudO,
2124 2508 2182 2559 et
2231 2502 2378 2558 visio
2425 2502 2583 2557 clara
2630 2502 2766 2569 Dei;
2817 2504 2923 2561 hoc
2973 2506 3139 2563 enim

1770 2583 2099 2654 praemium,
2132 2588 2188 2640 et
2217 2599 2332 2640 non
2362 2581 2522 2639 aliud
2567 2585 2864 2641 constituit
2903 2602 3142 2643 meren-

1767 2668 1884 2719 tem
1912 2669 2076 2719 extra
2100 2670 2312 2720 statum
2342 2664 2471 2727 viae,
2498 2668 2553 2719 et
2575 2661 2646 2718 de
2666 2681 2733 2722 eo
2756 2667 3051 2738 loquimur
3075 2669 3139 2725 in

1768 2743 2224 2802 confirmatione.
2283 2744 2369 2799 Ad
2418 2745 2670 2816 primam
2734 2747 3133 2820 probationem

1765 2826 2075 2885 dicendum
2095 2833 2197 2896 est,
2232 2833 2605 2903 augmentum
2632 2830 2834 2902 gratiae
2864 2831 3128 2888 nondum

1765 2916 2178 2967 consummatas
2211 2927 2329 2969 non
2355 2929 2478 2970 esse
2501 2913 2819 2974 terminum
2852 2915 3129 2971 ultimum

1766 2992 1948 3048 nostri
1977 2993 2191 3056 meriti,
2224 2993 2322 3050 sed
2350 2995 2783 3059 intermedium,
2817 3002 2873 3051 et
2893 2995 3126 3059 vialem,

1763 3073 1863 3143 qui
1894 3070 2135 3144 proinde
2160 3074 2334 3131 simul
2362 3090 2492 3130 cum
2536 3077 2659 3149 ipso
2687 3074 2896 3129 merito
2927 3074 2987 3127 in
3028 3090 3130 3130 or-

1764 3152 1903 3209 dine
1926 3154 1995 3209 ad
2044 3154 2316 3210 ultimum
2359 3156 2530 3213 habet
2579 3157 2863 3213 rationem
2893 3154 3002 3209 viae
3032 3180 3046 3221 ;
3073 3162 3132 3211 et

1764 3234 1849 3289 ita
1877 3240 2057 3306 potest
2103 3234 2278 3289 simul
2305 3250 2427 3294 esse
2466 3253 2595 3294 cum
2635 3236 2861 3299 merito,
2896 3251 3012 3291 non
3068 3237 3132 3291 in

1765 3315 2038 3381 termin0,
2066 3315 2164 3371 sed
2188 3316 2250 3370 in
2277 3317 2392 3373 via.
2419 3317 2504 3372 Ad
2544 3315 2853 3374 secundam
2886 3332 3115 3389 respon·

1733 3393 1951 3461 detur,
1983 3394 2134 3469 quod
2163 3396 2294 3452 licet
2338 3412 2408 3452 ex
2446 3397 2704 3471 generali
2735 3396 2957 3452 ratione
2998 3411 3129 3451 mo-

1764 3479 1857 3530 tus
1884 3478 2206 3547 proveniat,
2236 3475 2383 3548 quod
2414 3477 2688 3534 meritum
2720 3477 2974 3548 requirat
3012 3480 3124 3531 sta-

1764 3562 1886 3613 tum
1912 3558 2052 3625 viae3
2079 3563 2135 3613 at
2173 3557 2322 3630 quod
2363 3558 2690 3631 huJ'usmodi
2717 3558 2809 3616 via
2844 3574 2963 3614 esse
3009 3573 3129 3614 non

1765 3640 1940 3712 possit
1960 3640 2024 3696 in
2047 3641 2245 3697 eadem
2274 3639 2581 3698 duratione
2618 3657 2749 3696 cum
2792 3657 2894 3697 suo
2922 3640 3131 3697 ultimo

1764 3723 2033 3789 termin0‚
2064 3723 2330 3794 provenit
2356 3739 2426 3780 ex
2443 3724 2673 3795 speciali
2694 3724 2917 3780 ratione
2945 3723 3127 3794 ipsius

1763 3804 1979 3860 meriti.
2016 3806 2081 3858 Et
2115 3805 2260 3861 ratio
2286 3809 2390 3872 est,
2421 3804 2554 3876 quia
2600 3806 2875 3862 meritum
2919 3820 2988 3858 ex
3013 3821 3122 3861 na-

1762 3889 1892 3939 tura
1915 3884 1997 3939 rei
2022 3885 2266 3955 postulat
2292 3883 2543 3958 regulari
2569 3900 2670 3957 per
2696 3883 2886 3951 fidem,
2913 3889 2967 3939 et
2991 3901 3126 3956 pro—

1759 3965 1959 4022 cedere
2001 3981 2072 4021 ex
2116 3965 2303 4038 gratia
2349 3982 2466 4022 non
2511 3971 2906 4022 consummata
2949 3982 2962 4016 :
3009 3967 3125 4021 haec

1761 4054 1951 4104 autem
1980 4064 2101 4104 esse
2130 4047 2325 4119 nequit
2352 4048 2530 4104 simul
2556 4065 2686 4104 cum
2717 4047 2939 4104 visione
2983 4046 3120 4105 bea—

1761 4128 1933 4193 tifica,
1965 4135 2021 4185 et
2047 4129 2233 4203 gratia
2255 4135 2670 4195 consummata,
2704 4145 2827 4201 quae
2870 4134 2954 4184 est
2981 4129 3123 4184 ulti-

1759 4229 1891 4267 mus
1950 4211 2234 4267 terminus
2294 4212 2476 4268 nostri
2526 4212 2719 4269 meriti
2766 4233 2780 4267 ε
2825 4211 2977 4267 unde
3018 4228 3124 4268 nec

1760 4291 2038 4348 meritum
2067 4305 2280 4346 cumea
2304 4291 2570 4365 conjungi
2599 4296 2804 4364 potest.
2844 4290 3122 4346 Videatur

1761 4377 1821 4430 D.
1846 4375 2051 4430 Thom.
2085 4373 2105 4428 l
2134 4380 2280 4445 part.
2304 4381 2483 4447 quaest.
2507 4375 2611 4438 62,
2638 4379 2746 4428 art.
2779 4375 2833 4441 4,
2867 4374 2924 4426 in
2968 4391 3115 4446 corp.
3136 4379 3298 4421 D-'l'ho

1757 4464 1808 4512 et
1834 4463 1924 4511 art
1977 4459 2011 4510 5
2041 4456 2169 4511 ad..
2134 4457 2188 4511 9.

1833 4532 1928 4586 31.
1974 4528 2286 4586 Dicendum
2321 4534 2406 4584 est
2447 4527 2732 4584 secundo:
2750 4526 2819 4584 de
2865 4530 3145 4601 potentia
3133 4526 3309 4618 Ssssfflf‘*

1758 4611 2016 4668 absoluta
2041 4626 2158 4668 non
2176 4615 2456 4684 repugnat
2477 4609 3035 4702 comprehensorem.
3059 4618 3114 4668 et
3145 4586 3290 4666 siau

1757 4693 2098 4749 existentem
2122 4697 2284 4748 extra
2314 4707 2679 4748 communem
2702 4692 2854 4746 viam
2877 4695 3113 4749 mereri.

1756 4773 2010 4829 Assertio
2027 4773 2143 4828 haec
2161 4778 2245 4829 est
2269 4773 2405 4828 satis
2431 4770 2773 4829 communis.
2802 4772 2872 4824 Et
2910 4772 3118 4829 suade-

1756 4864 1853 4913 tur
1897 4854 2149 4912 breviter
2176 4879 2190 4922 ;
2214 4855 2488 4928 quoniam
2531 4853 2679 4911 beati
2732 4860 2965 4925 possunt
3011 4855 3120 4910 ha-

1757 4937 1982 5005 bere,et
2009 4935 2221 4993 habent
2247 4936 2316 4993 de
2343 4937 2487 4993 sacto
2509 4936 2703 5008 plures
2730 4938 2883 4990 actus
2905 4935 3120 4994 liberos

1755 5022 1811 5076 et
1840 5015 2018 5073 bonos
2040 5015 2358 5083 moraliter,
2386 5021 2551 5087 atque
2572 5014 2712 5072 adeo
2732 5020 3011 5087 quantum
3034 5025 3122 5079 est
