3647 5753
1616 430 1796 486 DISP.
1841 429 1883 497 1,
1929 429 2097 485 DUB.
2140 431 2209 486 11.

435 600 677 652 manent
697 596 964 665 praedicta
991 602 1233 671 peccata.
1256 600 1607 659 Antecedens
1631 617 1801 659 cons·-

432 680 516 733 tat
539 692 614 733 ex
637 679 930 734 communi
961 680 1126 752 praxi
1169 681 1654 747 Christianorum,
1698 682 1797 755 qui

425 756 633 815 eadem
663 765 884 832 peccata
929 761 1138 834 saepius
1171 762 1542 821 confitentur.
1585 765 1798 820 Conse-

427 840 666 912 quentia
702 857 843 899 vero
885 842 1202 915 probatur:
1252 850 1374 902 tum
1413 846 1548 918 quia
1575 850 1798 918 peccata

427 925 567 977 sunt
587 921 832 979 materia
853 925 1207 981 Sacramenti
1230 925 1593 984 Poenitentiae
1625 947 1638 982 ε
1660 941 1797 1001 ergo

427 1004 480 1058 si
507 1020 643 1060 vere
669 1005 952 1063 destructa
980 1007 1242 1075 fuissent,
1269 1024 1388 1065 non
1418 1012 1646 1080 possent
1673 1023 1796 1065 esse

429 1085 675 1141 materia
699 1087 837 1141 novi
859 1088 1235 1144 Sacramenti.
1259 1090 1405 1144 Tum
1434 1088 1630 1154 etiam,
1660 1088 1796 1162 quia

425 1166 475 1221 si
501 1171 721 1238 peccata
745 1181 861 1223 non
898 1175 1323 1238 permanerent,
1351 1184 1467 1226 non
1491 1174 1675 1242 posset
1699 1185 1795 1226 sa-

426 1244 625 1302 cerdos
642 1262 772 1302 cum
803 1248 1044 1305 veritate
1069 1247 1257 1306 dicere
1285 1269 1298 1304 ε
1322 1249 1441 1319 qu
1467 1257 1515 1305 te
1542 1249 1759 1304 absolvo
1775 1268 1794 1314 ,·

428 1318 648 1378 absolvi
669 1322 827 1378 enim
847 1337 960 1378 non
981 1328 1206 1403 postest,
1223 1322 1335 1379 nisi
1351 1323 1447 1397 qui
1468 1324 1672 1398 ligatus
1684 1329 1787 1380 est.

189 1422 399 1467 anuum·
500 1402 588 1457 Ad
615 1409 1020 1478 argumentum
1063 1404 1450 1478 respondetur,
1493 1406 1791 1463 hominem

193 1483 410 1567 ssgfffflm·
428 1482 722 1540 traducere
768 1483 836 1539 ad
885 1483 1035 1541 filios
1080 1491 1369 1557 peccatum
1417 1486 1704 1560 originale
1729 1491 1792 1542 ut

423 1564 879 1628 instrumentum
927 1565 1156 1630 Adami,
1206 1566 1317 1639 ipsi
1368 1567 1432 1622 in
1483 1567 1790 1625 diffusione

423 1643 676 1716 praedicti
699 1646 907 1717 peccati
929 1645 1369 1702 subordinatum
1399 1667 1411 1703 ε
1439 1648 1792 1703 instrumen-

420 1733 543 1783 tum
591 1734 781 1784 autem
828 1727 1175 1785 sufficienter
1213 1728 1331 1801 agit
1370 1745 1471 1801 per
1508 1731 1787 1786 virtutem

418 1807 753 1879 imperfecte
805 1808 1310 1880 praecontentivam
1358 1810 1607 1876 effectus,
1659 1810 1789 1866 licet

416 1885 572 1942 hunc
608 1885 672 1942 in
710 1888 898 1960 seipso
935 1887 1273 1955 formaliter,
1303 1893 1360 1945 et
1400 1890 1643 1961 perfecte
1669 1894 1785 1945 non

417 1965 624 2023 habeat
659 1987 673 2021 ε
701 1965 1080 2038 quamobrem
1121 1966 1294 2024 homo
1314 1968 1656 2041 justificatus
1682 1985 1787 2041 po-

415 2050 522 2103 test
542 2052 830 2119 peccatum
858 2047 1144 2121 originale
1173 2048 1488 2114 traducere,
1519 2048 1784 2121 quamvis

413 2127 539 2198 ipso
566 2126 892 2183 formaliter
920 2142 1036 2183 non
1085 2129 1424 2185 maculetur.
1455 2129 1613 2193 Quod
1639 2127 1783 2185 satis

413 2208 591 2281 liquet
618 2209 682 2264 in
702 2209 955 2275 semine;
985 2208 1135 2265 istud
1160 2209 1320 2266 enim
1348 2215 1449 2276 est,
1481 2209 1629 2281 quod
1652 2226 1783 2283 pec-

408 2296 599 2347 catum
620 2292 905 2365 originale
933 2290 1334 2348 immediative
1352 2297 1564 2356 causat,
1592 2296 1649 2348 et
1674 2291 1783 2348 dif-

411 2369 637 2433 fundit;
680 2386 1027 2443 quamquam
1065 2376 1282 2427 certum
1310 2371 1404 2437 sit,
1435 2386 1634 2428 semen
1663 2386 1780 2428 non

410 2447 573 2506 infici
603 2449 925 2506 formaliter
950 2456 1175 2524 peccato
1202 2451 1497 2524 originali,
1522 2450 1620 2507 sed
1647 2457 1780 2509 tan-

409 2536 540 2584 tum
562 2529 905 2598 virtualiter,
927 2537 984 2588 et
998 2547 1099 2603 per
1124 2531 1357 2588 modum
1384 2531 1773 2600 instrumenti,

195 2614 370 2657 ⁰1¹1»-
413 2617 478 2665 ut
519 2615 665 2666 recte
701 2609 947 2668 declarat
989 2614 1051 2668 D.
1091 2612 1295 2669 Thom.
1341 2614 1402 2666 in
1436 2613 1490 2675 2,
1521 2612 1651 2668 dis't.
1681 2615 1773 2679 30,

410 2697 596 2764 quast.
637 2692 682 2755 1,
704 2699 811 2747 are.
839 2695 874 2747 2
901 2692 977 2747 ad
1001 2693 1059 2758 4,
1085 2692 1175 2747 his
1196 2691 1389 2748 verbis
1416 2713 1429 2747 :
1466 2713 1490 2744 «
1516 2692 1671 2750 Licet
1694 2709 1778 2750 se·

414 2792 441 2821 a
475 2772 608 2827 men
635 2786 749 2828 non
769 2771 990 2828 'habeat
1017 2770 1080 2827 in
1107 2787 1168 2828 se
1197 2770 1565 2830 infectionem
1593 2773 1775 2845 culpae

413 2874 437 2902 a
473 2849 534 2905 in
581 2855 723 2917 actu,
769 2848 940 2908 habet
982 2856 1178 2909 tamen
1219 2851 1283 2908 in
1320 2850 1533 2911 virtute
1575 2873 1589 2909 ε
1630 2852 1777 2909 sicut

410 2955 435 2985 α
465 2934 639 2990 etiam
672 2939 839 3005 patet,
870 2935 1022 3007 quod
1050 2951 1122 2992 ex
1146 2936 1372 2992 semine
1401 2937 1571 3008 leprae
1596 2951 1773 3010 gene-

407 3039 431 3068 «
468 3022 628 3072 ratur
655 3015 811 3072 filius
847 3018 1125 3090 leprosuS,
1156 3017 1424 3090 quamvis
1451 3019 1514 3073 in
1537 3019 1659 3091 ipso
1677 3035 1772 3076 se-

407 3120 431 3148 «
465 3097 626 3152 mine
667 3112 784 3152 non
811 3098 885 3152 sit
913 3099 1073 3171 lepra
1102 3098 1163 3153 in
1207 3102 1366 3163 actu3
1395 3104 1479 3153 est
1503 3099 1662 3154 enim
1708 3099 1770 3155 in

406 3201 430 3229 a
461 3178 684 3233 semine
712 3178 899 3233 virtus
926 3181 1120 3253 aliqua
1158 3177 1450 3244 deficiens,
1485 3196 1585 3253 per
1610 3181 1771 3254 cujus

402 3281 426 3308 a
461 3256 746 3314 defectum
761 3259 1041 3333 contingit
1059 3259 1308 3317 defectus
1326 3260 1501 3331 leprae
1514 3260 1574 3315 in
1589 3263 1762 3331 prole.

402 3361 428 3389 «
461 3338 747 3395 Similiter
767 3355 838 3395 ex
866 3340 971 3396 hoc
996 3340 1140 3413 ipso,
1169 3339 1319 3412 quod
1349 3339 1415 3396 in
1442 3340 1665 3396 semine
1683 3346 1768 3396 est

400 3443 428 3472 «
463 3420 595 3476 talis
627 3420 945 3492 dispositio,
979 3439 1102 3494 quae
1139 3423 1402 3494 privatur
1426 3421 1529 3477 illa
1551 3421 1768 3493 impas-

400 3523 428 3552 «
459 3499 756 3566 sibilitate,
788 3507 844 3558 et
884 3501 1320 3559 ordinabilitate
1365 3499 1437 3557 ad
1482 3501 1761 3567 animam,

397 3604 427 3634 ιι
457 3597 633 3653 quam
681 3582 743 3638 in
789 3584 980 3655 primo
1004 3588 1151 3640 statu
1200 3599 1403 3655 corpus
1443 3582 1763 3639 humanum

397 3685 428 3714 «
462 3661 722 3726 habebat,
754 3665 1012 3736 sequitur
1031 3662 1182 3736 quod
1210 3664 1273 3719 in
1321 3663 1500 3735 prole,
1531 3679 1657 3734 quae
1683 3669 1767 3720 est

397 3744 778 3816 «susceptiva
836 3747 1140 3820 originalis
1194 3746 1434 3817 peccati,
1491 3744 1766 3802 efficiatur

401 3847 427 3877 α
463 3833 750 3897 peecatum
768 3828 1052 3901 originale
1079 3829 1142 3885 in
1175 3834 1317 3884 actu.
1347 3847 1373 3879 2>
1402 3829 1470 3883 Et
1490 3833 1683 3900 quaest.
1708 3831 1760 3897 4,

391 3905 468 3962 de
497 3908 670 3972 malo,
702 3913 809 3963 art.
835 3910 870 3962 6
901 3907 971 3963 ad
1002 3911 1057 3972 4,
1088 3911 1269 3986 inquit
1299 3927 1316 3959 :
1347 3929 1371 3961 α
1404 3910 1513 3964 Per
1539 3909 1766 3981 Baptis-

398 3989 436 4036 α·
462 4002 624 4041 mum
652 3986 826 4043 homo
871 3987 1151 4045 liberatur
1177 4006 1209 4046 a
1237 3991 1461 4061 peccato
1487 3989 1763 4063 originali

403 4091 427 4122 α
458 4072 737 4140 quantum
768 4068 838 4124 ad
875 4075 1130 4126 mentem
1163 4091 1187 4121 »
1221 4070 1306 4140 (in
1335 4085 1449 4141 qua
1486 4078 1608 4127 erat
1638 4072 1765 4144 pri-

400 4149 552 4205 vatio
571 4149 808 4222 gratiae),
842 4151 986 4207 «sed
1011 4156 1271 4208 remanet
1295 4151 1505 4222 peccati
1532 4152 1766 4211 infectio

402 4252 428 4283 α
455 4234 731 4302 quantum
749 4229 819 4285 ad
834 4247 1066 4287 carnem
1082 4254 1105 4283 ι»
1123 4233 1352 4302 (nempe
1373 4233 1766 4305 concupiscen-

174 4335 345 4383 apost.
398 4312 522 4380 tia).
553 4331 578 4361 α
611 4309 773 4366 Unde
792 4311 1340 4384 dicitApostol.1pse
1366 4317 1558 4367 mente
1575 4313 1766 4370 servio

403 4416 428 4447 α
462 4393 572 4468 legi
601 4393 720 4455 Dei,
751 4410 922 4450 carne
949 4401 1139 4452 autem
1177 4396 1284 4469 legi
1316 4397 1546 4468 peccati.
1584 4399 1766 4454 Homo

402 4499 429 4529 α
462 4480 652 4532 autem
676 4491 791 4532 non
812 4483 1049 4549 generat
1090 4485 1282 4535 mente
1303 4480 1563 4535 carnales
1591 4477 1760 4547 filios,

402 4581 428 4611 (ι
459 4555 557 4614 sed
585 4571 757 4612 carne
781 4564 866 4623 ;et
887 4558 1016 4614 ideo
1038 4575 1154 4616 non
1176 4560 1518 4616 transmittit
1545 4562 1767 4617 novita-

400 4665 427 4694 α
459 4646 577 4696 tem
607 4637 837 4704 Christi,
867 4640 967 4696 sed
996 4646 1337 4700 vetustatem
1366 4641 1592 4698 Adami.
1621 4663 1646 4694 n
1676 4645 1765 4699 An

392 4725 593 4781 autem
614 4717 735 4774 haec
756 4719 1037 4779 traductio
1065 4721 1164 4778 fiat
1194 4723 1496 4780 moraliter
1515 4728 1763 4792 tantum,

394 4822 475 4864 an
497 4802 674 4860 etiam
699 4798 944 4873 physice,
975 4804 1228 4861 decisum
1251 4803 1494 4861 habetur
1520 4807 1581 4860 in
1602 4813 1764 4861 tract.

405 4889 493 4951 13,
524 4886 668 4957 disp.
698 4880 733 4934 3
757 4887 806 4934 et
833 4883 887 4950 4,
922 4883 1019 4940 ubi
1046 4885 1194 4941 hanc
1225 4883 1469 4942 eandem
1497 4884 1768 4958 objectio-

393 4983 537 5025 nem
563 4967 735 5023 latius
755 4965 1054 5022 diluimus,
1081 4969 1245 5022 Nunc
1271 4963 1556 5030 addimus,
1584 4965 1647 5021 in
1676 4965 1768 5037 ip-

389 5068 491 5108 sos
518 5050 814 5106 haereticos
842 5047 1282 5121 retorquendam
1313 5047 1464 5113 fore3
1497 5063 1632 5103 nam
1657 5047 1765 5120 ipsi

3188 426 3299 511 317

1935 600 2064 658 licet
2084 606 2293 676 negent
2314 608 2599 676 peccatum
2622 601 2907 676 originale
2923 613 3058 655 vere
3076 593 3297 653 auferri

1935 697 2035 754 per
2060 682 2439 756 Baptismum,
2469 682 2667 739 dicunt
2694 687 2888 737 tamen
2915 678 3135 736 auferri
3166 692 3298 734 rea-

1931 768 2054 821 tum
2092 762 2162 821 ad
2203 781 2431 837 poenam
2472 769 2769 828 aeternam,
2801 766 2967 835 atque
2994 760 3296 817 hominem

1930 842 2343 917 superinduere
2382 845 2667 920 J'ustitiam
2714 842 2963 909 Christi;
2993 845 3050 898 et
3094 846 3292 895 tamen

1930 924 2103 982 homo
2130 924 2446 998 baptizatus
2482 928 2719 997 generat
2746 922 2934 978 filium
2969 936 3099 977 cum
3130 923 3290 976 reatu
3380 966 3387 973 .

1930 1004 1999 1060 ad
2040 1020 2270 1077 poenam
2316 1010 2613 1068 aeternam„
2658 1009 2714 1060 et
2754 1002 2998 1064 nudum,
3029 1016 3125 1057 seu
3174 1015 3291 1056 non

1928 1085 2197 1141 vestitum
2220 1085 2442 1159 justitia
2468 1083 2678 1140 Christi
2714 1100 2727 1134 :
2766 1099 2901 1157 ergo
2927 1080 3072 1136 sicut
3120 1079 3293 1137 homo

1928 1163 2243 1237 baptizatus
2295 1164 2638 1221 transmittit
2687 1162 2860 1219 illum
2922 1164 3142 1217 reatum
3171 1202 3184 1223 ‚
3234 1164 3291 1216 et

1926 1260 2054 1301 eam
2093 1245 2407 1301 carentiam
2452 1250 2690 1300 ornatus
2731 1258 2832 1315 per
2878 1240 3089 1296 Christi
3117 1240 3294 1314 justi-

1926 1323 2065 1379 tiam
2088 1346 2102 1389 3
2125 1323 2207 1380 ita
2254 1323 2460 1396 poterit
2498 1338 2632 1379 vere
2673 1321 3067 1379 transmittere
3096 1335 3292 1391 pecca-

1927 1409 2047 1460 tum
2093 1405 2395 1479 originale,
2439 1403 2703 1477 quamvis
2731 1402 2851 1475 ipse
2891 1407 3034 1468 actu,
3064 1407 3120 1457 et
3167 1400 3281 1457 for-

1925 1485 2156 1541 maliter
2202 1501 2318 1542 non
2365 1484 2571 1541 habeat
2614 1484 2678 1539 in
2715 1484 2902 1556 seipso
2949 1480 3285 1554 praedictum

1961 1572 2233 1623 eccatum.

1924 1583 1960 1639 p
1996 1645 2081 1702 Ad
2102 1645 2598 1703 confirmationem
2619 1659 2879 1701 concesso
2900 1641 3276 1709 antecedenti,
3296 1640 3474 1733 nfa‘iffl‘s

1921 1743 2195 1800 negamus
2215 1726 2697 1800 consequentiam.
2730 1726 2813 1781 Ad
2841 1725 2999 1800 cujus
3028 1724 3279 1797 primam
3307 1704 3478 1785 satisfi‘t'.

1921 1808 2316 1881 probationem
2344 1808 2669 1874 dicendum,
2699 1814 2917 1879 peccata
2944 1823 3066 1864 esse
3095 1810 3281 1863 mate-

1922 1890 2068 1945 riam
2098 1896 2376 1947 remotam
2397 1889 2751 1946 Sacramenti
2779 1888 3157 1951 Poenitentiae,
3184 1887 3281 1944 do-

1918 1971 2101 2027 lorem
2124 1987 2278 2038 vero,
2309 1977 2365 2029 et
2383 1971 2798 2029 confessionem
2826 1985 2948 2027 esse
2970 1970 3279 2028 materiam

1920 2050 2262 2123 proximam.
2296 2051 2507 2108 Eadem
2535 2056 2725 2107 autem
2767 2050 3013 2106 materia
3036 2054 3274 2113 remota,

1916 2131 1965 2186 si
1995 2148 2094 2203 per
2136 2147 2345 2189 novam
2374 2131 2680 2188 materiam
2724 2130 3049 2203 proximam
3087 2128 3280 2185 deter-

1916 2211 2190 2278 minetur,
2223 2218 2389 2285 atque
2416 2212 2785 2277 informetur,
2817 2216 2999 2282 potest
3024 2225 3193 2274 novo,
3221 2215 3279 2265 et

1915 2289 2195 2350 distincto
2227 2294 2594 2349 Sacramento
2637 2290 2892 2356 servire3
2939 2289 3086 2345 sicut
3136 2289 3273 2362 quia

1913 2390 2059 2447 aqua
2077 2380 2162 2431 est
2190 2375 2432 2430 materia
2468 2379 2686 2431 remota
2725 2371 3024 2444 Baptismi,
3056 2370 3274 2427 ablutio

1913 2471 2051 2513 vero
2070 2456 2323 2529 corporis
2344 2456 2585 2513 materia
2609 2455 2891 2529 proxima,
2911 2452 3111 2510 eadem
3127 2467 3270 2524 aqua

1912 2544 2097 2612 potest
2139 2538 2429 2596 deservire
2480 2538 2725 2594 diversis
2771 2550 3015 2593 numero
3066 2536 3273 2590 Sacra-

1912 2619 2122 2675 mentis
2166 2619 2459 2692 Baptismi,
2496 2619 2546 2674 si
2587 2618 2832 2675 diversis
2879 2613 3271 2672 ablutionibus

1908 2699 2220 2756 successive
2246 2699 2551 2757 deserviat.
2602 2697 2767 2754 Unde
2794 2698 2924 2753 licet
2952 2700 3171 2768 peccata
3208 2695 3272 2751 in

1907 2780 2261 2838 confessione
2305 2797 2441 2838 vere
2469 2781 2709 2837 remissa
2755 2778 2990 2843 fuerint,
3037 2780 3273 2848 possunt

1909 2864 2291 2922 nihilominus
2332 2869 2393 2920 ut
2437 2862 2681 2921 diversis
2726 2861 2931 2924 dolori,
2962 2865 3019 2916 et
3044 2858 3272 2916 confes-

1905 2947 2054 3003 sioni
2080 2947 2400 3020 conjuncta,
2442 2945 2684 3004 diversae
2731 2942 3037 3016 receptioni
3066 2944 3269 2998 Sacra-

1906 3030 2086 3086 menti
2116 3030 2473 3087 Poenitentiae
2500 3028 2813 3086 deservire.
2842 3024 2927 3081 Ad
2953 3023 3263 3081 secundam

1907 3110 2299 3184 probationem
2322 3111 2566 3168 dicimus
2588 3109 2795 3168 verba:
2816 3107 2935 3178 qu
2956 3116 3005 3163 te
3024 3106 3261 3174 absolvO,

1902 3190 2223 3264 significare
2252 3213 2265 3248 z
2290 3191 2574 3264 Quantum
2598 3197 2674 3246 est
2700 3207 2771 3245 ex
2796 3206 2897 3253 mc,
2921 3188 3138 3260 conse-ro
3165 3187 3267 3242 tibi

1900 3269 2325 3329 Sacramentum
2350 3275 2701 3328 remissivum
2740 3272 2963 3342 pcccati,
3003 3286 3097 3323 seu
3122 3284 3258 3338 yra-

1900 3356 2040 3409 tiam
2065 3354 2409 3409 remissivum
2446 3356 2677 3425 peccati,
2722 3356 2782 3406 ut
2806 3351 3056 3406 sumitur
3090 3366 3162 3406 ex
3190 3352 3256 3406 D.

1899 3434 2103 3490 Thom.
2149 3435 2185 3488 3
2207 3441 2353 3506 part.
2379 3440 2558 3510 quaest.
2586 3435 2677 3495 84,
2704 3440 2814 3488 art.
2839 3434 2875 3488 3
2902 3433 2977 3486 ad
3011 3433 3065 3487 4.
3097 3430 3258 3494 Quod
3275 3419 3483 3465 ¹³·T¹¹⁰¹¹¹·

1898 3530 2125 3587 semper
2153 3509 2499 3579 verificatur,
2549 3514 2680 3569 licet
2726 3512 3006 3584 poenitens
3051 3511 3259 3566 remis·

1898 3597 2121 3653 sionem
2161 3595 2476 3652 eorundem
2505 3598 2860 3667 peccatorum
2903 3593 3061 3665 prius
3101 3607 3261 3648 acce-

1901 3676 2079 3749 perit;
2126 3676 2262 3748 quia
2303 3674 2503 3745 recipit
2547 3675 2825 3747 majorem
2871 3672 3118 3746 gratiam
3160 3687 3262 3745 per

1897 3754 2134 3812 modum
2176 3754 2508 3820 remissivae,
2533 3754 2797 3826 quamvis
2825 3755 2948 3809 ac‘tu
2979 3768 3079 3825 per
3107 3753 3258 3810 acci-

1898 3837 2040 3894 dens
2084 3836 2187 3892 illa
2223 3836 2469 3893 exercite
2515 3851 2630 3893 non
2678 3836 2950 3900 remittat,
2999 3835 3097 3891 sed
3133 3834 3255 3908 jam

1897 3918 2179 3974 destructa
2202 3924 2504 3990 supponat.
2553 3918 2705 3974 Sicut
2746 3918 2923 3974 etiam
2971 3917 3253 3973 informa

1898 3998 2246 4055 Sacramenti
2270 3997 2596 4070 Baptissimi
2619 3997 2976 4072 significatur
3001 3997 3254 4054 conferri

1895 4078 2141 4153 gratiam
2165 4094 2266 4150 per
2287 4077 2518 4135 modum
2544 4079 2953 4153 regenerantis,
2972 4078 3103 4134 licet
3125 4075 3259 4150 bap-

1899 4160 2099 4216 tizatus
2118 4166 2473 4233 supponatur
2497 4176 2596 4232 per
2618 4161 2875 4217 accidens
2892 4158 3260 4232 praeexistere

1897 4240 2274 4312 spiritualiter
2310 4241 2538 4315 genitus
2566 4257 2666 4313 per
2704 4243 2953 4314 gratiam
2999 4237 3261 4296 sanctifi-

1897 4326 2141 4386 cantem,
2171 4325 2228 4377 et
2257 4321 2598 4377 emundatus
2633 4337 2664 4377 a
2692 4325 2913 4393 peccato
2933 4319 3207 4394 originali
3242 4341 3257 4376 ε

1897 4404 1954 4456 et
1974 4406 2164 4458 tamen
2185 4416 2411 4473 semper
2435 4417 2503 4457 ea
2528 4401 2717 4458 forma
2753 4399 3099 4466 verificatur,
3124 4399 3261 4472 quia

1896 4480 2082 4552 gratia
2109 4496 2209 4552 per
2234 4479 2591 4552 Baptismum
2619 4482 2825 4537 collata
2860 4480 3259 4553 regenerativa

1896 4564 1998 4627 est,
2047 4563 2103 4616 et
2152 4566 2510 4632 regeneraret
2556 4565 2701 4624 actu,
2752 4565 2809 4617 et
2852 4565 3130 4632 quantum
3176 4564 3263 4617 est

1896 4655 1969 4696 ex
1997 4645 2156 4712 parte
2196 4640 2425 4704 Christi,
2457 4645 2509 4695 et
2548 4640 2955 4697 ministrorum
2998 4641 3261 4697 Ecclesiae

1898 4720 2316 4794 conferentium
2338 4722 2721 4777 Sacramenta.
2747 4719 2855 4776 Sed
2883 4721 3070 4795 maj0r
3092 4720 3187 4794 huj
3198 4737 3263 4776 us
3328 4739 3335 4752 ¹

1898 4802 2240 4859 difficultatis
2266 4801 2538 4859 discussio
2562 4801 2809 4874 pertinet
2847 4801 2916 4858 ad
2949 4804 2984 4858 3
3014 4808 3257 4875 partem,

1900 4885 2019 4942 loco
2041 4885 2300 4957 proxime
2319 4884 2502 4950 citato,
2520 4883 2614 4939 ubi
2630 4884 2796 4941 illam
2821 4890 3064 4941 tractant
3080 4886 3259 4944 Theo-

1901 4966 2031 5040 logi,
2050 4971 2106 5022 et
2129 4965 2312 5024 videri
2335 4969 2883 5039 potestGonettract.
2902 4969 2955 5033 5,
2987 4968 3131 5040 disp.
3166 4969 3249 5033 12,

1901 5056 2009 5103 art.
2043 5049 2095 5103 3.
