3647 5753
474 392 583 453 308
919 411 924 415 -
1423 398 1515 452 DE
1549 361 2133 453 JUST1F1CAT10NE
2172 390 2375 467 nuru,

480 581 507 614 α
536 568 732 653 manet
758 564 948 637 aliqua
965 562 1208 635 macula,
1233 569 1369 642 quia
1390 584 1507 626 non
1534 566 1687 625 tollit
1710 580 1837 641 gra-

478 662 504 695 «
535 646 694 709 tiam,
744 661 869 717 quae
912 652 998 703 est
1034 649 1246 706 animae
1286 650 1474 709 decor.
1505 650 1638 706 Alio
1664 646 1838 704 modo

477 744 504 776 α
535 737 638 816 per
663 724 786 793 hoc,
806 729 957 800 quod
974 731 1360 802 pulchritudo,
1378 749 1504 806 quae
1522 736 1607 790 est
1625 729 1831 806 gratia,

477 827 503 857 «
535 806 850 879 impeditur
879 827 951 868 ne
975 814 1229 871 exterius
1251 819 1540 887 appareat,
1570 813 1716 870 sicut
1735 826 1837 885 per

481 908 506 938 α
536 887 833 977 pulverem
862 892 1226 963 pulchritudo
1266 895 1433 952 faciei
1477 894 1752 960 foedatur3
1778 896 1839 948 et

480 986 505 1016 «
536 966 668 1023 talis
694 973 919 1028 macula
957 977 1039 1029 est
1066 973 1129 1031 in
1156 974 1394 1039 veniali,
1426 974 1560 1046 quia
1586 970 1837 1045 impedi-

481 1064 505 1097 «
536 1048 633 1102 tur
664 1045 831 1104 decor
868 1051 1085 1123 gratiae,
1131 1067 1205 1109 ne
1250 1052 1315 1107 in
1343 1051 1559 1109 actibus
1582 1050 1837 1108 exterius

480 1144 504 1175 <‹
536 1126 882 1185 ostendatur.
954 1150 980 1181 »
1034 1132 1103 1186 Et
1139 1132 1358 1187 similia
1398 1131 1566 1189 habet
1604 1132 1639 1187 3
1679 1138 1831 1205 part.

476 1215 657 1284 quam.
684 1210 775 1274 87,
808 1219 916 1267 art.
948 1214 984 1268 2
1010 1213 1084 1267 ad
1110 1214 1164 1269 3.

560 1290 643 1380 14.
659 1291 761 1382 ‘Ad
789 1294 1021 1349 tertium
1048 1310 1323 1367 negamus
1347 1294 1832 1368 consequentiam,

479 1386 613 1458 quia
654 1373 900 1429 intentio
938 1375 1175 1431 actualis
1200 1375 1569 1432 consecrandi
1598 1390 1715 1431 non
1742 1389 1838 1431 re-

483 1448 690 1521 linquit
717 1452 1008 1509 multoties
1046 1453 1309 1510 ess'ectum
1338 1455 1570 1529 physice
1590 1469 1840 1511 manen-

478 1534 615 1621 tem,
656 1536 714 1588 et
758 1549 790 1589 a
826 1550 889 1590 se
918 1532 1275 1604 distinctum,
1307 1536 1456 1609 quod
1485 1537 1840 1610 appellemus

480 1611 861 1669 intentionem
907 1614 1283 1686 habitualem,
1334 1618 1427 1674 vel
1482 1617 1795 1675 virtualem
1822 1637 1836 1671 :

451 1774 452 1777 Ἴ
480 1690 634 1749 unde
654 1693 803 1749 nihil
830 1695 1109 1770 assignari
1142 1703 1323 1770 potest
1346 1715 1447 1772 pro
1472 1697 1841 1756 constitutivo

482 1772 818 1830 intentionis
845 1775 1173 1844 habitualis,
1201 1778 1312 1835 nisi
1338 1782 1492 1834 actus
1519 1776 1841 1852 praecedens

483 1867 599 1909 non
622 1857 974 1921 retractatuS,
1017 1862 1073 1913 et
1099 1859 1400 1915 moraliter
1429 1871 1838 1930 perseverans:

482 1931 552 1989 ad
578 1933 728 2004 quod
754 1940 947 1992 tamen
988 1943 1225 2010 oportet,
1258 1938 1406 2011 quod
1446 1939 1693 1996 intentio
1721 1952 1841 1994 non

268 1280 454 1338 Solvitur

269 1336 451 1375 ternum.

483 2013 655 2088 longo
698 2020 954 2089 tempore
1006 2020 1372 2090 praeterierit.
1428 2022 1501 2073 At
1552 2021 1865 2091 peccatum*

484 2096 699 2153 actuale
713 2104 902 2155 causat
916 2100 978 2155 in
989 2100 1185 2157 anima
1203 2101 1421 2175 aliquid
1435 2101 1836 2167 intrinsecum,

482 2182 539 2232 et
572 2191 686 2233 non
713 2178 900 2234 solum
931 2182 1249 2247 moraliter,
1281 2181 1381 2238 sed
1407 2182 1583 2239 etiam
1612 2181 1844 2255 physice

479 2262 607 2349 actu
635 2274 1000 2331 permanenS,
1027 2278 1236 2336 nempe
1262 2263 1578 2321 carentiam
1604 2264 1838 2338 gratiam

483 2354 547 2395 in
566 2354 678 2411 qua
705 2341 944 2411 proinde
970 2342 1172 2415 aptius,
1202 2360 1377 2416 quam
1405 2344 1469 2399 in
1498 2348 1622 2400 actu
1648 2359 1844 2416 pecca—

485 2418 709 2476 minoso
730 2421 961 2494 physice
983 2424 1287 2494 praeterito,
1314 2430 1370 2481 et
1391 2424 1692 2481 moraliter
1718 2438 1870 2496 per-.

487 2500 745 2555 manenti
784 2501 1091 2559 essentiam
1134 2505 1341 2576 peccati
1369 2504 1677 2561 habitualis
1702 2519 1843 2561 con-

487 2579 687 2635 sistere
714 2578 1085 2637 affirmamus.

271 2662 461 2705 Occurri-

302 2712 443 2756 ΨΜ.
563 2658 648 2714 Ad
688 2660 958 2717 ultimum
1008 2662 1268 2737 neganda
1293 2663 1469 2719 etiam
1515 2668 1600 2720 est
1643 2679 1846 2721 conse—

311 2761 424 2805 timo.
490 2741 740 2813 quentia,
783 2743 917 2814 quia
961 2743 1105 2799 sicut
1157 2759 1319 2800 amor
1368 2744 1430 2800 in
1477 2744 1682 2800 creatis
1728 2760 1846 2807 non

491 2821 885 2895 ponitaliquid
908 2822 1285 2881 intrinsecum
1309 2825 1373 2881 in
1395 2823 1611 2899 objecto
1633 2830 1841 2892 amato,

484 2903 582 2960 sed
605 2903 751 2960 illud
777 2903 1114 2963 denominat
1142 2907 1460 2964 extrinsece
1488 2930 1500 2962 ι
1530 2907 1612 2964 ita
1631 2907 1848 2965 offensa

486 2999 602 3041 non
647 2984 900 3041 excludit
940 2984 1010 3041 ab
1058 2984 1381 3043 offendente
1421 2987 1675 3060 aliquam
1713 3004 1848 3060 per-

487 3062 788 3121 fectionem
809 3064 1180 3133 habitualem,
1208 3081 1311 3124 nec
1332 3067 1724 3139 privationem
1746 3067 1851 3125 ali-

486 3162 657 3218 quam
669 3145 1019 3204 habitualem
1033 3148 1096 3204 in
1106 3164 1173 3206 eo
1187 3147 1459 3214 inducit,a
1469 3167 1581 3223 qua
1592 3149 1850 3208 denomi-

488 3231 658 3285 netur
667 3225 1039 3286 habitualiter
1052 3229 1217 3285 alteri
1231 3229 1561 3298 offensus,et
1577 3231 1845 3306 injurius;

486 3306 586 3365 sed
611 3308 759 3364 hanc
780 3307 1311 3368 denominationem
1339 3311 1513 3369 habet
1536 3311 1607 3369 ab
1632 3311 1851 3370 offensa

485 3388 793 3461 praeterita,
853 3405 971 3447 non
1019 3396 1335 3458 retractata,
1370 3393 1463 3451 vel
1491 3408 1608 3450 non
1636 3392 1850 3451 condo—

483 3474 634 3527 nata.
694 3471 972 3526 Caeterum
1015 3487 1180 3528 amor
1221 3474 1319 3531 Dei
1365 3490 1500 3548 erga
1547 3469 1849 3530 hominem

484 3550 645 3623 ponit
670 3550 733 3606 in
762 3566 829 3608 eo
856 3552 1109 3624 aliquam
1136 3553 1544 3624 perfectionem
1570 3554 1851 3611 intrinse-

479 3647 629 3699 cam,
698 3648 798 3706 per
842 3649 1014 3706 quam
1075 3633 1141 3690 fit
1201 3634 1483 3711 obJ'ectum
1532 3651 1850 3710 congruum

488 3710 676 3768 divini
718 3714 951 3780 amor'is,
983 3731 1191 3788 nempe
1215 3716 1462 3790 gratiam
1485 3713 1850 3772 sanctifican-

488 3797 625 3849 tem.
668 3791 832 3849 Unde
870 3809 1000 3852 cum
1042 3797 1214 3854 homo
1255 3812 1357 3869 per
1404 3801 1592 3853 actum
1643 3795 1849 3868 peccati

488 3868 750 3928 divinam
779 3874 1095 3932 amicitiam
1133 3875 1423 3941 rescindit,
1456 3873 1708 3931 excludit
1734 3891 1765 3931 a
1792 3889 1853 3930 se

488 3950 711 4024 aliquid·
733 3951 1133 4023 intrinsecum,
1183 3955 1367 4027 ipsam
1415 3954 1680 4012 videlicet
1716 3969 1853 4028 gra-

489 4032 651 4098 tiam,
672 4037 838 4106 atque
854 4036 1102 4093 incurrit
1116 4034 1848 4108 voluntariam,physicam,
1904 4058 1910 4063 ·

488 4119 546 4170 et
597 4121 1033 4186 permanentem
1094 4116 1218 4189 ejus
1271 4116 1708 4189 privationem;
1760 4116 1852 4173 cui

491 4193 731 4267 proinde
759 4196 906 4251 nihil
930 4195 1103 4260 deest,
1148 4201 1212 4251 ut
1239 4200 1528 4269 peccatum
1556 4195 1851 4253 habituale

491 4291 644 4343 vere,
687 4281 742 4332 et
789 4276 1022 4349 proprie
1065 4276 1307 4344 dicatur,
1359 4282 1421 4333 ut
1460 4292 1636 4350 supra
1670 4275 1855 4350 magis

494 4355 961 4429 ponderavimus.

298 4454 456 4515 Qum
577 4431 661 4487 15.
723 4431 935 4495 Quinta
973 4431 1257 4488 sententia
1301 4429 1503 4497 docet,
1546 4429 1856 4487 essentiam

294 4514 454 4557 ⁰⁹¹1110·
496 4511 704 4584 peccati
748 4510 1073 4579 habitualis,
1117 4517 1235 4568 tam
1289 4511 1626 4583 personalis,
1682 4525 1856 4584 quam

495 4590 815 4664 originalis,
846 4592 1156 4649 consistere
1176 4591 1239 4646 in
1261 4590 1517 4647 carentia
1536 4589 1859 4646 conformi-

297 4676 455 4721 curret.
496 4671 628 4728 tatis
662 4669 734 4727 ad
763 4672 968 4745 legem.
996 4670 1085 4728 Sic
1104 4669 1264 4728 docet
1287 4669 1480 4726 Curiel
1510 4671 1556 4735 1,
1586 4671 1641 4736 2,
1672 4676 1857 4744 quast.

283 4725 465 4822 Jffl‘ffl}
494 4755 586 4821 82,
611 4760 721 4810 art.
753 4754 806 4819 3,
832 4754 959 4810 dub.
990 4755 1046 4811 4.
1077 4755 1146 4808 Et
1190 4752 1464 4826 probatur
1509 4752 1677 4809 unico
1723 4750 1861 4807 fun-

495 4833 765 4893 damento
798 4835 1111 4909 :quoniam
1136 4834 1207 4892 de
1248 4834 1470 4891 ratione
1517 4832 1723 4907 peccati
1775 4836 1863 4889 est

493 4918 871 4976 contrarietas
892 4917 961 4974 ad
991 4919 1174 4992 legem
1207 4940 1221 4974 ι
1245 4932 1382 4991 ergo
1407 4916 1551 4973 sicut
1573 4919 1861 4989 peccatum

498 5001 716 5057 actuale
741 5000 1106 5057 constituitur
1134 5016 1236 5072 per
1272 4998 1590 5058 carentiam
1631 4996 1864 5055 confor-

1965 560 2184 619 mitatis
2211 558 2480 633 actualis,
2504 557 2586 613 ita
2607 560 2898 629 peccatum
2913 547 3205 608 habituale
3228 560 3328 618 per

1964 641 2281 700 carentiam
2319 636 2738 697 conformitatis
2791 630 3101 691 habitualis
3146 626 3217 684 ad
3244 627 3331 682 le-

1964 736 2097 796 gem
2129 741 2143 776 2
2172 719 2237 775 in
2257 719 2361 775 hac
2388 717 2566 792 igitur
2585 714 2862 780 carentia,
2887 718 2944 771 et
2965 726 3084 767 non
3112 709 3175 764 in
3203 705 3330 780 pri—

1965 801 2198 857 vatione
2258 799 2457 873 gratiae
2509 795 2766 871 consistit
2822 796 3108 867 peccatum
3161 785 3331 843 habi-

1966 882 2142 940 tuale.

2041 961 2438 1036 Respondetur
2452 959 2771 1018 carentiam
2791 951 3212 1013 conformitatis
3235 949 3332 1005 ha·
3362 956 3544 1011 nqspon-

1967 1042 2203 1099 bitualis
2231 1041 2302 1098 ad
2333 1042 2517 1115 legem
2559 1055 2683 1097 esse
2730 1038 2916 1111 reipsa
2945 1031 3330 1107 privationem
3395 1013 3477 1047 ⁵¹⁰·

1967 1122 2165 1198 gratiae
2190 1120 2627 1185 sanctificantis;
2655 1134 2790 1175 nam
2814 1131 2915 1189 per
2936 1129 3064 1171 eam
3089 1110 3161 1168 de
3187 1109 3332 1167 facto

1969 1202 2342 1260 habitualiter
2370 1200 2481 1275 legi
2503 1199 2962 1261 conformamur,
2991 1197 3046 1250 et
3066 1194 3178 1248 Deo
3203 1188 3332 1245 sub-

1963 1283 2236 1356 jicimur3
2279 1286 2336 1338 et
2379 1280 2486 1337 hoc
2534 1284 2760 1336 tantum
2804 1272 3089 1333 concludit
3124 1269 3332 1326 funda-

1969 1368 2229 1420 mentum
2260 1376 2444 1432 nuper
2467 1373 2802 1432 expensum.
2836 1352 2994 1420 Quod
3041 1353 3090 1408 si
3111 1350 3335 1407 Adver-

1968 1443 2155 1500 sarius
2183 1444 2357 1499 aliam
2380 1440 2696 1499 carentiam
2725 1435 3004 1502 intendat,
3030 1433 3194 1489 nulla
3221 1431 3335 1487 alia

1973 1529 2154 1597 potest
2180 1524 2250 1581 de
2277 1524 2423 1580 facto
2443 1521 2772 1596 excogitari,
2805 1519 2919 1575 nisi
2935 1514 3189 1573 carentia
3208 1528 3337 1570 con-

1971 1604 2285 1662 formitatis
2314 1602 2550 1660 actualis
2597 1600 2668 1656 ad
2706 1601 2909 1673 legem,
2940 1611 3063 1670 quae
3087 1599 3173 1652 est
3211 1592 3334 1666 pri-

1972 1685 2131 1742 vatio
2172 1685 2465 1741 inhaerens
2492 1681 2640 1739 actui
2696 1677 3118 1753 peccaminoso;
3158 1678 3215 1730 et
3257 1673 3337 1730 sic

1970 1763 2241 1821 coincidit
2282 1779 2415 1820 cum
2459 1760 2746 1819 sententia
2796 1753 3154 1832 praecedenti,
3181 1752 3339 1826 quus

1971 1845 2206 1902 motivis
2252 1844 2516 1918 proxime
2568 1840 2946 1898 occurrimus.
2997 1833 3339 1892 Addendum

1971 1932 2056 1983 est
2099 1927 2318 2000 primo,
2380 1924 2726 1998 primariam
2771 1921 3053 1977 rationem
3105 1916 3341 1973 malitia}

1975 2012 2264 2079 repertam
2288 2007 2351 2061 in
2380 2012 2504 2062 actu
2536 2002 2929 2077 peccaminoso
2956 2014 3076 2057 non
3121 1997 3339 2055 consis-

1965 2092 2093 2144 tere
2117 2087 2184 2144 in
2207 2085 2466 2143 carentia
2485 2082 2907 2142 conformitatis
2933 2079 3193 2145 actualis,
3217 2094 3341 2152 quae

1973 2173 2059 2225 est
2077 2167 2455 2225 contrarietas
2483 2164 2805 2237 privativa3
2834 2160 3018 2218 sedin
3046 2158 3342 2217 tendentia

1977 2245 2220 2319 positiva
2240 2245 2311 2303 ad
2339 2244 2618 2320 objectum
2641 2242 2939 2298 dissonum
2963 2239 3198 2305 rationi,
3219 2254 3342 2312 quae

1974 2331 2058 2384 est
2085 2326 2329 2399 positiva
2349 2323 2743 2387 contrarietas
2765 2327 2824 2377 ut
2844 2324 3062 2378 constat
3082 2335 3152 2375 ex
3175 2318 3342 2376 dictis

1976 2414 2137 2463 tract.
2177 2407 2260 2473 13,
2284 2406 2425 2478 disp.
2451 2406 2505 2469 6,
2545 2402 2671 2458 dub.
2712 2403 2766 2468 4,
2800 2419 2923 2457 cum
2966 2399 3174 2455 duobus
3197 2415 3337 2471 seqq.

1978 2485 2144 2542 Unde
2161 2485 2210 2540 si
2252 2488 2659 2560 argumentum
2707 2482 3092 2546 convinceret,
3151 2479 3336 2551 potius

1975 2564 2342 2625 concluderet
2382 2568 2667 2638 peccatum
2697 2561 2987 2619 habituale
3030 2558 3338 2617 consistere

1977 2647 2042 2703 in
2065 2648 2256 2720 aliquo
2284 2646 2527 2721 positivo
2556 2644 2733 2718 :quod
2751 2649 2943 2700 tamen
2960 2639 3340 2697 Adversarius

1979 2745 2097 2786 non
2139 2728 2410 2785 admittit.
2446 2726 2503 2782 ld
2526 2743 2664 2784 vero
2689 2725 2827 2782 satis
2865 2723 3131 2788 declarat,
3175 2722 3341 2777 aliter

1979 2808 2505 2884 philosophandum
2526 2825 2645 2866 esse
2666 2806 2736 2863 de
2763 2808 2983 2878 peccato
3019 2802 3247 2869 actuali,
3280 2817 3343 2857 ac

1978 2889 2050 2947 de
2077 2895 2296 2963 peccato
2310 2888 2613 2953 habituali,
2646 2887 2849 2943 saltem
2871 2901 3002 2941 cum
3026 2883 3244 2941 actuale
3266 2886 3350 2938 est

1981 2976 2266 3044 peccatum
2288 2967 2713 3026 commissionis
2745 2986 2758 3022 ε
2786 2981 2922 3021 nam
2943 2963 3227 3037 primaria
3246 2961 3349 3017 hu·

1974 3054 2067 3127 jus
2089 3050 2233 3108 ratio
2258 3049 2518 3108 consistit
2563 3049 2624 3105 in
2653 3047 2949 3105 tendentia
2992 3045 3236 3118 positiva
3278 3042 3350 3099 ad

1980 3132 2263 3206 obJectum
2296 3131 2508 3188 rationi
2537 3129 2872 3195 dissonum;
2906 3126 2966 3183 id
2987 3126 3198 3200 quippe
3226 3123 3350 3198 pri-

1981 3230 2077 3272 mo
2090 3215 2280 3270 elucet
2303 3213 2368 3268 in
2395 3210 2661 3284 praedicto
2685 3214 2926 3284 peccato.
2958 3211 3032 3263 At
3058 3211 3346 3280 peccatum

1981 3295 2277 3352 habituale
2300 3299 2385 3351 est
2411 3291 2549 3366 quid
2579 3293 2844 3349 relictum
2869 3307 2941 3348 ex
2991 3293 3214 3363 peccato
3253 3302 3347 3343 ac-

1980 3375 2123 3431 tuali
2148 3417 2161 3441 ,
2212 3372 2565 3431 deordinans
2616 3377 2799 3429 totum
2843 3370 3140 3428 hominem
3167 3388 3177 3419 :
3201 3365 3348 3440 quod

1981 3453 2512 3529 indispensabiliter
2542 3469 2660 3510 non
2686 3457 2771 3508 est
2798 3449 2976 3515 aliud,
3004 3464 3178 3522 quam
3222 3447 3348 3520 pri·

1983 3538 2135 3594 vatio
2160 3536 2378 3611 gratiae,
2410 3535 2532 3592 sive
2576 3533 2998 3591 conformitatis
3039 3528 3351 3588 habitualis

1983 3618 2054 3676 ad
2080 3619 2287 3692 legem.
2316 3615 2597 3672 Addimus
2648 3614 2915 3681 secundo,
2968 3613 3351 3688 privationem

1983 3700 2374 3759 voluntariam
2425 3699 2626 3773 gratias
2672 3696 2870 3754 altiori
2923 3694 3093 3752 modo
3139 3692 3351 3767 opponi

1983 3782 2114 3855 legi,
2145 3796 2318 3855 quam
2366 3784 2689 3852 opponatur
2729 3776 2998 3850 quaelibet
3044 3774 3161 3831 alia
3209 3772 3354 3828 ratio

1985 3863 2193 3935 peccati
2214 3879 2226 3924 ;
2249 3877 2385 3918 nam
2408 3859 2658 3917 excludit
2678 3857 2943 3916 ordinem
2991 3854 3060 3913 ad
3083 3855 3356 3911 ultimum

1984 3942 2181 4008 finem,
2217 3941 2281 3997 in
2302 3939 2453 4014 quod
2488 3939 2686 3997 omnia
2728 3943 3004 4009 praccepta
3030 3934 3350 3995 collimant,

1985 4026 2049 4078 ut
2072 4020 2326 4077 diximus
2352 4026 2514 4076 tract.
2565 4019 2629 4074 de
2643 4020 2901 4092 peccatis,
2927 4016 3069 4088 disp.
3112 4016 3194 4082 16,
3226 4012 3355 4068 dub.

1985 4104 2040 4170 5,
2075 4121 2232 4158 num.
2271 4103 2374 4158 135
2400 4108 2449 4156 et
2485 4101 2606 4157 149.

2069 4193 2151 4249 16.
2194 4190 2301 4249 Sed
2349 4189 2622 4264 objicies:
2653 4191 2945 4262 peccatum
2984 4182 3278 4241 habituale
3302 4189 3567 4246 etobjeeua

1987 4275 2204 4332 actuale
2253 4279 2388 4330 sunt
2427 4270 2681 4345 ejusdem
2724 4268 2967 4327 rationis
3011 4265 3285 4341 specificae
3338 4285 3350 4318 :

1985 4373 2123 4431 ergo
2143 4361 2449 4428 utrumque
2476 4353 2642 4410 debet
2667 4351 3054 4410 essentialiter
3081 4349 3355 4406 constitui

1990 4452 2090 4510 per
2115 4435 2356 4492 eandem
2386 4434 2691 4498 rationem,
2731 4437 2898 4504 atque
2948 4429 3075 4487 ideo
3114 4431 3205 4486 vel
3260 4445 3359 4503 per

1987 4515 2307 4574 carentiam
2332 4514 2550 4588 gratiae,
2597 4511 2689 4568 vel
2719 4527 2820 4583 per
2870 4511 3191 4567 carentiam
3221 4524 3359 4567 con-

1989 4595 2318 4660 formitatiS,
2345 4594 2437 4651 vel
2461 4609 2562 4666 per
2609 4590 2839 4664 aliquod
2881 4590 3194 4663 positivum
3247 4589 3358 4665 legi

1989 4677 2375 4737 contrarium.
3097 4666 3103 4672 ’

2066 4750 2481 4824 Respondetur,
2515 4752 2804 4821 peccatum
2843 4744 3156 4812 habituale,
3184 4750 3240 4803 et
3267 4762 3361 4803 ac·
3378 4753 3573 4800 solum».¹

1991 4834 2147 4890 tuale
2174 4846 2291 4889 non
2312 4846 2433 4888 esse
2453 4826 2708 4904 ejusdem
2750 4825 3010 4893 rationis,
3055 4828 3254 4902 logice,
3279 4833 3358 4892 et,

1996 4909 2384 4986 metaphysice
2415 4908 2695 4983 loquendo
2720 4932 2735 4976 ;
2779 4906 3063 4980 siquidem
3091 4907 3367 4965 differunt

1993 4993 2396 5060 essentialiter,
2447 4992 2651 5046 saltem
2709 4987 2931 5044 ratione
2965 4988 3127 5060 quasi
3164 4988 3367 5045 formai

3178 5065 3369 5135 facile,
