3647 5753
473 562 553 625 (ut
584 559 644 615 in
672 561 935 632 exemplo
988 560 1251 632 proxime
1276 557 1515 615 adducto
1560 556 1831 630 persista-

473 644 623 710 mus)
650 657 1022 699 consensuros
1051 641 1173 699 fore
1227 641 1523 706 vocationi,
1556 637 1830 712 quosdam

472 736 609 777 vero
653 720 839 777 eidem
915 723 1212 779 restituros
1246 745 1259 788 ;
1318 726 1374 777 et
1423 724 1832 791 consequenter

472 799 714 881 eandem
737 800 1090 857 vocationem
1120 801 1182 856 in
1224 798 1508 873 aliquibus
1547 798 1667 856 fore
1693 814 1833 855 con-

456 896 695 952 gruam,
728 888 783 937 et
811 882 872 937 in
896 882 1027 937 aliis
1050 898 1166 938 non
1194 895 1504 953 congruam
1541 903 1552 944 ;
1576 880 1832 951 sequitur

473 963 888 1034 congruitatem
954 962 1116 1017 illam
1171 961 1484 1032 importare
1527 960 1831 1031 specialem

474 1041 1004 1112 attemperationem
1054 1041 1208 1097 inter
1247 1043 1430 1113 ipsam
1479 1040 1744 1113 gratiam.
1775 1044 1833 1096 et

475 1119 723 1176 liberum
772 1119 1101 1185 arbitrium,
1159 1118 1585 1177 antecedentem
1643 1120 1833 1176 scien-

477 1204 617 1257 tiam
642 1199 912 1267 mediam,
945 1208 1002 1259 et
1022 1202 1093 1260 ab
1112 1218 1177 1259 ea
1200 1200 1680 1274 independentem
1701 1225 1715 1268 3
1740 1202 1832 1260 vel

474 1282 719 1355 gratiam
750 1296 1062 1355 congruam
1101 1282 1162 1337 in
1184 1297 1305 1339 esse
1325 1281 1456 1338 talis
1486 1296 1600 1338 non
1626 1281 1832 1338 consti-

475 1361 554 1416 tui
616 1378 716 1433 per
775 1361 1100 1434 praedictam
1161 1363 1711 1434 attemperationem,
1770 1367 1834 1418 ut

470 1444 725 1514 vasquez
747 1443 1013 1500 affirmat.
1050 1446 1196 1500 Tum
1226 1450 1517 1517 praeterea,
1548 1450 1604 1501 et
1632 1445 1832 1516 prasci-

472 1536 595 1593 pue‚
621 1522 756 1593 quia
785 1522 875 1579 bic
895 1523 1116 1579 Author
1138 1523 1259 1580 loeo
1283 1539 1456 1596 supra
1483 1524 1652 1580 citato
1671 1541 1829 1580 num.

471 1603 561 1665 35,
582 1617 847 1673 expresse
867 1601 1278 1677 docetgratiam
1291 1620 1603 1678 congruam
1622 1604 1832 1662 habere

470 1684 690 1760 aliquid
718 1687 1072 1741 intentionale
1091 1687 1549 1758 cooperationem
1574 1691 1830 1743 nostram

474 1764 829 1831 antecedenS,
865 1781 964 1838 per
990 1766 1138 1838 quod
1178 1766 1576 1823 antecedenter
1601 1765 1670 1822 ad
1691 1783 1832 1824 con-

473 1861 705 1902 sensum
745 1845 1152 1919 subsequutum
1178 1848 1563 1923 distinguatur
1595 1864 1624 1903 a
1647 1849 1832 1922 gratia

476 1941 593 1981 non
620 1942 866 2000 congrua
900 1944 1052 1999 :quo
1080 1933 1236 2000 pacto
1276 1927 1566 1986 existimat
1586 1944 1645 1984 se
1665 1929 1833 2001 longe

476 2006 562 2061 ire
584 2022 615 2060 a
643 2006 874 2061 Molinae
919 2006 1191 2079 opinione
1233 2008 1360 2064 dub.
1387 2007 1609 2081 praeced.
1636 2008 1833 2080 impu-

470 2090 660 2159 gnata,
698 2092 753 2142 et
791 2087 1015 2144 salvare
1055 2104 1252 2145 veram
1292 2088 1594 2145 efficaciam
1635 2089 1832 2162 gratiae

473 2165 858 2223 antecedentis
885 2190 897 2223 :
931 2170 1306 2242 explicatque,
1340 2169 1668 2242 praedictam
1693 2184 1834 2226 con-

470 2248 780 2320 gruitalem
808 2249 1117 2306 consistere
1138 2249 1201 2305 in
1239 2250 1557 2307 remotione
1582 2249 1833 2322 impedi-

472 2336 822 2396 mentorum,
850 2336 967 2387 tam
1008 2332 1388 2397 internorum,
1419 2347 1592 2403 quam
1638 2337 1834 2388 exter·

474 2424 703 2464 norum.
740 2411 814 2464 Ut
853 2410 968 2465 haec
1004 2416 1194 2467 autem
1216 2410 1602 2476 verificantur,
1633 2416 1690 2467 et
1718 2407 1832 2465 sibi

473 2496 751 2556 constent,
825 2491 1209 2562 impertinens
1272 2496 1359 2547 est
1421 2506 1683 2548 recursus
1760 2490 1831 2546 ad

472 2569 775 2626 scientiam
800 2570 1050 2625 mediam
1080 2592 1092 2625 ε
1123 2570 1237 2625 haec
1258 2570 1466 2642 quippe
1485 2570 1833 2642 speculativa

470 2654 573 2713 est,
604 2654 660 2705 et
687 2663 803 2705 non
843 2655 1096 2706 removet
1122 2647 1535 2721 impedimenta
1570 2655 1826 2715 externa,

471 2733 525 2783 et
547 2729 794 2794 interna,
823 2744 925 2787 nec
951 2728 1167 2801 aliquid
1186 2726 1553 2801 praedicatum
1576 2730 1834 2802 imperti·

473 2813 570 2863 tur
597 2808 831 2884 objecto,
860 2808 973 2865 nisi
1001 2808 1072 2865 ad
1091 2824 1385 2865 summum
1414 2808 1834 2870 denominatio·

476 2905 609 2945 nem
644 2890 1019 2947 extrinsecam
1060 2890 1291 2964 cogniti,
1347 2907 1471 2964 quae
1506 2891 1700 2965 inepta
1747 2896 1834 2950 est

477 2968 545 3025 ad
567 2970 1028 3027 constituendum
1070 2971 1257 3043 ipsum
1295 2970 1358 3026 in
1381 2972 1602 3041 ratione
1623 2978 1833 3030 attem—

478 3050 680 3121 perati,
708 3051 797 3107 vel
826 3049 897 3107 ad
930 3050 1334 3122 excipiendum
1364 3051 1508 3107 illud
1548 3052 1618 3109 ab
1639 3051 1833 3110 obsta-

474 3132 636 3198 culis,
676 3147 801 3203 quae
855 3138 1081 3203 possent
1131 3148 1471 3190 consensum
1524 3133 1825 3206 impedire,

474 3212 562 3267 vel
587 3210 895 3269 retardare.
924 3213 1071 3268 Tum
1100 3212 1364 3286 denique,
1383 3214 1518 3285 quia
1543 3229 1674 3271 cum
1699 3216 1833 3271 Vas-

465 3308 605 3365 quez
651 3298 864 3350 asserat
903 3294 1227 3368 praedictam
1268 3296 1467 3369 gratiae
1509 3301 1566 3352 et
1601 3294 1828 3352 arbitrii

462 3374 996 3446 attemperationem
1050 3375 1363 3447 importare
1409 3376 1561 3432 inter
1603 3377 1717 3432 alia
1746 3392 1832 3435 re·

464 3456 780 3512 motionem
812 3455 1360 3529 impedimentorum
1386 3463 1762 3515 externorum
1775 3463 1831 3517 et

465 3536 1260 3611 internorum‚explicandum
1275 3538 1364 3595 illi
1379 3543 1700 3611 restat,quae
1712 3556 1831 3596 ma-

461 3620 590 3694 jora
627 3616 1041 3691 impedimenta
1071 3617 1336 3676 habuerit
1360 3616 1631 3684 Adamas,
1654 3636 1829 3693 quam

468 3700 693 3755 Saulus.
747 3698 964 3764 Quibus
1003 3698 1306 3757 obstaculis
1360 3698 1651 3772 praepediti
1712 3700 1831 3758 fue-

470 3781 589 3836 rint
612 3781 817 3855 Angeli
845 3781 986 3838 mali
1006 3781 1191 3855 potius
1208 3797 1379 3853 quam
1402 3780 1831 3855 bonwsubqui-

469 3861 572 3916 bus
594 3862 1020 3920 circunstantiis
1042 3862 1311 3935 praevidit
1334 3865 1480 3920 Deus
1508 3866 1648 3932 (esto
1677 3879 1830 3935 prae-

468 3942 719 4013 viderit),
760 3960 861 4016 per
901 3944 1204 4002 scientiam
1222 3944 1475 4001 mediam
1496 3945 1830 4002 constitutos

465 4027 711 4098 Angelos
746 4025 947 4090 malos,
973 4024 1079 4081 sub
1104 4023 1310 4097 quibus
1342 4040 1458 4082 non
1501 4023 1829 4096 praeviderit

466 4103 645 4162 bonos
671 4108 699 4162 Ρ
721 4107 975 4177 Cumque
1022 4105 1355 4170 ridiculum,
1381 4110 1434 4160 et
1482 4103 1830 4161 absurdissi-

464 4203 625 4243 mum
648 4187 721 4242 sit
749 4202 1020 4250 asserere,
1054 4185 1239 4260 magis
1267 4185 1607 4258 impeditum
1654 4186 1830 4244 fuisse

462 4267 769 4332 Adamum,
784 4283 956 4340 quam
973 4267 1236 4331 Saulum;
1250 4270 1308 4321 et
1331 4265 1437 4322 sub
1455 4265 1699 4323 diversis
1719 4267 1828 4323 cir-

459 4349 802 4406 cunstantiis
828 4347 1091 4406 cecidisse
1116 4348 1364 4421 Angelos
1384 4349 1584 4412 malos,
1628 4352 1684 4405 et
1705 4364 1829 4422 per-

461 4445 752 4487 severasse
821 4428 1000 4485 bonos
1029 4451 1044 4495 ;
1096 4428 1419 4500 oppositum
1490 4429 1648 4485 enim
1688 4430 1828 4486 satis

463 4509 768 4566 manifeste
794 4514 1013 4566 constat
1060 4523 1132 4563 ex
1170 4506 1336 4564 dictis
1367 4510 1659 4580 :sequitur
1698 4525 1829 4567 mo·

461 4589 493 4644 d
504 4604 599 4644 um
624 4604 655 4644 a
671 4588 916 4660 Vasquio
930 4586 1317 4660 excogitatum
1334 4589 1827 4661 attemperationis

457 4668 660 4741 gratiae
700 4666 769 4723 ad
792 4665 1127 4734 arbitrium,
1174 4665 1440 4724 inutilem
1494 4672 1550 4724 et
1601 4667 1823 4724 insuffi-

456 4752 705 4807 cientem
737 4764 859 4806 esse
884 4747 955 4804 ad
980 4747 1381 4820 explicandam
1412 4764 1606 4806 veram
1627 4749 1827 4824 gratias

460 4829 791 4887 efficaciam.
1074 4845 1080 4851 ·

529 4910 620 4965 39.
667 4912 787 4974 Quo
814 4910 1142 4982 argumenti
1184 4923 1395 4983 genere
1439 4907 1827 4967 insectabatur

454 4992 596 5049 olim
612 4991 1031 5065 D.Augustinus
1047 4991 1655 5066 Semipelagianos,qui
1669 4991 1827 5050 abso—

364 405 368 410 ’
474 383 544 435 25
1484 377 1576 431 DE
1615 375 1889 431 GRATIA
1929 375 2275 431 EFFICACI.

1965 548 2145 606 lutam
2160 549 2722 622 praedestinationem
2756 549 3028 622 praeviam
3041 545 3110 603 ad
3127 544 3330 602 omnia
3357 558 3551 601 uosm-

1965 629 2192 694 merita,
2214 630 2303 685 vel
2326 629 2597 691 absolute,
2624 629 2715 684 vel
2731 627 3116 684 conditionate
3131 624 3328 679 futura
3345 607 3553 709 μζξῃζῗίᾈ

1964 708 2237 766 nolebant
2276 708 2581 765 admittere
2613 728 2625 764 ε
2654 723 2794 780 quos
2832 713 3027 763 tamen
3070 705 3332 762 confutat
3365 716 3448 798 fx
3475 708 3532 748 1>-

1962 791 2230 862 exemplo
2273 790 2667 862 parvulorum,
2697 803 2941 860 quorum
2969 801 3098 843 cum
3123 783 3334 843 eadem
3392 766 3534 848 ἕξ

1963 868 2038 925 sit
2063 884 2249 935 causa,
2298 868 2568 933 conditio,
2600 875 2655 925 et
2683 868 2966 925 naturalis
3004 865 3327 939 dispositi0.

1966 946 2351 1004 nihilominus
2367 948 2545 1020 aliqui
2561 947 2944 1003 admittuntur
2966 945 3035 1001 ad
3058 960 3327 1020 regnum,

1964 1025 2199 1100 quidam
2252 1043 2390 1086 vero
2430 1028 2501 1084 ab
2568 1043 2636 1085 eo
2685 1026 3086 1084 excluduntur.
3164 1023 3334 1080 Unde

1965 1110 2028 1165 in
2069 1109 2160 1167 lib.
2191 1109 2255 1165 de
2280 1110 2415 1166 bono
2443 1112 2887 1183 'persever-antias,
2929 1125 3049 1180 cap.
3105 1108 3186 1171 ll,
3231 1105 3334 1161 in·-

1964 1189 2085 1259 quit
2117 1211 2131 1246 2
2169 1211 2194 1241 α
2225 1191 2308 1245 Ex
2348 1205 2448 1247 ore
2486 1190 2698 1262 quippe
2743 1188 3075 1251 infantium,
3105 1190 3162 1243 et
3209 1185 3335 1241 lac—

1971 1290 1996 1321 α
2027 1270 2272 1326 tentium
2316 1270 2548 1347 perfecit
2588 1269 2835 1334 laudem,
2869 1275 2927 1325 ut
2957 1267 3104 1342 quod
3133 1268 3196 1323 in
3241 1267 3334 1324 eis

1972 1370 1996 1399 α
2031 1347 2308 1416 videmus,
2339 1365 2585 1423 quorum
2630 1348 3031 1406 liberationem
3052 1347 3199 1404 bona
3225 1361 3336 1401 eo-

1972 1449 1998 1480 «
2030 1444 2158 1484 rum
2203 1429 2412 1485 merita
2450 1430 2611 1485 nulla
2641 1427 3003 1501 praecedunt3
3038 1427 3184 1483 etin
3211 1425 3328 1487 his,

1972 1530 1997 1560 α
2023 1523 2274 1580 quorum
2301 1509 2734 1565 damnationem
2781 1508 3037 1579 utrisque
3061 1520 3332 1563 commu·

1971 1610 1996 1641 c<
2027 1588 2126 1645 nia
2146 1589 2453 1664 originalia
2476 1588 2820 1662 praecedunt,
2846 1588 2950 1644 hoc
2975 1591 3032 1644 et
3052 1585 3114 1640 in
3142 1586 3334 1659 majo-

1972 1692 1996 1722 «
2029 1668 2189 1725 ribus
2233 1669 2361 1727 fieri
2407 1686 2762 1743 nequaquam
2808 1669 3048 1727 omnino
3096 1673 3332 1724 cuncte-

1971 1775 1997 1806 «
2025 1768 2160 1811 mur
2186 1773 2201 1809 ε
2230 1752 2289 1808 id
2324 1758 2428 1821 est,
2457 1769 2574 1810 non
2603 1757 2865 1825 putantes
2893 1752 2983 1807 vel
3007 1747 3331 1806 secundum

1972 1855 1998 1887 α
2026 1851 2128 1892 sua
2179 1834 2388 1891 merita
2424 1834 2672 1908 gratiam
2723 1833 2989 1904 cuiquam
3025 1829 3172 1895 dari,
3232 1830 3332 1885 vel

1972 1937 1997 1967 α
2029 1915 2141 1971 nisi
2163 1913 2283 1969 suis
2311 1914 2537 1970 meritis
2582 1929 2926 1987 quemquam
2956 1910 3169 1983 puniri,
3200 1909 3332 1965 sive

1972 2017 1998 2047 α
2031 2010 2193 2067 pares
2237 1995 2334 2066 qui
2365 1993 2705 2059 liberantur,
2739 2011 2803 2051 ac
2840 1993 2939 2066 qui
2980 1992 3328 2065 puniuntur,

1972 2098 1997 2129 α
2026 2077 2151 2134 sive
2188 2076 2445 2149 dispares
2471 2075 2716 2133 habeant
2742 2091 2939 2132 causas
2979 2075 3177 2130 malas.
3210 2073 3332 2128 Cur

1972 2179 1996 2209 α
2027 2164 2217 2215 autem
2244 2173 2471 2215 causam
2500 2158 2874 2229 parvulorum
2897 2155 2968 2212 ad
2987 2154 3323 2226 exemplum

1972 2262 1997 2295 «
2026 2240 2331 2313 majorum,
2377 2239 2525 2295 ,sicut
2568 2238 2834 2306 scribitis,
2870 2254 2986 2295 non
3030 2235 3331 2309 patiuntur

1971 2342 1998 2375 α
2040 2318 2235 2378 afferri
2279 2317 2563 2385 homines,
2609 2318 2708 2390 qui
2745 2323 2944 2375 contra
2992 2315 3329 2390 Pelagianos

1972 2426 1997 2456 α
2028 2418 2145 2460 non
2165 2401 2429 2458 dubitant
2465 2416 2587 2457 esse
2615 2407 2900 2474 peccatum
2941 2400 3221 2474 originale
3242 2400 3270 2453 Ρ
3289 2418 3318 2446 n

1967 2486 2035 2541 Et
2059 2502 2180 2557 cap.
2220 2486 2303 2549 12,
2330 2481 2620 2557 subjungit
2646 2504 2659 2538 ε
2687 2482 2948 2541 Gratiam
2981 2480 3084 2537 Dei
3110 2497 3219 2535 non
3238 2497 3328 2536 se·

1964 2567 2204 2623 candum
2253 2568 2451 2621 merita
2496 2573 2685 2622 nostra
2730 2564 2906 2634 (idem
2950 2562 3210 2636 intellige
3256 2561 3328 2618 de

1964 2647 2217 2719 qualibet
2237 2647 2486 2704 naturali
2504 2645 2732 2702 arbitrii
2749 2644 3137 2718 dispositione.
3164 2650 3218 2700 et
3239 2648 3332 2699 at-

1966 2729 2400 2801 temperatione)
2426 2727 2571 2793 dari,
2604 2728 2747 2804 quod
2784 2728 3023 2783 lam-esim
3062 2725 3327 2795 Pelayia-

1964 2828 2098 2867 nam
2115 2808 2402 2868 Catholica
2419 2809 2662 2883 defendit
2675 2807 2942 2875 Ecclesia,
2967 2814 3171 2864 remota
3190 2824 3323 2864 con-

1966 2893 2222 2947 tentionis
2236 2892 2469 2962 caliqine
2487 2892 2797 2963 fateamur:
2825 2890 3055 2968 atqueid
3080 2890 3324 2945 maxime

1964 2976 2025 3029 in
2074 2974 2330 3046 parvulis
2375 2973 2703 3028 evidentiore
2748 2974 2976 3028 veritate
3012 2987 3321 3027 cernamus.

1964 3054 2153 3132 Neque
2177 3055 2322 3109 enim
2343 3055 2462 3126 fato
2482 3056 2693 3125 coyitur
2711 3052 2854 3109 Deus
2874 3053 2991 3108 illis
3016 3050 3329 3124 infantibus

1963 3137 2266 3202 subvenire,
2295 3137 2411 3192 inis
2429 3142 2614 3192 autem
2648 3152 2754 3191 non
2772 3135 3073 3202 subvenire,
3104 3151 3228 3189 cum
3253 3135 3329 3188 sit

1963 3219 2209 3294 tetrisque
2235 3233 2402 3274 causa
2431 3217 2753 3272 communis.
2785 3217 2977 3287 Itaque
3001 3214 3144 3270 sicut
3175 3213 3330 3286 quod

1967 3298 2196 3369 parvuli
2223 3296 2458 3371 quidam
2491 3296 2769 3368 recipiant
2796 3296 3061 3370 gratiam,
3091 3293 3331 3367 quidam

1966 3391 2103 3434 vero
2141 3393 2278 3442 non,
2314 3376 2513 3449 nequit
2537 3374 2607 3432 ad
2634 3390 2837 3432 eorum
2870 3374 3326 3447 dispositionem,

1965 3456 2058 3513 vel
2072 3460 2244 3514 attam
2251 3456 2602 3529 perationem
2616 3453 2934 3520 reduci‚sed
2946 3453 3344 3528 revocandum,

1963 3541 2048 3594 est
2068 3537 2137 3594 ad
2161 3536 2558 3594 inscrutabilia
2581 3537 2679 3594 Dei
2700 3533 3033 3611 judicia,qui
3072 3534 3200 3591 illos
3222 3537 3336 3593 mi-

1963 3616 2330 3674 sericorditer
2348 3618 2554 3681 salvat,
2579 3623 2633 3674 et
2656 3617 2791 3674 istos
2809 3616 2882 3674 ob
2904 3620 3185 3689 peccatum
3214 3616 3338 3671 ori·

1962 3697 2159 3771 ginale
2177 3699 2494 3773 justissime
2522 3698 2716 3771 punit:
2737 3698 2815 3754 ita
2829 3697 3002 3754 etiam
3027 3693 3173 3768 quod
3201 3711 3339 3769 gra-

1963 3780 2043 3836 tia
2076 3780 2352 3853 quosdam
2385 3780 2683 3837 efficaciter
2720 3784 3029 3842 convertat,
3054 3776 3334 3851 quosdam

1961 3877 2105 3919 vero
2132 3877 2270 3928 non,
2303 3862 2502 3935 nequit
2537 3861 2730 3918 reduci
2759 3859 2831 3916 ad
2869 3875 3071 3918 eorum
3102 3858 3333 3915 variam

1962 3957 2092 3998 cum
2114 3941 2311 3999 eadem
2359 3941 2545 4017 gratia
2573 3942 3120 4014 attemperationem,
3142 3937 3238 3996 sed
3266 3939 3336 3996 in

1962 4022 2282 4080 voluntatis
2329 4022 2544 4080 divinae
2583 4021 2888 4081 efficaciam
2947 4020 3336 4079 revocandum

1962 4110 2064 4162 est.
2097 4107 2244 4161 Nam
2269 4104 2415 4162 sicut
2444 4105 2667 4162 variam
2713 4105 2778 4160 in
2806 4103 3064 4176 parvulis
3081 4101 3337 4175 disposi-

1962 4185 2179 4242 tionem
2229 4200 2348 4252 n„on
2379 4201 2676 4258 possumus
2714 4182 3073 4240 comminisci
3100 4184 3335 4254 (quam-

1964 4264 2051 4320 vis
2074 4280 2438 4322 recurramus
2479 4264 2548 4320 ad
2575 4279 2774 4321 eorum
2814 4264 3020 4320 merita
3041 4261 3207 4330 bona,
3235 4266 3333 4321 vel

1962 4347 2120 4403 mala
2163 4346 2552 4404 conditionate
2596 4345 2807 4408 futura.
2840 4361 2964 4417 quae
3007 4344 3334 4416 Semipela-

1959 4427 2118 4502 giani
2136 4426 2506 4484 asserebanta
2519 4428 2632 4482 Deo
2644 4441 2744 4498 per
2757 4425 3057 4484 scientiam
3075 4423 3332 4483 mediam

1961 4509 2215 4582 praesciri
2245 4508 2430 4581 ;quod
2458 4509 2577 4566 loco
2601 4508 2770 4566 citato
2809 4507 3020 4564 refutat
3055 4506 3335 4581 Augusti-

1963 4593 2092 4660 nus)
2120 4591 2199 4646 ita
2239 4604 2356 4646 non
2396 4589 2659 4645 valemus
2716 4587 2830 4644 nisi
2872 4586 3138 4662 fingendo
3184 4588 3339 4643 assi—

1959 4685 2141 4743 gnare
2162 4670 2388 4725 variam
2405 4668 2634 4724 arbitrii
2651 4668 3184 4739 attemperationem
3199 4684 3334 4727 cum

1959 4750 2167 4822 gratia,
2199 4747 2271 4806 ob
2313 4765 2488 4821 quam
2516 4747 2635 4804 haec
2673 4747 2737 4804 in
2767 4745 3058 4821 aliquibus
3079 4745 3156 4801 sit
3191 4761 3338 4804 con-

1958 4844 2122 4902 grua,
2153 4832 2210 4887 et
2249 4828 2312 4885 in
2340 4829 2474 4886 aliis
2503 4843 2901 4904 non-congrua
2952 4825 3067 4883 fiat.
3095 4826 3342 4884 Utrobi-

1958 4926 2068 4983 que
2092 4925 2229 4985 ergo
2274 4910 2557 4983 profectus
2577 4909 2792 4967 divinae
2816 4909 3033 4983 gratiae,
3056 4913 3112 4965 et
3138 4907 3338 4966 defec-

1959 4996 2049 5047 tus
2072 4989 2238 5049 nobis
2259 4989 2601 5048 tribuendus
2620 4995 2724 5048 est.
