3647 5753
1471 392 1648 449 DISP.
1693 391 1788 459 111,
1833 390 1998 446 DUB.
2040 389 2110 448 V.

301 568 453 626 sistit
501 569 759 627 influxus
810 569 1072 644 agentis:
1126 582 1426 640 nunquam
1481 569 1673 623 autem

301 651 533 717 dixisse,
578 650 727 724 quod
772 650 849 706 sit
898 648 1037 706 finis
1076 647 1521 723 justificationis,
1564 644 1673 703 Sed

301 731 420 802 haec
455 733 631 790 etiam
679 732 993 805 responsio,
1043 729 1158 786 nisi
1208 729 1545 802 explicetur,
1589 730 1675 783 est

300 813 475 885 etiam
503 812 876 879 insufficiens,
899 817 956 869 et
978 826 1184 884 parum
1207 815 1369 867 curat
1390 808 1459 865 de
1479 813 1673 865 mente

300 893 356 949 S.
389 892 672 957 Doctoris;
699 893 836 965 quia
864 892 927 948 in
955 895 1296 966 argumento
1322 889 1433 949 Sed
1457 896 1667 956 contra,

227 1029 242 1037 -
301 974 393 1043 cui
416 990 534 1032 non
557 975 879 1049 respondet,
910 974 1100 1048 inquit
1133 995 1145 1031 :
1176 972 1441 1030 Rectissio
1472 989 1673 1046 pecca-

20 1563 260 1609 Melior

21 1623 97 1658 es
131 1624 252 1707 gn-

20 1673 266 1766 :affictam

20 1765 257 1809 flentes

20 1958 78 1999 D.
108 1956 253 2001 Tho.

46 4001 104 4042 D.
129 3999 239 4043 Tho.

53 4710 248 4805 ἓὲἒὲἑὲῖ

71 4810 141 4869 tiq
149 4820 243 4864 pec-

299 1062 483 1113 torum
526 1064 604 1112 est
648 1059 780 1130 finis
822 1058 883 1112 in
922 1057 1320 1129 justificatione
1371 1058 1554 1130 impii.
1602 1055 1672 1110 Et

296 1144 410 1195 art.
439 1139 494 1208 8,
527 1137 628 1193 ubi
658 1137 861 1211 repetit
890 1137 1213 1195 doctrinam
1241 1145 1350 1194 art.
1395 1138 1431 1193 6
1484 1135 1670 1193 tradi-

295 1225 437 1286 tam,
469 1221 758 1278 concludit
788 1242 801 1277 :
837 1221 1114 1294 Quartum
1143 1238 1287 1289 vere,
1317 1227 1367 1275 et
1408 1220 1671 1281 ultimum

293 1308 374 1359 est
393 1305 644 1359 remissio
669 1301 853 1376 cvlpae,
885 1302 961 1359 ad
998 1320 1165 1381 quam
1191 1309 1305 1357 tota
1333 1304 1443 1357 ista
1477 1309 1670 1359 trans-

294 1386 534 1440 mutatio
562 1384 857 1441 ordinatur
896 1387 1037 1441 sicut
1066 1385 1142 1439 ad
1166 1386 1349 1457 finem,
1374 1390 1434 1439 ut
1461 1384 1669 1440 dictum

291 1472 388 1531 est,
422 1480 631 1538 nempe
655 1473 768 1523 art.
799 1467 859 1522 6.

379 1546 506 1604 130.
543 1549 733 1612 Quare
754 1547 925 1604 aliter
952 1545 1414 1620 respondendum
1434 1549 1519 1603 est
1537 1561 1667 1603 cum

294 1626 466 1701 CaJ'et.
499 1629 740 1686 Montes.
768 1634 826 1686 et
850 1628 1005 1697 aliis,
1037 1631 1101 1686 D.
1145 1629 1350 1686 Thom.
1396 1627 1554 1701 loqui
1601 1628 1666 1683 in

292 1713 408 1764 tota
449 1709 556 1765 hac
582 1709 892 1783 quaestione
932 1708 1001 1765 de
1022 1708 1429 1783 justificatione
1468 1707 1660 1782 impii,

289 1795 571 1861 quatenus
597 1796 684 1846 est
710 1790 877 1862 impii
903 1787 1249 1862 justificatio,
1279 1793 1336 1845 et
1361 1787 1666 1862 distingui-

288 1875 385 1926 tur
411 1886 445 1928 a
471 1873 724 1945 simplici
767 1872 1142 1945 acquisitione
1176 1870 1436 1944 justitiae,
1474 1870 1664 1944 qualis

288 1952 399 2010 fuit
424 1954 489 2012 in
511 1955 751 2029 angelis,
777 1960 834 2012 et
852 1954 1094 2023 Adam0,
1124 1958 1184 2011 ut
1206 1958 1364 2011 notat
1383 1954 1437 2008 S.
1461 1955 1664 2011 Doctor

287 2045 395 2094 art.
437 2040 483 2094 l.
515 2038 793 2103 Quamvis
832 2043 1022 2094 autem
1046 2036 1377 2112 J‘ustificatio
1408 2036 1662 2094 absolute

286 2116 640 2175 considerata
662 2118 928 2191 respiciat
953 2123 1013 2173 ut
1034 2116 1234 2185 finem,
1261 2123 1315 2173 et
1339 2117 1659 2173 terminum

286 2198 361 2253 ad
403 2216 580 2275 quem,
616 2199 904 2271 justitiam
945 2198 1260 2254 secundum
1300 2213 1395 2264 se;
1438 2197 1659 2255 nihilo-

286 2278 481 2334 minus
501 2277 831 2351 justificatio
859 2278 1048 2351 impii,
1093 2282 1153 2333 ut
1178 2284 1264 2334 est
1290 2277 1460 2350 impii
1482 2276 1658 2351 justi-

285 2358 493 2425 ficatio,
522 2374 638 2415 non
667 2359 897 2431 respicit
925 2364 986 2414 ut
1012 2357 1208 2426 finem,
1240 2363 1298 2415 et
1335 2359 1656 2415 terminum

285 2443 361 2497 ad
386 2460 559 2521 quem,
591 2442 859 2515 gratiam,
892 2443 1014 2499 sive
1037 2442 1322 2515 justitiam
1361 2441 1658 2515 praecisive

289 2530 592 2598 acceptam,
641 2528 698 2580 et
724 2530 1000 2596 quantum
1033 2525 1103 2581 ad
1129 2524 1390 2582 effectum
1432 2524 1657 2597 prima-

286 2606 442 2661 rium
466 2625 479 2659 ε
504 2620 640 2660 nam
656 2603 987 2679 justificatio
1009 2602 1179 2678 impii
1199 2606 1280 2661 sic
1298 2604 1656 2662 considerata

287 2704 403 2745 non
431 2687 809 2762 distinguitur
837 2703 869 2743 a
889 2685 1298 2761 Justificatione
1336 2686 1654 2744 secundum

280 2784 361 2836 se,
396 2782 499 2824 nec
518 2767 763 2841 explicat
786 2767 864 2832 id,
892 2767 1039 2841 quod
1066 2784 1241 2841 supra
1263 2768 1447 2840 ipsam
1472 2766 1648 2826 addit.

279 2847 617 2907 Justificatio
655 2865 792 2925 ergo
845 2849 1031 2923 impii,
1072 2854 1353 2923 quatenus
1398 2848 1549 2916 talis,
1583 2848 1654 2907 de

277 2946 391 3004 qua
411 2931 735 3004 specialiter
766 2930 880 3005 agit
909 2932 975 2986 D.
1005 2929 1209 2987 Thom.
1245 2930 1476 3002 respicit
1514 2946 1652 3004 gra-

280 3014 424 3069 tiam
453 3019 513 3069 ut
539 3029 804 3086 expresse
830 3011 1125 3069 concernit
1151 3011 1414 3068 effectum
1442 3029 1651 3069 secun-

278 3092 510 3150 darium
563 3093 894 3150 remittendi
936 3097 1192 3165 peccata:
1220 3092 1303 3149 sic
1350 3093 1512 3149 enim
1555 3109 1650 3151 ac-

274 3180 436 3248 cepta
472 3174 665 3233 differt
705 3191 738 3231 a
776 3174 1029 3247 simplici
1064 3171 1490 3249 justificatione,
1522 3191 1649 3248 quae

273 3262 359 3315 est
417 3259 664 3333 angelis,
722 3261 780 3314 et
838 3253 1247 3313 innocentibus
1297 3256 1662 3325 communis.

275 3341 633 3414 Quapropter
660 3339 790 3395 licet
820 3338 1086 3395 remissio
1109 3338 1317 3411 peccati
1339 3338 1499 3394 sitin
1527 3354 1650 3396 esse

275 3418 426 3474 entis
470 3419 697 3475 effectus
737 3418 1110 3475 secundarius
1147 3419 1364 3493 gratiae,
1397 3424 1454 3475 et
1497 3418 1650 3475 adae-

277 3504 445 3570 quate
470 3505 634 3556 extra
676 3500 798 3573 ejus
839 3498 1101 3556 effectum
1137 3498 1520 3571 primarium;
1551 3501 1649 3557 ni-

278 3579 598 3637 hilominus
644 3581 823 3637 intrat
862 3579 1062 3647 finem,
1108 3587 1165 3638 et
1205 3582 1525 3639 terminum
1574 3583 1650 3639 ad

275 3679 434 3738 quem
468 3660 890 3735 justificationis
949 3662 1140 3735 impii,
1187 3669 1264 3731 ut
1294 3664 1462 3731 talis;
1511 3663 1648 3736 quia

273 3743 461 3817 gratia
500 3759 617 3800 non
644 3750 867 3801 exercet
895 3761 1109 3801 munus
1138 3744 1398 3812 termini,
1429 3750 1486 3802 et
1512 3744 1648 3802 finis

276 3824 559 3898 praedictae
573 3824 1000 3900 justificationis
1025 3830 1084 3881 ut
1106 3825 1257 3892 talis,
1285 3826 1399 3882 nisi
1422 3842 1648 3883 concer-

277 3904 467 3963 nendo
521 3922 623 3980 pro
673 3907 944 3979 explicito
994 3905 1257 3963 effectum
1311 3906 1644 3965 remittendi

276 3995 500 4060 peccata
524 4007 536 4040 z
565 3994 621 4046 et
648 3988 753 4045 hoc
781 3987 1031 4046 intendit
1055 3990 1120 4045 D.
1150 3989 1355 4046 Thom.
1386 3998 1498 4046 art.
1528 3992 1562 4045 6
1590 3995 1647 4048 et

273 4070 328 4123 8.
362 4069 735 4126 Potissimum
767 4075 979 4137 tamen,
1012 4068 1422 4143 quodattentis
1448 4073 1646 4128 omni-

274 4148 464 4206 busin
492 4151 742 4208 termino
765 4150 1194 4226 justificationis
1221 4151 1390 4224 impii
1421 4151 1644 4227 impor-

273 4234 448 4297 tatur,
487 4237 545 4289 et
580 4233 924 4307 simpliciter
970 4231 1067 4288 dat
1113 4230 1204 4286 illi
1250 4233 1517 4306 speciem,
1560 4240 1646 4291 est

270 4310 661 4379 sanctificatio,
703 4319 758 4369 et
795 4314 1059 4388 justitia:
1109 4317 1166 4367 et
1214 4314 1317 4370 hac
1366 4313 1437 4370 de
1475 4331 1643 4373 causa

273 4390 573 4466 praedictus
619 4400 808 4451 motus
848 4396 1036 4468 potius
1074 4393 1427 4468 justificatio,
1467 4413 1639 4470 quam

270 4473 450 4547 culpae
474 4474 738 4532 remissio
763 4480 1018 4545 vocatur,
1050 4482 1113 4531 ut
1152 4475 1311 4533 docet
1337 4477 1392 4532 S.
1438 4478 1644 4536 Doctor

270 4563 383 4613 art.
435 4558 484 4613 l.
513 4557 673 4623 Quod
720 4558 906 4632 magis
954 4557 1235 4616 constabit
1273 4574 1346 4615 ex
1386 4557 1644 4617 dicendis

270 4638 412 4711 disp.
467 4657 576 4718 seq.
631 4639 759 4696 dub.
824 4641 871 4706 1,
915 4643 947 4710 §
993 4642 1051 4699 2.
1081 4641 1150 4696 Et
1187 4640 1268 4696 ita
1307 4646 1508 4698 cuncta
1545 4657 1643 4699 co-

273 4720 514 4777 haerent.

355 4803 475 4859 131.
510 4803 797 4858 Hactenus
817 4801 1038 4875 loquuti
1061 4817 1260 4857 sumus
1287 4800 1358 4859 de
1384 4802 1495 4869 his,
1520 4820 1643 4876 quae

58 4866 260 4956 “0232ss
273 4882 342 4940 ad
352 4881 823 4958 justificationem
838 4888 1209 4951 concurrunt,
1225 4881 1643 4943 considerando

82 4959 256 5056 5,Ῥέῗὲ

270 4965 374 5022 illa
399 4981 471 5024 ex
511 4970 672 5039 parte
700 4966 937 5040 agentis.
970 4965 1131 5031 Quod
1170 4966 1220 5023 si
1246 4982 1454 5024 eorum
1483 4965 1642 5023 ordi-

92 5070 202 5106 nem.
268 5064 404 5106 nem
424 5065 496 5108 ex
524 5053 686 5122 parte
712 5047 967 5117 mobilis,
992 5064 1091 5107 seu
1121 5048 1272 5124 passi
1299 5050 1642 5124 contemple-

3065 389 3178 445 625

1803 577 1957 631 mur,
2004 561 2311 620 dicendum
2353 567 2436 619 est
2474 562 2920 620 destructionem
2962 561 3174 635 peccati

1804 658 1927 701 esse
1979 644 2232 717 priorem
2278 642 2478 718 gratiae
2524 644 2837 702 infusione.
2880 642 2971 700 Sic
3015 642 3176 700 docet

1806 726 1872 783 D.
1905 726 2107 782 Thom.
2157 726 2220 782 in
2262 727 2527 799 praesenti
2568 734 2677 783 art.
2732 729 2786 792 8,
2819 725 2919 782 ubi
2948 724 3017 782 ad
3048 723 3174 799 pri-
3183 762 3239 805 D.
3262 762 3365 807 Tho.

1805 824 1968 864 mum
2018 815 2444 883 argumentum,
2491 809 2638 883 quod
2678 810 2760 865 sic
2795 807 3169 883 procedebat:

1811 909 1837 940 n
1868 890 2038 946 Prius
2059 895 2142 947 est
2167 889 2429 947 recedere
2457 908 2488 947 a
2509 891 2682 959 malo,
2709 908 2882 964 quam
2912 888 3174 949 accedere

1812 990 1839 1024 α
1869 971 1939 1028 ad
1980 970 2197 1030 honum
2227 994 2238 1029 ε
2268 973 2365 1030 sed
2410 974 2673 1031 remissio
2705 975 2884 1046 culpae
2926 974 3175 1047 pertinet

1810 1072 1838 1106 α
1867 1050 1937 1108 ad
1968 1068 2251 1109 recessum
2281 1070 2313 1110 a
2341 1054 2524 1120 malo;
2556 1054 2772 1110 infusio
2813 1060 3003 1110 autem
3037 1068 3174 1127 gra—

1807 1154 1834 1187 «
1864 1133 1958 1190 tiae
2007 1134 2257 1207 pertinet
2309 1134 2381 1192 ad
2439 1135 2940 1209 prosequutionem
2986 1133 3168 1190 boni:

1806 1234 1834 1267 α
1865 1230 2001 1290 ergo
2027 1216 2330 1273 moraliter
2370 1218 2531 1289 prius
2564 1221 2648 1273 est
2677 1216 2941 1273 remissio
2968 1216 3169 1290 culpae,

1808 1315 1837 1347 α
1866 1311 2037 1368 quam
2062 1296 2276 1352 infusio
2290 1296 2508 1370 gratiae.
2539 1317 2565 1348 n
2592 1296 2913 1369 Respondet
2933 1296 2997 1352 in
3020 1297 3173 1353 hunc

1802 1377 2040 1434 modum
2071 1399 2083 1434 :
2137 1400 2163 1431 «
2201 1378 2538 1444 Dicendum,
2594 1378 2743 1451 quod
2797 1396 3047 1436 accessus
3099 1378 3172 1436 ad

1806 1479 1833 1511 c<
1865 1460 2206 1527 terminum,
2238 1465 2295 1516 et
2316 1475 2566 1517 recessus
2597 1477 2630 1517 a
2656 1461 2906 1517 termino
2933 1459 3174 1534 duplici-

1806 1560 1834 1593 α
1863 1545 1951 1597 ter
1996 1542 2349 1599 considerari
2396 1548 2647 1617 possunt.
2698 1545 2826 1601 Uno
2878 1542 3048 1600 modo
3099 1559 3172 1600 ex

1806 1642 1833 1674 «
1862 1627 2024 1694 parte
2051 1623 2302 1690 mobiliS,
2340 1630 2396 1681 et
2422 1625 2504 1680 sic
2545 1625 2889 1681 naturaliter
2919 1640 3172 1682 recessus

1805 1723 1833 1755 α
1863 1718 1896 1759 a
1922 1704 2176 1761 termino
2217 1705 2481 1779 praecedit
2521 1721 2804 1762 accessum
2846 1705 2916 1762 ad
2963 1707 3170 1762 termi-

1803 1806 1832 1838 «
1861 1800 2024 1841 num.
2057 1786 2226 1843 Prius
2252 1788 2411 1844 enim
2447 1794 2532 1846 est
2572 1789 2634 1844 in
2674 1788 2925 1864 subjecto
2963 1787 3168 1845 mobili
3198 1864 3201 1867 Α

1802 1887 1831 1919 α
1858 1867 2183 1940 oppositum
2211 1868 2359 1941 quod
2399 1869 2683 1943 abjicitur,
2716 1875 2772 1927 et
2800 1869 3161 1943 postmodum

1802 1968 1829 2001 α
1856 1954 1943 2005 est
1962 1947 2020 2004 id
2042 1949 2190 2022 quod
2214 1966 2315 2022 per
2336 1955 2557 2007 motum
2582 1953 2900 2025 assequitur
2925 1951 3164 2008 mobile.

1798 2049 1826 2083 ε(
1857 2028 1964 2085 Sed
1985 2046 2054 2086 ex
2077 2037 2237 2103 parte
2259 2031 2477 2106 agentis
2492 2038 2577 2089 est
2597 2048 2628 2089 e
2649 2049 2926 2089 converso
2947 2056 2960 2099 ;
2992 2048 3166 2107 agens

1799 2131 1827 2164 α
1856 2111 2016 2167 enim
2045 2127 2147 2183 per
2174 2112 2445 2179 formam,
2479 2129 2603 2187 quae
2645 2114 2706 2170 in
2734 2130 2800 2170 eo
2829 2113 3161 2188 praeexistit,

1799 2214 1827 2246 α
1857 2194 1975 2267 agit
2015 2192 2086 2249 ad
2122 2193 2536 2251 removendum
2583 2197 2975 2262 contrarium3
3018 2195 3165 2251 sicut

1797 2295 1826 2327 α
1854 2277 1940 2331 sol
1970 2292 2071 2349 per
2095 2293 2260 2333 suam
2304 2276 2488 2334 lucem
2518 2278 2631 2352 agit
2667 2277 2738 2334 ad
2783 2275 3163 2334 removendas

1796 2357 2136 2416 «tenebras
2170 2360 2239 2414 Et
2259 2358 2388 2417 ideo
2425 2377 2496 2417 ex
2525 2365 2685 2434 parte
2724 2359 2863 2416 solis
2892 2359 3054 2431 prius
3079 2364 3166 2415 est

1795 2438 2224 2509 «illuminare,
2276 2459 2447 2515 quam
2497 2442 2762 2500 tenebras
2809 2456 3158 2498 removere:

1795 2541 1821 2574 «
1851 2521 1948 2578 sed
1987 2539 2057 2580 ex
2086 2528 2247 2597 parte
2275 2525 2424 2580 aeris
2465 2521 2845 2584 illuminandi
2875 2522 3038 2595 prius
3076 2529 3162 2579 est

1794 2623 1820 2654 α
1853 2605 2087 2679 purgari
2117 2621 2149 2662 a
2169 2605 2442 2673 tenebris,
2469 2623 2642 2679 quam
2664 2604 2931 2677 consequi
2955 2605 3160 2661 lumen

1793 2706 1820 2738 α
1850 2686 2055 2744 ordine
2076 2692 2355 2755 ‘naturae3
2387 2689 2516 2745 licet
2545 2693 2854 2761 utrumque
2879 2687 2953 2743 sit
2980 2687 3158 2744 simul

1792 2787 1816 2818 α
1848 2771 2125 2840 tempore.
2161 2771 2230 2831 Et
2273 2771 2408 2842 quia
2462 2770 2677 2826 infusio
2715 2769 2934 2844 gratiae,
2966 2773 3023 2824 et
3063 2783 3161 2826 re-

1790 2870 1818 2904 «
1848 2851 2048 2910 missio
2073 2853 2252 2927 culpae
2272 2852 2543 2911 dicuntur
2565 2869 2634 2910 ex
2659 2857 2818 2927 parte
2848 2852 2947 2909 Dei
2984 2852 3159 2928 justi-

1787 2953 1813 2984 «
1844 2930 2069 2990 ficantis
2095 2959 2109 3002 ;
2167 2935 2295 2992 ideo
2345 2934 2549 2992 ordine
2596 2941 2819 2992 naturae
2869 2934 3028 3006 prior
3074 2939 3161 2990 est

1789 3032 1815 3064 α
1849 3013 2062 3071 infusio
2088 3016 2309 3089 gratiae,
2334 3032 2507 3088 quarn
2535 3017 2715 3087 culpas
2738 3015 3021 3071 remissio,
3046 3014 3155 3070 Sed

1788 3115 1814 3147 α
1845 3094 1893 3150 si
1923 3101 2228 3152 sumantur
2254 3112 2339 3164 ea,
2370 3113 2495 3170 quae
2514 3102 2649 3152 sunt
2670 3112 2741 3153 ex
2771 3100 2930 3168 parte
2957 3094 3153 3150 homi-

1788 3196 1814 3227 «
1846 3175 1937 3230 nis
1958 3174 2269 3249 justificati,
2296 3183 2380 3233 est
2400 3195 2432 3235 e
2457 3192 2765 3242 converso;
2798 3192 2935 3232 nam
2960 3175 3152 3247 primo

1785 3276 1811 3308 «
1843 3261 1926 3312 est
1953 3255 2156 3313 ordine
2184 3261 2403 3313 naturae
2425 3258 2691 3314 liberatio
2713 3274 2744 3312 a
2766 3257 2948 3328 culpa,
2976 3271 3149 3328 quam

1787 3357 1814 3389 α
1843 3336 2210 3410 consequutio
2228 3338 2427 3411 gratias
2442 3337 2831 3413 justificantis.
2864 3356 2890 3388 »
2918 3336 3150 3394 Similia

1780 3416 1951 3474 habet
1977 3425 2161 3497 quaest.
2191 3421 2282 3488 28,
2327 3420 2390 3475 de
2432 3419 2599 3479 Verit.
2641 3426 2753 3475 art.
2800 3423 2857 3485 7,
2902 3426 2950 3474 et
2990 3420 3052 3473 in
3090 3420 3145 3484 4,

1778 3502 1910 3556 dist.
1950 3504 2032 3567 17,
2065 3508 2247 3575 quaest.
2298 3504 2344 3568 l,
2376 3511 2487 3560 art.
2534 3504 2590 3568 4,
2634 3506 2948 3580 quoestiunc.
2992 3503 3049 3558 3.
3081 3503 3151 3556 Et

1781 3582 1930 3640 ratio
1958 3582 2201 3638 habetur
2242 3597 2313 3638 ex
2340 3599 2513 3656 supra
2540 3582 2736 3651 dictis;
2770 3599 2908 3639 nam
2950 3582 3147 3639 consi-

1778 3663 2032 3721 derando
2093 3664 2368 3737 requisita
2415 3663 2485 3720 ad
2543 3663 3017 3738 justificationem
3076 3680 3149 3721 ex

1781 3752 1940 3821 parte
1978 3746 2232 3814 mobilis,
2276 3747 2398 3804 sive
2425 3747 2700 3814 hominiS,
2745 3748 2844 3821 qui
2867 3745 3150 3822 justifica-

1778 3831 1893 3895 tur,
1925 3845 1992 3885 ea
2031 3826 2237 3885 debent
2269 3844 2390 3885 esse
2438 3829 2649 3901 priora,
2683 3845 2806 3902 quae
2852 3845 2913 3886 se
2950 3834 3150 3887 tenent

1775 3924 1849 3965 ex
1876 3915 2036 3982 parte
2080 3910 2262 3982 ipsius
2300 3908 2553 3975 mobilis,
2596 3915 2652 3966 et
2690 3915 3043 3967 concurrunt
3082 3910 3150 3966 in

1776 4005 1986 4063 genere
2039 4006 2219 4047 causae
2263 3990 2584 4048 materialis
2612 4012 2625 4046 :
2674 3990 2772 4048 sed
2827 3991 3061 4065 purgari
3117 4008 3151 4048 a

1778 4077 2000 4144 peccato
2029 4072 2276 4146 pertinet
2303 4071 2373 4128 ad
2397 4088 2577 4147 genus
2608 4088 2790 4129 causae
2829 4072 3151 4129 materialis

1777 4159 2034 4226 respectu
2061 4154 2259 4228 gratiae
2279 4153 2683 4228 justificantis;
2713 4153 2994 4227 siquidem
3024 4169 3149 4226 pec-

1774 4235 1886 4292 cati
1941 4237 2204 4309 expulsio
2261 4241 2345 4293 est
2408 4235 2666 4310 quasdam
2718 4234 3033 4308 dispositio,
3086 4240 3148 4290 ut

1776 4316 1949 4374 homo
1993 4316 2242 4392 gratiam
2291 4318 2566 4391 recipiat:
2609 4333 2744 4391 ergo
2781 4317 2831 4372 si
2878 4314 3147 4373 ordinem

1770 4398 2198 4473 justificationis
2223 4414 2296 4455 ex
2325 4405 2486 4473 parte
2520 4398 2755 4456 mobilis
2790 4400 3149 4473 contemple-

1776 4497 1930 4547 mur,
1960 4481 2118 4555 prior
2139 4485 2225 4537 est
2253 4482 2516 4538 remissio
2537 4481 2735 4554 culpas,
2751 4495 2924 4552 quam
2946 4479 3148 4554 gratiae

1775 4560 2012 4617 infusio.
2064 4560 2222 4625 Quod
2272 4566 2450 4635 potest
2500 4558 2833 4617 confirmari
2881 4558 3147 4631 exemplo

1774 4641 2168 4709 naturalium3
2219 4658 2354 4699 nam
2422 4643 2552 4699 licet
2613 4640 2908 4714 generatio
2971 4641 3146 4697 unius

1774 4723 1976 4781 formae
2014 4724 2087 4780 sit
2127 4724 2418 4798 corruptio
2460 4724 2716 4790 alteriu5‚
2748 4727 2805 4779 et
2847 4724 3144 4796 generatio

1775 4806 2052 4880 praecedat
2094 4823 2166 4865 ex
2226 4813 2387 4881 parte
2432 4807 2652 4881 agentis
2678 4827 2691 4861 ε
2751 4805 3143 4862 nihilominus

1771 4887 2063 4961 corruptio
2108 4893 2194 4945 est
2240 4888 2400 4962 prior
2446 4903 2518 4944 ex
2565 4892 2724 4961 parte
2769 4885 2940 4960 passi,
2971 4889 3028 4943 et
3078 4885 3142 4943 in

1770 4984 1981 5044 genere
2031 4984 2210 5025 causae
2268 4969 2590 5026 materialis
2612 5012 2625 5026 .
2680 4967 2999 5025 Videantur
3063 4973 3132 5028 N.

1772 5049 2055 5122 complut.
2081 5050 2144 5105 in
2163 5050 2258 5106 lib.
2281 5051 2346 5107 de
2362 5057 2603 5121 yenerat.
2626 5051 2768 5124 disp.
2795 5050 2849 5117 3,
2868 5058 3052 5127 quaest.
3077 5054 3132 5123 5,
3154 5060 3357 5115 complut.
