3647 5753
1383 400 1561 455 DISP.
1610 401 1678 464 11,
1724 402 1891 458 DUB.
1935 405 2027 460 VI.
3018 416 3129 471 439

271 592 383 632 non
410 590 569 646 posse
595 574 805 648 absque
832 571 1348 646 infusione-gratias
1374 569 1631 627 sanctifi-

268 656 473 712 cantis.

343 738 559 791 Verum
578 735 694 791 haec
713 732 993 807 expositio
1013 730 1165 788 haud
1183 732 1364 806 magis
1385 747 1633 788 consona

269 821 351 873 est
376 816 560 872 menti
593 817 654 892 1).
699 815 904 871 Thom.
949 829 1120 886 quam
1153 811 1550 883 praecedentes,
1578 815 1634 867 et

270 900 512 957 omnino
552 897 820 956 coincidit
869 912 998 953 cum
1043 894 1270 969 prima,
1321 900 1377 951 et
1415 893 1632 950 eisdem

271 983 503 1039 motivis
526 980 830 1038 refellitur.
867 978 1085 1043 Quibus
1125 976 1391 1033 addimus
1417 979 1472 1033 S.
1504 979 1635 1033 Doc-

266 1071 453 1121 torem
483 1064 712 1121 nullum
740 1059 972 1134 quidem
1001 1058 1243 1116 verbum
1273 1060 1357 1115 eis
1384 1058 1521 1115 locis
1549 1057 1634 1114 fe-

260 1148 402 1204 cisse
432 1147 575 1220 legis
596 1142 926 1207 ordinariae,
959 1157 1072 1214 qua
1102 1140 1271 1197 modo
1295 1141 1358 1196 in
1388 1139 1635 1195 Ecclesia

265 1229 431 1302 impii
476 1226 908 1302 justificantur;
952 1223 1048 1281 sed
1099 1229 1323 1279 tantum
1371 1220 1634 1279 conside-

269 1326 421 1369 rasse
474 1310 735 1383 proprias
784 1308 1035 1375 rationes
1064 1305 1294 1385 peccati,
1325 1310 1382 1362 et
1408 1303 1629 1378 gratia),

268 1401 415 1453 etex
448 1394 566 1450 illis
613 1391 995 1456 conclusisse,
1048 1386 1465 1461 impossibilem
1514 1401 1636 1442 esse

279 1475 675 1534 remissionem
708 1473 914 1547 peccati
944 1471 1155 1544 absque
1196 1468 1490 1526 infusione
1509 1484 1636 1542 gra·

284 1560 373 1614 tite
403 1579 417 1614 ε
445 1574 582 1632 ergo
609 1554 955 1619 voluntarie,
999 1558 1055 1609 et
1093 1552 1219 1607 sine
1260 1549 1636 1606 fundamento

287 1640 569 1696 limitatur
619 1639 741 1711 ejus
805 1634 1076 1692 resolutio
1117 1632 1187 1689 ad
1235 1630 1636 1699 remissionem

75 740 238 782 Pnrclu·

95 790 208 833 ditur.

288 1720 509 1792 peccati,
544 1723 711 1792 prout
738 1715 807 1772 de
836 1716 979 1772 facto
1006 1712 1069 1768 fit
1095 1713 1157 1769 in
1188 1711 1452 1769 Ecclesia.
1488 1709 1637 1765 Prai-

286 1809 443 1865 terea,
471 1798 735 1856 remissio
776 1796 1006 1868 peccati,
1034 1798 1202 1867 prout
1227 1792 1297 1849 de
1320 1792 1463 1856 faeto
1491 1786 1554 1844 fit
1575 1788 1638 1846 in

289 1880 546 1946 Ecclesia,
595 1875 994 1950 complectitur
1051 1874 1400 1930 infusionem
1440 1871 1639 1946 gratias

288 1960 705 2024 sanctificantiS,
737 1975 836 2014 seu
858 1962 1087 2031 gratum
1119 1954 1406 2019 facientis;
1435 1957 1491 2009 et
1510 1968 1641 2009 con·

287 2046 600 2117 sequenter,
633 2040 680 2095 si
711 2043 776 2094 D.
806 2038 1012 2094 Thom.
1039 2038 1225 2093 solu-m
1254 2032 1634 2097 concluderet,

290 2122 663 2180 necessariam
709 2135 832 2176 esse
853 2117 1205 2174 infusionem
1232 2114 1432 2189 gratiae
1473 2111 1640 2169 habi-

292 2204 459 2260 tualis
494 2201 563 2258 ad
612 2197 1011 2257 remissionem
1055 2196 1300 2269 peccati,
1360 2199 1526 2266 prout
1570 2192 1642 2250 de

296 2284 436 2341 facto
457 2282 517 2339 iit
541 2283 604 2344 in
625 2280 872 2337 Ecclesia
897 2324 908 2343 ,
949 2282 1173 2334 tantum
1196 2276 1485 2332 evinceret
1508 2318 1520 2340 ,
1570 2273 1641 2330 ad

296 2365 638 2422 infusionem
664 2362 859 2435 gratiae
886 2358 1196 2415 habitualis
1233 2372 1353 2413 esse
1382 2371 1642 2414 necessa-

297 2445 445 2500 riam
489 2439 795 2499 habitualis
830 2439 1026 2512 gratiae
1080 2436 1475 2493 infusionem:
1517 2451 1642 2508 quae

299 2526 602 2599 propositio
627 2528 709 2580 est
730 2521 991 2587 identica‚
1016 2526 1071 2577 et
1095 2518 1335 2577 evidens
1353 2534 1425 2574 ex
1448 2518 1644 2575 termi-

299 2607 408 2673 nis,
438 2610 492 2662 et
516 2603 752 2678 indigna
772 2607 927 2658 tanto
948 2604 1197 2658 Doctore.
1225 2599 1488 2676 Denique,
1509 2598 1557 2654 si
1582 2599 1644 2655 in

297 2688 431 2745 locis
468 2701 634 2758 supra
666 2683 859 2741 relatis
898 2699 1012 2739 non
1038 2682 1154 2755 egit
1200 2684 1263 2737 D.
1315 2682 1522 2737 Thom.
1574 2679 1645 2737 de

312 2768 643 2825 remissione
687 2764 892 2838 peccati
941 2762 1211 2841 absolute,
1241 2767 1298 2819 et
1328 2760 1644 2819 secundum

285 2866 346 2906 se
372 2846 739 2912 considerata,
785 2848 949 2916 atque
977 2841 1436 2917 independenter
1463 2859 1496 2900 a
1523 2840 1645 2897 dis-

287 2930 562 3003 positione
597 2927 919 2984 extrinseca
948 2924 1067 2989 Dei,
1100 2928 1266 2997 prout
1291 2922 1557 2997 splendet
1582 2920 1645 2977 in

288 3010 546 3075 Ecclesia,
577 3008 835 3081 sequitur
856 3008 912 3061 S.
939 3007 1237 3062 Doctorem
1267 3003 1479 3060 nullibi
1508 3018 1646 3077 prae·

285 3093 491 3149 dictam
523 3089 915 3145 difficultatem
947 3091 1242 3151 tractasse,
1273 3084 1370 3142 sed
1392 3099 1520 3141 eam
1549 3085 1645 3139 in-

285 3177 488 3230 tactam
518 3171 817 3243 reliquisse
844 3191 856 3225 :
882 3167 1095 3224 nullibi
1117 3168 1277 3224 enim
1325 3166 1641 3238 operosius,

282 3261 337 3313 et
365 3254 547 3330 magis
573 3269 644 3310 ex
686 3251 939 3325 professo
972 3292 985 3314 ,
1035 3265 1209 3322 quam
1248 3247 1531 3321 praedictis
1559 3248 1647 3305 lo-

284 3338 364 3393 cis
397 3333 797 3392 remissionem
830 3330 1506 3403 peccaticontemplatur.
1533 3331 1649 3384 Hoc

284 3423 473 3475 autem
496 3418 733 3488 apparet
753 3410 1091 3468 incredibile
1117 3432 1129 3467 ε
1155 3415 1276 3466 tum
1297 3411 1435 3488 quia
1457 3409 1649 3482 huJus-

182 3491 189 3492 *
283 3497 439 3555 modi
467 3493 769 3552 difficultas
796 3496 879 3549 est
904 3491 1041 3547 satis
1066 3491 1283 3564 gravis,
1314 3495 1370 3547 et
1396 3492 1460 3546 D.
1493 3489 1651 3546 Tho-

282 3594 437 3635 mam
459 3574 710 3633 minime
732 3571 959 3629 latebat.
991 3572 1141 3626 Tum
1164 3571 1300 3645 quia
1322 3587 1453 3627 cum
1478 3569 1652 3627 resol-

282 3659 384 3722 vit,
416 3652 839 3729 impossibilem
862 3667 983 3708 esse
1011 3651 1416 3708 remissionem
1439 3649 1650 3723 peccati

280 3739 493 3813 absque
522 3737 819 3794 infusione
843 3734 1042 3809 gratias
1062 3732 1490 3799 sanctificantis,
1523 3748 1652 3788 ma-

282 3821 491 3878 nifeste
548 3815 834 3890 permittit
878 3814 1242 3889 hypothesim
1275 3857 1288 3881 ,
1332 3829 1457 3886 quae
1496 3830 1653 3870 nun-

279 3917 453 3974 quam
495 3899 612 3956 fuit
637 3898 700 3954 in
729 3895 1013 3960 Ecclesia,
1062 3895 1181 3952 imo
1209 3911 1311 3952 nec
1352 3895 1415 3951 in
1457 3911 1652 3951 rerum

280 3987 490 4038 natura
517 3975 708 4050 :quod
736 3975 873 4031 satis
894 3975 1126 4044 evincit,
1158 3975 1350 4048 ipsum
1376 3990 1491 4031 non
1513 3973 1654 4032 adeo

283 4059 656 4119 restrinxisse
681 4071 846 4112 suam
881 4054 1226 4122 doctrinam,
1256 4055 1402 4112 sicut
1424 4057 1656 4111 Arauxo

281 4141 564 4200 intendit.
596 4136 658 4193 Id
678 4153 816 4194 vero
837 4136 1020 4210 liquet
1045 4153 1117 4192 ex
1143 4138 1462 4210 quaestione
1486 4136 1654 4192 citata

281 4223 352 4280 de
388 4222 578 4280 Verit.
614 4220 676 4274 in
721 4234 861 4290 resp.
905 4216 980 4272 ad
1007 4218 1061 4285 5,
1094 4216 1189 4273 ubi
1220 4219 1301 4274 ait
1333 4238 1346 4274 ε
1382 4238 1408 4270 α
1450 4216 1658 4273 Dicen-

285 4325 313 4356 (ι
355 4301 517 4368 dum,
553 4296 704 4371 quod
730 4296 837 4354 etsi
864 4295 1049 4353 Adam
1091 4297 1156 4353 in
1182 4302 1330 4353 statu
1358 4312 1475 4353 suae
1517 4312 1658 4353 con-

286 4405 313 4435 «
354 4378 603 4438 ditionis
637 4379 888 4453 gratiam
937 4392 1055 4437 non
1096 4376 1299 4434 habuit
1341 4376 1657 4434 secundum

285 4485 313 4515 α
354 4461 659 4536 quosdam,
681 4459 916 4532 ponitur
939 4463 1136 4514 tamen
1152 4457 1224 4513 ab
1244 4456 1481 4524 eisdem,
1508 4456 1659 4531 quod

286 4565 314 4595 ιι
357 4550 491 4602 ante
536 4557 735 4598 casum
789 4538 1038 4614 gratiam
1083 4544 1169 4595 est
1206 4537 1442 4612 adeptus
1468 4559 1481 4595 :
1507 4537 1660 4596 unde

289 4647 314 4677 «
358 4642 391 4681 a
417 4628 576 4680 statu
620 4620 822 4696 gratiae
865 4618 1117 4686 decidit,
1168 4625 1224 4676 et
1271 4636 1387 4676 non
1409 4620 1599 4677 solnm
1626 4635 1661 4675 a

289 4729 315 4760 a
356 4709 509 4762 statu
557 4708 798 4760 naturae.
844 4700 955 4759 Sed
1001 4705 1196 4758 tamen
1224 4702 1273 4757 si
1303 4718 1334 4759 a
1361 4702 1484 4759 solo
1510 4706 1659 4758 statu
1701 4704 1705 4709 ’

290 4812 315 4842 «
358 4791 590 4845 naturas
613 4783 932 4851 decidisset,
961 4783 1349 4840 nihilominus
1379 4788 1572 4840 tamen
1590 4782 1660 4840 ad

289 4891 318 4922 α
358 4866 756 4941 expiationem
800 4862 1047 4922 infinitae
1072 4863 1301 4922 offensae
1322 4863 1540 4919 donum
1567 4863 1661 4918 di-

290 4975 318 5006 «
361 4951 519 5007 vinae
546 4947 747 5022 gratim
775 4946 1184 5022 requireretur.
1235 4967 1261 4998 lo
1307 4947 1385 5002 De
1410 4962 1524 5019 quo
1551 4945 1661 5002 du-

286 5032 383 5089 bio
408 5030 697 5105 sequenti.
741 5047 748 5054 ·

1837 576 1966 631 202.
1992 576 2359 651 Sed-opponit
2379 583 2644 649 Araux03
2669 599 2804 639 nam
2830 586 2892 641 D.
2918 584 3125 641 Thom.
3166 601 3317 655 onien-

1766 654 1829 710 in
1872 658 2141 728 praesenti
2170 661 2432 728 articulo,
2467 662 2529 718 in
2557 679 2794 735 corpore
2832 664 2902 721 de
2928 664 3127 722 eadem
3142 652 3316 745 Δῑῑῐζῇξῗ

1767 739 2107 797 remissione
2130 743 2337 814 peccati
2364 744 2634 817 loquitur,
2661 744 2731 801 de
2752 763 2862 818 qua
2884 747 3130 821 inquirit
3315 733 3327 745 ⁸

1766 819 1977 911 inejus
2005 822 2172 878 titulo
2206 844 2218 878 :
2250 825 2346 880 sed
2374 826 2439 880 in
2469 825 2635 883 titulo
2666 827 2912 900 inquirit
2937 827 3007 884 de
3036 843 3130 885 re-

1766 901 2045 958 missione
2107 904 2339 974 peccati,
2392 910 2563 977 prout
2608 906 2874 962 remissio
2923 907 3128 979 peccati

1768 981 2042 1053 importat
2068 984 2237 1057 impii
2277 983 2767 1058 justificationem,
2801 992 2856 1043 et
2883 987 3133 1044 interio-

1769 1077 1893 1118 rem
1923 1063 2179 1120 hominis
2209 1066 2647 1122 renovationem
2672 1090 2685 1132 ;
2711 1068 2810 1127 ‚sic
2837 1067 2995 1123 enim
3026 1068 3132 1123 ha-

1769 1142 1901 1199 het:
1939 1143 2136 1200 Utrum
2164 1147 2238 1200 ad
2277 1148 2650 1201 remissionem
2676 1149 2858 1220 culpas,
2905 1167 3019 1225 quar
3056 1156 3131 1204 est

1757 1225 2089 1296 justificatio
2117 1228 2296 1299 impii,
2329 1229 2651 1304 requiratur
2668 1230 2863 1297 yratioe
2884 1230 3095 1302 infusio
3117 1248 3133 1281 .·

1767 1322 1904 1379 ergo
1930 1322 2059 1362 cum
2106 1309 2360 1373 resolvit,
2395 1317 2512 1366 non
2560 1325 2721 1381 posse
2749 1310 2997 1385 intelligi
3041 1326 3134 1368 re-

1769 1388 2105 1445 missionem
2131 1390 2337 1463 peccati
2369 1389 2580 1463 absque
2603 1391 2893 1448 infusione
2914 1393 3129 1466 gratiae,

1771 1484 1889 1525 non
1911 1470 2166 1542 loquitur
2194 1469 2263 1526 de
2294 1472 2634 1527 remissione
2681 1473 2887 1544 peccati
2931 1490 3138 1530 secun-

1769 1549 1910 1606 dum
1952 1568 2032 1616 se,
2066 1557 2121 1608 et
2163 1552 2458 1624 praecisive
2497 1552 2887 1621 considerata3
2930 1555 3027 1612 sed
3068 1555 3138 1613 de

1771 1632 1970 1690 eadem
2000 1640 2061 1690 ut
2085 1635 2482 1709 complectitur
2510 1636 2851 1693 interiorem
2881 1638 3139 1694 hominis

1774 1718 2226 1781 renovationem,
2256 1720 2314 1774 et
2337 1723 2507 1789 prout
2527 1718 2592 1774 fit
2616 1719 2928 1776 secundum
2953 1723 3137 1795 legem

1772 1798 2149 1856 ordinariam.
2185 1802 2264 1856 Eo
2290 1802 2384 1857 vel
2415 1803 2694 1869 maxime,
2720 1804 2869 1876 quod
2912 1807 2966 1861 S.
2997 1807 3138 1862 Doc-

1773 1887 1864 1937 tor
1887 1879 1950 1936 in
1972 1881 2076 1936 hoc
2096 1881 2353 1948 articulo.
2373 1880 2444 1938 ‘et
2472 1891 2581 1939 art.
2606 1886 2668 1950 ’1,
2692 1887 2912 1957 proeced.
2945 1885 3014 1943 de
3040 1902 3140 1942 ea-

1772 1961 1905 2019 dem
1936 1962 2275 2018 remissione
2304 1965 2513 2035 peccati
2543 1966 2796 2037 loquitur
2823 1991 2836 2034 ;
2881 1967 3139 2041 alioquin

1775 2044 1974 2099 minus
2000 2048 2409 2115 consequenter
2443 2046 2772 2116 procederet
2805 2068 2817 2102 :
2847 2064 2983 2121 ergo
3009 2064 3138 2104 cum

1773 2132 1885 2181 art.
1922 2126 1961 2189 l,
1987 2140 2313 2181 sermonem
2341 2125 2540 2181 fecerit
2562 2126 2631 2183 de
2661 2128 2999 2186 remissione
3023 2146 3143 2203 pec-

1773 2205 1905 2269 cati,
1937 2221 2061 2277 quae
2101 2204 2374 2278 importat
2401 2206 2738 2263 interiorem
2769 2208 2935 2281 impii
2967 2225 3141 2266 reno-

1776 2286 2089 2351 vationem,
2134 2288 2412 2359 sequitur,
2459 2287 2607 2360 quod
2649 2287 2720 2344 de
2745 2289 2943 2346 eadem
2976 2297 3142 2363 prout

1775 2369 1857 2425 sic
1871 2366 2247 2434 considerata,
2262 2366 2463 2424 debeat
2486 2368 2755 2442 intelligi,
2777 2385 2904 2424 cum
2927 2371 2986 2425 in
3005 2387 3143 2444 prae-

1775 2450 1925 2507 senti
1949 2449 2214 2516 affirmat,
2249 2467 2367 2506 non
2393 2466 2553 2523 posse
2579 2450 2826 2525 intelligi
2857 2453 3143 2510 remissio-

1779 2547 1911 2588 nem
1944 2531 2158 2603 peccati
2183 2529 2393 2603 absque
2421 2531 2622 2604 gratiae
2652 2532 2966 2589 infusione.
3260 2583 3264 2586 ,

1852 2611 2124 2676 Secundo,
2146 2617 2201 2667 et
2223 2612 2522 2685 urgentius
2539 2616 2716 2683 potest
2731 2614 2940 2685 opponi
2964 2636 2977 2680 ;
3006 2629 3142 2669 nam
3223 2628 3297 2669 se-

1777 2692 1922 2748 sicut
1968 2694 2030 2748 D.
2083 2692 2288 2748 Thom.
2323 2691 2388 2747 in
2430 2692 2700 2763 praesenti
2745 2692 2994 2749 affirmat
3028 2710 3145 2751 non
3176 2676 3326 2724 cunda.

1779 2790 1942 2846 posse
1970 2774 2218 2847 intelligi
2250 2780 2542 2846 peccatum
2575 2774 2812 2840 remitti,
2844 2777 2985 2847 quin
3011 2793 3148 2851 gra-

1779 2855 1859 2912 tia
1895 2852 2266 2916 infundatur;
2315 2853 2396 2911 sic
2439 2855 2499 2909 in
2541 2856 2575 2910 3
2618 2864 2768 2929 part.
2823 2864 3003 2934 quast.
3052 2858 3142 2925 86,

1777 2943 1889 2992 art.
1920 2938 1977 3003 2,
2008 2939 2067 2991 in
2094 2953 2333 3008 corpore,
2380 2937 2583 2992 asserit
2629 2958 2641 2992 ε
2697 2937 2862 3009 Quod
2893 2940 3150 3011 impossi-

1778 3017 1883 3073 bile
1906 3024 2000 3084 εει,
2023 3025 2306 3089 peccatum
2332 3019 2548 3073 actuale
2575 3019 2807 3073 mortale
2833 3021 2949 3073 sine
2973 3021 3150 3091 ρωπί-

1780 3102 1952 3155 tentia
1979 3100 2209 3164 remitti,
2246 3099 2510 3175 loquendo
2549 3100 2613 3154 de
2651 3103 2993 3172 poenitentia,
3039 3119 3152 3177 qua:

1778 3188 1855 3235 est
1883 3182 2062 3235 virtus
2091 3198 2107 3232 .·
2134 3184 2189 3235 et
2218 3179 2609 3236 nihilominus
2639 3181 2752 3236 haec
2780 3181 2952 3237 verba
2974 3181 3151 3236 intel-

1781 3260 2046 3335 liguntur
2068 3259 2137 3316 de
2167 3260 2515 3317 remissione
2544 3261 2751 3333 peccati
2776 3261 2920 3317 facta
2946 3276 3151 3317 secun-

1782 3339 1920 3396 dum
1949 3339 2281 3397 ordinarias
2309 3340 2675 3398 remissionis
2700 3343 2867 3415 leges,
2895 3346 2955 3397 ut
2975 3357 3151 3413 expo-

1784 3424 1933 3475 nunt
1981 3420 2380 3476 communiter
2426 3420 2753 3485 Thomistae‚
2813 3425 2868 3477 et
2918 3420 3153 3476 tradunt

1782 3501 1959 3558 etiam
1992 3500 2095 3556 alii
2128 3501 2390 3556 Doctores
2423 3520 2435 3555 ε
2464 3517 2599 3574 ergo
2625 3501 2823 3557 eodem
2853 3501 3023 3558 modo
3051 3516 3152 3574 po-

1784 3586 1910 3646 test,
1938 3584 1994 3637 et
2020 3579 2186 3636 debet
2207 3581 2271 3652 D.
2305 3579 2509 3636 Thom.
2540 3581 2602 3635 in
2633 3582 2894 3653 praesenti
2920 3582 3147 3653 exponi.

1865 3660 1947 3716 Ad
1995 3661 2251 3746 primam
2312 3657 2690 3733 objectionem
2754 3663 3147 3745 respondetur,
3167 3699 3351 3744 Solvitur

1786 3734 1962 3792 verba
1991 3734 2114 3801 illa,
2144 3749 2268 3805 quae
2299 3734 2360 3788 D.
2394 3734 2597 3791 Thom.
2631 3737 2694 3790 in
2725 3739 2955 3793 articuli
2986 3738 3154 3793 titulo
3193 3761 3337 3802 prima.

1787 3815 2009 3891 adJecit,
2033 3829 2258 3886 nempe,
2279 3831 2392 3888 quae
2405 3815 2816 3887 estjustificatio
2835 3820 3013 3890 impii,
3037 3832 3154 3875 non

1787 3896 1916 3953 ideo
1943 3893 2137 3952 addita
2162 3893 2358 3961 fuisse,
2380 3895 2516 3968 quia
2537 3897 2591 3952 S.
2617 3897 2820 3953 Doctor
2843 3895 3158 3959 intenderit

1788 3991 1956 4050 agere
1984 3973 2054 4032 de
2080 3974 2422 4031 remissione
2451 3976 2677 4047 peccati,
2732 3982 2900 4048 prout
2924 3984 3008 4033 est
3036 3981 3154 4038 for-

1789 4057 2023 4114 maliter
2059 4054 2427 4129 justificatio;
2469 4055 2608 4111 satis
2633 4057 2843 4130 quippe
2868 4060 3160 4118 constabat

1791 4138 1862 4196 ad
1903 4138 1962 4194 id
2014 4137 2233 4211 requiri
2275 4137 2475 4211 gratiae
2515 4137 2891 4205 infusionem,
2938 4145 3000 4195 ut
3039 4143 3160 4215 jam

1791 4224 1860 4277 D.
1877 4221 2083 4278 Thom.
2104 4220 2432 4277 ostenderat
2453 4228 2635 4295 φωνεῖ.
2671 4224 2694 4276 1ν
2710 4222 2792 4287 10,
2814 4229 2922 4279 art.
2967 4226 3012 4289 l,
3039 4244 3162 4281 cum

1789 4303 2158 4382 sequentibus,
2195 4304 2261 4356 Et
2290 4300 2419 4357 ideo
2446 4302 2509 4357 in
2538 4303 2890 4361 resolutione
2916 4304 3162 4363 difficul-

1791 4385 1927 4440 tatis
1955 4399 2072 4440 non
2114 4381 2381 4454 probavit
2421 4382 2814 4439 necessitatem
2855 4386 3055 4459 gratiae
3092 4405 3163 4446 ex

1791 4481 1879 4532 e0,
1910 4464 2060 4537 quod
2085 4464 2305 4536 impius
2328 4462 2699 4519 renovandus
2726 4463 2800 4520 sit
2816 4488 2828 4531 ;
2857 4465 2954 4522 sed
2978 4469 3164 4540 potius

1792 4563 1864 4603 ex
1904 4561 1991 4612 e0,
2047 4544 2199 4618 quod
2254 4549 2543 4618 peccatum
2597 4544 2672 4600 sit
2726 4548 3158 4619 remittendum,

1792 4626 2073 4683 conclusit
2101 4631 2455 4699 peccatorem
2487 4626 2885 4682 renovandum
2915 4629 3036 4686 fore
3064 4648 3165 4704 per

1792 4708 1993 4783 gratias
2019 4707 2397 4775 infusionem,
2433 4711 2495 4761 ut
2522 4706 2821 4766 evidenter
2849 4715 3066 4768 constat
3094 4730 3163 4770 ex

1796 4795 1973 4848 textu.
2017 4792 2083 4846 Et
2124 4790 2262 4862 quia
2307 4794 2642 4846 ostensurus
2688 4797 2829 4858 erat,
2875 4799 3163 4864 peccatum

1797 4887 1916 4929 non
1953 4886 2113 4944 posse
2143 4870 2381 4935 remitti,
2414 4869 2555 4941 quin
2586 4870 2799 4942 impius
2820 4872 3163 4946 justificetur

1798 4969 1901 5028 per
1930 4951 2284 5008 infusionem
2310 4951 2512 5024 gratias
2531 4951 2963 5024 sanctificantis,
2983 4974 3163 5033 prop-

1799 5039 1956 5093 terea
1977 5032 2048 5089 ab
2076 5031 2200 5104 ipso
2225 5030 2463 5089 exordio
2490 5032 2722 5090 articuli
2743 5035 3014 5111 onjunxit
3043 5055 3166 5098 rec-
