<?xml version="1.0" encoding="UTF-8"?>
<!DOCTYPE html PUBLIC "-//W3C//DTD XHTML 1.0 Transitional//EN"
    "http://www.w3.org/TR/xhtml1/DTD/xhtml1-transitional.dtd">
<html xmlns="http://www.w3.org/1999/xhtml" xml:lang="en" lang="en">
 <head>
  <title>
</title>
<meta http-equiv="Content-Type" content="text/html;charset=utf-8" />
  <meta name='ocr-system' content='tesseract 3.04.00' />
  <meta name='ocr-capabilities' content='ocr_page ocr_carea ocr_par ocr_line ocrx_word'/>
</head>
<body>
  <div class='ocr_page' id='page_1' title='image "./collegiisalmant00carmgoog_0723.png"; bbox 0 0 3647 5753; ppageno 0'>
   <div class='ocr_carea' id='block_1_1' title="bbox 22 4700 71 5151">
    <p class='ocr_par' dir='ltr' id='par_1_1' title="bbox 22 4630 71 5151">
     <span class='ocr_line' id='line_1_1' title="bbox 22 4700 71 5151; textangle 90"><span class='ocrx_word' id='word_1_1' title='bbox 22 4990 71 5151; x_wconf 37' lang='lat'><strong>{3²52}</strong></span> <span class='ocrx_word' id='word_1_2' title='bbox 22 4932 71 4972; x_wconf 52' lang='lat' dir='ltr'><strong>&#39;a</strong></span> <span class='ocrx_word' id='word_1_3' title='bbox 35 4874 63 4905; x_wconf 51' lang='grc' dir='ltr'>η</span> <span class='ocrx_word' id='word_1_4' title='bbox 24 4811 67 4844; x_wconf 63' lang='lat'><strong>(5.</strong></span> <span class='ocrx_word' id='word_1_5' title='bbox 24 4700 68 4791; x_wconf 46' lang='lat'><strong>{7¹²}</strong></span> 
     </span>
    </p>
   </div>
   <div class='ocr_carea' id='block_1_2' title="bbox 1470 441 3176 510">
    <p class='ocr_par' dir='ltr' id='par_1_2' title="bbox 1470 441 3176 510">
     <span class='ocr_line' id='line_1_2' title="bbox 1470 441 3176 510; baseline 0.007 -15"><span class='ocrx_word' id='word_1_6' title='bbox 1470 441 1648 498; x_wconf 88' lang='lat' dir='ltr'><strong>DISP.</strong></span> <span class='ocrx_word' id='word_1_7' title='bbox 1693 443 1764 510; x_wconf 85' lang='lat'><strong>11,</strong></span> <span class='ocrx_word' id='word_1_8' title='bbox 1807 444 1973 502; x_wconf 92' lang='lat' dir='ltr'><strong>DUB.</strong></span> <span class='ocrx_word' id='word_1_9' title='bbox 2019 446 2062 503; x_wconf 91' lang='lat'><strong>1.</strong></span> <span class='ocrx_word' id='word_1_10' title='bbox 3070 449 3176 507; x_wconf 89' lang='lat'><strong>701</strong></span> 
     </span>
    </p>
   </div>
   <div class='ocr_carea' id='block_1_3' title="bbox 313 612 1694 1967">
    <p class='ocr_par' dir='ltr' id='par_1_3' title="bbox 313 612 1691 1234">
     <span class='ocr_line' id='line_1_3' title="bbox 315 612 1690 670; baseline 0.006 -16"><span class='ocrx_word' id='word_1_11' title='bbox 315 612 503 664; x_wconf 73' lang='lat' dir='ltr'><strong>operanti</strong></span> <span class='ocrx_word' id='word_1_12' title='bbox 536 614 764 659; x_wconf 87' lang='lat' dir='ltr'><strong>secundnm</strong></span> <span class='ocrx_word' id='word_1_13' title='bbox 793 625 909 659; x_wconf 86' lang='lat' dir='ltr'><strong>suam</strong></span> <span class='ocrx_word' id='word_1_14' title='bbox 940 616 1148 666; x_wconf 80' lang='lat' dir='ltr'><strong>virtutem.</strong></span> <span class='ocrx_word' id='word_1_15' title='bbox 1178 617 1293 660; x_wconf 83' lang='lat' dir='ltr'><strong>Deus</strong></span> <span class='ocrx_word' id='word_1_16' title='bbox 1323 622 1601 670; x_wconf 84' lang='lat' dir='ltr'><strong>recompenset</strong></span> <span class='ocrx_word' id='word_1_17' title='bbox 1623 627 1690 662; x_wconf 71' lang='lat' dir='ltr'><strong>se·</strong></span> 
     </span>
     <span class='ocr_line' id='line_1_4' title="bbox 313 667 1689 726; baseline 0.005 -16"><span class='ocrx_word' id='word_1_18' title='bbox 313 667 491 711; x_wconf 84' lang='lat' dir='ltr'><strong>cundum</strong></span> <span class='ocrx_word' id='word_1_19' title='bbox 516 669 807 714; x_wconf 83' lang='lat' dir='ltr'><strong>excellentiam</strong></span> <span class='ocrx_word' id='word_1_20' title='bbox 833 682 919 714; x_wconf 81' lang='lat' dir='ltr'><strong>suae</strong></span> <span class='ocrx_word' id='word_1_21' title='bbox 948 671 1131 715; x_wconf 77' lang='lat' dir='ltr'><strong>virtutis.</strong></span> <span class='ocrx_word' id='word_1_22' title='bbox 1160 670 1202 714; x_wconf 85' lang='lat' dir='ltr'><strong>Si</strong></span> <span class='ocrx_word' id='word_1_23' title='bbox 1232 678 1368 717; x_wconf 88' lang='lat' dir='ltr'><strong>antem</strong></span> <span class='ocrx_word' id='word_1_24' title='bbox 1394 674 1610 726; x_wconf 82' lang='lat' dir='ltr'>loquamur</span> <span class='ocrx_word' id='word_1_25' title='bbox 1635 673 1689 717; x_wconf 85' lang='lat' dir='ltr'><strong>de</strong></span> 
     </span>
     <span class='ocr_line' id='line_1_5' title="bbox 316 725 1691 790; baseline 0.005 -23"><span class='ocrx_word' id='word_1_26' title='bbox 316 734 445 790; x_wconf 69' lang='lat' dir='ltr'><strong>opero</strong></span> <span class='ocrx_word' id='word_1_27' title='bbox 460 725 675 790; x_wconf 79' lang='lat' dir='ltr'><strong>meritorio</strong></span> <span class='ocrx_word' id='word_1_28' title='bbox 692 727 919 774; x_wconf 83' lang='lat' dir='ltr'><strong>secuudum</strong></span> <span class='ocrx_word' id='word_1_29' title='bbox 938 728 1046 783; x_wconf 88' lang='lat' dir='ltr'><strong>quod</strong></span> <span class='ocrx_word' id='word_1_30' title='bbox 1069 731 1257 781; x_wconf 79' lang='lat' dir='ltr'>procedit</span> <span class='ocrx_word' id='word_1_31' title='bbox 1274 741 1326 774; x_wconf 83' lang='lat' dir='ltr'><strong>ex</strong></span> <span class='ocrx_word' id='word_1_32' title='bbox 1352 731 1482 783; x_wconf 76' lang='lat' dir='ltr'><strong>gratia</strong></span> <span class='ocrx_word' id='word_1_33' title='bbox 1510 730 1691 783; x_wconf 80' lang='lat' dir='ltr'><strong>Spiritus</strong></span> 
     </span>
     <span class='ocr_line' id='line_1_6' title="bbox 315 784 1690 838; baseline 0.005 -16"><span class='ocrx_word' id='word_1_34' title='bbox 315 787 464 832; x_wconf 78' lang='lat' dir='ltr'><strong>sancti.</strong></span> <span class='ocrx_word' id='word_1_35' title='bbox 491 793 554 826; x_wconf 86' lang='lat' dir='ltr'><strong>stc</strong></span> <span class='ocrx_word' id='word_1_36' title='bbox 582 788 648 827; x_wconf 63' lang='lat' dir='ltr'><strong>est</strong></span> <span class='ocrx_word' id='word_1_37' title='bbox 678 784 936 827; x_wconf 85' lang='lat' dir='ltr'><strong>meritorium</strong></span> <span class='ocrx_word' id='word_1_38' title='bbox 970 785 1067 827; x_wconf 66' lang='lat' dir='ltr'><strong>vitae</strong></span> <span class='ocrx_word' id='word_1_39' title='bbox 1094 794 1261 829; x_wconf 79' lang='lat' dir='ltr'><strong>aeternae</strong></span> <span class='ocrx_word' id='word_1_40' title='bbox 1290 796 1343 830; x_wconf 84' lang='lat' dir='ltr'><strong>ex</strong></span> <span class='ocrx_word' id='word_1_41' title='bbox 1374 786 1596 838; x_wconf 78' lang='lat' dir='ltr'><strong>condigno.</strong></span> <span class='ocrx_word' id='word_1_42' title='bbox 1619 786 1690 829; x_wconf 85' lang='lat' dir='ltr'><strong>Sic</strong></span> 
     </span>
     <span class='ocr_line' id='line_1_7' title="bbox 316 837 1690 896; baseline 0.004 -14"><span class='ocrx_word' id='word_1_43' title='bbox 316 837 431 882; x_wconf 81' lang='lat' dir='ltr'><strong>enim</strong></span> <span class='ocrx_word' id='word_1_44' title='bbox 466 839 583 884; x_wconf 82' lang='lat' dir='ltr'><strong>valor</strong></span> <span class='ocrx_word' id='word_1_45' title='bbox 612 841 751 885; x_wconf 85' lang='lat' dir='ltr'><strong>meriti</strong></span> <span class='ocrx_word' id='word_1_46' title='bbox 780 841 1012 884; x_wconf 88' lang='lat' dir='ltr'><strong>attenditur</strong></span> <span class='ocrx_word' id='word_1_47' title='bbox 1030 842 1256 886; x_wconf 77' lang='lat' dir='ltr'><strong>secundum</strong></span> <span class='ocrx_word' id='word_1_48' title='bbox 1288 844 1482 887; x_wconf 85' lang='lat' dir='ltr'><strong>virtutem</strong></span> <span class='ocrx_word' id='word_1_49' title='bbox 1509 844 1690 896; x_wconf 83' lang='lat' dir='ltr'><strong>Spiritus</strong></span> 
     </span>
     <span class='ocr_line' id='line_1_8' title="bbox 317 895 1688 952; baseline 0.005 -13"><span class='ocrx_word' id='word_1_50' title='bbox 317 895 452 940; x_wconf 62' lang='lat' dir='ltr'><strong>sanai</strong></span> <span class='ocrx_word' id='word_1_51' title='bbox 489 899 695 942; x_wconf 79' lang='lat' dir='ltr'><strong>moventis</strong></span> <span class='ocrx_word' id='word_1_52' title='bbox 729 909 806 942; x_wconf 87' lang='lat' dir='ltr'><strong>nos</strong></span> <span class='ocrx_word' id='word_1_53' title='bbox 849 899 894 942; x_wconf 91' lang='lat' dir='ltr'><strong>in</strong></span> <span class='ocrx_word' id='word_1_54' title='bbox 926 901 1051 942; x_wconf 77' lang='lat' dir='ltr'><strong>vitam</strong></span> <span class='ocrx_word' id='word_1_55' title='bbox 1086 905 1298 952; x_wconf 70' lang='lat' dir='ltr'><strong>aeternam,</strong></span> <span class='ocrx_word' id='word_1_56' title='bbox 1328 901 1554 946; x_wconf 86' lang='lat' dir='ltr'><strong>secundum</strong></span> <span class='ocrx_word' id='word_1_57' title='bbox 1581 902 1688 946; x_wconf 89' lang='lat' dir='ltr'><strong>illud</strong></span> 
     </span>
     <span class='ocr_line' id='line_1_9' title="bbox 317 952 1687 1010; baseline 0.004 -16"><span class='ocrx_word' id='word_1_58' title='bbox 317 952 441 995; x_wconf 84' lang='lat' dir='ltr'><strong>Joan.</strong></span> <span class='ocrx_word' id='word_1_59' title='bbox 461 956 510 997; x_wconf 73' lang='lat'><strong>4:</strong></span> <span class='ocrx_word' id='word_1_60' title='bbox 535 955 630 999; x_wconf 76' lang='lat' dir='ltr'><strong>Fiet</strong></span> <span class='ocrx_word' id='word_1_61' title='bbox 649 955 691 999; x_wconf 91' lang='lat' dir='ltr'><strong>in</strong></span> <span class='ocrx_word' id='word_1_62' title='bbox 709 966 760 1000; x_wconf 87' lang='lat' dir='ltr'><strong>eo</strong></span> <span class='ocrx_word' id='word_1_63' title='bbox 779 955 871 999; x_wconf 79' lang='lat' dir='ltr'><strong>sons</strong></span> <span class='ocrx_word' id='word_1_64' title='bbox 903 967 1020 1010; x_wconf 74' lang='lat' dir='ltr'><strong>aqua·</strong></span> <span class='ocrx_word' id='word_1_65' title='bbox 1038 957 1232 1004; x_wconf 83' lang='lat' dir='ltr'><strong>salientis</strong></span> <span class='ocrx_word' id='word_1_66' title='bbox 1259 957 1302 1000; x_wconf 90' lang='lat' dir='ltr'><strong>in</strong></span> <span class='ocrx_word' id='word_1_67' title='bbox 1335 957 1458 1001; x_wconf 85' lang='lat' dir='ltr'><strong>vitam</strong></span> <span class='ocrx_word' id='word_1_68' title='bbox 1477 964 1687 1002; x_wconf 82' lang='lat' dir='ltr'><strong>aetcrnam.</strong></span> 
     </span>
     <span class='ocr_line' id='line_1_10' title="bbox 318 1011 1690 1069; baseline 0.005 -17"><span class='ocrx_word' id='word_1_69' title='bbox 318 1011 562 1055; x_wconf 77' lang='lat' dir='ltr'><strong>Attenditur</strong></span> <span class='ocrx_word' id='word_1_70' title='bbox 586 1013 713 1056; x_wconf 86' lang='lat' dir='ltr'><strong>ctiam</strong></span> <span class='ocrx_word' id='word_1_71' title='bbox 744 1014 919 1066; x_wconf 87' lang='lat' dir='ltr'><strong>pretinm</strong></span> <span class='ocrx_word' id='word_1_72' title='bbox 938 1016 1078 1068; x_wconf 80' lang='lat' dir='ltr'><strong>operis</strong></span> <span class='ocrx_word' id='word_1_73' title='bbox 1095 1015 1320 1060; x_wconf 80' lang='lat' dir='ltr'><strong>secundum</strong></span> <span class='ocrx_word' id='word_1_74' title='bbox 1340 1015 1582 1069; x_wconf 75' lang='lat' dir='ltr'><strong>dignitatem</strong></span> <span class='ocrx_word' id='word_1_75' title='bbox 1600 1027 1690 1069; x_wconf 76' lang='lat' dir='ltr'><strong>gra·</strong></span> 
     </span>
     <span class='ocr_line' id='line_1_11' title="bbox 320 1065 1690 1124; baseline 0.005 -16"><span class='ocrx_word' id='word_1_76' title='bbox 320 1065 408 1117; x_wconf 66' lang='lat' dir='ltr'><strong>tiae,</strong></span> <span class='ocrx_word' id='word_1_77' title='bbox 429 1076 502 1119; x_wconf 89' lang='lat' dir='ltr'><strong>per</strong></span> <span class='ocrx_word' id='word_1_78' title='bbox 519 1079 639 1122; x_wconf 87' lang='lat' dir='ltr'><strong>quam</strong></span> <span class='ocrx_word' id='word_1_79' title='bbox 659 1069 780 1111; x_wconf 86' lang='lat' dir='ltr'><strong>bomo</strong></span> <span class='ocrx_word' id='word_1_80' title='bbox 807 1080 978 1113; x_wconf 81' lang='lat' dir='ltr'><strong>consors</strong></span> <span class='ocrx_word' id='word_1_81' title='bbox 996 1071 1128 1114; x_wconf 75' lang='lat' dir='ltr'><strong>tactus</strong></span> <span class='ocrx_word' id='word_1_82' title='bbox 1145 1070 1302 1114; x_wconf 69' lang='lat' dir='ltr'><strong>divina&gt;</strong></span> <span class='ocrx_word' id='word_1_83' title='bbox 1332 1075 1505 1120; x_wconf 65' lang='lat' dir='ltr'><strong>naturae,</strong></span> <span class='ocrx_word' id='word_1_84' title='bbox 1523 1069 1690 1124; x_wconf 84' lang='lat' dir='ltr'><strong>adopta·</strong></span> 
     </span>
     <span class='ocr_line' id='line_1_12' title="bbox 321 1123 1691 1180; baseline 0.003 -13"><span class='ocrx_word' id='word_1_85' title='bbox 321 1129 389 1167; x_wconf 91' lang='lat' dir='ltr'><strong>tur</strong></span> <span class='ocrx_word' id='word_1_86' title='bbox 423 1123 468 1168; x_wconf 89' lang='lat' dir='ltr'><strong>iu</strong></span> <span class='ocrx_word' id='word_1_87' title='bbox 508 1126 638 1170; x_wconf 82' lang='lat' dir='ltr'><strong>tilium</strong></span> <span class='ocrx_word' id='word_1_88' title='bbox 672 1126 769 1178; x_wconf 84' lang='lat' dir='ltr'><strong>Dei.</strong></span> <span class='ocrx_word' id='word_1_89' title='bbox 804 1128 871 1171; x_wconf 87' lang='lat' dir='ltr'><strong>cui</strong></span> <span class='ocrx_word' id='word_1_90' title='bbox 907 1129 1084 1173; x_wconf 84' lang='lat' dir='ltr'><strong>debetur</strong></span> <span class='ocrx_word' id='word_1_91' title='bbox 1118 1128 1341 1173; x_wconf 80' lang='lat' dir='ltr'><strong>haereditas</strong></span> <span class='ocrx_word' id='word_1_92' title='bbox 1385 1138 1438 1172; x_wconf 82' lang='lat' dir='ltr'><strong>ex</strong></span> <span class='ocrx_word' id='word_1_93' title='bbox 1474 1128 1563 1180; x_wconf 86' lang='lat' dir='ltr'><strong>ipso</strong></span> <span class='ocrx_word' id='word_1_94' title='bbox 1593 1127 1691 1179; x_wconf 85' lang='lat' dir='ltr'><strong>jure</strong></span> 
     </span>
     <span class='ocr_line' id='line_1_13' title="bbox 319 1180 1687 1234; baseline 0.003 -11"><span class='ocrx_word' id='word_1_95' title='bbox 319 1180 575 1234; x_wconf 82' lang='lat' dir='ltr'><strong>adoptionis.</strong></span> <span class='ocrx_word' id='word_1_96' title='bbox 599 1184 823 1228; x_wconf 85' lang='lat' dir='ltr'><strong>secundum</strong></span> <span class='ocrx_word' id='word_1_97' title='bbox 852 1184 957 1228; x_wconf 90' lang='lat' dir='ltr'><strong>illud</strong></span> <span class='ocrx_word' id='word_1_98' title='bbox 987 1188 1107 1229; x_wconf 80' lang='lat' dir='ltr'><strong>Rom.</strong></span> <span class='ocrx_word' id='word_1_99' title='bbox 1135 1190 1175 1228; x_wconf 85' lang='lat'><strong>8.</strong></span> <span class='ocrx_word' id='word_1_100' title='bbox 1213 1184 1258 1227; x_wconf 86' lang='lat' dir='ltr'><strong>Si</strong></span> <span class='ocrx_word' id='word_1_101' title='bbox 1296 1183 1391 1232; x_wconf 87' lang='lat' dir='ltr'><strong>tilii.</strong></span> <span class='ocrx_word' id='word_1_102' title='bbox 1417 1191 1460 1228; x_wconf 89' lang='lat' dir='ltr'><strong>et</strong></span> <span class='ocrx_word' id='word_1_103' title='bbox 1484 1184 1687 1227; x_wconf 82' lang='lat' dir='ltr'><strong>haercdes.</strong></span> 
     </span>
    </p>

    <p class='ocr_par' dir='ltr' id='par_1_4' title="bbox 322 1237 1690 1348">
     <span class='ocr_line' id='line_1_14' title="bbox 371 1237 1690 1296; baseline 0.002 -15"><span class='ocrx_word' id='word_1_104' title='bbox 371 1239 439 1281; x_wconf 81' lang='lat' dir='ltr'><strong>Ad</strong></span> <span class='ocrx_word' id='word_1_105' title='bbox 469 1237 645 1291; x_wconf 86' lang='lat' dir='ltr'><strong>primum</strong></span> <span class='ocrx_word' id='word_1_106' title='bbox 663 1251 764 1294; x_wconf 74' lang='lat' dir='ltr'><strong>ergo</strong></span> <span class='ocrx_word' id='word_1_107' title='bbox 794 1241 1032 1293; x_wconf 83' lang='lat' dir='ltr'><strong>dicendum,</strong></span> <span class='ocrx_word' id='word_1_108' title='bbox 1052 1243 1161 1296; x_wconf 79' lang='lat' dir='ltr'><strong>quod</strong></span> <span class='ocrx_word' id='word_1_109' title='bbox 1186 1242 1409 1294; x_wconf 76' lang='lat' dir='ltr'><strong>Apostolus</strong></span> <span class='ocrx_word' id='word_1_110' title='bbox 1428 1240 1609 1294; x_wconf 85' lang='lat' dir='ltr'><strong>loquitur</strong></span> <span class='ocrx_word' id='word_1_111' title='bbox 1637 1240 1690 1283; x_wconf 88' lang='lat' dir='ltr'><strong>de</strong></span> 
     </span>
     <span class='ocr_line' id='line_1_15' title="bbox 322 1295 1552 1348; baseline 0.002 -11"><span class='ocrx_word' id='word_1_112' title='bbox 322 1295 588 1348; x_wconf 76' lang='lat' dir='ltr'><strong>passionibus</strong></span> <span class='ocrx_word' id='word_1_113' title='bbox 604 1299 845 1342; x_wconf 84' lang='lat' dir='ltr'><strong>Sanctorum</strong></span> <span class='ocrx_word' id='word_1_114' title='bbox 864 1298 1088 1343; x_wconf 76' lang='lat' dir='ltr'><strong>secundnm</strong></span> <span class='ocrx_word' id='word_1_115' title='bbox 1105 1309 1248 1342; x_wconf 88' lang='lat' dir='ltr'><strong>eorum</strong></span> <span class='ocrx_word' id='word_1_116' title='bbox 1267 1296 1552 1340; x_wconf 67' lang='lat' dir='ltr'><strong>substantiam.</strong></span> 
     </span>
    </p>

    <p class='ocr_par' dir='ltr' id='par_1_5' title="bbox 322 1353 1691 1581">
     <span class='ocr_line' id='line_1_16' title="bbox 339 1353 1691 1411; baseline -0.002 -11"><span class='ocrx_word' id='word_1_117' title='bbox 339 1390 349 1400; x_wconf 81' lang='lat'><strong>.</strong></span> <span class='ocrx_word' id='word_1_118' title='bbox 373 1353 441 1396; x_wconf 77' lang='lat' dir='ltr'><strong>Ad</strong></span> <span class='ocrx_word' id='word_1_119' title='bbox 470 1355 697 1399; x_wconf 81' lang='lat' dir='ltr'><strong>secundum</strong></span> <span class='ocrx_word' id='word_1_120' title='bbox 723 1356 959 1409; x_wconf 84' lang='lat' dir='ltr'><strong>dicendum,</strong></span> <span class='ocrx_word' id='word_1_121' title='bbox 983 1357 1093 1411; x_wconf 81' lang='lat' dir='ltr'><strong>quod</strong></span> <span class='ocrx_word' id='word_1_122' title='bbox 1126 1354 1429 1400; x_wconf 84' lang='lat' dir='ltr'><strong>verbumillius</strong></span> <span class='ocrx_word' id='word_1_123' title='bbox 1445 1356 1608 1398; x_wconf 80' lang='lat' dir='ltr'><strong>Glossae</strong></span> <span class='ocrx_word' id='word_1_124' title='bbox 1631 1353 1691 1397; x_wconf 89' lang='lat' dir='ltr'><strong>in-</strong></span> 
     </span>
     <span class='ocr_line' id='line_1_17' title="bbox 323 1408 1686 1466; baseline -0.001 -13"><span class='ocrx_word' id='word_1_125' title='bbox 323 1409 600 1462; x_wconf 77' lang='lat' dir='ltr'><strong>teltigcndum</strong></span> <span class='ocrx_word' id='word_1_126' title='bbox 634 1416 700 1455; x_wconf 82' lang='lat' dir='ltr'><strong>est</strong></span> <span class='ocrx_word' id='word_1_127' title='bbox 727 1418 919 1465; x_wconf 79' lang='lat' dir='ltr'><strong>quantuni</strong></span> <span class='ocrx_word' id='word_1_128' title='bbox 943 1416 996 1456; x_wconf 86' lang='lat' dir='ltr'><strong>ad</strong></span> <span class='ocrx_word' id='word_1_129' title='bbox 1028 1413 1198 1466; x_wconf 85' lang='lat' dir='ltr'><strong>primam</strong></span> <span class='ocrx_word' id='word_1_130' title='bbox 1226 1422 1389 1455; x_wconf 85' lang='lat' dir='ltr'><strong>causam</strong></span> <span class='ocrx_word' id='word_1_131' title='bbox 1416 1408 1686 1464; x_wconf 88' lang='lat' dir='ltr'><strong>perveniendi</strong></span> 
     </span>
     <span class='ocr_line' id='line_1_18' title="bbox 322 1467 1691 1524; baseline 0.001 -14"><span class='ocrx_word' id='word_1_132' title='bbox 322 1467 379 1510; x_wconf 83' lang='lat' dir='ltr'><strong>ad</strong></span> <span class='ocrx_word' id='word_1_133' title='bbox 396 1467 525 1511; x_wconf 71' lang='lat' dir='ltr'><strong>vitam</strong></span> <span class='ocrx_word' id='word_1_134' title='bbox 543 1473 752 1522; x_wconf 70' lang='lat' dir='ltr'><strong>aeternam,</strong></span> <span class='ocrx_word' id='word_1_135' title='bbox 773 1480 863 1524; x_wconf 76' lang='lat' dir='ltr'><strong>qum</strong></span> <span class='ocrx_word' id='word_1_136' title='bbox 888 1477 951 1515; x_wconf 82' lang='lat' dir='ltr'><strong>ost</strong></span> <span class='ocrx_word' id='word_1_137' title='bbox 969 1472 1180 1514; x_wconf 78' lang='lat' dir='ltr'><strong>miseratio</strong></span> <span class='ocrx_word' id='word_1_138' title='bbox 1201 1471 1281 1514; x_wconf 85' lang='lat' dir='ltr'><strong>Dei</strong></span> <span class='ocrx_word' id='word_1_139' title='bbox 1304 1488 1315 1514; x_wconf 69' lang='grc' dir='ltr'><strong><em>ε</em></strong></span> <span class='ocrx_word' id='word_1_140' title='bbox 1342 1468 1537 1513; x_wconf 86' lang='lat' dir='ltr'><strong>meritum</strong></span> <span class='ocrx_word' id='word_1_141' title='bbox 1554 1472 1691 1512; x_wconf 82' lang='lat' dir='ltr'><strong>autem</strong></span> 
     </span>
     <span class='ocr_line' id='line_1_19' title="bbox 324 1529 1021 1581; baseline -0.001 -12"><span class='ocrx_word' id='word_1_142' title='bbox 324 1531 512 1569; x_wconf 85' lang='lat' dir='ltr'><strong>nostrum</strong></span> <span class='ocrx_word' id='word_1_143' title='bbox 528 1531 594 1569; x_wconf 82' lang='lat' dir='ltr'><strong>cst</strong></span> <span class='ocrx_word' id='word_1_144' title='bbox 612 1536 731 1569; x_wconf 81' lang='lat' dir='ltr'><strong>causa</strong></span> <span class='ocrx_word' id='word_1_145' title='bbox 749 1529 1021 1581; x_wconf 74' lang='lat' dir='ltr'><strong>subsequens.</strong></span> 
     </span>
    </p>

    <p class='ocr_par' dir='ltr' id='par_1_6' title="bbox 322 1580 1694 1967">
     <span class='ocr_line' id='line_1_20' title="bbox 373 1580 1692 1636; baseline -0.001 -12"><span class='ocrx_word' id='word_1_146' title='bbox 373 1580 441 1624; x_wconf 77' lang='lat' dir='ltr'><strong>Ad</strong></span> <span class='ocrx_word' id='word_1_147' title='bbox 469 1582 635 1625; x_wconf 87' lang='lat' dir='ltr'><strong>tertium</strong></span> <span class='ocrx_word' id='word_1_148' title='bbox 655 1582 891 1634; x_wconf 80' lang='lat' dir='ltr'><strong>dicendum,</strong></span> <span class='ocrx_word' id='word_1_149' title='bbox 911 1583 1018 1636; x_wconf 83' lang='lat' dir='ltr'><strong>quod</strong></span> <span class='ocrx_word' id='word_1_150' title='bbox 1038 1582 1169 1636; x_wconf 83' lang='lat' dir='ltr'><strong>gratia</strong></span> <span class='ocrx_word' id='word_1_151' title='bbox 1188 1581 1368 1635; x_wconf 85' lang='lat' dir='ltr'><strong>Spiritus</strong></span> <span class='ocrx_word' id='word_1_152' title='bbox 1392 1580 1541 1629; x_wconf 82' lang='lat' dir='ltr'><strong>sancti.</strong></span> <span class='ocrx_word' id='word_1_153' title='bbox 1571 1591 1692 1634; x_wconf 81' lang='lat' dir='ltr'><strong>quam</strong></span> 
     </span>
     <span class='ocr_line' id='line_1_21' title="bbox 325 1637 1689 1692; baseline -0.003 -10"><span class='ocrx_word' id='word_1_154' title='bbox 325 1638 368 1682; x_wconf 89' lang='lat' dir='ltr'><strong>in</strong></span> <span class='ocrx_word' id='word_1_155' title='bbox 391 1638 586 1692; x_wconf 65' lang='lat' dir='ltr'><strong>praesenti</strong></span> <span class='ocrx_word' id='word_1_156' title='bbox 605 1639 815 1690; x_wconf 79' lang='lat' dir='ltr'><strong>babemus,</strong></span> <span class='ocrx_word' id='word_1_157' title='bbox 832 1640 910 1683; x_wconf 86' lang='lat' dir='ltr'><strong>etsi</strong></span> <span class='ocrx_word' id='word_1_158' title='bbox 931 1650 1013 1682; x_wconf 86' lang='lat' dir='ltr'><strong>nott</strong></span> <span class='ocrx_word' id='word_1_159' title='bbox 1043 1641 1098 1682; x_wconf 81' lang='lat' dir='ltr'><strong>sit</strong></span> <span class='ocrx_word' id='word_1_160' title='bbox 1114 1639 1329 1692; x_wconf 67' lang='lat' dir='ltr'><strong>aequalitas</strong></span> <span class='ocrx_word' id='word_1_161' title='bbox 1345 1639 1491 1692; x_wconf 59' lang='lat' dir='ltr'><strong>gloria!</strong></span> <span class='ocrx_word' id='word_1_162' title='bbox 1522 1637 1564 1679; x_wconf 87' lang='lat' dir='ltr'><strong>in</strong></span> <span class='ocrx_word' id='word_1_163' title='bbox 1581 1640 1689 1686; x_wconf 81' lang='lat' dir='ltr'><strong>actu.</strong></span> 
     </span>
     <span class='ocr_line' id='line_1_22' title="bbox 324 1692 1692 1746; baseline -0.001 -9"><span class='ocrx_word' id='word_1_164' title='bbox 324 1699 388 1738; x_wconf 78' lang='lat' dir='ltr'><strong>ost</strong></span> <span class='ocrx_word' id='word_1_165' title='bbox 415 1699 552 1737; x_wconf 70' lang='lat' dir='ltr'><strong>tauron</strong></span> <span class='ocrx_word' id='word_1_166' title='bbox 570 1695 744 1746; x_wconf 69' lang='lat' dir='ltr'><strong>:aquatis</strong></span> <span class='ocrx_word' id='word_1_167' title='bbox 762 1695 806 1737; x_wconf 87' lang='lat' dir='ltr'><strong>iu</strong></span> <span class='ocrx_word' id='word_1_168' title='bbox 826 1696 978 1739; x_wconf 77' lang='lat' dir='ltr'><strong>virtute</strong></span> <span class='ocrx_word' id='word_1_169' title='bbox 994 1714 1005 1746; x_wconf 71' lang='grc' dir='ltr'>ς</span> <span class='ocrx_word' id='word_1_170' title='bbox 1023 1695 1133 1739; x_wconf 85' lang='lat' dir='ltr'><strong>sicut</strong></span> <span class='ocrx_word' id='word_1_171' title='bbox 1161 1705 1302 1739; x_wconf 83' lang='lat' dir='ltr'><strong>semen</strong></span> <span class='ocrx_word' id='word_1_172' title='bbox 1320 1696 1530 1743; x_wconf 83' lang='lat' dir='ltr'><strong>arborum,</strong></span> <span class='ocrx_word' id='word_1_173' title='bbox 1550 1692 1593 1735; x_wconf 87' lang='lat' dir='ltr'><strong>in</strong></span> <span class='ocrx_word' id='word_1_174' title='bbox 1611 1702 1692 1745; x_wconf 89' lang='lat' dir='ltr'><strong>quo</strong></span> 
     </span>
     <span class='ocr_line' id='line_1_23' title="bbox 323 1748 1694 1805; baseline -0.004 -10"><span class='ocrx_word' id='word_1_175' title='bbox 323 1756 388 1795; x_wconf 75' lang='lat' dir='ltr'><strong>est</strong></span> <span class='ocrx_word' id='word_1_176' title='bbox 410 1750 543 1794; x_wconf 83' lang='lat' dir='ltr'><strong>virtus</strong></span> <span class='ocrx_word' id='word_1_177' title='bbox 560 1751 612 1794; x_wconf 90' lang='lat' dir='ltr'><strong>ad</strong></span> <span class='ocrx_word' id='word_1_178' title='bbox 630 1757 752 1794; x_wconf 71' lang='lat' dir='ltr'><strong>totam</strong></span> <span class='ocrx_word' id='word_1_179' title='bbox 770 1752 973 1796; x_wconf 79' lang='lat' dir='ltr'><strong>arborem.</strong></span> <span class='ocrx_word' id='word_1_180' title='bbox 995 1753 1047 1796; x_wconf 82' lang='lat' dir='ltr'><strong>Et</strong></span> <span class='ocrx_word' id='word_1_181' title='bbox 1066 1752 1263 1796; x_wconf 83' lang='lat' dir='ltr'><strong>similiter</strong></span> <span class='ocrx_word' id='word_1_182' title='bbox 1280 1763 1353 1804; x_wconf 87' lang='lat' dir='ltr'><strong>pcr</strong></span> <span class='ocrx_word' id='word_1_183' title='bbox 1371 1754 1543 1805; x_wconf 78' lang='lat' dir='ltr'><strong>gratiam</strong></span> <span class='ocrx_word' id='word_1_184' title='bbox 1575 1748 1694 1790; x_wconf 82' lang='lat' dir='ltr'><strong>inha-</strong></span> 
     </span>
     <span class='ocr_line' id='line_1_24' title="bbox 326 1806 1692 1864; baseline -0.004 -11"><span class='ocrx_word' id='word_1_185' title='bbox 326 1809 429 1853; x_wconf 79' lang='lat' dir='ltr'><strong>bitat</strong></span> <span class='ocrx_word' id='word_1_186' title='bbox 444 1809 648 1854; x_wconf 75' lang='lat' dir='ltr'><strong>bominem</strong></span> <span class='ocrx_word' id='word_1_187' title='bbox 669 1809 850 1862; x_wconf 84' lang='lat' dir='ltr'><strong>Spiritus</strong></span> <span class='ocrx_word' id='word_1_188' title='bbox 868 1816 1049 1862; x_wconf 70' lang='lat' dir='ltr'><strong>sanctuS,</strong></span> <span class='ocrx_word' id='word_1_189' title='bbox 1067 1812 1133 1864; x_wconf 85' lang='lat' dir='ltr'><strong>qui</strong></span> <span class='ocrx_word' id='word_1_190' title='bbox 1146 1818 1211 1855; x_wconf 83' lang='lat' dir='ltr'><strong>cst</strong></span> <span class='ocrx_word' id='word_1_191' title='bbox 1229 1810 1437 1855; x_wconf 77' lang='lat' dir='ltr'><strong>sufficiens</strong></span> <span class='ocrx_word' id='word_1_192' title='bbox 1454 1819 1576 1851; x_wconf 82' lang='lat' dir='ltr'><strong>causa</strong></span> <span class='ocrx_word' id='word_1_193' title='bbox 1595 1806 1692 1849; x_wconf 81' lang='lat' dir='ltr'><strong>vitae</strong></span> 
     </span>
     <span class='ocr_line' id='line_1_25' title="bbox 323 1864 1692 1966; baseline -0.004 -55"><span class='ocrx_word' id='word_1_194' title='bbox 323 1872 493 1966; x_wconf 47' lang='lat' dir='ltr'><strong>agarna.-</strong></span> <span class='ocrx_word' id='word_1_195' title='bbox 514 1885 524 1909; x_wconf 87' lang='lat'>:</span> <span class='ocrx_word' id='word_1_196' title='bbox 544 1868 653 1965; x_wconf 58' lang='lat' dir='ltr'><strong>gude</strong></span> <span class='ocrx_word' id='word_1_197' title='bbox 669 1872 713 1911; x_wconf 87' lang='lat' dir='ltr'><strong>ct</strong></span> <span class='ocrx_word' id='word_1_198' title='bbox 729 1866 881 1910; x_wconf 81' lang='lat' dir='ltr'><strong>dicitur</strong></span> <span class='ocrx_word' id='word_1_199' title='bbox 898 1875 991 1911; x_wconf 83' lang='lat' dir='ltr'><strong>csse</strong></span> <span class='ocrx_word' id='word_1_200' title='bbox 1026 1867 1173 1920; x_wconf 75' lang='lat' dir='ltr'><strong>pignus</strong></span> <span class='ocrx_word' id='word_1_201' title='bbox 1204 1866 1460 1912; x_wconf 60' lang='lat' dir='ltr'><strong>haereditatis</strong></span> <span class='ocrx_word' id='word_1_202' title='bbox 1484 1864 1692 1914; x_wconf 78' lang='lat' dir='ltr'><strong>nostrae,2</strong></span> 
     </span>
     <span class='ocr_line' id='line_1_26' title="bbox 322 1921 639 1967; baseline 0.003 -1"><span class='ocrx_word' id='word_1_203' title='bbox 322 1934 344 1966; x_wconf 83' lang='lat' dir='ltr'><strong>a</strong></span> <span class='ocrx_word' id='word_1_204' title='bbox 395 1921 538 1966; x_wconf 81' lang='lat' dir='ltr'><strong>corint</strong></span> <span class='ocrx_word' id='word_1_205' title='bbox 573 1953 583 1962; x_wconf 91' lang='lat'><strong>.</strong></span> <span class='ocrx_word' id='word_1_206' title='bbox 603 1925 639 1967; x_wconf 92' lang='lat'><strong>1.</strong></span> 
     </span>
    </p>
   </div>
   <div class='ocr_carea' id='block_1_4' title="bbox 320 2056 1694 2872">
    <p class='ocr_par' dir='ltr' id='par_1_7' title="bbox 320 2056 1694 2872">
     <span class='ocr_line' id='line_1_27' title="bbox 402 2056 1693 2134; baseline -0.007 -13"><span class='ocrx_word' id='word_1_207' title='bbox 402 2061 730 2121; x_wconf 77' lang='lat' dir='ltr'><strong>Conclusio:</strong></span> <span class='ocrx_word' id='word_1_208' title='bbox 758 2061 816 2116; x_wconf 84' lang='lat' dir='ltr'><strong>si</strong></span> <span class='ocrx_word' id='word_1_209' title='bbox 857 2077 998 2134; x_wconf 86' lang='lat' dir='ltr'><strong>opus</strong></span> <span class='ocrx_word' id='word_1_210' title='bbox 1025 2061 1395 2118; x_wconf 84' lang='lat' dir='ltr'><strong>meritorium</strong></span> <span class='ocrx_word' id='word_1_211' title='bbox 1436 2056 1693 2116; x_wconf 88' lang='lat' dir='ltr'><strong>hominis</strong></span> 
     </span>
     <span class='ocr_line' id='line_1_28' title="bbox 322 2138 1690 2217; baseline -0.007 -14"><span class='ocrx_word' id='word_1_212' title='bbox 322 2145 617 2203; x_wconf 89' lang='lat' dir='ltr'><strong>constituti</strong></span> <span class='ocrx_word' id='word_1_213' title='bbox 647 2145 709 2200; x_wconf 89' lang='lat' dir='ltr'><strong>in</strong></span> <span class='ocrx_word' id='word_1_214' title='bbox 745 2143 932 2217; x_wconf 88' lang='lat' dir='ltr'><strong>gratia</strong></span> <span class='ocrx_word' id='word_1_215' title='bbox 958 2142 1352 2200; x_wconf 84' lang='lat' dir='ltr'><strong>consideretur</strong></span> <span class='ocrx_word' id='word_1_216' title='bbox 1377 2138 1690 2197; x_wconf 90' lang='lat' dir='ltr'><strong>secundum</strong></span> 
     </span>
     <span class='ocr_line' id='line_1_29' title="bbox 323 2224 1694 2301; baseline -0.007 -18"><span class='ocrx_word' id='word_1_217' title='bbox 323 2227 475 2301; x_wconf 91' lang='lat' dir='ltr'><strong>quod</strong></span> <span class='ocrx_word' id='word_1_218' title='bbox 504 2226 756 2300; x_wconf 84' lang='lat' dir='ltr'><strong>procedit</strong></span> <span class='ocrx_word' id='word_1_219' title='bbox 783 2243 814 2283; x_wconf 87' lang='lat' dir='ltr'><strong>a</strong></span> <span class='ocrx_word' id='word_1_220' title='bbox 859 2225 1043 2283; x_wconf 90' lang='lat' dir='ltr'><strong>libero</strong></span> <span class='ocrx_word' id='word_1_221' title='bbox 1071 2224 1333 2290; x_wconf 90' lang='lat' dir='ltr'><strong>arbitrio,</strong></span> <span class='ocrx_word' id='word_1_222' title='bbox 1367 2239 1482 2281; x_wconf 91' lang='lat' dir='ltr'><strong>non</strong></span> <span class='ocrx_word' id='word_1_223' title='bbox 1514 2225 1694 2294; x_wconf 87' lang='lat' dir='ltr'><strong>potest</strong></span> 
     </span>
     <span class='ocr_line' id='line_1_30' title="bbox 323 2306 1694 2383; baseline -0.007 -15"><span class='ocrx_word' id='word_1_224' title='bbox 323 2327 446 2368; x_wconf 88' lang='lat' dir='ltr'><strong>esse</strong></span> <span class='ocrx_word' id='word_1_225' title='bbox 470 2312 533 2366; x_wconf 90' lang='lat' dir='ltr'><strong>in</strong></span> <span class='ocrx_word' id='word_1_226' title='bbox 558 2311 662 2367; x_wconf 90' lang='lat' dir='ltr'><strong>illo</strong></span> <span class='ocrx_word' id='word_1_227' title='bbox 688 2309 1047 2383; x_wconf 87' lang='lat' dir='ltr'><strong>condignitas</strong></span> <span class='ocrx_word' id='word_1_228' title='bbox 1079 2313 1331 2379; x_wconf 83' lang='lat' dir='ltr'><strong>respectu</strong></span> <span class='ocrx_word' id='word_1_229' title='bbox 1362 2306 1494 2361; x_wconf 83' lang='lat' dir='ltr'><strong>vitae</strong></span> <span class='ocrx_word' id='word_1_230' title='bbox 1521 2308 1694 2361; x_wconf 80' lang='lat' dir='ltr'><strong>aeter-</strong></span> 
     </span>
     <span class='ocr_line' id='line_1_31' title="bbox 328 2383 1692 2464; baseline -0.006 -16"><span class='ocrx_word' id='word_1_231' title='bbox 328 2409 435 2459; x_wconf 69' lang='lat' dir='ltr'><strong>naa,</strong></span> <span class='ocrx_word' id='word_1_232' title='bbox 477 2397 710 2464; x_wconf 89' lang='lat' dir='ltr'><strong>propter</strong></span> <span class='ocrx_word' id='word_1_233' title='bbox 735 2392 1054 2447; x_wconf 84' lang='lat' dir='ltr'><strong>maximam</strong></span> <span class='ocrx_word' id='word_1_234' title='bbox 1087 2388 1563 2461; x_wconf 78' lang='lat' dir='ltr'><strong>inaequalitatem;</strong></span> <span class='ocrx_word' id='word_1_235' title='bbox 1593 2383 1692 2441; x_wconf 89' lang='lat' dir='ltr'><strong>sed</strong></span> 
     </span>
     <span class='ocr_line' id='line_1_32' title="bbox 324 2464 1694 2545; baseline -0.008 -16"><span class='ocrx_word' id='word_1_236' title='bbox 324 2479 412 2530; x_wconf 85' lang='lat' dir='ltr'><strong>est</strong></span> <span class='ocrx_word' id='word_1_237' title='bbox 441 2470 522 2526; x_wconf 91' lang='lat' dir='ltr'><strong>ibi</strong></span> <span class='ocrx_word' id='word_1_238' title='bbox 550 2472 877 2545; x_wconf 85' lang='lat' dir='ltr'><strong>congruitas</strong></span> <span class='ocrx_word' id='word_1_239' title='bbox 903 2477 1130 2544; x_wconf 87' lang='lat' dir='ltr'><strong>propter</strong></span> <span class='ocrx_word' id='word_1_240' title='bbox 1152 2467 1440 2543; x_wconf 90' lang='lat' dir='ltr'><strong>quandam</strong></span> <span class='ocrx_word' id='word_1_241' title='bbox 1463 2464 1694 2538; x_wconf 69' lang='lat' dir='ltr'><strong>aequali-</strong></span> 
     </span>
     <span class='ocr_line' id='line_1_33' title="bbox 322 2548 1693 2626; baseline -0.007 -17"><span class='ocrx_word' id='word_1_242' title='bbox 322 2559 502 2609; x_wconf 90' lang='lat' dir='ltr'><strong>tatem</strong></span> <span class='ocrx_word' id='word_1_243' title='bbox 534 2553 923 2626; x_wconf 85' lang='lat' dir='ltr'><strong>proportionis</strong></span> <span class='ocrx_word' id='word_1_244' title='bbox 957 2573 969 2606; x_wconf 94' lang='lat'><strong>:</strong></span> <span class='ocrx_word' id='word_1_245' title='bbox 999 2552 1049 2606; x_wconf 91' lang='lat' dir='ltr'><strong>si</strong></span> <span class='ocrx_word' id='word_1_246' title='bbox 1078 2558 1267 2609; x_wconf 90' lang='lat' dir='ltr'><strong>autem</strong></span> <span class='ocrx_word' id='word_1_247' title='bbox 1297 2548 1693 2606; x_wconf 85' lang='lat' dir='ltr'><strong>consideretur</strong></span> 
     </span>
     <span class='ocr_line' id='line_1_34' title="bbox 320 2629 1692 2707; baseline -0.007 -17"><span class='ocrx_word' id='word_1_248' title='bbox 320 2633 640 2691; x_wconf 87' lang='lat' dir='ltr'><strong>secundum</strong></span> <span class='ocrx_word' id='word_1_249' title='bbox 681 2632 829 2707; x_wconf 90' lang='lat' dir='ltr'><strong>quod</strong></span> <span class='ocrx_word' id='word_1_250' title='bbox 860 2632 1112 2706; x_wconf 84' lang='lat' dir='ltr'><strong>procedit</strong></span> <span class='ocrx_word' id='word_1_251' title='bbox 1135 2649 1204 2689; x_wconf 88' lang='lat' dir='ltr'><strong>ex</strong></span> <span class='ocrx_word' id='word_1_252' title='bbox 1230 2631 1418 2706; x_wconf 87' lang='lat' dir='ltr'><strong>gratia</strong></span> <span class='ocrx_word' id='word_1_253' title='bbox 1444 2629 1692 2702; x_wconf 86' lang='lat' dir='ltr'><strong>Spiritus</strong></span> 
     </span>
     <span class='ocr_line' id='line_1_35' title="bbox 323 2712 1693 2783; baseline -0.004 -13"><span class='ocrx_word' id='word_1_254' title='bbox 323 2717 529 2783; x_wconf 89' lang='lat' dir='ltr'><strong>sancti,</strong></span> <span class='ocrx_word' id='word_1_255' title='bbox 554 2722 640 2774; x_wconf 88' lang='lat' dir='ltr'><strong>est</strong></span> <span class='ocrx_word' id='word_1_256' title='bbox 660 2714 1028 2772; x_wconf 89' lang='lat' dir='ltr'><strong>meritorium</strong></span> <span class='ocrx_word' id='word_1_257' title='bbox 1051 2714 1181 2770; x_wconf 83' lang='lat' dir='ltr'><strong>vitae</strong></span> <span class='ocrx_word' id='word_1_258' title='bbox 1202 2719 1436 2769; x_wconf 81' lang='lat' dir='ltr'><strong>aeternae</strong></span> <span class='ocrx_word' id='word_1_259' title='bbox 1458 2712 1527 2768; x_wconf 92' lang='lat' dir='ltr'><strong>de</strong></span> <span class='ocrx_word' id='word_1_260' title='bbox 1547 2722 1693 2766; x_wconf 87' lang='lat' dir='ltr'><strong>con-</strong></span> 
     </span>
     <span class='ocr_line' id='line_1_36' title="bbox 323 2796 522 2872; baseline 0 -19"><span class='ocrx_word' id='word_1_261' title='bbox 323 2796 522 2872; x_wconf 88' lang='lat' dir='ltr'><strong>dign0.</strong></span> 
     </span>
    </p>
   </div>
   <div class='ocr_carea' id='block_1_5' title="bbox 631 2991 1387 3065">
    <p class='ocr_par' dir='ltr' id='par_1_8' title="bbox 631 2991 1387 3065">
     <span class='ocr_line' id='line_1_37' title="bbox 631 2991 1387 3065; baseline -0.007 0"><span class='ocrx_word' id='word_1_262' title='bbox 631 2992 1217 3065; x_wconf 86' lang='lat' dir='ltr'><strong>DISPUTATIO</strong></span> <span class='ocrx_word' id='word_1_263' title='bbox 1292 2991 1387 3060; x_wconf 88' lang='lat'><strong>11.</strong></span> 
     </span>
    </p>
   </div>
   <div class='ocr_carea' id='block_1_6' title="bbox 327 3185 1678 3369">
    <p class='ocr_par' dir='ltr' id='par_1_9' title="bbox 327 3185 1678 3369">
     <span class='ocr_line' id='line_1_38' title="bbox 327 3185 1678 3267; baseline -0.01 -11"><span class='ocrx_word' id='word_1_264' title='bbox 327 3193 431 3256; x_wconf 83' lang='lat' dir='ltr'><strong>De</strong></span> <span class='ocrx_word' id='word_1_265' title='bbox 462 3188 809 3254; x_wconf 77' lang='lat' dir='ltr'><strong>divisione</strong></span> <span class='ocrx_word' id='word_1_266' title='bbox 841 3186 1085 3252; x_wconf 75' lang='lat' dir='ltr'><strong>meriti</strong></span> <span class='ocrx_word' id='word_1_267' title='bbox 1127 3185 1204 3247; x_wconf 84' lang='lat' dir='ltr'><strong>in</strong></span> <span class='ocrx_word' id='word_1_268' title='bbox 1257 3199 1678 3267; x_wconf 64' lang='lat' dir='ltr'><strong>coum-uum,</strong></span> 
     </span>
     <span class='ocr_line' id='line_1_39' title="bbox 726 3286 1281 3369; baseline -0.009 -17"><span class='ocrx_word' id='word_1_269' title='bbox 726 3292 789 3351; x_wconf 77' lang='lat' dir='ltr'><strong>et</strong></span> <span class='ocrx_word' id='word_1_270' title='bbox 821 3286 1281 3369; x_wconf 71' lang='lat' dir='ltr'><strong>condiynum.</strong></span> 
     </span>
    </p>
   </div>
   <div class='ocr_carea' id='block_1_7' title="bbox 317 3460 1688 4268">
    <p class='ocr_par' dir='ltr' id='par_1_10' title="bbox 317 3460 1688 4268">
     <span class='ocr_line' id='line_1_40' title="bbox 402 3460 1688 3527; baseline -0.008 -5"><span class='ocrx_word' id='word_1_271' title='bbox 402 3467 744 3524; x_wconf 73' lang='lat' dir='ltr'><strong>ExamInata</strong></span> <span class='ocrx_word' id='word_1_272' title='bbox 768 3465 948 3522; x_wconf 85' lang='lat' dir='ltr'><strong>semel</strong></span> <span class='ocrx_word' id='word_1_273' title='bbox 975 3467 1183 3519; x_wconf 90' lang='lat' dir='ltr'><strong>natura</strong></span> <span class='ocrx_word' id='word_1_274' title='bbox 1212 3460 1430 3527; x_wconf 87' lang='lat' dir='ltr'><strong>meriti,</strong></span> <span class='ocrx_word' id='word_1_275' title='bbox 1463 3463 1519 3515; x_wconf 90' lang='lat' dir='ltr'><strong>et</strong></span> <span class='ocrx_word' id='word_1_276' title='bbox 1548 3472 1688 3514; x_wconf 90' lang='lat' dir='ltr'><strong>con-</strong></span> 
     </span>
     <span class='ocr_line' id='line_1_41' title="bbox 322 3536 1688 3616; baseline -0.008 -12"><span class='ocrx_word' id='word_1_277' title='bbox 322 3549 642 3605; x_wconf 88' lang='lat' dir='ltr'><strong>ditionibus</strong></span> <span class='ocrx_word' id='word_1_278' title='bbox 663 3547 730 3604; x_wconf 89' lang='lat' dir='ltr'><strong>ad</strong></span> <span class='ocrx_word' id='word_1_279' title='bbox 774 3547 937 3602; x_wconf 89' lang='lat' dir='ltr'><strong>illam</strong></span> <span class='ocrx_word' id='word_1_280' title='bbox 963 3542 1273 3616; x_wconf 75' lang='lat' dir='ltr'><strong>requisitiS,</strong></span> <span class='ocrx_word' id='word_1_281' title='bbox 1321 3546 1506 3597; x_wconf 88' lang='lat' dir='ltr'><strong>rectus</strong></span> <span class='ocrx_word' id='word_1_282' title='bbox 1547 3536 1688 3594; x_wconf 88' lang='lat' dir='ltr'><strong>ordo</strong></span> 
     </span>
     <span class='ocr_line' id='line_1_42' title="bbox 326 3623 1687 3702; baseline -0.008 -16"><span class='ocrx_word' id='word_1_283' title='bbox 326 3628 664 3702; x_wconf 89' lang='lat' dir='ltr'><strong>procedendi</strong></span> <span class='ocrx_word' id='word_1_284' title='bbox 705 3627 1054 3699; x_wconf 84' lang='lat' dir='ltr'><strong>expostulat,</strong></span> <span class='ocrx_word' id='word_1_285' title='bbox 1090 3630 1149 3679; x_wconf 87' lang='lat' dir='ltr'><strong>ut</strong></span> <span class='ocrx_word' id='word_1_286' title='bbox 1176 3625 1297 3696; x_wconf 87' lang='lat' dir='ltr'><strong>ejus</strong></span> <span class='ocrx_word' id='word_1_287' title='bbox 1336 3623 1687 3695; x_wconf 85' lang='lat' dir='ltr'><strong>praecipuam</strong></span> 
     </span>
     <span class='ocr_line' id='line_1_43' title="bbox 325 3701 1688 3781; baseline -0.007 -14"><span class='ocrx_word' id='word_1_288' title='bbox 325 3711 693 3778; x_wconf 83' lang='lat' dir='ltr'><strong>divisionem,</strong></span> <span class='ocrx_word' id='word_1_289' title='bbox 719 3716 885 3781; x_wconf 88' lang='lat' dir='ltr'><strong>atque</strong></span> <span class='ocrx_word' id='word_1_290' title='bbox 912 3705 1050 3762; x_wconf 86' lang='lat' dir='ltr'><strong>adeo</strong></span> <span class='ocrx_word' id='word_1_291' title='bbox 1086 3705 1337 3760; x_wconf 85' lang='lat' dir='ltr'><strong>rationes</strong></span> <span class='ocrx_word' id='word_1_292' title='bbox 1378 3702 1574 3766; x_wconf 86' lang='lat' dir='ltr'><strong>meriti</strong></span> <span class='ocrx_word' id='word_1_293' title='bbox 1617 3701 1688 3758; x_wconf 93' lang='lat' dir='ltr'><strong>de</strong></span> 
     </span>
     <span class='ocr_line' id='line_1_44' title="bbox 323 3783 1687 3866; baseline -0.008 -16"><span class='ocrx_word' id='word_1_294' title='bbox 323 3791 639 3866; x_wconf 89' lang='lat' dir='ltr'><strong>condigno,</strong></span> <span class='ocrx_word' id='word_1_295' title='bbox 683 3797 740 3847; x_wconf 91' lang='lat' dir='ltr'><strong>et</strong></span> <span class='ocrx_word' id='word_1_296' title='bbox 782 3789 853 3845; x_wconf 89' lang='lat' dir='ltr'><strong>de</strong></span> <span class='ocrx_word' id='word_1_297' title='bbox 890 3802 1139 3859; x_wconf 88' lang='lat' dir='ltr'><strong>congruo</strong></span> <span class='ocrx_word' id='word_1_298' title='bbox 1184 3784 1561 3858; x_wconf 76' lang='lat' dir='ltr'><strong>explicemus,</strong></span> <span class='ocrx_word' id='word_1_299' title='bbox 1608 3783 1687 3839; x_wconf 89' lang='lat' dir='ltr'><strong>Eo</strong></span> 
     </span>
     <span class='ocr_line' id='line_1_45' title="bbox 330 3865 1688 3945; baseline -0.008 -17"><span class='ocrx_word' id='word_1_300' title='bbox 330 3873 675 3945; x_wconf 61' lang='lat' dir='ltr'><strong>praesertim,</strong></span> <span class='ocrx_word' id='word_1_301' title='bbox 725 3868 871 3943; x_wconf 89' lang='lat' dir='ltr'><strong>quod</strong></span> <span class='ocrx_word' id='word_1_302' title='bbox 914 3867 1004 3923; x_wconf 88' lang='lat' dir='ltr'><strong>his</strong></span> <span class='ocrx_word' id='word_1_303' title='bbox 1034 3865 1371 3923; x_wconf 88' lang='lat' dir='ltr'><strong>nominibus</strong></span> <span class='ocrx_word' id='word_1_304' title='bbox 1406 3879 1553 3937; x_wconf 82' lang='lat' dir='ltr'><strong>saepe</strong></span> <span class='ocrx_word' id='word_1_305' title='bbox 1578 3879 1688 3918; x_wconf 81' lang='lat' dir='ltr'><strong>sae-</strong></span> 
     </span>
     <span class='ocr_line' id='line_1_46' title="bbox 327 3944 1688 4027; baseline -0.008 -18"><span class='ocrx_word' id='word_1_306' title='bbox 327 3954 455 4027; x_wconf 89' lang='lat' dir='ltr'><strong>pius</strong></span> <span class='ocrx_word' id='word_1_307' title='bbox 485 3954 547 4009; x_wconf 85' lang='lat' dir='ltr'><strong>itt</strong></span> <span class='ocrx_word' id='word_1_308' title='bbox 574 3957 689 4009; x_wconf 91' lang='lat' dir='ltr'><strong>tota</strong></span> <span class='ocrx_word' id='word_1_309' title='bbox 735 3952 840 4007; x_wconf 83' lang='lat' dir='ltr'><strong>hac</strong></span> <span class='ocrx_word' id='word_1_310' title='bbox 879 3948 1122 4004; x_wconf 87' lang='lat' dir='ltr'><strong>materia</strong></span> <span class='ocrx_word' id='word_1_311' title='bbox 1165 3944 1442 4002; x_wconf 90' lang='lat' dir='ltr'><strong>utendum</strong></span> <span class='ocrx_word' id='word_1_312' title='bbox 1483 3948 1602 4011; x_wconf 91' lang='lat' dir='ltr'><strong>est;</strong></span> <span class='ocrx_word' id='word_1_313' title='bbox 1631 3948 1688 3999; x_wconf 91' lang='lat' dir='ltr'><strong>et</strong></span> 
     </span>
     <span class='ocr_line' id='line_1_47' title="bbox 324 4026 1684 4106; baseline -0.007 -16"><span class='ocrx_word' id='word_1_314' title='bbox 324 4034 452 4091; x_wconf 91' lang='lat' dir='ltr'><strong>ideo</strong></span> <span class='ocrx_word' id='word_1_315' title='bbox 480 4050 665 4106; x_wconf 82' lang='lat' dir='ltr'><strong>operae</strong></span> <span class='ocrx_word' id='word_1_316' title='bbox 687 4031 936 4105; x_wconf 89' lang='lat' dir='ltr'><strong>pretium</strong></span> <span class='ocrx_word' id='word_1_317' title='bbox 960 4028 1069 4083; x_wconf 78' lang='lat' dir='ltr'><strong>suit</strong></span> <span class='ocrx_word' id='word_1_318' title='bbox 1104 4044 1206 4100; x_wconf 89' lang='lat' dir='ltr'><strong>pro</strong></span> <span class='ocrx_word' id='word_1_319' title='bbox 1234 4026 1373 4091; x_wconf 88' lang='lat' dir='ltr'><strong>illis,</strong></span> <span class='ocrx_word' id='word_1_320' title='bbox 1406 4031 1684 4082; x_wconf 90' lang='lat' dir='ltr'><strong>eteorum</strong></span> 
     </span>
     <span class='ocr_line' id='line_1_48' title="bbox 325 4105 1687 4171; baseline -0.007 0"><span class='ocrx_word' id='word_1_321' title='bbox 325 4113 644 4171; x_wconf 88' lang='lat' dir='ltr'><strong>rationibus</strong></span> <span class='ocrx_word' id='word_1_322' title='bbox 691 4106 1132 4168; x_wconf 79' lang='lat' dir='ltr'><strong>manifestandis</strong></span> <span class='ocrx_word' id='word_1_323' title='bbox 1177 4106 1491 4163; x_wconf 88' lang='lat' dir='ltr'><strong>secundam</strong></span> <span class='ocrx_word' id='word_1_324' title='bbox 1538 4105 1687 4162; x_wconf 89' lang='lat' dir='ltr'><strong>hanc</strong></span> 
     </span>
     <span class='ocr_line' id='line_1_49' title="bbox 317 4190 1119 4268; baseline -0.007 -18"><span class='ocrx_word' id='word_1_325' title='bbox 317 4193 767 4268; x_wconf 87' lang='lat' dir='ltr'><strong>disputationem</strong></span> <span class='ocrx_word' id='word_1_326' title='bbox 796 4190 1119 4246; x_wconf 86' lang='lat' dir='ltr'><strong>instituere.</strong></span> 
     </span>
    </p>
   </div>
   <div class='ocr_carea' id='block_1_8' title="bbox 690 4366 1321 4423">
    <p class='ocr_par' dir='ltr' id='par_1_11' title="bbox 690 4366 1321 4423">
     <span class='ocr_line' id='line_1_50' title="bbox 690 4366 1321 4423; baseline -0.002 0"><span class='ocrx_word' id='word_1_327' title='bbox 690 4368 974 4423; x_wconf 88' lang='lat' dir='ltr'><strong>DUBIUM</strong></span> <span class='ocrx_word' id='word_1_328' title='bbox 1015 4366 1321 4423; x_wconf 91' lang='lat' dir='ltr'><strong>UNICUM.</strong></span> 
     </span>
    </p>
   </div>
   <div class='ocr_carea' id='block_1_9' title="bbox 328 4513 1687 4755">
    <p class='ocr_par' dir='ltr' id='par_1_12' title="bbox 328 4513 1687 4755">
     <span class='ocr_line' id='line_1_51' title="bbox 328 4513 1686 4590; baseline -0.009 -14"><span class='ocrx_word' id='word_1_329' title='bbox 328 4516 531 4577; x_wconf 79' lang='lat' dir='ltr'><strong>Utrum</strong></span> <span class='ocrx_word' id='word_1_330' title='bbox 554 4517 812 4575; x_wconf 80' lang='lat' dir='ltr'><strong>meritum</strong></span> <span class='ocrx_word' id='word_1_331' title='bbox 837 4514 1128 4570; x_wconf 77' lang='lat' dir='ltr'><strong>dividatur</strong></span> <span class='ocrx_word' id='word_1_332' title='bbox 1156 4513 1434 4590; x_wconf 71' lang='lat' dir='ltr'><strong>adoequatc</strong></span> <span class='ocrx_word' id='word_1_333' title='bbox 1462 4513 1523 4567; x_wconf 80' lang='lat' dir='ltr'><strong>in</strong></span> <span class='ocrx_word' id='word_1_334' title='bbox 1562 4527 1686 4565; x_wconf 83' lang='lat' dir='ltr'><strong>con-</strong></span> 
     </span>
     <span class='ocr_line' id='line_1_52' title="bbox 395 4592 1687 4671; baseline -0.007 -16"><span class='ocrx_word' id='word_1_335' title='bbox 395 4617 618 4671; x_wconf 62' lang='lat' dir='ltr'><strong>gruum,</strong></span> <span class='ocrx_word' id='word_1_336' title='bbox 666 4604 715 4651; x_wconf 83' lang='lat' dir='ltr'><strong>ct</strong></span> <span class='ocrx_word' id='word_1_337' title='bbox 761 4596 1133 4665; x_wconf 76' lang='lat' dir='ltr'><strong>condiynum?</strong></span> <span class='ocrx_word' id='word_1_338' title='bbox 1179 4592 1282 4650; x_wconf 83' lang='lat' dir='ltr'><strong>Ubi</strong></span> <span class='ocrx_word' id='word_1_339' title='bbox 1320 4595 1494 4650; x_wconf 78' lang='lat' dir='ltr'><strong>etiam</strong></span> <span class='ocrx_word' id='word_1_340' title='bbox 1540 4593 1687 4647; x_wconf 81' lang='lat' dir='ltr'><strong>ratio</strong></span> 
     </span>
     <span class='ocr_line' id='line_1_53' title="bbox 399 4676 1246 4755; baseline -0.005 -19"><span class='ocrx_word' id='word_1_341' title='bbox 399 4681 683 4755; x_wconf 76' lang='lat' dir='ltr'><strong>utriusque</strong></span> <span class='ocrx_word' id='word_1_342' title='bbox 708 4679 892 4733; x_wconf 81' lang='lat' dir='ltr'><strong>meriti</strong></span> <span class='ocrx_word' id='word_1_343' title='bbox 917 4676 1246 4748; x_wconf 77' lang='lat' dir='ltr'><strong>explicatur.</strong></span> 
     </span>
    </p>
   </div>
   <div class='ocr_carea' id='block_1_10' title="bbox 318 4821 1693 5144">
    <p class='ocr_par' dir='ltr' id='par_1_13' title="bbox 318 4821 1693 5144">
     <span class='ocr_line' id='line_1_54' title="bbox 399 4821 1688 4901; baseline -0.008 -18"><span class='ocrx_word' id='word_1_344' title='bbox 399 4825 814 4901; x_wconf 77' lang='lat' dir='ltr'><strong>conjungimus</strong></span> <span class='ocrx_word' id='word_1_345' title='bbox 830 4826 893 4881; x_wconf 90' lang='lat' dir='ltr'><strong>in</strong></span> <span class='ocrx_word' id='word_1_346' title='bbox 914 4839 1098 4879; x_wconf 89' lang='lat' dir='ltr'><strong>unum</strong></span> <span class='ocrx_word' id='word_1_347' title='bbox 1121 4824 1271 4894; x_wconf 90' lang='lat' dir='ltr'><strong>(cum</strong></span> <span class='ocrx_word' id='word_1_348' title='bbox 1297 4821 1518 4894; x_wconf 86' lang='lat' dir='ltr'><strong>possint</strong></span> <span class='ocrx_word' id='word_1_349' title='bbox 1536 4834 1688 4876; x_wconf 83' lang='lat' dir='ltr'><strong>seor·</strong></span> 
     </span>
     <span class='ocr_line' id='line_1_55' title="bbox 319 4900 1689 4980; baseline -0.006 -15"><span class='ocrx_word' id='word_1_350' title='bbox 319 4909 434 4965; x_wconf 90' lang='lat' dir='ltr'><strong>sim</strong></span> <span class='ocrx_word' id='word_1_351' title='bbox 462 4907 764 4980; x_wconf 87' lang='lat' dir='ltr'><strong>disputari)</strong></span> <span class='ocrx_word' id='word_1_352' title='bbox 787 4907 901 4962; x_wconf 88' lang='lat' dir='ltr'><strong>tria</strong></span> <span class='ocrx_word' id='word_1_353' title='bbox 939 4921 1064 4978; x_wconf 81' lang='lat' dir='ltr'><strong>quae</strong></span> <span class='ocrx_word' id='word_1_354' title='bbox 1093 4905 1155 4959; x_wconf 91' lang='lat' dir='ltr'><strong>in</strong></span> <span class='ocrx_word' id='word_1_355' title='bbox 1196 4903 1359 4960; x_wconf 88' lang='lat' dir='ltr'><strong>dubii</strong></span> <span class='ocrx_word' id='word_1_356' title='bbox 1389 4900 1559 4956; x_wconf 85' lang='lat' dir='ltr'><strong>titulo</strong></span> <span class='ocrx_word' id='word_1_357' title='bbox 1595 4915 1689 4957; x_wconf 90' lang='lat' dir='ltr'><strong>re-</strong></span> 
     </span>
     <span class='ocr_line' id='line_1_56' title="bbox 318 4981 1689 5059; baseline -0.007 -12"><span class='ocrx_word' id='word_1_358' title='bbox 318 4993 647 5054; x_wconf 84' lang='lat' dir='ltr'><strong>censentur,</strong></span> <span class='ocrx_word' id='word_1_359' title='bbox 670 4988 789 5045; x_wconf 92' lang='lat' dir='ltr'><strong>imo</strong></span> <span class='ocrx_word' id='word_1_360' title='bbox 805 4991 861 5043; x_wconf 88' lang='lat' dir='ltr'><strong>et</strong></span> <span class='ocrx_word' id='word_1_361' title='bbox 874 4993 1077 5042; x_wconf 90' lang='lat' dir='ltr'><strong>cuncta</strong></span> <span class='ocrx_word' id='word_1_362' title='bbox 1096 5003 1221 5059; x_wconf 82' lang='lat' dir='ltr'><strong>quae</strong></span> <span class='ocrx_word' id='word_1_363' title='bbox 1244 4985 1314 5042; x_wconf 89' lang='lat' dir='ltr'><strong>ad</strong></span> <span class='ocrx_word' id='word_1_364' title='bbox 1338 4981 1689 5057; x_wconf 87' lang='lat' dir='ltr'><strong>propositam</strong></span> 
     </span>
     <span class='ocr_line' id='line_1_57' title="bbox 325 5065 1693 5144; baseline -0.004 -15"><span class='ocrx_word' id='word_1_365' title='bbox 325 5072 694 5139; x_wconf 78' lang='lat' dir='ltr'><strong>divisionem,</strong></span> <span class='ocrx_word' id='word_1_366' title='bbox 723 5074 891 5144; x_wconf 86' lang='lat' dir='ltr'><strong>atque</strong></span> <span class='ocrx_word' id='word_1_367' title='bbox 927 5069 1066 5126; x_wconf 90' lang='lat' dir='ltr'><strong>adeo</strong></span> <span class='ocrx_word' id='word_1_368' title='bbox 1090 5068 1159 5124; x_wconf 88' lang='lat' dir='ltr'><strong>ad</strong></span> <span class='ocrx_word' id='word_1_369' title='bbox 1183 5069 1328 5124; x_wconf 89' lang='lat' dir='ltr'><strong>hanc</strong></span> <span class='ocrx_word' id='word_1_370' title='bbox 1350 5065 1693 5139; x_wconf 87' lang='lat' dir='ltr'><strong>disputatio-</strong></span> 
     </span>
    </p>
   </div>
   <div class='ocr_carea' id='block_1_11' title="bbox 1820 619 3187 936">
    <p class='ocr_par' dir='ltr' id='par_1_14' title="bbox 1820 619 3187 936">
     <span class='ocr_line' id='line_1_58' title="bbox 1822 619 3187 691; baseline 0.002 -19"><span class='ocrx_word' id='word_1_371' title='bbox 1822 624 2270 691; x_wconf 80' lang='lat' dir='ltr'><strong>nemspectant.</strong></span> <span class='ocrx_word' id='word_1_372' title='bbox 2301 621 2450 676; x_wconf 90' lang='lat' dir='ltr'><strong>Tum</strong></span> <span class='ocrx_word' id='word_1_373' title='bbox 2491 625 2552 676; x_wconf 89' lang='lat' dir='ltr'><strong>ut</strong></span> <span class='ocrx_word' id='word_1_374' title='bbox 2596 619 2866 677; x_wconf 85' lang='lat' dir='ltr'><strong>brevitati</strong></span> <span class='ocrx_word' id='word_1_375' title='bbox 2913 622 3187 677; x_wconf 88' lang='lat' dir='ltr'><strong>consula-</strong></span> 
     </span>
     <span class='ocr_line' id='line_1_59' title="bbox 1820 699 3186 774; baseline 0.004 -23"><span class='ocrx_word' id='word_1_376' title='bbox 1820 712 1971 754; x_wconf 85' lang='lat' dir='ltr'><strong>mus.</strong></span> <span class='ocrx_word' id='word_1_377' title='bbox 2003 699 2150 755; x_wconf 90' lang='lat' dir='ltr'><strong>Tum</strong></span> <span class='ocrx_word' id='word_1_378' title='bbox 2178 700 2353 757; x_wconf 90' lang='lat' dir='ltr'><strong>etiam</strong></span> <span class='ocrx_word' id='word_1_379' title='bbox 2379 745 2392 768; x_wconf 87' lang='lat'>‚</span> <span class='ocrx_word' id='word_1_380' title='bbox 2435 701 2572 773; x_wconf 91' lang='lat' dir='ltr'><strong>quia</strong></span> <span class='ocrx_word' id='word_1_381' title='bbox 2611 701 2735 774; x_wconf 89' lang='lat' dir='ltr'><strong>ipsa</strong></span> <span class='ocrx_word' id='word_1_382' title='bbox 2776 702 2931 757; x_wconf 89' lang='lat' dir='ltr'><strong>inter</strong></span> <span class='ocrx_word' id='word_1_383' title='bbox 2957 715 3018 756; x_wconf 91' lang='lat' dir='ltr'><strong>se</strong></span> <span class='ocrx_word' id='word_1_384' title='bbox 3044 701 3186 757; x_wconf 85' lang='lat' dir='ltr'><strong>satis</strong></span> 
     </span>
     <span class='ocr_line' id='line_1_60' title="bbox 1820 780 3185 855; baseline 0.003 -21"><span class='ocrx_word' id='word_1_385' title='bbox 1820 792 2080 835; x_wconf 89' lang='lat' dir='ltr'><strong>connexa</strong></span> <span class='ocrx_word' id='word_1_386' title='bbox 2100 786 2251 847; x_wconf 90' lang='lat' dir='ltr'><strong>sunt,</strong></span> <span class='ocrx_word' id='word_1_387' title='bbox 2282 786 2339 838; x_wconf 87' lang='lat' dir='ltr'><strong>et</strong></span> <span class='ocrx_word' id='word_1_388' title='bbox 2363 782 2810 855; x_wconf 87' lang='lat' dir='ltr'><strong>uniuscujusque</strong></span> <span class='ocrx_word' id='word_1_389' title='bbox 2834 780 3084 855; x_wconf 83' lang='lat' dir='ltr'><strong>cognitio</strong></span> <span class='ocrx_word' id='word_1_390' title='bbox 3111 797 3185 838; x_wconf 84' lang='lat' dir='ltr'><strong>ex</strong></span> 
     </span>
     <span class='ocr_line' id='line_1_61' title="bbox 1822 858 3012 936; baseline 0.003 -22"><span class='ocrx_word' id='word_1_391' title='bbox 1822 858 2073 916; x_wconf 88' lang='lat' dir='ltr'><strong>aliorum</strong></span> <span class='ocrx_word' id='word_1_392' title='bbox 2102 861 2306 920; x_wconf 86' lang='lat' dir='ltr'><strong>notitia</strong></span> <span class='ocrx_word' id='word_1_393' title='bbox 2331 879 2449 921; x_wconf 90' lang='lat' dir='ltr'><strong>non</strong></span> <span class='ocrx_word' id='word_1_394' title='bbox 2477 880 2683 936; x_wconf 87' lang='lat' dir='ltr'><strong>parum</strong></span> <span class='ocrx_word' id='word_1_395' title='bbox 2709 861 3012 936; x_wconf 77' lang='lat' dir='ltr'><strong>dependet.</strong></span> 
     </span>
    </p>
   </div>
   <div class='ocr_carea' id='block_1_12' title="bbox 2449 1042 2562 1109">
    <p class='ocr_par' dir='ltr' id='par_1_15' title="bbox 2449 1042 2562 1109">
     <span class='ocr_line' id='line_1_62' title="bbox 2449 1042 2562 1109; baseline 0.009 -14"><span class='ocrx_word' id='word_1_396' title='bbox 2449 1042 2562 1109; x_wconf 76' lang='lat'><strong>§1-</strong></span> 
     </span>
    </p>
   </div>
   <div class='ocr_carea' id='block_1_13' title="bbox 1822 1180 3184 1340">
    <p class='ocr_par' dir='ltr' id='par_1_16' title="bbox 1822 1180 3184 1340">
     <span class='ocr_line' id='line_1_63' title="bbox 1822 1180 3184 1262; baseline 0.004 -24"><span class='ocrx_word' id='word_1_397' title='bbox 1822 1180 2148 1256; x_wconf 78' lang='lat' dir='ltr'><strong>Eoeponilur</strong></span> <span class='ocrx_word' id='word_1_398' title='bbox 2168 1186 2303 1262; x_wconf 81' lang='lat' dir='ltr'><strong>quid</strong></span> <span class='ocrx_word' id='word_1_399' title='bbox 2320 1188 2391 1242; x_wconf 81' lang='lat' dir='ltr'><strong>sit</strong></span> <span class='ocrx_word' id='word_1_400' title='bbox 2422 1189 2677 1242; x_wconf 78' lang='lat' dir='ltr'><strong>meritum</strong></span> <span class='ocrx_word' id='word_1_401' title='bbox 2716 1187 2779 1242; x_wconf 80' lang='lat' dir='ltr'><strong>cle</strong></span> <span class='ocrx_word' id='word_1_402' title='bbox 2818 1186 3101 1256; x_wconf 75' lang='lat' dir='ltr'><strong>condiyno,</strong></span> <span class='ocrx_word' id='word_1_403' title='bbox 3132 1195 3184 1244; x_wconf 80' lang='lat' dir='ltr'><strong>et</strong></span> 
     </span>
     <span class='ocr_line' id='line_1_64' title="bbox 2046 1265 2958 1340; baseline 0.004 -21"><span class='ocrx_word' id='word_1_404' title='bbox 2046 1265 2182 1340; x_wconf 81' lang='lat' dir='ltr'><strong>quid</strong></span> <span class='ocrx_word' id='word_1_405' title='bbox 2211 1267 2284 1321; x_wconf 75' lang='lat' dir='ltr'><strong>sit</strong></span> <span class='ocrx_word' id='word_1_406' title='bbox 2322 1271 2580 1324; x_wconf 79' lang='lat' dir='ltr'><strong>meritum</strong></span> <span class='ocrx_word' id='word_1_407' title='bbox 2608 1267 2672 1323; x_wconf 86' lang='lat' dir='ltr'><strong>de</strong></span> <span class='ocrx_word' id='word_1_408' title='bbox 2701 1283 2958 1338; x_wconf 65' lang='lat' dir='ltr'><strong>confflem.</strong></span> 
     </span>
    </p>
   </div>
   <div class='ocr_carea' id='block_1_14' title="bbox 1906 1411 3406 1489">
    <p class='ocr_par' dir='ltr' id='par_1_17' title="bbox 1906 1411 3406 1489">
     <span class='ocr_line' id='line_1_65' title="bbox 1906 1411 3406 1489; baseline 0.005 -24"><span class='ocrx_word' id='word_1_409' title='bbox 1906 1411 1952 1466; x_wconf 92' lang='lat'><strong>1.</strong></span> <span class='ocrx_word' id='word_1_410' title='bbox 1998 1411 2305 1486; x_wconf 88' lang='lat' dir='ltr'><strong>Utriusque</strong></span> <span class='ocrx_word' id='word_1_411' title='bbox 2367 1415 2563 1471; x_wconf 87' lang='lat' dir='ltr'><strong>meriti</strong></span> <span class='ocrx_word' id='word_1_412' title='bbox 2627 1416 2909 1472; x_wconf 87' lang='lat' dir='ltr'><strong>rationem</strong></span> <span class='ocrx_word' id='word_1_413' title='bbox 2958 1416 3406 1489; x_wconf 73' lang='lat' dir='ltr'><strong>aperuitnattoncs</strong></span> 
     </span>
    </p>
   </div>
   <div class='ocr_carea' id='block_1_15' title="bbox 1823 1478 3408 1769">
    <p class='ocr_par' dir='ltr' id='par_1_18' title="bbox 1823 1478 3408 1769">
     <span class='ocr_line' id='line_1_66' title="bbox 1825 1478 3404 1571; baseline 0.008 -25"><span class='ocrx_word' id='word_1_414' title='bbox 1825 1489 1991 1549; x_wconf 86' lang='lat' dir='ltr'><strong>nobis</strong></span> <span class='ocrx_word' id='word_1_415' title='bbox 2018 1495 2081 1549; x_wconf 91' lang='lat' dir='ltr'><strong>D.</strong></span> <span class='ocrx_word' id='word_1_416' title='bbox 2108 1494 2314 1552; x_wconf 87' lang='lat' dir='ltr'><strong>Thom.</strong></span> <span class='ocrx_word' id='word_1_417' title='bbox 2340 1498 2398 1551; x_wconf 81' lang='lat' dir='ltr'><strong>in</strong></span> <span class='ocrx_word' id='word_1_418' title='bbox 2418 1500 2672 1570; x_wconf 59' lang='lat' dir='ltr'><strong>prasenti</strong></span> <span class='ocrx_word' id='word_1_419' title='bbox 2695 1505 2806 1554; x_wconf 75' lang='lat' dir='ltr'><strong>art.</strong></span> <span class='ocrx_word' id='word_1_420' title='bbox 2833 1498 2867 1552; x_wconf 88' lang='lat'><strong>3</strong></span> <span class='ocrx_word' id='word_1_421' title='bbox 2893 1505 2941 1552; x_wconf 81' lang='lat' dir='ltr'><strong>et</strong></span> <span class='ocrx_word' id='word_1_422' title='bbox 2963 1499 3017 1562; x_wconf 81' lang='lat'><strong>6,</strong></span> <span class='ocrx_word' id='word_1_423' title='bbox 3047 1503 3102 1555; x_wconf 90' lang='lat' dir='ltr'><strong>et</strong></span> <span class='ocrx_word' id='word_1_424' title='bbox 3123 1500 3185 1554; x_wconf 75' lang='lat' dir='ltr'><strong>in</strong></span> <span class='ocrx_word' id='word_1_425' title='bbox 3225 1478 3404 1571; x_wconf 43' lang='lat' dir='ltr'><strong>‹¹12⁶ss-</strong></span> 
     </span>
     <span class='ocr_line' id='line_1_67' title="bbox 1823 1572 3408 1669; baseline 0.008 -43"><span class='ocrx_word' id='word_1_426' title='bbox 1823 1573 1878 1638; x_wconf 88' lang='grc'><strong>3,</strong></span> <span class='ocrx_word' id='word_1_427' title='bbox 1897 1572 2025 1664; x_wconf 67' lang='lat' dir='ltr'><strong>dist.</strong></span> <span class='ocrx_word' id='word_1_428' title='bbox 2052 1576 2143 1640; x_wconf 80' lang='lat'><strong>27,</strong></span> <span class='ocrx_word' id='word_1_429' title='bbox 2170 1585 2350 1653; x_wconf 69' lang='lat' dir='ltr'><strong>quaest.</strong></span> <span class='ocrx_word' id='word_1_430' title='bbox 2376 1580 2432 1669; x_wconf 28' lang='lat'><strong>⁶1,</strong></span> <span class='ocrx_word' id='word_1_431' title='bbox 2459 1589 2567 1637; x_wconf 77' lang='lat' dir='ltr'><strong>art.</strong></span> <span class='ocrx_word' id='word_1_432' title='bbox 2595 1581 2648 1646; x_wconf 88' lang='lat'><strong>3,</strong></span> <span class='ocrx_word' id='word_1_433' title='bbox 2674 1579 2870 1637; x_wconf 86' lang='lat' dir='ltr'><strong>dicens</strong></span> <span class='ocrx_word' id='word_1_434' title='bbox 2893 1577 3037 1635; x_wconf 86' lang='lat' dir='ltr'><strong>illud</strong></span> <span class='ocrx_word' id='word_1_435' title='bbox 3061 1596 3185 1637; x_wconf 87' lang='lat' dir='ltr'><strong>esse</strong></span> <span class='ocrx_word' id='word_1_436' title='bbox 3198 1575 3408 1669; x_wconf 53' lang='lat' dir='ltr'><strong>‘¹5⁸5ssng</strong></span> 
     </span>
     <span class='ocr_line' id='line_1_68' title="bbox 1825 1655 3400 1769; baseline 0.006 -61"><span class='ocrx_word' id='word_1_437' title='bbox 1825 1659 2100 1711; x_wconf 76' lang='lat' dir='ltr'><strong>meritum</strong></span> <span class='ocrx_word' id='word_1_438' title='bbox 2128 1655 2198 1712; x_wconf 90' lang='lat' dir='ltr'><strong>de</strong></span> <span class='ocrx_word' id='word_1_439' title='bbox 2225 1658 2526 1733; x_wconf 80' lang='lat' dir='ltr'><strong>condigno,</strong></span> <span class='ocrx_word' id='word_1_440' title='bbox 2557 1661 2705 1734; x_wconf 90' lang='lat' dir='ltr'><strong>quod</strong></span> <span class='ocrx_word' id='word_1_441' title='bbox 2736 1659 2905 1716; x_wconf 88' lang='lat' dir='ltr'><strong>habet</strong></span> <span class='ocrx_word' id='word_1_442' title='bbox 2942 1660 3186 1733; x_wconf 83' lang='lat' dir='ltr'><strong>aequali-</strong></span> <span class='ocrx_word' id='word_1_443' title='bbox 3258 1685 3400 1769; x_wconf 52' lang='lat' dir='ltr'><strong>siim.</strong></span> 
     </span>
    </p>
   </div>
   <div class='ocr_carea' id='block_1_16' title="bbox 1816 1739 3188 5139">
    <p class='ocr_par' dir='ltr' id='par_1_19' title="bbox 1816 1739 3188 5139">
     <span class='ocr_line' id='line_1_69' title="bbox 1825 1739 3188 1813; baseline 0.007 -23"><span class='ocrx_word' id='word_1_444' title='bbox 1825 1739 1998 1791; x_wconf 88' lang='lat' dir='ltr'><strong>tatem</strong></span> <span class='ocrx_word' id='word_1_445' title='bbox 2034 1754 2161 1795; x_wconf 89' lang='lat' dir='ltr'><strong>cum</strong></span> <span class='ocrx_word' id='word_1_446' title='bbox 2205 1743 2445 1813; x_wconf 83' lang='lat' dir='ltr'><strong>praemio</strong></span> <span class='ocrx_word' id='word_1_447' title='bbox 2482 1743 2797 1800; x_wconf 91' lang='lat' dir='ltr'><strong>secundum</strong></span> <span class='ocrx_word' id='word_1_448' title='bbox 2840 1748 3086 1809; x_wconf 90' lang='lat' dir='ltr'><strong>rectam,</strong></span> <span class='ocrx_word' id='word_1_449' title='bbox 3130 1748 3188 1800; x_wconf 93' lang='lat' dir='ltr'><strong>et</strong></span> 
     </span>
     <span class='ocr_line' id='line_1_70' title="bbox 1827 1817 3187 1890; baseline 0.007 -18"><span class='ocrx_word' id='word_1_450' title='bbox 1827 1817 2166 1890; x_wconf 84' lang='lat' dir='ltr'><strong>prudentem</strong></span> <span class='ocrx_word' id='word_1_451' title='bbox 2195 1823 2636 1881; x_wconf 83' lang='lat' dir='ltr'><strong>aestimationem</strong></span> <span class='ocrx_word' id='word_1_452' title='bbox 2666 1846 2679 1881; x_wconf 74' lang='grc' dir='ltr'><strong><em>ε</em></strong></span> <span class='ocrx_word' id='word_1_453' title='bbox 2705 1824 2852 1881; x_wconf 92' lang='lat' dir='ltr'><strong>illud</strong></span> <span class='ocrx_word' id='word_1_454' title='bbox 2884 1841 3024 1882; x_wconf 81' lang='lat' dir='ltr'><strong>vero</strong></span> <span class='ocrx_word' id='word_1_455' title='bbox 3062 1840 3187 1881; x_wconf 86' lang='lat' dir='ltr'><strong>esse</strong></span> 
     </span>
     <span class='ocr_line' id='line_1_71' title="bbox 1825 1899 3186 1980; baseline 0.006 -26"><span class='ocrx_word' id='word_1_456' title='bbox 1825 1899 2100 1956; x_wconf 90' lang='lat' dir='ltr'><strong>meritum</strong></span> <span class='ocrx_word' id='word_1_457' title='bbox 2118 1900 2187 1957; x_wconf 90' lang='lat' dir='ltr'><strong>de</strong></span> <span class='ocrx_word' id='word_1_458' title='bbox 2200 1918 2468 1976; x_wconf 83' lang='lat' dir='ltr'><strong>congruO,</strong></span> <span class='ocrx_word' id='word_1_459' title='bbox 2489 1905 2637 1978; x_wconf 91' lang='lat' dir='ltr'><strong>quod</strong></span> <span class='ocrx_word' id='word_1_460' title='bbox 2659 1905 2754 1980; x_wconf 84' lang='lat' dir='ltr'><strong>huj</strong></span> <span class='ocrx_word' id='word_1_461' title='bbox 2765 1905 2983 1961; x_wconf 90' lang='lat' dir='ltr'><strong>usmodi</strong></span> <span class='ocrx_word' id='word_1_462' title='bbox 3001 1921 3186 1978; x_wconf 83' lang='lat' dir='ltr'><strong>aequa-</strong></span> 
     </span>
     <span class='ocr_line' id='line_1_72' title="bbox 1826 1979 3181 2059; baseline 0.007 -25"><span class='ocrx_word' id='word_1_463' title='bbox 1826 1979 2046 2036; x_wconf 87' lang='lat' dir='ltr'><strong>litatem</strong></span> <span class='ocrx_word' id='word_1_464' title='bbox 2084 1998 2200 2038; x_wconf 90' lang='lat' dir='ltr'><strong>non</strong></span> <span class='ocrx_word' id='word_1_465' title='bbox 2241 1983 2428 2050; x_wconf 89' lang='lat' dir='ltr'><strong>habet,</strong></span> <span class='ocrx_word' id='word_1_466' title='bbox 2457 1985 2626 2043; x_wconf 87' lang='lat' dir='ltr'><strong>habet</strong></span> <span class='ocrx_word' id='word_1_467' title='bbox 2652 1990 2844 2042; x_wconf 89' lang='lat' dir='ltr'><strong>tamen</strong></span> <span class='ocrx_word' id='word_1_468' title='bbox 2869 1986 3181 2059; x_wconf 85' lang='lat' dir='ltr'><strong>aliqualem</strong></span> 
     </span>
     <span class='ocr_line' id='line_1_73' title="bbox 1825 2063 3183 2137; baseline 0.007 -21"><span class='ocrx_word' id='word_1_469' title='bbox 1825 2077 1954 2117; x_wconf 89' lang='lat' dir='ltr'><strong>cum</strong></span> <span class='ocrx_word' id='word_1_470' title='bbox 2007 2063 2244 2133; x_wconf 82' lang='lat' dir='ltr'><strong>praemio</strong></span> <span class='ocrx_word' id='word_1_471' title='bbox 2297 2066 2726 2137; x_wconf 88' lang='lat' dir='ltr'><strong>proportionem</strong></span> <span class='ocrx_word' id='word_1_472' title='bbox 2742 2090 2756 2132; x_wconf 88' lang='lat'>;</span> <span class='ocrx_word' id='word_1_473' title='bbox 2806 2067 2885 2123; x_wconf 91' lang='lat' dir='ltr'><strong>ita</strong></span> <span class='ocrx_word' id='word_1_474' title='bbox 2933 2072 2995 2122; x_wconf 90' lang='lat' dir='ltr'><strong>ut</strong></span> <span class='ocrx_word' id='word_1_475' title='bbox 3041 2083 3183 2124; x_wconf 89' lang='lat' dir='ltr'><strong>con-</strong></span> 
     </span>
     <span class='ocr_line' id='line_1_74' title="bbox 1823 2144 3183 2217; baseline 0.007 -20"><span class='ocrx_word' id='word_1_476' title='bbox 1823 2159 2033 2217; x_wconf 89' lang='lat' dir='ltr'><strong>gruum</strong></span> <span class='ocrx_word' id='word_1_477' title='bbox 2055 2144 2142 2210; x_wconf 84' lang='lat' dir='ltr'><strong>sit,</strong></span> <span class='ocrx_word' id='word_1_478' title='bbox 2168 2150 2221 2200; x_wconf 92' lang='lat' dir='ltr'><strong>et</strong></span> <span class='ocrx_word' id='word_1_479' title='bbox 2242 2144 2472 2203; x_wconf 85' lang='lat' dir='ltr'><strong>dantem</strong></span> <span class='ocrx_word' id='word_1_480' title='bbox 2502 2147 2696 2204; x_wconf 90' lang='lat' dir='ltr'><strong>deceat</strong></span> <span class='ocrx_word' id='word_1_481' title='bbox 2722 2147 2865 2203; x_wconf 89' lang='lat' dir='ltr'><strong>illud</strong></span> <span class='ocrx_word' id='word_1_482' title='bbox 2905 2164 3183 2207; x_wconf 87' lang='lat' dir='ltr'><strong>remune-</strong></span> 
     </span>
     <span class='ocr_line' id='line_1_75' title="bbox 1827 2224 3182 2304; baseline 0.006 -24"><span class='ocrx_word' id='word_1_483' title='bbox 1827 2224 1965 2280; x_wconf 88' lang='lat' dir='ltr'><strong>rari.</strong></span> <span class='ocrx_word' id='word_1_484' title='bbox 2020 2226 2121 2281; x_wconf 90' lang='lat' dir='ltr'><strong>Vel</strong></span> <span class='ocrx_word' id='word_1_485' title='bbox 2174 2227 2342 2282; x_wconf 90' lang='lat' dir='ltr'><strong>aliter</strong></span> <span class='ocrx_word' id='word_1_486' title='bbox 2395 2249 2409 2282; x_wconf 71' lang='grc' dir='ltr'><strong><em>ε</em></strong></span> <span class='ocrx_word' id='word_1_487' title='bbox 2456 2229 2730 2285; x_wconf 88' lang='lat' dir='ltr'><strong>meritum</strong></span> <span class='ocrx_word' id='word_1_488' title='bbox 2784 2228 2855 2285; x_wconf 91' lang='lat' dir='ltr'><strong>de</strong></span> <span class='ocrx_word' id='word_1_489' title='bbox 2892 2229 3182 2304; x_wconf 89' lang='lat' dir='ltr'><strong>condigno</strong></span> 
     </span>
     <span class='ocr_line' id='line_1_76' title="bbox 1826 2305 3181 2383; baseline 0.007 -23"><span class='ocrx_word' id='word_1_490' title='bbox 1826 2305 2048 2372; x_wconf 88' lang='lat' dir='ltr'><strong>dicitur,</strong></span> <span class='ocrx_word' id='word_1_491' title='bbox 2099 2308 2247 2380; x_wconf 90' lang='lat' dir='ltr'><strong>quod</strong></span> <span class='ocrx_word' id='word_1_492' title='bbox 2296 2309 2428 2366; x_wconf 84' lang='lat' dir='ltr'><strong>facit</strong></span> <span class='ocrx_word' id='word_1_493' title='bbox 2453 2309 2563 2366; x_wconf 89' lang='lat' dir='ltr'><strong>sibi</strong></span> <span class='ocrx_word' id='word_1_494' title='bbox 2589 2311 2893 2383; x_wconf 82' lang='lat' dir='ltr'><strong>praemium</strong></span> <span class='ocrx_word' id='word_1_495' title='bbox 2922 2310 3181 2370; x_wconf 89' lang='lat' dir='ltr'><strong>debitum</strong></span> 
     </span>
     <span class='ocr_line' id='line_1_77' title="bbox 1826 2388 3179 2462; baseline 0.006 -20"><span class='ocrx_word' id='word_1_496' title='bbox 1826 2402 1896 2443; x_wconf 89' lang='lat' dir='ltr'><strong>ex</strong></span> <span class='ocrx_word' id='word_1_497' title='bbox 1919 2388 2141 2462; x_wconf 86' lang='lat' dir='ltr'><strong>justitia</strong></span> <span class='ocrx_word' id='word_1_498' title='bbox 2166 2389 2524 2462; x_wconf 88' lang='lat' dir='ltr'><strong>simpliciter,</strong></span> <span class='ocrx_word' id='word_1_499' title='bbox 2571 2391 2674 2449; x_wconf 87' lang='lat' dir='ltr'><strong>hoc</strong></span> <span class='ocrx_word' id='word_1_500' title='bbox 2712 2396 2813 2456; x_wconf 89' lang='lat' dir='ltr'><strong>est,</strong></span> <span class='ocrx_word' id='word_1_501' title='bbox 2849 2391 3089 2450; x_wconf 85' lang='lat' dir='ltr'><strong>fundata</strong></span> <span class='ocrx_word' id='word_1_502' title='bbox 3115 2393 3179 2450; x_wconf 90' lang='lat' dir='ltr'><strong>in</strong></span> 
     </span>
     <span class='ocr_line' id='line_1_78' title="bbox 1825 2469 3182 2544; baseline 0.004 -20"><span class='ocrx_word' id='word_1_503' title='bbox 1825 2470 2022 2526; x_wconf 81' lang='lat' dir='ltr'><strong>valore</strong></span> <span class='ocrx_word' id='word_1_504' title='bbox 2047 2511 2061 2535; x_wconf 97' lang='lat'><em>,</em></span> <span class='ocrx_word' id='word_1_505' title='bbox 2096 2474 2150 2525; x_wconf 90' lang='lat' dir='ltr'><strong>et</strong></span> <span class='ocrx_word' id='word_1_506' title='bbox 2197 2469 2474 2544; x_wconf 83' lang='lat' dir='ltr'><strong>dignitate</strong></span> <span class='ocrx_word' id='word_1_507' title='bbox 2519 2476 2674 2527; x_wconf 88' lang='lat' dir='ltr'><strong>actus</strong></span> <span class='ocrx_word' id='word_1_508' title='bbox 2721 2472 3008 2529; x_wconf 88' lang='lat' dir='ltr'><strong>meritorii</strong></span> <span class='ocrx_word' id='word_1_509' title='bbox 3050 2489 3182 2530; x_wconf 90' lang='lat' dir='ltr'><strong>cum</strong></span> 
     </span>
     <span class='ocr_line' id='line_1_79' title="bbox 1827 2550 3185 2624; baseline 0.004 -17"><span class='ocrx_word' id='word_1_510' title='bbox 1827 2550 2207 2624; x_wconf 88' lang='lat' dir='ltr'><strong>promissione</strong></span> <span class='ocrx_word' id='word_1_511' title='bbox 2235 2553 2662 2608; x_wconf 86' lang='lat' dir='ltr'><strong>remunerantis</strong></span> <span class='ocrx_word' id='word_1_512' title='bbox 2689 2576 2702 2608; x_wconf 73' lang='grc' dir='ltr'><strong>ι</strong></span> <span class='ocrx_word' id='word_1_513' title='bbox 2729 2553 3004 2609; x_wconf 87' lang='lat' dir='ltr'><strong>meritum</strong></span> <span class='ocrx_word' id='word_1_514' title='bbox 3043 2570 3185 2613; x_wconf 86' lang='lat' dir='ltr'><strong>vero</strong></span> 
     </span>
     <span class='ocr_line' id='line_1_80' title="bbox 1823 2631 3180 2707; baseline 0.001 -17"><span class='ocrx_word' id='word_1_515' title='bbox 1823 2632 1895 2690; x_wconf 90' lang='lat' dir='ltr'><strong>de</strong></span> <span class='ocrx_word' id='word_1_516' title='bbox 1937 2648 2207 2707; x_wconf 82' lang='lat' dir='ltr'><strong>congrue,</strong></span> <span class='ocrx_word' id='word_1_517' title='bbox 2245 2633 2336 2689; x_wconf 90' lang='lat' dir='ltr'><strong>cui</strong></span> <span class='ocrx_word' id='word_1_518' title='bbox 2366 2648 2483 2689; x_wconf 90' lang='lat' dir='ltr'><strong>non</strong></span> <span class='ocrx_word' id='word_1_519' title='bbox 2512 2631 2749 2690; x_wconf 87' lang='lat' dir='ltr'><strong>debetur</strong></span> <span class='ocrx_word' id='word_1_520' title='bbox 2771 2634 3081 2706; x_wconf 59' lang='lat' dir='ltr'><strong>praemium</strong></span> <span class='ocrx_word' id='word_1_521' title='bbox 3106 2651 3180 2692; x_wconf 85' lang='lat' dir='ltr'><strong>ex</strong></span> 
     </span>
     <span class='ocr_line' id='line_1_81' title="bbox 1816 2712 3182 2787; baseline 0.001 -17"><span class='ocrx_word' id='word_1_522' title='bbox 1816 2713 2043 2787; x_wconf 82' lang='lat' dir='ltr'><strong>justitia</strong></span> <span class='ocrx_word' id='word_1_523' title='bbox 2086 2713 2219 2784; x_wconf 91' lang='lat' dir='ltr'><strong>(nisi</strong></span> <span class='ocrx_word' id='word_1_524' title='bbox 2249 2712 2318 2769; x_wconf 90' lang='lat' dir='ltr'><strong>ad</strong></span> <span class='ocrx_word' id='word_1_525' title='bbox 2364 2730 2659 2770; x_wconf 89' lang='lat' dir='ltr'><strong>summum</strong></span> <span class='ocrx_word' id='word_1_526' title='bbox 2708 2715 3080 2787; x_wconf 83' lang='lat' dir='ltr'><strong>imperfecta,</strong></span> <span class='ocrx_word' id='word_1_527' title='bbox 3124 2721 3182 2774; x_wconf 93' lang='lat' dir='ltr'><strong>et</strong></span> 
     </span>
     <span class='ocr_line' id='line_1_82' title="bbox 1822 2794 3185 2871; baseline 0.002 -19"><span class='ocrx_word' id='word_1_528' title='bbox 1822 2794 2137 2852; x_wconf 87' lang='lat' dir='ltr'><strong>secundum</strong></span> <span class='ocrx_word' id='word_1_529' title='bbox 2164 2794 2322 2868; x_wconf 90' lang='lat' dir='ltr'><strong>quid)</strong></span> <span class='ocrx_word' id='word_1_530' title='bbox 2342 2794 2440 2851; x_wconf 87' lang='lat' dir='ltr'><strong>sed</strong></span> <span class='ocrx_word' id='word_1_531' title='bbox 2468 2810 2538 2851; x_wconf 91' lang='lat' dir='ltr'><strong>ex</strong></span> <span class='ocrx_word' id='word_1_532' title='bbox 2578 2797 2953 2871; x_wconf 87' lang='lat' dir='ltr'><strong>congruitate,</strong></span> <span class='ocrx_word' id='word_1_533' title='bbox 2979 2802 3034 2854; x_wconf 90' lang='lat' dir='ltr'><strong>et</strong></span> <span class='ocrx_word' id='word_1_534' title='bbox 3080 2796 3185 2855; x_wconf 90' lang='lat' dir='ltr'><strong>de-</strong></span> 
     </span>
     <span class='ocr_line' id='line_1_83' title="bbox 1823 2876 3184 2937; baseline 0.002 -3"><span class='ocrx_word' id='word_1_535' title='bbox 1823 2878 2009 2935; x_wconf 89' lang='lat' dir='ltr'><strong>centia</strong></span> <span class='ocrx_word' id='word_1_536' title='bbox 2037 2876 2276 2934; x_wconf 85' lang='lat' dir='ltr'><strong>fundata</strong></span> <span class='ocrx_word' id='word_1_537' title='bbox 2318 2894 2434 2934; x_wconf 90' lang='lat' dir='ltr'><strong>non</strong></span> <span class='ocrx_word' id='word_1_538' title='bbox 2481 2876 2544 2933; x_wconf 88' lang='lat' dir='ltr'><strong>in</strong></span> <span class='ocrx_word' id='word_1_539' title='bbox 2582 2880 2704 2935; x_wconf 89' lang='lat' dir='ltr'><strong>sola</strong></span> <span class='ocrx_word' id='word_1_540' title='bbox 2753 2881 3184 2937; x_wconf 85' lang='lat' dir='ltr'><strong>remunerantis</strong></span> 
     </span>
     <span class='ocr_line' id='line_1_84' title="bbox 1821 2957 3185 3029; baseline 0.001 -15"><span class='ocrx_word' id='word_1_541' title='bbox 1821 2958 2220 3014; x_wconf 88' lang='lat' dir='ltr'><strong>misericordia</strong></span> <span class='ocrx_word' id='word_1_542' title='bbox 2266 2957 2525 3029; x_wconf 85' lang='lat' dir='ltr'><strong>(alioqui</strong></span> <span class='ocrx_word' id='word_1_543' title='bbox 2558 2958 2721 3013; x_wconf 89' lang='lat' dir='ltr'><strong>nulla</strong></span> <span class='ocrx_word' id='word_1_544' title='bbox 2769 2960 2993 3015; x_wconf 88' lang='lat' dir='ltr'><strong>ratione</strong></span> <span class='ocrx_word' id='word_1_545' title='bbox 3037 2966 3185 3017; x_wconf 89' lang='lat' dir='ltr'><strong>esset</strong></span> 
     </span>
     <span class='ocr_line' id='line_1_85' title="bbox 1822 3039 3176 3112; baseline 0 -13"><span class='ocrx_word' id='word_1_546' title='bbox 1822 3042 2140 3111; x_wconf 90' lang='lat' dir='ltr'><strong>meritum)</strong></span> <span class='ocrx_word' id='word_1_547' title='bbox 2166 3039 2264 3097; x_wconf 88' lang='lat' dir='ltr'><strong>sed</strong></span> <span class='ocrx_word' id='word_1_548' title='bbox 2292 3041 2353 3095; x_wconf 91' lang='lat' dir='ltr'><strong>in</strong></span> <span class='ocrx_word' id='word_1_549' title='bbox 2392 3040 2571 3112; x_wconf 89' lang='lat' dir='ltr'><strong>ipsius</strong></span> <span class='ocrx_word' id='word_1_550' title='bbox 2599 3040 2870 3106; x_wconf 90' lang='lat' dir='ltr'><strong>bonitate,</strong></span> <span class='ocrx_word' id='word_1_551' title='bbox 2908 3041 3176 3099; x_wconf 88' lang='lat' dir='ltr'><strong>liberali—-</strong></span> 
     </span>
     <span class='ocr_line' id='line_1_86' title="bbox 1820 3121 3184 3187; baseline 0.001 -9"><span class='ocrx_word' id='word_1_552' title='bbox 1820 3129 1956 3187; x_wconf 84' lang='lat' dir='ltr'><strong>tate.</strong></span> <span class='ocrx_word' id='word_1_553' title='bbox 1978 3127 2079 3179; x_wconf 90' lang='lat' dir='ltr'><strong>aut</strong></span> <span class='ocrx_word' id='word_1_554' title='bbox 2105 3121 2362 3177; x_wconf 89' lang='lat' dir='ltr'><strong>amicitia</strong></span> <span class='ocrx_word' id='word_1_555' title='bbox 2387 3137 2517 3176; x_wconf 89' lang='lat' dir='ltr'><strong>cum</strong></span> <span class='ocrx_word' id='word_1_556' title='bbox 2548 3127 2820 3187; x_wconf 88' lang='lat' dir='ltr'><strong>merente,</strong></span> <span class='ocrx_word' id='word_1_557' title='bbox 2854 3138 2972 3178; x_wconf 88' lang='lat' dir='ltr'><strong>non</strong></span> <span class='ocrx_word' id='word_1_558' title='bbox 2993 3125 3184 3179; x_wconf 87' lang='lat' dir='ltr'><strong>exclu-</strong></span> 
     </span>
     <span class='ocr_line' id='line_1_87' title="bbox 1821 3202 3182 3275; baseline 0.001 -16"><span class='ocrx_word' id='word_1_559' title='bbox 1821 3203 2009 3260; x_wconf 91' lang='lat' dir='ltr'><strong>dendo</strong></span> <span class='ocrx_word' id='word_1_560' title='bbox 2069 3202 2376 3274; x_wconf 82' lang='lat' dir='ltr'><strong>aliqualem</strong></span> <span class='ocrx_word' id='word_1_561' title='bbox 2450 3205 2641 3265; x_wconf 84' lang='lat' dir='ltr'><strong>actus,</strong></span> <span class='ocrx_word' id='word_1_562' title='bbox 2692 3203 2788 3275; x_wconf 91' lang='lat' dir='ltr'><strong>qui</strong></span> <span class='ocrx_word' id='word_1_563' title='bbox 2844 3202 3182 3260; x_wconf 86' lang='lat' dir='ltr'><strong>meritorius</strong></span> 
     </span>
     <span class='ocr_line' id='line_1_88' title="bbox 1832 3281 3180 3353; baseline 0.001 -15"><span class='ocrx_word' id='word_1_564' title='bbox 1832 3282 2085 3347; x_wconf 90' lang='lat' dir='ltr'><strong>dicitur,</strong></span> <span class='ocrx_word' id='word_1_565' title='bbox 2145 3281 2417 3346; x_wconf 83' lang='lat' dir='ltr'><strong>valorem,</strong></span> <span class='ocrx_word' id='word_1_566' title='bbox 2466 3287 2520 3337; x_wconf 91' lang='lat' dir='ltr'><strong>et</strong></span> <span class='ocrx_word' id='word_1_567' title='bbox 2574 3282 3000 3353; x_wconf 88' lang='lat' dir='ltr'><strong>proportionem</strong></span> <span class='ocrx_word' id='word_1_568' title='bbox 3046 3300 3180 3340; x_wconf 90' lang='lat' dir='ltr'><strong>cum</strong></span> 
     </span>
     <span class='ocr_line' id='line_1_89' title="bbox 1822 3361 3176 3436; baseline 0.003 -17"><span class='ocrx_word' id='word_1_569' title='bbox 1822 3362 2078 3436; x_wconf 76' lang='lat' dir='ltr'><strong>praemio.</strong></span> <span class='ocrx_word' id='word_1_570' title='bbox 2106 3364 2433 3433; x_wconf 84' lang='lat' dir='ltr'><strong>congruum</strong></span> <span class='ocrx_word' id='word_1_571' title='bbox 2450 3361 2608 3416; x_wconf 91' lang='lat' dir='ltr'><strong>enim</strong></span> <span class='ocrx_word' id='word_1_572' title='bbox 2624 3368 2726 3425; x_wconf 85' lang='lat' dir='ltr'><strong>est,</strong></span> <span class='ocrx_word' id='word_1_573' title='bbox 2742 3367 2803 3416; x_wconf 87' lang='lat' dir='ltr'><strong>ut</strong></span> <span class='ocrx_word' id='word_1_574' title='bbox 2825 3361 2962 3421; x_wconf 91' lang='lat' dir='ltr'><strong>dum</strong></span> <span class='ocrx_word' id='word_1_575' title='bbox 2981 3364 3176 3432; x_wconf 89' lang='lat' dir='ltr'><strong>homo,</strong></span> 
     </span>
     <span class='ocr_line' id='line_1_90' title="bbox 1820 3441 3178 3516; baseline 0.001 -16"><span class='ocrx_word' id='word_1_576' title='bbox 1820 3448 1878 3501; x_wconf 92' lang='lat' dir='ltr'><strong>et</strong></span> <span class='ocrx_word' id='word_1_577' title='bbox 1905 3443 2222 3516; x_wconf 75' lang='lat' dir='ltr'><strong>praesertim</strong></span> <span class='ocrx_word' id='word_1_578' title='bbox 2270 3441 2369 3497; x_wconf 87' lang='lat' dir='ltr'><strong>Dei</strong></span> <span class='ocrx_word' id='word_1_579' title='bbox 2418 3441 2653 3508; x_wconf 77' lang='lat' dir='ltr'><strong>amicuS,</strong></span> <span class='ocrx_word' id='word_1_580' title='bbox 2694 3441 2957 3499; x_wconf 81' lang='lat' dir='ltr'><strong>divinam</strong></span> <span class='ocrx_word' id='word_1_581' title='bbox 2987 3445 3178 3501; x_wconf 88' lang='lat' dir='ltr'><strong>adim-</strong></span> 
     </span>
     <span class='ocr_line' id='line_1_91' title="bbox 1821 3523 3167 3599; baseline 0.002 -18"><span class='ocrx_word' id='word_1_582' title='bbox 1821 3526 2333 3599; x_wconf 84' lang='lat' dir='ltr'><strong>pletvoluntatem‚</strong></span> <span class='ocrx_word' id='word_1_583' title='bbox 2368 3523 2616 3579; x_wconf 85' lang='lat' dir='ltr'><strong>autt&#39;acit</strong></span> <span class='ocrx_word' id='word_1_584' title='bbox 2651 3523 2801 3596; x_wconf 89' lang='lat' dir='ltr'><strong>quod</strong></span> <span class='ocrx_word' id='word_1_585' title='bbox 2851 3525 2912 3581; x_wconf 91' lang='lat' dir='ltr'><strong>in</strong></span> <span class='ocrx_word' id='word_1_586' title='bbox 2958 3542 3019 3582; x_wconf 90' lang='lat' dir='ltr'><strong>se</strong></span> <span class='ocrx_word' id='word_1_587' title='bbox 3065 3531 3167 3596; x_wconf 91' lang='lat' dir='ltr'><strong>est,</strong></span> 
     </span>
     <span class='ocr_line' id='line_1_92' title="bbox 1820 3603 3173 3680; baseline 0.001 -17"><span class='ocrx_word' id='word_1_588' title='bbox 1820 3604 2109 3680; x_wconf 89' lang='lat' dir='ltr'><strong>operando</strong></span> <span class='ocrx_word' id='word_1_589' title='bbox 2131 3603 2444 3661; x_wconf 89' lang='lat' dir='ltr'><strong>secundum</strong></span> <span class='ocrx_word' id='word_1_590' title='bbox 2467 3604 2758 3670; x_wconf 82' lang='lat' dir='ltr'><strong>virtutem,</strong></span> <span class='ocrx_word' id='word_1_591' title='bbox 2785 3622 2959 3677; x_wconf 91' lang='lat' dir='ltr'><strong>quam</strong></span> <span class='ocrx_word' id='word_1_592' title='bbox 2983 3606 3173 3679; x_wconf 83' lang='lat' dir='ltr'><strong>habet,</strong></span> 
     </span>
     <span class='ocr_line' id='line_1_93' title="bbox 1820 3686 3174 3759; baseline 0.004 -15"><span class='ocrx_word' id='word_1_593' title='bbox 1820 3691 1967 3745; x_wconf 88' lang='lat' dir='ltr'><strong>Deus</strong></span> <span class='ocrx_word' id='word_1_594' title='bbox 2001 3690 2175 3745; x_wconf 88' lang='lat' dir='ltr'><strong>etiam</strong></span> <span class='ocrx_word' id='word_1_595' title='bbox 2216 3686 2425 3744; x_wconf 87' lang='lat' dir='ltr'><strong>bonam</strong></span> <span class='ocrx_word' id='word_1_596' title='bbox 2460 3686 2639 3759; x_wconf 88' lang='lat' dir='ltr'><strong>ipsius</strong></span> <span class='ocrx_word' id='word_1_597' title='bbox 2668 3688 2921 3745; x_wconf 88' lang='lat' dir='ltr'><strong>hominis</strong></span> <span class='ocrx_word' id='word_1_598' title='bbox 2963 3692 3174 3749; x_wconf 89' lang='lat' dir='ltr'><strong>volun-</strong></span> 
     </span>
     <span class='ocr_line' id='line_1_94' title="bbox 1821 3768 3177 3841; baseline 0.003 -14"><span class='ocrx_word' id='word_1_599' title='bbox 1821 3775 1996 3828; x_wconf 87' lang='lat' dir='ltr'><strong>tatem</strong></span> <span class='ocrx_word' id='word_1_600' title='bbox 2025 3769 2352 3841; x_wconf 89' lang='lat' dir='ltr'><strong>adimpleat,</strong></span> <span class='ocrx_word' id='word_1_601' title='bbox 2379 3768 2541 3840; x_wconf 89' lang='lat' dir='ltr'><strong>eique</strong></span> <span class='ocrx_word' id='word_1_602' title='bbox 2565 3775 2954 3841; x_wconf 87' lang='lat' dir='ltr'><strong>recompenset</strong></span> <span class='ocrx_word' id='word_1_603' title='bbox 2979 3788 3177 3831; x_wconf 89' lang='lat' dir='ltr'><strong>secun-</strong></span> 
     </span>
     <span class='ocr_line' id='line_1_95' title="bbox 1817 3850 3173 3919; baseline 0.003 -9"><span class='ocrx_word' id='word_1_604' title='bbox 1817 3853 1959 3910; x_wconf 90' lang='lat' dir='ltr'><strong>dum</strong></span> <span class='ocrx_word' id='word_1_605' title='bbox 1997 3850 2395 3910; x_wconf 84' lang='lat' dir='ltr'><strong>excellentiam</strong></span> <span class='ocrx_word' id='word_1_606' title='bbox 2436 3851 2649 3907; x_wconf 82' lang='lat' dir='ltr'><strong>divinae</strong></span> <span class='ocrx_word' id='word_1_607' title='bbox 2676 3853 2910 3908; x_wconf 82' lang='lat' dir='ltr'><strong>virtutis</strong></span> <span class='ocrx_word' id='word_1_608' title='bbox 2936 3896 2949 3919; x_wconf 89' lang='lat'><strong><em>‚</em></strong></span> <span class='ocrx_word' id='word_1_609' title='bbox 2996 3857 3173 3915; x_wconf 89' lang='lat' dir='ltr'><strong>etiam</strong></span> 
     </span>
     <span class='ocr_line' id='line_1_96' title="bbox 1818 3932 3177 4008; baseline 0.003 -18"><span class='ocrx_word' id='word_1_610' title='bbox 1818 3949 1994 4008; x_wconf 86' lang='lat' dir='ltr'><strong>supra</strong></span> <span class='ocrx_word' id='word_1_611' title='bbox 2032 3934 2290 3990; x_wconf 85' lang='lat' dir='ltr'><strong>valorem</strong></span> <span class='ocrx_word' id='word_1_612' title='bbox 2335 3932 2423 3989; x_wconf 87' lang='lat' dir='ltr'><strong>sui</strong></span> <span class='ocrx_word' id='word_1_613' title='bbox 2463 3936 2636 3989; x_wconf 75' lang='lat' dir='ltr'><strong>actua.</strong></span> <span class='ocrx_word' id='word_1_614' title='bbox 2682 3935 2816 3998; x_wconf 80' lang='lat' dir='ltr'><strong>Quae</strong></span> <span class='ocrx_word' id='word_1_615' title='bbox 2842 3934 3017 3991; x_wconf 88' lang='lat' dir='ltr'><strong>etiam</strong></span> <span class='ocrx_word' id='word_1_616' title='bbox 3044 3936 3177 3994; x_wconf 88' lang='lat' dir='ltr'><strong>des-</strong></span> 
     </span>
     <span class='ocr_line' id='line_1_97' title="bbox 1817 4013 3177 4090; baseline 0.002 -16"><span class='ocrx_word' id='word_1_617' title='bbox 1817 4016 2023 4090; x_wconf 87' lang='lat' dir='ltr'><strong>criptio</strong></span> <span class='ocrx_word' id='word_1_618' title='bbox 2050 4013 2372 4071; x_wconf 86' lang='lat' dir='ltr'><strong>desumitur</strong></span> <span class='ocrx_word' id='word_1_619' title='bbox 2415 4030 2485 4070; x_wconf 90' lang='lat' dir='ltr'><strong>ex</strong></span> <span class='ocrx_word' id='word_1_620' title='bbox 2524 4013 2723 4071; x_wconf 91' lang='lat' dir='ltr'><strong>eodem</strong></span> <span class='ocrx_word' id='word_1_621' title='bbox 2761 4018 2905 4090; x_wconf 83' lang='lat' dir='ltr'><strong>Aug.</strong></span> <span class='ocrx_word' id='word_1_622' title='bbox 2939 4018 3177 4078; x_wconf 90' lang='lat' dir='ltr'><strong>Doctore</strong></span> 
     </span>
     <span class='ocr_line' id='line_1_98' title="bbox 1818 4097 3169 4173; baseline 0.001 -19"><span class='ocrx_word' id='word_1_623' title='bbox 1818 4101 1879 4154; x_wconf 80' lang='lat' dir='ltr'><strong>in</strong></span> <span class='ocrx_word' id='word_1_624' title='bbox 1907 4100 1960 4161; x_wconf 88' lang='grc'><strong>4,</strong></span> <span class='ocrx_word' id='word_1_625' title='bbox 1991 4100 2122 4153; x_wconf 76' lang='lat' dir='ltr'><strong>dist.</strong></span> <span class='ocrx_word' id='word_1_626' title='bbox 2157 4097 2239 4160; x_wconf 88' lang='lat'><strong>15,</strong></span> <span class='ocrx_word' id='word_1_627' title='bbox 2265 4103 2444 4168; x_wconf 67' lang='lat' dir='ltr'><strong>quaest.</strong></span> <span class='ocrx_word' id='word_1_628' title='bbox 2485 4098 2658 4161; x_wconf 80' lang='lat' dir='ltr'><strong>l‚art.</strong></span> <span class='ocrx_word' id='word_1_629' title='bbox 2691 4098 2740 4161; x_wconf 90' lang='grc'><strong>3,</strong></span> <span class='ocrx_word' id='word_1_630' title='bbox 2770 4100 3085 4173; x_wconf 73' lang='lat' dir='ltr'><strong>quaestiunc.</strong></span> <span class='ocrx_word' id='word_1_631' title='bbox 3114 4102 3169 4167; x_wconf 87' lang='grc'><strong>4,</strong></span> 
     </span>
     <span class='ocr_line' id='line_1_99' title="bbox 1817 4177 3177 4253; baseline 0.001 -16"><span class='ocrx_word' id='word_1_632' title='bbox 1817 4186 1874 4237; x_wconf 92' lang='lat' dir='ltr'><strong>et</strong></span> <span class='ocrx_word' id='word_1_633' title='bbox 1894 4179 2162 4237; x_wconf 87' lang='lat' dir='ltr'><strong>coincidit</strong></span> <span class='ocrx_word' id='word_1_634' title='bbox 2187 4194 2316 4234; x_wconf 90' lang='lat' dir='ltr'><strong>cum</strong></span> <span class='ocrx_word' id='word_1_635' title='bbox 2353 4177 2570 4250; x_wconf 88' lang='lat' dir='ltr'><strong>priori;</strong></span> <span class='ocrx_word' id='word_1_636' title='bbox 2604 4194 2740 4235; x_wconf 90' lang='lat' dir='ltr'><strong>nam</strong></span> <span class='ocrx_word' id='word_1_637' title='bbox 2760 4195 2827 4235; x_wconf 91' lang='lat' dir='ltr'><strong>eo</strong></span> <span class='ocrx_word' id='word_1_638' title='bbox 2854 4180 2994 4252; x_wconf 88' lang='lat' dir='ltr'><strong>ipso,</strong></span> <span class='ocrx_word' id='word_1_639' title='bbox 3024 4181 3177 4253; x_wconf 90' lang='lat' dir='ltr'><strong>quod</strong></span> 
     </span>
     <span class='ocr_line' id='line_1_100' title="bbox 1818 4259 3175 4332; baseline 0.001 -15"><span class='ocrx_word' id='word_1_640' title='bbox 1818 4266 1973 4317; x_wconf 87' lang='lat' dir='ltr'><strong>actus</strong></span> <span class='ocrx_word' id='word_1_641' title='bbox 2000 4261 2074 4316; x_wconf 86' lang='lat' dir='ltr'><strong>sit</strong></span> <span class='ocrx_word' id='word_1_642' title='bbox 2102 4259 2336 4332; x_wconf 81' lang='lat' dir='ltr'><strong>aequalis</strong></span> <span class='ocrx_word' id='word_1_643' title='bbox 2363 4260 2575 4315; x_wconf 83' lang='lat' dir='ltr'><strong>valoris</strong></span> <span class='ocrx_word' id='word_1_644' title='bbox 2603 4274 2734 4315; x_wconf 91' lang='lat' dir='ltr'><strong>cum</strong></span> <span class='ocrx_word' id='word_1_645' title='bbox 2765 4261 3001 4332; x_wconf 60' lang='lat' dir='ltr'><strong>praemio</strong></span> <span class='ocrx_word' id='word_1_646' title='bbox 3028 4304 3040 4327; x_wconf 94' lang='lat'>,</span> <span class='ocrx_word' id='word_1_647' title='bbox 3087 4267 3175 4319; x_wconf 85' lang='lat' dir='ltr'><strong>est</strong></span> 
     </span>
     <span class='ocr_line' id='line_1_101' title="bbox 1821 4340 3178 4416; baseline 0.001 -19"><span class='ocrx_word' id='word_1_648' title='bbox 1821 4341 2069 4416; x_wconf 87' lang='lat' dir='ltr'><strong>pretium</strong></span> <span class='ocrx_word' id='word_1_649' title='bbox 2091 4340 2308 4415; x_wconf 85' lang='lat' dir='ltr'><strong>justum</strong></span> <span class='ocrx_word' id='word_1_650' title='bbox 2338 4346 2591 4413; x_wconf 88' lang='lat' dir='ltr'><strong>respectu</strong></span> <span class='ocrx_word' id='word_1_651' title='bbox 2619 4340 2780 4395; x_wconf 90' lang='lat' dir='ltr'><strong>illius</strong></span> <span class='ocrx_word' id='word_1_652' title='bbox 2813 4362 2825 4396; x_wconf 91' lang='lat'><strong>:</strong></span> <span class='ocrx_word' id='word_1_653' title='bbox 2859 4341 3010 4398; x_wconf 89' lang='lat' dir='ltr'><strong>unde</strong></span> <span class='ocrx_word' id='word_1_654' title='bbox 3036 4359 3178 4416; x_wconf 89' lang='lat' dir='ltr'><strong>sup-</strong></span> 
     </span>
     <span class='ocr_line' id='line_1_102' title="bbox 1821 4421 3174 4497; baseline 0.001 -18"><span class='ocrx_word' id='word_1_655' title='bbox 1821 4424 2002 4497; x_wconf 88' lang='lat' dir='ltr'><strong>posita</strong></span> <span class='ocrx_word' id='word_1_656' title='bbox 2029 4422 2426 4494; x_wconf 90' lang='lat' dir='ltr'><strong>promissione,</strong></span> <span class='ocrx_word' id='word_1_657' title='bbox 2473 4421 2775 4494; x_wconf 77' lang='lat' dir='ltr'><strong>praemium</strong></span> <span class='ocrx_word' id='word_1_658' title='bbox 2817 4421 3057 4480; x_wconf 88' lang='lat' dir='ltr'><strong>debetur</strong></span> <span class='ocrx_word' id='word_1_659' title='bbox 3083 4424 3174 4481; x_wconf 91' lang='lat' dir='ltr'><strong>illi</strong></span> 
     </span>
     <span class='ocr_line' id='line_1_103' title="bbox 1818 4501 3176 4577; baseline 0.004 -19"><span class='ocrx_word' id='word_1_660' title='bbox 1818 4501 2133 4560; x_wconf 90' lang='lat' dir='ltr'><strong>secundum</strong></span> <span class='ocrx_word' id='word_1_661' title='bbox 2175 4502 2488 4576; x_wconf 82' lang='lat' dir='ltr'><strong>propriam.</strong></span> <span class='ocrx_word' id='word_1_662' title='bbox 2520 4508 2575 4559; x_wconf 93' lang='lat' dir='ltr'><strong>et</strong></span> <span class='ocrx_word' id='word_1_663' title='bbox 2605 4502 2907 4559; x_wconf 82' lang='lat' dir='ltr'><strong>formalem</strong></span> <span class='ocrx_word' id='word_1_664' title='bbox 2937 4504 3176 4577; x_wconf 61' lang='lat' dir='ltr'><strong>justitias</strong></span> 
     </span>
     <span class='ocr_line' id='line_1_104' title="bbox 1822 4581 3175 4643; baseline 0.003 -4"><span class='ocrx_word' id='word_1_665' title='bbox 1822 4585 2104 4640; x_wconf 87' lang='lat' dir='ltr'><strong>rationem</strong></span> <span class='ocrx_word' id='word_1_666' title='bbox 2149 4604 2162 4638; x_wconf 72' lang='grc' dir='ltr'><em>ε</em></span> <span class='ocrx_word' id='word_1_667' title='bbox 2204 4587 2435 4639; x_wconf 89' lang='lat' dir='ltr'><strong>econtra</strong></span> <span class='ocrx_word' id='word_1_668' title='bbox 2477 4598 2611 4639; x_wconf 83' lang='lat' dir='ltr'><strong>vero</strong></span> <span class='ocrx_word' id='word_1_669' title='bbox 2653 4581 2750 4638; x_wconf 88' lang='lat' dir='ltr'><strong>ubi</strong></span> <span class='ocrx_word' id='word_1_670' title='bbox 2791 4585 2955 4640; x_wconf 81' lang='lat' dir='ltr'><strong>valor</strong></span> <span class='ocrx_word' id='word_1_671' title='bbox 2978 4587 3175 4643; x_wconf 88' lang='lat' dir='ltr'><strong>meriti</strong></span> 
     </span>
     <span class='ocr_line' id='line_1_105' title="bbox 1820 4662 3175 4736; baseline 0.004 -16"><span class='ocrx_word' id='word_1_672' title='bbox 1820 4680 1938 4720; x_wconf 88' lang='lat' dir='ltr'><strong>non</strong></span> <span class='ocrx_word' id='word_1_673' title='bbox 1984 4663 2237 4735; x_wconf 68' lang='lat' dir='ltr'><strong>adaequat</strong></span> <span class='ocrx_word' id='word_1_674' title='bbox 2285 4662 2624 4734; x_wconf 65' lang='lat' dir='ltr'><strong>praemium,</strong></span> <span class='ocrx_word' id='word_1_675' title='bbox 2660 4663 2763 4719; x_wconf 87' lang='lat' dir='ltr'><strong>hoc</strong></span> <span class='ocrx_word' id='word_1_676' title='bbox 2805 4666 3001 4736; x_wconf 85' lang='lat' dir='ltr'><strong>nequit</strong></span> <span class='ocrx_word' id='word_1_677' title='bbox 3051 4682 3175 4725; x_wconf 88' lang='lat' dir='ltr'><strong>esse</strong></span> 
     </span>
     <span class='ocr_line' id='line_1_106' title="bbox 1820 4743 3176 4817; baseline 0.001 -15"><span class='ocrx_word' id='word_1_678' title='bbox 1820 4743 2074 4802; x_wconf 89' lang='lat' dir='ltr'><strong>debitum</strong></span> <span class='ocrx_word' id='word_1_679' title='bbox 2096 4759 2168 4799; x_wconf 91' lang='lat' dir='ltr'><strong>ex</strong></span> <span class='ocrx_word' id='word_1_680' title='bbox 2196 4744 2419 4817; x_wconf 85' lang='lat' dir='ltr'><strong>justitia</strong></span> <span class='ocrx_word' id='word_1_681' title='bbox 2443 4744 2804 4817; x_wconf 87' lang='lat' dir='ltr'><strong>simpliciter,</strong></span> <span class='ocrx_word' id='word_1_682' title='bbox 2837 4744 2935 4800; x_wconf 87' lang='lat' dir='ltr'><strong>sed</strong></span> <span class='ocrx_word' id='word_1_683' title='bbox 2978 4762 3176 4804; x_wconf 84' lang='lat' dir='ltr'><strong>neces-</strong></span> 
     </span>
     <span class='ocr_line' id='line_1_107' title="bbox 1819 4823 3174 4890; baseline -0.001 -7"><span class='ocrx_word' id='word_1_684' title='bbox 1819 4826 1973 4883; x_wconf 86' lang='lat' dir='ltr'><strong>saria</strong></span> <span class='ocrx_word' id='word_1_685' title='bbox 1997 4829 2081 4880; x_wconf 87' lang='lat' dir='ltr'><strong>est</strong></span> <span class='ocrx_word' id='word_1_686' title='bbox 2106 4823 2361 4888; x_wconf 75' lang='lat' dir='ltr'><strong>bonitaS‚</strong></span> <span class='ocrx_word' id='word_1_687' title='bbox 2408 4823 2744 4890; x_wconf 74' lang='lat' dir='ltr'><strong>liberalita3‚</strong></span> <span class='ocrx_word' id='word_1_688' title='bbox 2790 4831 2886 4880; x_wconf 90' lang='lat' dir='ltr'><strong>aut</strong></span> <span class='ocrx_word' id='word_1_689' title='bbox 2915 4826 3174 4883; x_wconf 85' lang='lat' dir='ltr'><strong>amicitia</strong></span> 
     </span>
     <span class='ocr_line' id='line_1_108' title="bbox 1820 4902 3176 4977; baseline -0.001 -13"><span class='ocrx_word' id='word_1_690' title='bbox 1820 4906 2106 4971; x_wconf 75' lang='lat' dir='ltr'><strong>donantiS,</strong></span> <span class='ocrx_word' id='word_1_691' title='bbox 2129 4909 2190 4960; x_wconf 86' lang='lat' dir='ltr'><strong>ut</strong></span> <span class='ocrx_word' id='word_1_692' title='bbox 2206 4906 2283 4960; x_wconf 88' lang='lat' dir='ltr'><strong>ita</strong></span> <span class='ocrx_word' id='word_1_693' title='bbox 2304 4902 2400 4960; x_wconf 88' lang='lat' dir='ltr'><strong>fiat</strong></span> <span class='ocrx_word' id='word_1_694' title='bbox 2424 4904 2726 4975; x_wconf 70' lang='lat' dir='ltr'><strong>preamium</strong></span> <span class='ocrx_word' id='word_1_695' title='bbox 2747 4920 3088 4977; x_wconf 85' lang='lat' dir='ltr'><strong>congruum,</strong></span> <span class='ocrx_word' id='word_1_696' title='bbox 3117 4910 3176 4964; x_wconf 85' lang='lat' dir='ltr'><strong>et</strong></span> 
     </span>
     <span class='ocr_line' id='line_1_109' title="bbox 1820 4983 3178 5055; baseline 0 -13"><span class='ocrx_word' id='word_1_697' title='bbox 1820 4986 2077 5045; x_wconf 88' lang='lat' dir='ltr'><strong>debitum</strong></span> <span class='ocrx_word' id='word_1_698' title='bbox 2103 5001 2175 5041; x_wconf 85' lang='lat' dir='ltr'><strong>ex</strong></span> <span class='ocrx_word' id='word_1_699' title='bbox 2199 4984 2453 5040; x_wconf 87' lang='lat' dir='ltr'><strong>decentia</strong></span> <span class='ocrx_word' id='word_1_700' title='bbox 2479 4983 2628 5055; x_wconf 89' lang='lat' dir='ltr'><strong>quod</strong></span> <span class='ocrx_word' id='word_1_701' title='bbox 2675 4999 2792 5039; x_wconf 91' lang='lat' dir='ltr'><strong>non</strong></span> <span class='ocrx_word' id='word_1_702' title='bbox 2835 4990 2960 5040; x_wconf 89' lang='lat' dir='ltr'><strong>erat</strong></span> <span class='ocrx_word' id='word_1_703' title='bbox 3005 4985 3178 5043; x_wconf 87' lang='lat' dir='ltr'><strong>abso-</strong></span> 
     </span>
     <span class='ocr_line' id='line_1_110' title="bbox 1822 5064 2575 5139; baseline -0.009 -12"><span class='ocrx_word' id='word_1_704' title='bbox 1822 5071 1941 5126; x_wconf 85' lang='lat' dir='ltr'><strong>lute</strong></span> <span class='ocrx_word' id='word_1_705' title='bbox 1966 5066 2223 5125; x_wconf 87' lang='lat' dir='ltr'><strong>debitum</strong></span> <span class='ocrx_word' id='word_1_706' title='bbox 2243 5082 2313 5130; x_wconf 87' lang='lat' dir='ltr'><strong>ex</strong></span> <span class='ocrx_word' id='word_1_707' title='bbox 2336 5064 2575 5139; x_wconf 85' lang='lat' dir='ltr'><strong>justitia.</strong></span> 
     </span>
    </p>
   </div>
  </div>
 </body>
</html>
