3647 5753
481 463 592 518 828

483 636 711 693 sionem
761 634 960 703 culpae,
1009 645 1137 701 quae
1184 626 1247 682 in
1272 619 1645 680 sacramentis
1672 616 1838 682 fiunt,

487 733 606 774 non
657 719 850 771 autem
896 710 1047 784 quod
1101 707 1352 781 potuerit
1396 703 1458 760 id
1509 700 1722 759 mereri
1773 698 1844 755 de

484 796 800 870 condign03
839 809 977 849 nam
1000 791 1116 847 haec
1142 787 1471 845 differentia
1498 781 1745 857 pertinet
1771 778 1842 836 ad

483 879 721 938 modum
749 874 1116 933 causalitatis.

286 986 474 1034 m.
560 963 629 1016 Et
669 957 819 1032 quod
844 959 902 1013 S.
933 959 1135 1013 Doctor
1183 950 1499 1026 respexerit
1524 947 1844 1006 absolutam

270 1043 457 1136 ἐξὲξ.
488 1035 923 1114 productionem
951 1035 1201 1126 effectuS,
1244 1039 1317 1123 et·
1343 1047 1461 1123 uon
1488 1029 1561 1086 ad
1587 1026 1840 1118 modum,

293 1141 453 1196 ponsio.
485 1125 705 1179 constat
733 1125 857 1175 tum
885 1135 956 1176 ex
980 1130 1242 1190 proxime
1261 1112 1461 1180 dict133
1493 1126 1631 1168 nam
1653 1110 1846 1165 Chris·

484 1208 575 1258 tus
623 1200 842 1257 meruit
888 1197 1292 1255 remissionem
1334 1191 1543 1267 peccati
1589 1190 1659 1246 de
1704 1204 1845 1246 con-

484 1283 680 1358 digno,
706 1288 764 1340 et
784 1299 886 1354 per
908 1282 1066 1337 viam
1099 1277 1536 1341 satisfactionis;
1577 1270 1727 1347 quod
1752 1279 1845 1327 ta-

481 1380 619 1422 men
667 1363 869 1436 nequit
925 1366 1199 1434 praestare
1251 1374 1395 1432 pura
1435 1361 1729 1418 creatura,
1784 1356 1845 1407 ut

482 1446 645 1502 docet
685 1445 807 1516 ipse
848 1445 909 1499 D.
958 1443 1165 1499 Thom.
1201 1441 1388 1496 eadem
1415 1439 1450 1493 3
1471 1443 1625 1510 part.
1654 1440 1838 1511 quast.

489 1530 536 1593 l,
562 1537 675 1583 art.
706 1529 763 1583 2.
790 1529 939 1581 Tum
966 1526 1163 1594 etiam,
1187 1525 1324 1597 quia
1351 1523 1500 1579 hanc
1538 1517 1844 1590 inaequali-

481 1614 658 1665 tatem
700 1608 842 1665 satis
885 1606 1168 1679 expressit
1207 1607 1271 1662 in
1316 1603 1516 1662 eodem
1559 1604 1701 1666 1000,
1743 1598 1845 1672 qui

479 1689 648 1746 nobis
700 1689 967 1762 objicitur
996 1712 1010 1755 ;
1073 1704 1212 1745 nam
1268 1690 1393 1760 post
1441 1683 1616 1740 verba
1664 1682 1846 1738 relata

483 1768 818 1825 immediate
845 1768 1157 1826 subnexuit
1199 1782 1317 1823 suae
1362 1764 1637 1822 doctrinae
1665 1761 1846 1817 ratio-

485 1867 620 1908 nem
667 1872 680 1906 ε
724 1850 905 1907 Potest
954 1854 1102 1907 enim
1153 1849 1384 1922 (inquit)
1417 1850 1844 1902 instrumentum

482 1935 831 2005 conjunctum
863 1978 876 2003 ,
921 1943 1126 2012 quanto
1170 1934 1343 2006 suerit
1393 1931 1597 2004 fortius
1626 1971 1639 1994 ,
1689 1935 1845 1982 tanto

489 2015 668 2084 mayis
716 2017 975 2071 virtutem
999 2033 1159 2071 suam
1206 2018 1565 2070 instrumento
1591 2016 1845 2082 separato

487 2094 742 2162 tribuere,
767 2098 907 2152 sicut
935 2113 1136 2151 manus
1160 2095 1374 2151 bacu10.
1406 2094 1490 2147 Ex
1510 2106 1622 2164 quo
1649 2095 1846 2145 tamen

486 2175 688 2230 nullus
735 2193 893 2235 sanae
921 2177 1132 2235 mentis
1159 2178 1405 2250 colliget,
1438 2171 1587 2247 quod
1612 2186 1841 2236 manuS,

486 2261 543 2311 et
569 2254 804 2315 baculus
826 2260 1088 2317 effectum
1110 2258 1311 2316 eodem
1339 2255 1509 2313 modo
1537 2253 1841 2326 attingant.

485 2338 636 2393 Tum
684 2346 978 2411 praeterea,
1011 2340 1148 2416 quia
1168 2338 1227 2395 id
1256 2340 1444 2411 ipsum
1473 2334 1754 2408 expressit
1782 2332 1846 2388 in

492 2423 866 2493 responsione
893 2423 964 2480 ad
991 2425 1045 2490 3,
1078 2422 1177 2480 ubi
1198 2420 1377 2487 docet,
1402 2417 1551 2493 quod
1577 2421 1623 2473 si
1648 2416 1848 2475 Chris-

489 2506 579 2554 tus
604 2503 739 2557 attis
769 2505 1090 2577 praedictam
1108 2509 1426 2577 potestatem
1453 2500 1846 2574 communicas-

484 2586 584 2645 set,
624 2582 737 2654 ipse
779 2593 909 2639 esset
937 2583 1101 2658 eaput
1120 2582 1528 2658 principalitar,
1580 2579 1685 2634 alii
1722 2595 1848 2633 vero

482 2665 829 2719 secundario.
851 2667 918 2720 Et
941 2664 1094 2721 idem
1115 2663 1438 2736 expressius
1460 2660 1645 2718 adhuc
1663 2659 1848 2733 signi-

470 2739 672 2803 ficavit
718 2751 839 2805 loco
879 2750 1051 2805 citato
1080 2765 1154 2803 ea>
1176 2749 1213 2801 4
1240 2744 1484 2802 Sentent.
1519 2746 1580 2798 in
1604 2757 1844 2813 respons,

491 2833 566 2888 ad
609 2835 665 2899 2,
717 2831 816 2888 ubi
846 2832 964 2887 ait:
993 2829 1087 2887 Ad
1130 2829 1248 2893 hoc,
1301 2825 1444 2904 quod
1480 2824 1637 2880 homo
1674 2839 1850 2896 purus

491 2920 869 2987 cooperaretur
914 2910 1027 2967 Deo
1066 2911 1127 2964 in
1176 2908 1430 2963 interiori
1466 2905 1850 2959 emundatione

496 2996 653 3051 modo
673 2994 950 3068 praetacto,
978 3009 1085 3048 non
1107 2995 1329 3064 oportet,
1355 2987 1497 3064 quocl
1521 2985 1736 3041 haberet
1763 2986 1851 3057 ef-

490 3082 746 3151 ficaciam
786 3076 1086 3145 ,infinitam
1140 3077 1200 3130 in
1250 3073 1502 3129 merendo
1525 3116 1538 3141 ,
1597 3071 1852 3147 quamvis

494 3162 750 3220 Christus
777 3157 1176 3238 quodammodo
1201 3156 1453 3210 habuerit
1481 3155 1762 3226 infinitam
1789 3153 1852 3206 in

492 3244 743 3299 merendo
768 3260 789 3308 ,·
841 3243 974 3319 quia
1020 3258 1131 3295 non
1183 3244 1561 3310 cooperaretur
1611 3240 1854 3309 respectu

491 3327 758 3391 omnium,
802 3339 897 3377 nec
938 3323 1019 3376 ita
1040 3319 1198 3393 plene
1232 3324 1372 3376 sicut
1414 3317 1690 3376 Christus,
1715 3315 1846 3383 Ubi,

497 3409 559 3460 ut
585 3404 764 3468 vides,
798 3408 993 3476 aperte
1030 3399 1275 3457 adstruit
1313 3399 1760 3472 inaequalitatem
1788 3396 1852 3451 in

497 3485 683 3546 modo.
718 3487 802 3541 Ex
841 3483 1047 3558 quibus
1076 3484 1245 3556 plane
1273 3480 1515 3538 habetur
1538 3522 1551 3547 ,
1598 3482 1852 3533 mentem

497 3572 562 3624 D.
593 3568 797 3624 Thom.
840 3568 903 3622 in
943 3582 1011 3622 eo
1057 3566 1179 3621 loco
1218 3569 1450 3620 tantum
1494 3576 1652 3625 esse,
1702 3556 1852 3632 quod

497 3667 654 3723 purae
703 3655 979 3707 creaturae
1026 3647 1274 3721 potuerit
1304 3641 1722 3701 communicari
1752 3656 1856 3713 po-

495 3736 684 3795 testaS,
715 3746 840 3802 quae
868 3728 977 3784 fuit
1006 3728 1069 3783 in
1097 3726 1323 3783 Christo
1348 3728 1601 3799 respectu
1624 3720 1855 3778 effectus

495 3817 1021 3876 sacramentorum;
1052 3806 1301 3863 minime
1347 3821 1502 3873 ver0,
1547 3802 1697 3876 quod
1739 3802 1855 3857 haec

498 3900 742 3967 potestas
771 3894 951 3966 posita
993 3892 1055 3947 in
1104 3907 1244 3963 pura
1295 3894 1560 3945 creatura
1607 3884 1856 3958 potuerit

497 3976 727 4033 effectus
765 3974 963 4032 eodem
1017 3972 1186 4030 modo
1232 3971 1535 4044 attingere.
1583 3967 1857 4032 Quocirca

496 4057 642 4114 sicut
667 4056 738 4113 ob
762 4056 906 4113 hanc
937 4054 1219 4111 rationem
1249 4067 1366 4107 non
1399 4050 1673 4123 sequitur,
1705 4044 1857 4119 quod

502 4155 643 4214 pura
666 4144 929 4194 creatura
953 4138 1136 4209 posset
1151 4133 1397 4206 gratiam
1427 4128 1738 4203 producere
1766 4127 1856 4183 vel

498 4237 598 4294 per
626 4220 865 4277 modum
901 4213 1275 4274 instrumenti
1303 4211 1609 4286 conjuncti,
1642 4209 1736 4266 vel
1761 4224 1857 4263 sa-

498 4300 836 4359 tisfaciendo
863 4300 933 4357 ad
953 4297 1336 4370 aequalitatem
1360 4310 1464 4366 pro
1485 4292 1700 4349 offensa
1732 4312 1745 4347 ε
1777 4288 1858 4345 ita

500 4399 618 4440 non
648 4382 916 4446 infertur,
960 4377 1108 4452 quod
1139 4381 1323 4450 posset
1349 4388 1581 4431 causare
1608 4371 1856 4446 gratiam

500 4462 779 4520 merendo
794 4462 864 4519 de
880 4461 1164 4533 condigno
1181 4457 1347 4529 impii
1361 4456 1381 4530 j
1392 4452 1832 4511 ustificationem

500 4546 606 4603 Sed
636 4547 824 4602 solum
873 4536 1104 4600 haberet
1146 4544 1477 4614 potestatem
1508 4532 1857 4609 producendi

502 4628 836 4701 praedictum
890 4624 1151 4681 effectum
1200 4621 1409 4679 merito
1467 4617 1538 4674 de
1582 4632 1852 4691 congruo,

498 4707 649 4783 quod
665 4706 962 4764 accedente
985 4710 1163 4777 pacto,
1183 4707 1237 4761 et
1259 4698 1640 4774 promissione
1656 4696 1860 4753 divina

502 4795 889 4864 acceptaretur
954 4787 1023 4844 ad
1091 4784 1320 4843 eosdem
1385 4782 1614 4839 effectus
1649 4824 1662 4846 ,
1717 4794 1860 4850 quos

501 4874 761 4931 Christus
782 4877 975 4929 causat
1001 4871 1208 4927 merito
1238 4867 1308 4925 de
1333 4865 1614 4939 condigno
1635 4887 1649 4931 ;
1674 4867 1730 4919 et
1777 4863 1861 4918 ita

498 4962 645 5014 esset
670 4955 870 5013 eadem
901 4959 1165 5028 potestas,
1213 4952 1317 5008 hoc
1360 4954 1445 5006 est
1493 4951 1741 5021 potestas
1787 4943 1859 5002 ad

496 5039 724 5097 eosdem
746 5038 993 5094 effectus,

572 5123 661 5176 55.
710 5123 821 5176 Nec
879 5119 1066 5183 refert,
1094 5116 1141 5169 si
1193 5114 1326 5171 huic
1366 5111 1725 5186 responsioni
1753 5126 1859 5182 op-

1514 448 1608 502 DE
1655 442 1963 500 PRAEMIO
2010 439 2290 496 MERrrl.

1977 629 2155 688 ponas
2199 628 2328 671 cum
2368 607 2566 682 Godoy
2607 624 2621 658 ε
2674 602 2882 663 Primo,
2913 598 2977 650 D.
3033 586 3437 691 ΤΙιοωΛίΡέιιὶξ·

1974 697 2240 757 concedat
2269 713 2429 772 purae
2456 696 2731 752 creaturae
2781 679 3109 763 potestatem
3130 665 3296 758 excel·
3327 687 3420 739 plin.

1977 779 2188 850 lentiae,
2230 796 2356 856 quae
2399 776 2569 835 estin
2595 769 2841 831 Christo,
2868 758 3100 846 exponit
3125 755 3298 831 gratiae

1978 864 2400 937 plenitudinem
2426 905 2440 925 ,
2489 863 2552 914 ut
2602 855 2782 926 liquet
2824 860 2895 902 ex
2934 835 3126 895 verbis
3149 845 3301 915 supi-a

1979 949 2177 1005 relatis
2208 970 2221 1003 ε
2250 944 2348 1002 sed
2391 948 2452 999 ut
2470 940 2599 1014 quis
2624 934 2915 993 mereatur
2943 921 3076 1011 alii-s
3094 917 3162 973 de
3183 928 3303 970 con-

1974 1044 2121 1104 gruo
2169 1028 2420 1101 primam
2462 1011 2884 1096 justificationis
2911 1007 3305 1092 gratiam,·non

1978 1112 2298 1185 requiritur
2335 1123 2404 1164 ea
2443 1103 2641 1179 gratiae
2684 1087 3004 1171 plenitudo,
3044 1076 3305 1153 siquidem

1976 1196 2172 1252 minor
2209 1192 2397 1268 gratia
2433 1185 2656 1250 sufficit,
2688 1185 2753 1236 ut
2795 1177 3017 1233 constat
3040 1167 3110 1222 de
3135 1164 3303 1254 sacto:

1975 1293 2112 1351 ergo
2138 1278 2203 1332 D.
2232 1274 2437 1329 Thom.
2482 1283 2601 1326 non
2635 1259 2892 1335 loquitur
2931 1252 3004 1308 de
3030 1249 3227 1304 merito
3249 1238 3308 1295 de

1976 1374 2229 1433 congruo
2254 1399 2269 1425 ,
2319 1353 2419 1411 sed
2457 1351 2528 1409 de
2584 1344 2885 1417 condigno.
2945 1327 3206 1392 Secundo,
3250 1325 3305 1378 D.

1975 1444 2181 1499 Thom.
2215 1438 2468 1511 loquitur
2489 1434 2559 1491 de
2580 1448 2647 1490 eo
2673 1426 2900 1489 merito,
2926 1414 3076 1492 quod
3096 1411 3163 1467 de
3185 1407 3312 1464 facto

1978 1539 2149 1580 nemo
2172 1520 2371 1578 habuit
2395 1521 2604 1591 praeter
2629 1509 2924 1567 Christum
2947 1496 3076 1556 :sed
3100 1494 3167 1548 de
3187 1491 3314 1546 facto

1976 1608 2043 1662 B.
2073 1605 2253 1678 Virgo
2275 1600 2490 1659 meruit
2515 1596 2586 1653 de
2611 1605 2864 1666 congruo
2889 1584 3119 1642 effectus
3139 1587 3311 1631 sacra·

1977 1695 2310 1746 mentorum
2337 1728 2350 1752 ,
2391 1689 2448 1739 et
2489 1678 2794 1737 hominum
2819 1661 3270 1749 Justificationem
3298 1674 3311 1708 ε

1976 1785 2112 1843 ergo
2165 1767 2321 1823 idem
2371 1759 2523 1836 quod
2563 1757 2740 1832 priuS.
2808 1750 2992 1809 Tertio
3020 1788 3032 1810 ,
3086 1754 3232 1831 quia·
3255 1737 3309 1790 D.

1976 1853 2182 1908 Thom.
2232 1845 2431 1905 eodem
2505 1856 2675 1904 sensu
2737 1833 3029 1896 affirmat,
3090 1828 3315 1898 potuisse

1978 1934 2272 1991 Christum
2298 1925 2730 1987 communicare
2752 1934 2910 1992 purae
2938 1915 3205 1971 creaturae
3226 1917 3313 1995 po·

1978 2019 2238 2073 testatem
2291 2006 2643 2067 excellentiae
2667 2046 2680 2069 ,
2724 2017 2836 2074 quo
2883 1999 3055 2069 negat
3096 1992 3318 2063 potuisse

1976 2095 2410 2156 communicare
2433 2092 2765 2165 potestatem
2809 2072 3174 2138 authoritatis
3198 2064 3313 2124 :sed

1980 2195 2098 2237 non
2126 2181 2312 2250 negat,
2338 2170 2486 2246 quod
2516 2166 2760 2243 potuerit
2779 2156 3204 2219 communicare
3228 2164 3315 2222 po·

1980 2264 2258 2322 testatem,
2315 2271 2439 2329 quae
2488 2251 2563 2306 sit
2612 2246 2812 2306 eadem
2862 2237 3156 2311 analogice
3201 2245 3314 2287 cum

1981 2345 2254 2413 potestate
2307 2330 2705 2394 authoritatis;
2755 2320 3052 2396 siquidem
3100 2317 3315 2403 potestas

1979 2419 2339 2479 concedenda
2384 2419 2659 2473 creatura:
2703 2409 2848 2465 esset
2901 2417 3024 2457 una
3052 2397 3314 2467 analogice

1980 2520 2111 2561 cum
2142 2506 2412 2575 potestate
2439 2490 2822 2553 authoritatiS,
2848 2502 2979 2559 quae
3003 2487 3087 2539 est
3107 2476 3315 2553 propria

1983 2579 2150 2645 Dei‘:
2197 2600 2334 2659 ergo
2380 2584 2445 2638 D.
2493 2580 2698 2635 Thom.
2742 2567 3004 2629 concedit
3029 2609 3042 2631 ,
3096 2559 3316 2635 potuisse

1983 2669 2275 2725 Christum
2323 2658 2750 2721 communicare
2796 2652 2930 2709 aliis
2982 2649 3310 2722 potestatem,

1981 2765 2109 2823 quae
2133 2747 2374 2803 univoce
2398 2740 2747 2800 consentiret
2779 2749 2926 2789 cumx
2943 2731 3209 2804 potestate
3226 2737 3315 2778 ex·

1982 2829 2262 2891 cellentiae
2296 2826 2573 2885 existente
2620 2821 2683 2875 in
2723 2816 2952 2872 Christo
2987 2807 3174 2885 :quod
3215 2819 3316 2861 nou

1984 2913 2403 2976 verificaretur,
2444 2909 2493 2964 si
2523 2905 2625 2962 alii
2672 2917 2790 2958 non
2837 2899 3071 2970 possent
3114 2889 3317 2949 eosdem

1982 2996 2232 3059 effectus,
2281 2997 2338 3049 et
2380 2988 2578 3048 eodem
2608 2982 2778 3041 modo
2805 2979 3005 3036 meriti
3027 2976 3314 3051 attingere.

1986 3079 2201 3152 Quarto
2243 3078 2423 3148 potest
2468 3067 2680 3143 opponi
2711 3109 2725 3133 ,
2779 3079 2916 3121 nam
2945 3064 3003 3117 S.
3039 3062 3231 3115 Doctor
3265 3054 3318 3108 in

1987 3157 2361 3232 responsione
2388 3153 2457 3210 ad
2489 3153 2745 3225 primum
2773 3143 2953 3206 docet,
2987 3139 3129 3219 quod
3154 3136 3320 3195 Claris-

1986 3251 2075 3299 tus
2120 3258 2230 3296 non
2266 3256 2337 3294 em
2377 3236 2594 3291 invidia
2640 3227 2988 3305 praetermisit
3030 3226 3320 3296 potestatem

1984 3322 2312 3380 excellentia?
2340 3318 2590 3375 Ecclesiae
2618 3310 2892 3369 ministris
2914 3304 3318 3362 communicare.

1985 3404 2077 3461 sed
2095 3408 2314 3476 propter
2333 3399 2578 3472 fidelium
2604 3394 2922 3453 utilitatem,
2955 3405 3024 3442 ne
3047 3389 3106 3442 in
3130 3382 3324 3439 homine

1985 3503 2132 3559 spem
2170 3486 2454 3555 ponerent.
2486 3479 2618 3532 Haec
2643 3479 2834 3531 autem
2872 3470 3024 3525 ratio
3046 3469 3112 3523 D.
3141 3465 3324 3519 Thom.

1989 3566 2210 3624 nullius
2241 3561 2463 3620 roboris
2489 3562 2654 3624 esset,
2685 3556 2735 3610 si
2777 3552 2880 3610 alii
2926 3552 3119 3607 solum
3169 3544 3326 3603 habe-

1989 3655 2119 3708 rent
2152 3649 2488 3721 potestatem
2534 3636 2796 3696 merendi
2823 3634 2893 3691 de
2919 3646 3173 3708 congruo
3201 3627 3330 3684 alio-

1990 3746 2123 3788 rum
2151 3730 2432 3791 salutem;
2477 3738 2615 3780 nam
2646 3719 2831 3776 adhuc
2868 3731 3033 3788 spem
3077 3710 3333 3787 ponerent

1989 3814 2052 3870 in
2075 3811 2319 3876 Christo,
2344 3808 2440 3882 qui
2473 3806 2639 3862 illam
2662 3802 2732 3858 de
2754 3798 3041 3872 condigno
3074 3794 3329 3852 causaret.

1989 3891 2238 3969 Signum*
2261 3908 2397 3966 ergo
2422 3893 2525 3954 est,
2551 3884 2702 3960 quod
2745 3886 2801 3940 S.
2846 3885 3052 3938 Doctor
3100 3874 3332 3950 loquitur

1988 3977 2059 4034 de
2099 3980 2374 4050 potestate
2420 3964 2816 4027 sanctificandi
2864 3964 3010 4021 alios
3039 3977 3140 4036 per
3166 3954 3332 4013 meri-

1991 4063 2113 4114 tum
2142 4057 2213 4114 de
2242 4053 2547 4127 condigno.

2063 4143 2211 4204 Non,
2266 4137 2525 4207 inquam,
2561 4129 2822 4188 referunt
2847 4126 2937 4182 hae
2985 4122 3327 4198 objectiones,
3381 4132 3438 4175 aa

1989 4218 2088 4276 sed
2116 4233 2317 4275 omnes
2352 4213 2625 4272 videntur
2646 4225 2716 4265 ex
2745 4205 3190 4280 aequivocatione
3211 4212 3332 4273 pro·

1989 4301 2206 4360 cedere.
2241 4302 2353 4355 Pro
2375 4308 2486 4370 qua
2513 4290 2751 4350 vitanda
2777 4285 3202 4347 observandum
3237 4285 3330 4342 est,

1993 4388 2326 4459 potestatem
2392 4376 2747 4435 excellentia>
2779 4417 2792 4440 ‚
2841 4374 2911 4429 de
2956 4388 3068 4444 qua
3114 4367 3224 4441 agit
3274 4366 3331 4417 D.

1992 4467 2196 4522 Thom.
2247 4476 2363 4519 non
2390 4456 2700 4515 consistere
2734 4455 3021 4526 adaequate
3050 4453 3112 4507 in
3140 4448 3195 4504 vi
3222 4459 3358 4502 me·.

1993 4545 2159 4603 rendi
2190 4544 2322 4600 aliis
2342 4541 2610 4616 gratiam,
2630 4539 2754 4594 sive
2773 4535 3000 4593 effectus
3020 4540 3337 4589 sacramen-

1993 4634 2135 4691 tum,
2166 4623 2264 4681 sed
2295 4623 2359 4677 in
2387 4621 2518 4677 aliis
2539 4621 2715 4676 etiam
2736 4613 3177 4677 conditionibus,
3208 4622 3339 4682 quas

1993 4709 2356 4766 recensuerat
2407 4704 2461 4757 S.
2514 4702 2716 4756 Doctor
2764 4697 3006 4755 articulo
3049 4696 3085 4749 3
3139 4694 3489 4788 imme-offla,

1991 4791 2166 4856 diam,
2201 4788 2300 4845 ubi
2324 4786 2422 4853 ait,
2462 4782 2609 4856 quod
2634 4782 2894 4838 Christus
2928 4803 2951 4831 α
2982 4779 3043 4834 in
3064 4780 3482 4850 quantumtenew

1998 4894 2024 4925 α
2067 4871 2259 4935 homo,
2292 4866 2462 4924 habet
2484 4867 2816 4938 potestatem
2846 4857 3102 4916 ministri
3127 4825 3487 4938 princi-w&

1998 4976 2025 5007 α
2067 4950 2233 5025 paliS,
2276 4950 2399 5005 sive
2440 4948 2774 5020 potestatem
2814 4939 3180 4998 excellentiae.
3211 4933 3501 5029 Qufsse‘ffiffi

1997 5057 2022 5087 α
2067 5031 2303 5106 quidem
2324 5028 2582 5088 consistit
2611 5026 2672 5082 in
2699 5029 2961 5098 quatuor.
2994 5022 3192 5077 Primo
3209 5033 3332 5090 qui·
3384 5031 3452 5075 tie.

1996 5137 2022 5168 «
2067 5114 2198 5171 dem
2247 5113 2309 5168 in
2358 5112 2480 5178 hoc,
2537 5107 2686 5182 quod
2740 5106 3032 5170 meritum,
3065 5107 3122 5159 et
3157 5100 3331 5185 virtus

3063 5186 3331 5250 passioms

3343 4076 3485 4127 sutiam·

3517 5220 3535 5253 ⁴
3553 5208 3554 5215 ,
