3647 5753
46 1665 261 1711 Praeclu-

82 1716 230 1762 ditur.

1465 498 1645 555 DISP.
1688 497 1785 563 IV,
1831 496 2000 553 DUB.
2041 496 2083 551 1.
3043 494 3156 549 719

19 679 256 773 1333ss-
286 673 467 739 sinus,
499 671 727 738 Suarez,
751 676 808 727 et
836 670 938 727 alii
985 687 1056 729 ex
1103 671 1468 730 Adversariis
1496 672 1655 729 infra

287 751 874 819 referendi,videlicet
899 753 1049 826 quod
1073 770 1203 811 cum
1233 757 1296 812 D.
1319 755 1521 811 Thom.
1551 754 1649 819 ait,

285 841 442 895 actus
462 839 799 892 caeterarum
828 835 1110 892 virtutum
1154 852 1277 893 esse
1316 836 1652 893 meritorios

286 935 389 994 per
414 917 772 983 charitatem,
807 918 995 975 solum
1036 919 1181 982 vult,
1234 917 1383 992 quod
1430 923 1494 973 ut
1538 917 1658 972 sint

287 1000 596 1068 meritorii,
629 1000 838 1058 debent
864 998 992 1057 fieri
1024 1000 1094 1058 ab
1125 999 1369 1058 habente
1395 1000 1657 1057 charita-

287 1089 405 1141 tem
433 1104 446 1138 ι
474 1081 623 1155 quod
665 1081 819 1138 nihil
869 1081 1028 1138 aliud
1058 1087 1162 1149 est,
1193 1098 1366 1154 quam
1410 1080 1538 1138 fieri
1586 1081 1656 1138 ab

287 1164 525 1223 homine
545 1164 722 1237 justo.
750 1163 1081 1220 Praesertim
1106 1161 1354 1220 secundo
1380 1163 1660 1234 (aitMon-

287 1245 483 1316 tesin.)
510 1242 658 1317 quod
685 1243 955 1310 charitas,
1000 1250 1058 1302 et
1105 1244 1294 1319 gratia
1332 1248 1471 1299 sunt
1514 1242 1656 1301 adeo

287 1328 724 1402 inseparabiles,
756 1332 816 1384 ut
844 1343 993 1400 saepe
1039 1343 1156 1384 una
1201 1332 1509 1400 usurpetur
1553 1342 1670 1398 pro-

289 1410 408 1469 alia
430 1454 445 1478 ‚
477 1415 534 1466 et
552 1409 633 1466 sic
659 1413 850 1465 actum
886 1408 1256 1466 meritorium
1304 1408 1582 1480 imperari
1625 1423 1658 1463 a

288 1493 565 1550 charitate
593 1534 605 1557 ,
668 1490 821 1547 nihil
869 1491 1027 1547 aliud
1080 1493 1193 1549 erit
1243 1508 1312 1549 ex
1370 1489 1658 1547 sententia

291 1577 357 1630 D.
391 1576 597 1632 Thom.
629 1571 743 1628 nisi
770 1571 920 1644 quod
950 1571 1217 1646 procedat
1240 1588 1272 1628 a
1297 1571 1502 1646 gratia.

364 1658 418 1712 4.
441 1657 569 1711 Haec
594 1654 773 1728 igitur
789 1653 997 1711 solutio
1019 1652 1202 1725 quoad
1224 1659 1524 1726 utramque
1538 1652 1658 1727 ejus

293 1744 517 1813 partem
543 1754 614 1795 ex
644 1736 783 1810 ipsis
812 1736 1163 1794 testimoniis
1185 1742 1381 1792 manet
1405 1736 1654 1792 exclusa.

294 1821 489 1887 Quoad
518 1820 792 1894 primam,
818 1819 954 1893 quia
991 1819 1240 1876 charitas
1287 1819 1350 1875 in
1388 1817 1511 1874 illis
1539 1832 1659 1875 non

293 1903 548 1978 exigitur
570 1919 603 1959 a
628 1904 689 1959 D.
723 1902 927 1958 Thom.
955 1900 1025 1957 ad
1048 1901 1410 1967 merendum,
1438 1906 1499 1957 ut
1522 1916 1660 1974 prae·

293 1985 407 2043 cise
432 1984 822 2042 concomitans
869 1988 1059 2039 actum
1102 1983 1510 2049 meritorium3
1560 1981 1659 2038 sed

296 2070 357 2121 ut
386 2080 651 2138 operans,
688 2069 748 2119 ut
775 2064 839 2118 in
866 2078 999 2119 eum
1045 2061 1312 2128 influenS,
1346 2063 1515 2118 illum
1544 2062 1660 2118 im-

297 2163 524 2221 perans,
557 2151 810 2210 actuanS,
842 2150 896 2201 et
919 2144 1265 2210 informans,
1294 2144 1661 2216 referensque

297 2229 362 2284 in
388 2243 557 2283 suum
580 2225 757 2282 finem
781 2225 1300 2297 supernaturalem,
1330 2231 1391 2280 ut
1413 2223 1659 2280 intuenti

297 2308 435 2363 satis
463 2303 759 2363 constabit.
792 2304 952 2370 Quod
978 2305 1161 2378 magis
1182 2304 1485 2361 confirmat
1508 2304 1659 2361 idem

300 2396 446 2463 Ang.
479 2392 681 2446 Doctor
704 2391 763 2456 2,
795 2391 849 2452 2,
883 2397 1063 2467 quast.
1090 2391 1143 2455 2,
1190 2395 1300 2445 art.
1351 2391 1406 2454 9,
1434 2389 1528 2445 ubi
1559 2388 1662 2444 hac

301 2472 525 2528 ratione
550 2470 769 2545 probat,
798 2487 979 2544 neque
1001 2477 1155 2529 actus
1178 2473 1469 2529 naturales
1489 2470 1661 2528 liberi

299 2553 548 2615 arbitrii.
583 2568 766 2625 neque
793 2559 947 2609 actus
995 2552 1122 2609 fidei
1162 2569 1321 2624 posse
1365 2569 1485 2610 esse
1536 2568 1663 2609 me-

301 2633 553 2697 ritorios,
583 2632 696 2688 nisi
725 2631 972 2688 charitas
1002 2633 1062 2688 in
1084 2648 1180 2689 eos
1202 2632 1429 2688 influat:
1458 2654 1482 2685 ι(
1515 2633 1662 2697 Quia

303 2737 329 2768 α
363 2720 572 2771 natura
594 2715 806 2788 (inquit
832 2715 893 2770 in
921 2715 1205 2771 solutione
1233 2714 1301 2770 ad
1339 2716 1384 2785 l)
1435 2730 1662 2787 compa-

302 2816 328 2848 «
362 2800 524 2850 ratur
563 2793 633 2850 ad
675 2795 1030 2859 charitatem,
1089 2811 1216 2868 quae
1270 2799 1355 2850 est
1398 2794 1660 2851 merendi

301 2875 735 2949 «principium,
767 2875 913 2932 sicut
966 2875 1209 2932 materia
1256 2875 1325 2932 ad
1373 2875 1657 2945 formam;

306 2956 498 3014 «fides
526 2963 718 3014 autem
765 2963 1134 3030 comparatur
1175 2956 1246 3013 ad
1294 2957 1654 3024 charitatem,

304 3060 328 3088 «
361 3039 504 3094 sicut
524 3037 822 3110 dispositio
852 3037 1171 3110 praecedens
1220 3038 1486 3094 ultimam
1537 3038 1662 3094 for-

306 3142 332 3171 «
363 3135 539 3175 mam.
583 3118 954 3175 Manifestum
982 3124 1067 3175 est
1093 3124 1281 3175 autem
1328 3119 1477 3191 quod
1523 3119 1662 3174 sub-

307 3223 332 3253 «
357 3200 570 3274 jectum
593 3200 684 3256 vel
708 3200 951 3256 materia
975 3215 1091 3255 non
1114 3205 1299 3272 potest
1337 3216 1504 3269 agere
1548 3200 1662 3255 nisi

306 3304 331 3334 «
359 3282 422 3337 in
443 3284 658 3338 virtute
687 3282 904 3349 formae,
939 3297 1120 3354 neque
1140 3282 1314 3338 etiam
1361 3280 1663 3353 dispositio

304 3387 329 3416 α
363 3364 684 3438 prfecedens
714 3370 1018 3437 antequam
1040 3364 1225 3421 forma
1248 3363 1533 3427 adveniat,
1566 3363 1663 3419 sed

306 3468 331 3498 «
364 3451 661 3518 postquam
684 3445 871 3503 forma
914 3445 1232 3511 advenerit,
1278 3452 1396 3501 tam
1439 3444 1665 3517 subjec—

306 3551 331 3580 α
362 3533 507 3591 tum,
537 3543 710 3601 quam
750 3528 1047 3599 dispositio
1090 3527 1411 3601 praecedens
1454 3528 1570 3601 agit
1600 3527 1664 3582 in

306 3633 331 3663 «
363 3610 578 3666 virtute
608 3608 822 3674 formae,
856 3626 980 3682 quse
997 3615 1080 3665 est
1110 3609 1429 3682 principale
1456 3608 1661 3683 agendi

308 3714 333 3744 «
367 3690 736 3763 principium.
763 3692 852 3747 Sic
873 3707 1008 3765 ergo
1031 3707 1213 3764 neque
1230 3697 1457 3757 natura,
1482 3707 1665 3764 neque

309 3797 334 3825 «
367 3772 507 3830 fides
552 3773 677 3829 sine
739 3773 1016 3830 charitate
1070 3772 1306 3846 possunt
1354 3773 1665 3846 producere

309 3879 334 3908 «
367 3862 555 3913 actum
576 3855 939 3912 meritorium
968 3877 981 3911 ε
1013 3855 1110 3913 sed
1137 3855 1415 3913 charitate
1460 3872 1665 3929 super-

312 3960 337 3989 «
367 3938 636 3995 veniente
682 3943 838 3993 actus
884 3936 1016 3992 fidei
1064 3936 1128 3992 fit
1176 3938 1512 3995 meritorius
1564 3953 1664 4011 per

308 4041 333 4071 «
366 4021 723 4085 charitatem,
755 4020 899 4076 sicut
940 4026 995 4076 et
1023 4025 1178 4077 actus
1208 4027 1446 4086 naturae,
1472 4027 1526 4077 et
1557 4038 1665 4077 na-

309 4122 333 4152 «
365 4106 422 4157 tu
434 4101 573 4157 ralis
596 4099 766 4157 liberi
788 4100 1039 4157 arbitrii.
1068 4103 1229 4157 »Non
1252 4117 1386 4176 ergo
1408 4101 1476 4158 de
1494 4108 1666 4159 mate-

308 4184 463 4249 riali,
491 4190 548 4242 et
588 4183 1037 4240 concomitanter
1065 4182 1364 4241 dumtaxat
1409 4200 1469 4241 se
1497 4184 1666 4241 habet

304 4265 552 4322 charitas
579 4281 650 4322 ex
678 4270 872 4321 mente
890 4266 951 4320 D.
979 4265 1182 4322 Thom.
1217 4264 1288 4322 ad
1310 4271 1465 4323 actus
1492 4266 1668 4322 meri-

302 4347 496 4415 torios,
521 4346 619 4404 sed
649 4346 996 4415 formaliter,
1029 4352 1086 4404 et
1111 4353 1172 4403 ut
1199 4347 1468 4414 influens,
1521 4349 1668 4405 sicut

301 4427 515 4485 dictum
539 4434 643 4485 est.

372 4504 426 4560 5.
461 4500 719 4559 Secunda
766 4518 905 4560 vero
931 4502 1184 4577 ejusdem
1206 4502 1511 4560 solutionis
1534 4520 1667 4576 pars

300 4583 469 4640 facile
488 4584 666 4641 etiam
708 4585 966 4650 corruit;
1011 4601 1147 4640 nam
1190 4586 1334 4659 Ang.
1370 4587 1574 4643 Doctor
1600 4585 1666 4641 in

300 4665 566 4738 praesenti
596 4664 852 4738 loquitur
897 4664 966 4721 de
1011 4665 1292 4721 charitate
1337 4671 1507 4739 prout
1544 4666 1667 4723 dis-

299 4748 475 4803 tincta
496 4763 529 4803 a
552 4747 757 4822 gratia,
792 4751 855 4802 ut
883 4751 1037 4820 patet
1064 4752 1186 4803 tum
1228 4763 1299 4805 ex
1326 4748 1494 4806 titulo
1522 4751 1668 4806 arti-

298 4827 539 4895 culi,ubi
561 4829 765 4900 quaerit
787 4850 800 4884 ε
823 4826 1021 4885 Utrum
1039 4831 1311 4899 qratiasit
1327 4832 1662 4903 principium

298 4912 483 4968 meriti
497 4911 873 4984 principalius
891 4928 992 4984 per
1013 4914 1356 4979 charitatem,
1388 4920 1485 4968 etc.
1518 4915 1665 4970 Tum

297 4993 471 5051 etiam
517 5007 588 5048 ex
633 4992 921 5050 solutione
971 4992 1041 5049 ad
1102 4996 1144 5059 l,
1195 4992 1292 5049 ubi
1335 4992 1493 5060 dicit,
1517 4995 1667 5067 quod

298 5075 567 5139 charitas,
604 5074 666 5130 in
687 5081 971 5147 quantum
1001 5075 1170 5132 habet
1193 5076 1465 5132 ultimum
1489 5076 1667 5135 finem

304 5173 407 5230 pro
435 5154 670 5230 objecto,
692 5162 885 5214 movet
902 5158 1046 5213 alias
1061 5156 1303 5213 virtutes
1320 5157 1390 5214 ad
1417 5173 1668 5231 operan-

1790 669 2015 735 dum‚et
2028 668 2107 724 sic
2123 668 2193 726 ad
2208 666 2574 734 merendum;
2603 661 2789 741 gratia
2812 671 3001 723 autem
3037 680 3156 723 non

1791 753 1963 812 habet
2008 771 2111 828 pro
2155 753 2370 828 objecto
2422 752 2697 808 ultimum
2751 747 2928 805 finem
2957 774 2971 816 ;
3037 750 3156 807 imo

1793 836 2020 892 nullum
2066 836 2298 908 respicit
2348 832 2652 907 objectum,
2701 829 2801 887 sed
2850 830 3157 887 ordinatur

1792 918 2128 975 immediate
2166 917 2237 975 ad
2257 915 2512 973 dandum
2542 930 2663 972 esse
2689 914 3151 985 supernaturale,

1790 1005 1848 1058 et
1874 1017 1992 1059 non
2018 1006 2103 1059 est
2129 998 2464 1061 immediate
2486 997 2800 1071 operativa.
2833 997 2981 1051 Tum
3008 1011 3155 1067 prae-

1792 1088 1966 1149 terea,
1998 1083 2133 1156 quia
2151 1084 2271 1157 jam
2286 1089 2394 1138 art.
2405 1081 2629 1154 praeced.
2657 1080 2772 1153 egit
2791 1076 2860 1134 de
2874 1079 3079 1152 gratia,
3103 1083 3159 1135 et

1791 1165 1863 1223 de
1891 1167 2220 1224 necessitate
2241 1166 2365 1240 ejus
2393 1166 2456 1221 in
2480 1162 2686 1221 ordine
2728 1161 2795 1219 ad
2841 1161 3155 1218 meritum:

1791 1264 1928 1323 ergo
1953 1248 2191 1304 nomine
2224 1246 2523 1304 charitatis
2557 1261 2675 1302 non
2721 1243 2996 1317 intelligit
3022 1258 3157 1316 gra-

1793 1330 2109 1395 tiam,alias
2131 1335 2317 1386 actum
2342 1333 2614 1402 ageret,et
2628 1324 2826 1383 eadem
2842 1326 3048 1398 saepius
3072 1340 3158 1381 re·
3229 1392 3234 1396 q

1795 1416 2029 1486 peteret.
2056 1412 2125 1465 Et
2145 1410 2391 1484 denique
2420 1408 2762 1480 ubicumque
2786 1410 2927 1479 Ang.
2956 1409 3156 1464 Doctor

1794 1493 1957 1566 ponit
1982 1493 2319 1549 charitatem
2334 1507 2457 1548 esse
2485 1489 2736 1547 formam
2766 1487 2981 1552 meriti,
3015 1503 3156 1543 con—

1793 1576 2097 1651 distinguit
2118 1575 2282 1630 illam
2306 1590 2338 1631 a
2364 1572 2567 1647 gratia,
2600 1575 2657 1627 et
2689 1570 2837 1625 hanc
2863 1568 3002 1626 dicit
3041 1583 3162 1625 esse

1794 1660 2046 1717 formam
2077 1657 2347 1731 primam,
2373 1662 2431 1713 et
2471 1654 2826 1727 principium
2868 1651 3031 1726 quasi
3064 1666 3161 1707 ra·-

1794 1741 2002 1809 dicale;
2034 1740 2373 1797 charitatem
2401 1753 2540 1795 vero
2564 1737 2832 1801 formam,
2859 1741 2911 1792 et
2938 1734 3160 1806 princi-

1797 1826 1957 1898 pium
2014 1824 2197 1898 magis
2244 1823 2593 1896 proximum.
2634 1836 2733 1892 per
2780 1818 2927 1892 quod
2974 1816 3160 1891 gratia

1797 1907 2006 1973 influit,
2035 1912 2094 1962 ut
2146 1904 2340 1963 videre
2385 1910 2468 1962 est
2516 1904 2576 1959 in
2600 1905 2651 1968 3,
2687 1900 2783 1958 ubi
2808 1917 3000 1973 supra,
3028 1901 3155 1956 dist.

1796 1992 1868 2046 30
1889 1991 1964 2045 ad
1987 1992 2031 2058 1,
2058 1998 2105 2045 et
2127 1990 2257 2045 dist.
2281 1990 2371 2055 23,
2392 2006 2443 2065 q.
2470 1988 2522 2051 8,
2550 1994 2663 2043 τινὶ.
2691 1986 2708 2040 1
2736 1984 2810 2039 ad
2837 1984 2888 2047 3,
2917 1983 3161 2055 aliisque

1795 2073 1860 2129 in
1906 2065 2163 2130 locis'ex
2211 2072 2428 2128 relatis.
2473 2067 2812 2141 Angelicum
2863 2070 3160 2123 Doctorem

1795 2158 2112 2227 sequuntur
2138 2151 2521 2210 communiter
2561 2150 2682 2222 ejus
2727 2148 3017 2220 discipuli,
3054 2149 3162 2204 Ca-

1799 2237 2029 2308 preolus
2057 2237 2115 2290 in
2157 2238 2211 2301 2,
2242 2235 2368 2290 dist.
2400 2233 2490 2299 40,
2518 2238 2700 2309 quest.
2739 2232 2782 2297 l,
2816 2238 2924 2285 art.
2975 2232 2993 2285 l
3028 2238 3074 2283 ct
3105 2230 3157 2295 3,
3178 2230 3368 2290 captent.

1799 2319 1943 2374 Deza
2010 2316 2360 2389 Hispalensis
2425 2315 2642 2370 ibidem.
2691 2312 2864 2385 CaJet.
2920 2314 2937 2367 l
3010 2318 3158 2384 part.
3191 2280 3358 2383 HQ&

1796 2406 1976 2478 quaest.
2021 2400 2111 2466 63,
2144 2407 2251 2455 art.
2277 2401 2330 2462 6,
2359 2401 2601 2454 Ferrara
2640 2394 2708 2462 3,
2738 2400 2927 2448 contra
2964 2401 3159 2461 ¹nentes,
3192 2384 3384 2474 {gffffe‘i-

1797 2501 1918 2556 cap.
1960 2484 2078 2547 109,
2104 2484 2332 2538 Bannez
2358 2482 2474 2545 2,·2,
2500 2485 2681 2557 quoest.
2708 2480 2796 2544 24,
2823 2477 2948 2533 dub.
2973 2479 3028 2540 7,
3051 2478 3165 2533 Me·
3194 2479 3354 2574 ZGumek

1796 2565 1936 2621 dina
1966 2566 2308 2637 inpraesenti,
2328 2564 2521 2619 Zumel
2550 2561 2887 2617 conclusione
2902 2560 2955 2620 4,
2984 2561 3166 2615 Gonet
3242 2539 3322 2575 ⁰¹¹⁰

1797 2649 1938 2720 disp.
1965 2650 2019 2712 2,
2053 2654 2160 2703 art.
2186 2649 2240 2713 6,
2275 2648 2450 2703 Lorca
2487 2646 2626 2717 disp.
2655 2644 2746 2706 48,
2779 2642 2947 2698 conci.
2978 2642 3029 2706 3,
3065 2641 3161 2697 ubi
3205 2649 3354 2691 1201oe-

1799 2735 2059 2785 nostram
2086 2728 2428 2783 sententiam
2470 2725 2608 2781 dicit
2634 2739 2755 2780 esse
2793 2738 3162 2779 communem

1796 2811 2215 2885 Theologorum
2242 2822 2583 2865 consensum
2613 2826 2625 2858 t
2670 2810 2726 2860 et
2767 2803 2942 2860 refert
2966 2820 3068 2876 pro
3096 2819 3163 2860 ea

1798 2896 2111 2949 Bonavent.
2146 2895 2393 2956 Scotum,
2428 2889 2757 2956 Ricardum,
2804 2888 3153 2952 Gabrielem,
3192 2882 3349 2972 Bg'natv·

1798 2972 2151 3044 Dux-andum,
2204 2975 2559 3040 Almainum,
2614 2971 3058 3036 Bellarminum,
3106 2976 3160 3026 et
3175 2940 3372 3021 Βῑοῗῗεὲᾱ.

1799 3058 1964 3115 alios.
3211 3028 3326 3072 ω’

1875 3130 2155 3187 Probatur
2205 3128 2551 3185 testimoniis
2601 3142 2774 3182 sacra}
2824 3124 3152 3195 Scripturas,
3197 3144 3341 3187 Robur

1797 3213 2114 3287 cujusmodi
2137 3217 2222 3269 est
2247 3212 2389 3267 illud
2415 3209 2577 3265 Pauli
2611 3212 2654 3275 l,
2684 3207 2753 3265 ad
2776 3207 3033 3264 Corinth.
3070 3207 3152 3262 13:
3171 3201 3358 3295 θξξῇῧῖθ

1798 3295 1867 3353 Si
1887 3296 2213 3351 charitatem
2238 3310 2345 3347 non
2373 3292 2627 3351 habuero,
2675 3288 2817 3344 nihil
2845 3288 2982 3342 mihi
3025 3304 3158 3360 pro·
3208 3297 3329 3383 ltuffi-

1797 3379 1910 3433 dest
1927 3397 1945 3441 ,·
1972 3378 2034 3432 in
2056 3376 2261 3433 ordine
2288 3375 2479 3446 utique
2513 3372 2582 3429 ad
2613 3372 2907 3444 meritum,
2943 3375 3004 3425 ut
3049 3388 3358 3434 <ex-corinth.

1802 3460 1973 3533 plicat
1999 3457 2080 3514 ibi
2129 3460 2271 3532 Ang.
2323 3458 2542 3521 Doctor,
2596 3461 2652 3510 et
2693 3455 2884 3526 plures
2925 3453 3045 3509 alii.
3099 3452 3157 3507 Si
3240 3444 3299 3483 ¹³

1800 3545 1991 3597 autem
2038 3538 2107 3595 ad
2179 3537 2451 3593 meritum
2506 3535 2756 3592 charitas
2811 3533 3148 3605 requiritur,

1801 3622 2052 3695 profecto
2087 3624 2148 3675 ut
2187 3617 2481 3674 influatin
2531 3622 2719 3675 actum
2772 3615 3158 3675 meritorium.

1801 3718 1920 3759 non
1949 3706 2009 3758 ut
2047 3701 2122 3757 sit
2173 3700 2402 3772 praecise
2430 3698 2491 3754 in
2520 3702 2811 3763 merente;
2863 3697 3005 3753 alias
3047 3711 3163 3752 non

1799 3794 1948 3843 esset
1986 3783 2172 3857 major
2221 3782 2384 3848 ratio,
2419 3798 2521 3837 cur
2569 3780 2754 3853 potius
2800 3780 3161 3842 charitatem,

1799 3881 1973 3938 quam
1998 3864 2173 3920 aliam
2205 3861 2475 3918 virtutem
2500 3861 2773 3924 infusam,
2819 3874 2941 3931 quae
2987 3859 3167 3914 etiam

1800 3945 2010 4003 debent
2030 3960 2151 4001 esse
2173 3944 2236 4000 in
2256 3958 2323 3999 eo
2343 3942 2441 4015 qui
2467 3946 2739 4005 meretur,
2771 3939 3071 4012 Apostolus
3097 3937 3167 3993 ad

1801 4026 2077 4083 meritum
2107 4023 2376 4098 exigeret.
2406 4025 2514 4078 Per
2539 4021 2687 4093 quod
2717 4025 2912 4076 manet
2937 4019 3167 4076 exclusa

1800 4108 2028 4173 solutio,
2103 4123 2274 4179 quam
2341 4106 2474 4161 huic
2539 4104 2868 4161 testimonio
2933 4100 3168 4158 adhibet

1801 4192 1970 4263 Vasq.
2006 4187 2159 4245 Idem
2188 4188 2479 4262 colligitur
2499 4203 2570 4243 ex
2598 4185 2730 4241 aliis
2756 4185 2910 4248 locis,
2939 4183 3003 4238 in
3029 4182 3164 4255 qui-

1801 4272 1906 4329 bus
1935 4269 2208 4326 meritum
2231 4268 2550 4340 specialiter
2574 4265 2836 4322 charitati
2863 4263 3158 4332 tribuitur,

1803 4361 1864 4411 ut
1889 4360 1972 4411 est
1999 4352 2145 4410 illud
2173 4353 2427 4425 epistolae
2465 4348 2655 4407 Jacobi
2697 4365 2816 4420 cap.
2862 4350 2878 4404 l
2914 4368 2926 4403 :
2957 4346 3165 4403 Beatus
3194 4374 3346 4420 ,mmm

1800 4439 1891 4492 vir
1942 4438 2039 4513 qui
2075 4435 2264 4507 suffert
2306 4433 2678 4495 tentationem,
2731 4431 2992 4507 quoniam
3039 4446 3163 4484 cum
3252 4426 3292 4468 ¹·
3410 4426 3426 4439 '⁴

1799 4517 2060 4591 probatus
2079 4516 2264 4587 fuerit,
2289 4516 2517 4586 accipiet
2538 4529 2794 4569 coronam
2814 4513 2952 4577 vitae,
2997 4528 3165 4589 quam

1801 4599 2113 4670 repromisit
2139 4595 2283 4651 Deus
2320 4593 2672 4665 diliqentibus
2692 4610 2763 4648 se.
2788 4593 2856 4646 Et
2876 4593 3037 4648 Joan.
3076 4591 3159 4648 14:
3215 4589 3341 4633 ³⁰³⁰·

1801 4671 1871 4729 Si
1901 4674 2024 4750 quis
2049 4670 2233 4741 diliyit
2255 4688 2355 4735 me,
2387 4676 2487 4725 etc.
2515 4666 2883 4741 manifestabo
2911 4669 2960 4721 ei
2987 4668 3163 4738 meip—
3194 4642 3384 4747 3234&oe

1799 4773 1945 4811 sum.
1975 4754 2044 4807 Et
2068 4752 2220 4809 citat.
2264 4752 2429 4824 epist.
2471 4753 2517 4817 l,
2544 4750 2614 4808 ad
2647 4749 2909 4807 Corinth.
2933 4765 3053 4820 cap.
3083 4749 3120 4802 2
3148 4739 3313 4802 :⁰¹¹²st
3333 4741 3374 4782 2·

1800 4835 1989 4912 Neque
2008 4834 2196 4890 oculus
2220 4833 2381 4899 vidit,
2412 4839 2505 4889 etc.
2531 4848 2645 4909 qum
2669 4832 2813 4887 Deus
2827 4830 3164 4902 praeparavit

1800 4916 2159 4988 diliyentibus
2201 4932 2273 4972 se.
2301 4917 2371 4970 Et
2397 4914 2465 4971 ad
2495 4916 2680 4971 Galat.
2726 4915 2761 4968 5
2793 4936 2806 4968 ε
2833 4911 2905 4968 In
2937 4910 3162 4968 Christo
3246 4920 3313 4962 Ad

1801 4998 1934 5055 Jesu
1961 5014 2128 5073 neque
2174 4998 2498 5052 circuncisio
2533 4995 2751 5070 aliquid
2785 4994 2948 5055 valet,
3001 4970 3315 5068 nequeG³¹⁸¹‘
3339 4972 3380 5011 5‘

1798 5080 2130 5153 praeputium
2163 5095 2181 5130 .·
2205 5077 2296 5133 sed
2321 5076 2469 5148 fideS,
2523 5092 2637 5150 quse
2686 5091 2781 5145 per
2826 5074 3166 5128 dilectionem

1803 5166 2081 5233 operatur.
2138 5156 2292 5215 Idem
2336 5156 2507 5214 habet
2558 5158 2611 5222 2,
2643 5156 2718 5211 ad
2752 5153 3093 5211 Timotheum
3114 5154 3166 5219 4,
