3647 5753
240 4912 296 4955 Ι).

317 4913 407 4965 Aug

424 419 536 473 454
1360 415 1450 469 DE
1489 414 2070 469 JUSTIFICATIONE
2113 415 2316 470 1M1‘11.

406 589 474 641 et
513 584 719 641 morali
755 607 767 640 ι
798 600 935 658 ergo
962 585 1220 658 implicat
1247 585 1546 641 hominem
1574 583 1786 640 elicere
1829 626 1832 627 ν

418 666 590 722 talem
635 680 912 732 amorem,
945 665 1060 722 nisi
1109 665 1271 737 prius
1298 664 1503 721 habeat
1539 663 1786 738 gratiam

407 744 900 821 sanctificantem3
948 751 1006 802 et
1054 750 1468 818 consequenter
1516 744 1787 816 impossi-

419 825 535 882 bile
562 832 662 891 est,
695 826 843 898 quod
874 831 1165 899 peccatum
1193 823 1449 882 hominis
1472 824 1680 882 elevati
1716 822 1787 880 ad

412 908 920 979 supernaturalem
966 905 1143 962 finem
1191 905 1518 962 destruatur
1560 904 1789 978 praecise

420 986 698 1043 indirecte
718 1003 818 1060 per
840 987 1012 1043 talem
1038 1002 1324 1052 amorem;
1351 984 1448 1042 sed
1472 983 1789 1042 necessario

419 1067 830 1125 destruendum
879 1072 960 1123 est
1001 1066 1243 1124 omnino
1270 1065 1483 1122 directe
1531 1081 1630 1138 per
1652 1081 1790 1139 gra-

420 1151 563 1206 tiam
594 1147 1063 1204 sanctificantem.
1098 1149 1351 1220 Utraque
1388 1146 1791 1219 consequentia

414 1236 640 1287 constat
666 1236 782 1285 tam
825 1247 893 1286 ex
942 1229 1271 1301 praemissiS,
1303 1244 1475 1302 quarn
1521 1243 1591 1284 ex
1617 1241 1791 1299 supra

424 1313 773 1387 praenotatis
804 1311 990 1384 Major
1034 1316 1224 1368 autem
1271 1310 1591 1368 ostenditur
1625 1330 1638 1365 ε
1669 1314 1788 1365 tum

411 1396 554 1469 quia
573 1395 716 1450 sicut
740 1395 936 1450 vivere
962 1400 1047 1449 est
1069 1393 1290 1450 moveri
1322 1410 1354 1449 a
1377 1391 1664 1466 principio
1692 1391 1790 1447 in-.

421 1476 667 1531 trinseco
688 1472 940 1548 ejusdem
969 1472 1193 1529 ordinis
1213 1488 1342 1528 cum
1371 1477 1496 1528 actu
1521 1469 1785 1538 vivendi;

424 1558 502 1613 ita
526 1557 722 1612 vivere
740 1555 1083 1627 simpliciter
1110 1555 1229 1610 vita
1254 1553 1706 1626 supernaturali,
1737 1556 1794 1608 et

427 1637 654 1701 morali,
682 1636 846 1693 debet
872 1650 993 1691 esse
1020 1633 1090 1691 ab
1126 1650 1209 1701 ρο,
1246 1634 1396 1707 quod
1423 1634 1592 1691 habet
1615 1632 1795 1689 ratio-

427 1735 561 1775 nem
604 1718 874 1790 principii
911 1716 1252 1789 simpliciter
1278 1717 1408 1772 talis
1436 1717 1498 1772 in
1528 1715 1795 1788 praedicto

422 1798 629 1855 ordine
657 1820 669 1853 :
699 1797 796 1854 sed
828 1796 1177 1869 principium
1208 1796 1551 1869 simpliciter
1593 1796 1705 1851 tale
1732 1795 1794 1850 in

426 1878 629 1936 ordine
650 1878 1076 1950 supernaturali
1105 1883 1189 1934 est
1214 1878 1334 1933 sola
1369 1875 1555 1951 gratia
1581 1875 1797 1932 sancti-

428 1957 634 2020 ficans;
668 1958 951 2031 siquidem
984 1957 1107 2014 sola
1133 1958 1320 2031 gratia
1347 1957 1649 2029 participat
1676 1956 1797 2013 for-

431 2040 662 2095 maliter
703 2038 779 2105 id,
830 2037 977 2111 quod
1025 2039 1087 2093 in
1136 2040 1249 2095 Deo
1295 2035 1465 2093 habet
1511 2037 1796 2093 rationem

433 2119 736 2193 principii,
788 2134 995 2191 nempe
1046 2123 1316 2175 naturam
1374 2117 1482 2173 sub
1525 2121 1796 2187 conceptu

432 2206 652 2257 naturae
675 2222 686 2255 :
707 2200 940 2273 reliquae
973 2204 1164 2256 autem
1191 2199 1497 2271 qualitates
1518 2213 1801 2271 superna-

429 2282 646 2338 turales
688 2281 877 2337 solum
912 2280 1125 2337 habent
1147 2272 1444 2337 'rationem
1472 2279 1565 2336 vel
1595 2294 1803 2352 opera-

429 2363 674 2425 tionum,
709 2361 802 2417 vel
826 2361 1108 2416 virtutum
1141 2361 1542 2433 proximarum
1562 2359 1626 2415 in
1652 2375 1802 2432 prae-

426 2443 574 2502 dicto
590 2441 794 2498 ordine
819 2456 984 2513 :ergo
1008 2440 1267 2511 implicat
1284 2440 1582 2497 hominem
1606 2440 1803 2496 vivere

426 2523 770 2595 simpliciter
814 2523 934 2577 vita
972 2522 1422 2594 supernaturali,
1467 2525 1523 2577 et
1567 2521 1797 2587 morali,

430 2605 544 2660 nisi
563 2620 662 2676 per
677 2604 924 2676 gratiam
941 2601 1414 2659 sanctificantem.
1438 2604 1587 2657 Tum
1602 2603 1800 2668 etiam,

430 2684 564 2758 quia
585 2684 727 2738 sicut
747 2682 975 2754 operari
1004 2682 1276 2754 supponit
1300 2696 1441 2746 esse,
1471 2681 1550 2737 ita
1573 2681 1803 2753 operari

429 2764 776 2837 simpliciter
804 2764 867 2819 in
896 2763 1089 2835 aliquo
1129 2762 1351 2825 ordine,
1382 2763 1654 2835 supponit
1679 2778 1801 2819 esse

430 2845 776 2919 simpliciter
798 2845 860 2901 in
884 2845 985 2901 tali
1015 2844 1220 2902 ordine
1252 2864 1266 2900 ε
1295 2842 1393 2900 sed
1423 2844 1543 2901 vita
1571 2843 1807 2901 actualis

429 2932 517 2984 est
541 2926 799 2998 quaedam
844 2926 1059 2998 species
1102 2924 1456 2998 operationis
1501 2940 1682 2999 :ergo
1715 2924 1808 2980 vi-

435 3024 569 3065 vere
595 3007 937 3079 simpliciter
967 3007 1086 3063 vita
1115 3006 1566 3079 supernaturali,
1599 3012 1654 3063 et
1680 3021 1809 3062 mo-

439 3089 571 3154 rali,
624 3088 895 3160 supponit
939 3102 1061 3143 esse
1105 3086 1449 3161 simpliciter
1493 3087 1557 3143 in
1605 3086 1809 3144 ordine

434 3170 867 3242 supernaturali
920 3192 930 3223 ε
987 3169 1144 3240 atqui
1191 3185 1292 3242 per
1337 3170 1521 3226 solam
1559 3169 1807 3243 gratiam

436 3249 889 3307 sanctificantem
920 3248 1198 3306 habemus
1224 3266 1345 3307 esse
1370 3250 1717 3324 simpliciter
1745 3249 1809 3304 in

438 3331 645 3388 ordine
682 3330 1111 3403 supernaturali
1144 3353 1158 3396 ;
1200 3346 1331 3387 cum
1360 3329 1481 3402 ipsa
1510 3329 1812 3386 ordinetur

442 3427 542 3484 per
567 3426 627 3467 se
657 3411 844 3482 primo
867 3409 936 3466 ad
956 3426 1065 3465 esse
1092 3409 1154 3465 in
1178 3409 1280 3466 tali
1310 3408 1533 3475 ordine,
1563 3408 1691 3465 aliae
1706 3423 1812 3464 au-

440 3498 556 3547 tem
603 3492 910 3567 qualitates·
944 3489 1013 3546 ad
1058 3491 1294 3562 operari,
1329 3494 1390 3544 ut
1429 3488 1814 3562 explicuimus

442 3580 601 3628 tract.
628 3573 851 3645 praecccl.
878 3573 1018 3644 disp.
1048 3573 1104 3637 4,
1128 3571 1255 3627 dub.
1281 3572 1338 3637 5;
1372 3586 1509 3645 ergo
1534 3573 1814 3643 repugnat

442 3655 740 3713 hominem
770 3655 968 3711 vivere
992 3652 1335 3726 simpliciter
1363 3653 1483 3708 vita
1527 3667 1812 3724 superna-

445 3737 639 3805 turali,
677 3743 734 3794 et
761 3736 989 3802 morali,
1028 3735 1139 3791 nisi
1183 3750 1284 3806 per
1317 3733 1565 3808 gratiam
1602 3732 1816 3790 sancti-

445 3816 729 3885 ficantem,
762 3817 909 3872 Tum
936 3814 1200 3887 denique,
1234 3815 1369 3887 quia
1397 3813 1518 3870 vita
1545 3813 1803 3878 actualis,

444 3897 916 3969 supernaturaliS,
948 3898 1006 3951 et
1033 3893 1272 3949 moralis
1303 3893 1648 3966 simpliciter
1682 3893 1816 3949 talis

449 3978 720 4049 importat
749 3974 1168 4041 rectitudinem,
1194 3989 1291 4030 seu
1310 3973 1597 4046 justitiam
1625 3967 1817 4029 actua-

450 4061 564 4117 lem
592 4058 936 4131 simpliciter
957 4056 1130 4112 talem
1166 4077 1179 4112 ε
1208 4072 1345 4129 ergo
1373 4054 1537 4112 debet
1562 4070 1818 4133 praecon-

451 4141 626 4197 tineri
675 4140 737 4194 in
768 4137 960 4209 aliquo
991 4136 1276 4209 principio
1304 4135 1638 4201 intrinsecO,
1668 4134 1819 4206 quod

449 4220 755 4279 constituat
783 4217 1078 4274 hominem
1119 4215 1460 4287 simpliciter
1481 4215 1721 4288 justum,
1766 4220 1823 4272 et

453 4307 672 4358 rectum
721 4322 734 4355 ε
783 4295 882 4353 sed
927 4297 1049 4353 sola
1101 4295 1289 4370 gratia
1333 4294 1695 4351 sanctificans
1736 4299 1822 4351 est

452 4379 805 4454 principium
834 4375 1186 4433 constituens
1214 4375 1512 4432 hominem
1538 4374 1823 4446 simplici-

451 4468 540 4518 ter
557 4461 796 4533 justum,
823 4463 881 4514 et
909 4462 1151 4519 rectum;
1174 4471 1303 4512 cum
1326 4455 1448 4528 ipsa
1469 4455 1591 4512 sola
1610 4456 1685 4510 sit
1706 4460 1822 4512 tam

452 4543 523 4600 de
574 4541 739 4606 facto,
772 4555 944 4611 quam
992 4537 1061 4594 de
1102 4535 1364 4610 possibili
1399 4537 1588 4593 forma
1620 4535 1828 4611 justifi-

452 4639 609 4688 canS,
644 4626 703 4676 ut
730 4635 903 4692 supra
929 4617 1286 4675 ostendimus
1311 4617 1437 4673 dub.
1479 4618 1496 4672 l
1529 4623 1578 4671 et
1600 4619 1668 4683 23
1692 4633 1828 4692 ergo

455 4703 731 4777 implicat,
764 4699 913 4774 quod
943 4700 1115 4755 homo
1142 4697 1299 4755 vivat
1326 4697 1667 4771 simpliciter
1709 4699 1830 4754 vita

455 4780 905 4858 supernaturali,
927 4785 982 4836 et
1003 4778 1232 4844 morali,
1251 4783 1307 4835 et
1332 4777 1437 4834 hoc
1465 4776 1686 4836 habeat.
1715 4776 1825 4834 nisi

412 4943 424 4955 ·
460 4883 561 4940 per
580 4863 828 4940 gratiam
850 4860 1318 4917 sanctificantem.
1340 4857 1613 4915 Videatur
1628 4862 1692 4915 D.
1719 4862 1832 4913 Au-

458 4950 606 5019 gust.
656 4945 898 4999 concion.
943 4943 1034 5007 28,
1086 4942 1146 4996 in
1188 4940 1386 5013 psalm.
1447 4940 1566 5003 118,
1611 4937 1683 4994 ad
1726 4938 1831 4995 illa

462 5027 639 5084 verba
673 5047 685 5082 ε
712 5024 837 5084 Feci
865 5025 1164 5096 judicium,
1195 5030 1244 5077 et
1259 5022 1558 5095 Justitiam,
1591 5020 1689 5077 ubi
1728 5038 1832 5078 ve-

1921 583 2146 640 ritatem
2190 584 2251 639 in
2287 585 2493 659 maJori
2526 583 2910 656 propositione
2955 586 3283 637 contentam

1917 664 2055 719 satis
2099 664 2382 737 expressit
2421 665 2486 719 in
2524 665 2676 719 hunc
2716 662 2994 720 modum:
3039 661 3285 718 Iustitiae

1919 747 2136 800 nomine
2158 747 2218 800 in
2243 747 2342 801 hoc
2370 745 2482 801 loco
2509 764 2619 801 non
2646 747 2768 817 ipsa
2804 746 3003 808 virtus,
3032 742 3124 797 sed
3149 759 3288 815 opus

1919 829 2036 899 ejus
2060 830 2429 900 significatum
2454 837 2551 885 cst,
2583 828 2721 900 Quis
2754 828 2898 882 enim
2923 826 3055 898 secie
3095 827 3159 879 in
3183 825 3286 880 ho-

1920 909 2066 963 mine
2099 910 2402 979 justitiam,
2431 911 2540 963 nisi
2567 911 2662 985 qui
2689 908 2960 980 justificat
3006 904 3286 977 impium?

1923 987 2070 1044 Fecit
2096 1006 2218 1058 erqo
2236 990 2540 1060 justitiam,
2568 990 2627 1044 id
2650 997 2726 1045 est
2755 1005 2889 1061 optes
2905 988 3157 1061 justitioe,
3187 987 3285 1062 qui

1920 1068 2078 1124 habet
2101 1070 2158 1122 in
2178 1086 2232 1125 se
2248 1070 2552 1140 justitiam.

1995 1151 2127 1205 222.
2147 1148 2337 1205 Minor
2354 1157 2542 1206 autern
2569 1148 2839 1221 probatur
2862 1145 3287 1220 multipliciter.
3329 1141 3512 1233 33ξὲ-

1923 1229 2129 1296 Primo,
2172 1231 2308 1301 quia
2360 1247 2459 1303 per
2499 1231 2662 1286 illam
2704 1228 3093 1301 operationem
3142 1226 3515 1297 vivitusaiun·
3561 1276 3568 1283 ,

1925 1308 2097 1365 homo
2117 1310 2456 1383 simpliciter
2479 1309 2594 1366 vita
2615 1308 3065 1381 supernaturali,
3083 1312 3139 1364 et
3160 1323 3290 1362 mo-
3329 1295 3395 1346 ²¹³¹
3421 1289 3487 1331 '²¹‘

1927 1389 2052 1457 rali,
2075 1407 2175 1462 per
2194 1408 2365 1463 quarn
2389 1390 2692 1447 ordinatur
2716 1388 2785 1445 ad
2813 1389 3086 1444 ultimum
3108 1387 3286 1444 finem
3302 1346 3519 1432 81ξέἙοξῆ-

1928 1469 2177 1542 praedicti
2225 1471 2467 1536 ordiniS,
2501 1468 2832 1543 attingendo
2879 1470 3049 1525 illurn
3090 1469 3153 1524 in
3180 1483 3241 1525 se
3274 1442 3505 1531 :ffffluffl

1925 1550 2069 1605 sicut
2112 1567 2143 1607 e
2194 1566 2467 1608 converso
2523 1566 2621 1622 per
2668 1550 2832 1605 illam
2889 1550 3286 1622 operationem
3374 1545 3440 1579 ⁵⁰·

1926 1632 2100 1688 homo
2150 1634 2398 1689 moritur
2448 1631 2792 1703 simpliciter
2847 1636 3031 1687 morte
3080 1630 3293 1687 morali

1927 1713 2184 1784 opposita
2203 1713 2332 1770 vitae
2350 1714 2780 1784 supernaturali
2802 1712 3146 1784 simpliciter
3168 1711 3292 1776 tali,

1930 1808 2030 1865 per
2076 1809 2248 1864 quarn
2293 1794 2577 1849 avertitur
2624 1811 2657 1850 a
2701 1797 2816 1850 Deo
2868 1791 3297 1865 supernaturali

1930 1874 2064 1940 fine,
2114 1880 2170 1930 et
2214 1877 2568 1932 convertitur
2615 1874 2685 1932 ad
2726 1880 3047 1931 creaturam
3095 1893 3107 1925 ε
3143 1872 3299 1945 atqui

1930 1955 2122 2019 homo,
2154 1970 2282 2010 cum
2311 1955 2500 2030 diligit
2542 1971 2737 2012 amore
2784 1953 3080 2011 charitatis
3122 1954 3300 2009 Deum

1931 2035 2105 2093 finem
2140 2037 2410 2093 ultimum
2441 2054 2614 2109 super
2643 2037 2860 2100 omnia,
2894 2035 3199 2093 ordinatur
3228 2033 3301 2091 ad

1933 2118 2205 2173 ultimum
2274 2117 2449 2174 finem
2514 2118 2737 2175 ordinis
2800 2115 3300 2188 supernaturali3‚

1933 2198 2265 2272 attingendo
2318 2199 2487 2254 illum
2543 2200 2604 2254 in
2643 2214 2737 2266 se;
2786 2214 2925 2254 nam
2973 2194 3303 2270 hujusmodi

1933 2278 2074 2339 ordo
2093 2280 2337 2336 'actualis
2364 2279 2433 2336 ad
2470 2280 2799 2352 praedictum
2830 2277 3005 2335 finem
3033 2283 3119 2343 est
3146 2278 3306 2334 insess

1937 2362 2213 2437 parabilis
2239 2377 2273 2417 a
2301 2360 2570 2434 proedicto
2597 2376 2814 2426 amore,
2845 2377 2975 2417 cum
3020 2358 3306 2432 pertineat

1936 2444 2007 2501 ad
2034 2443 2154 2517 ejus
2181 2443 2510 2508 essentiam,
2556 2447 2611 2498 et
2652 2442 2842 2514 ipsum
2873 2441 2938 2496 in
2967 2439 3219 2512 propria,
3250 2445 3309 2496 et

1938 2523 2213 2598 peculiari
2240 2523 2427 2596 specie
2452 2523 2757 2579 constituat
2791 2537 2963 2594 :ergo
2993 2521 3183 2585 homo,
3207 2519 3306 2591 qui

1936 2623 2009 2663 ex
2048 2621 2244 2662 amore
2268 2604 2569 2660 charitatis
2614 2603 2883 2676 diligeret
2912 2605 3092 2658 Deum
3133 2617 3310 2673 super

1938 2688 2155 2754 omnia,
2191 2685 2414 2743 viveret
2447 2684 2792 2758 simpliciter
2816 2684 2934 2740 vita
2961 2688 3308 2756 supernatu-

1942 2769 2069 2835 rali,
2102 2774 2157 2825 et
2184 2768 2413 2825 morali.
2449 2768 2886 2839 Desumiturque
2909 2766 3000 2821 hic
3019 2765 3308 2820 discursus

1938 2866 2011 2908 ex
2037 2852 2101 2907 D.
2133 2849 2336 2906 Thom.
2371 2847 2433 2904 in
2457 2847 2560 2904 hac
2609 2849 2654 2913 1.
2685 2848 2740 2911 2.
2772 2853 2957 2923 quaest.
2983 2848 3076 2912 72,
3106 2851 3219 2902 art.
3247 2846 3508 2911 5,1›.·r110.

1940 2932 2001 2988 in
2026 2946 2171 3000 corp.
2197 2926 2296 2982 ubi
2320 2928 2437 2984 ait:
2476 2949 2502 2980 α
2534 2928 2752 2999 Duplex
2791 2932 2876 2982 est
2913 2924 3307 2982 inordinatio:

1946 3032 1972 3063 α
2017 3027 2131 3066 una
2156 3025 2255 3081 per
2275 3007 2722 3065 subtractionem
2747 3008 3019 3081 principii
3042 3005 3267 3064 ordinis
3294 3026 3309 3061 ε

1949 3114 1974 3145 α
2005 3091 2140 3154 alia,
2174 3105 2298 3160 quae
2318 3090 2493 3145 etiam
2516 3089 2736 3146 salvato
2758 3088 3044 3162 principio
3066 3086 3312 3152 ordinis,

1950 3172 2068 3228 «fit
2112 3171 2469 3228 inordinatio
2515 3170 2666 3227 circa
2709 3189 2796 3237 ea,
2847 3188 2971 3244 qua}
3013 3175 3149 3226 sunt
3195 3173 3319 3242 post

1950 3275 1976 3307 a
2009 3251 2382 3326 principium.
2439 3250 2595 3306 Sicut
2642 3251 2706 3306 in
2755 3267 2993 3323 corpore
3040 3247 3317 3305 animalis

1950 3355 1975 3386 α
2004 3330 2342 3406 quandoque
2385 3331 2617 3403 quidem
2660 3331 3018 3388 inordinatio
3062 3329 3320 3402 comple-

1953 3433 1978 3469 α
2006 3414 2195 3472 xionis
2241 3413 2492 3486 procedit
2536 3429 2712 3487 usque
2758 3412 2829 3470 ad
2874 3411 3318 3470 destructionem

1951 3518 1977 3548 α
2009 3495 2281 3569 principii
2310 3495 2506 3551 vitalis
2518 3518 2533 3561 ;
2562 3499 2618 3550 et
2644 3495 2761 3551 haec
2787 3500 2873 3551 est
2899 3510 3056 3550 mors
3085 3514 3098 3548 :
3130 3507 3320 3564 quan·-

1954 3599 1980 3630 α
2009 3576 2191 3649 doque
2212 3591 2366 3640 vero,
2393 3576 2553 3632 salvo
2577 3575 2864 3648 principio
2889 3575 3039 3642 vitae,
3067 3571 3131 3629 fit
3149 3572 3321 3628 deor-—

1952 3679 1979 3709 α
2008 3656 2229 3712 dinatio
2272 3654 2531 3727 quaedam
2581 3656 2644 3712 in
2684 3655 3056 3721 humoribus;
3103 3659 3159 3710 et
3186 3659 3321 3709 tunc

1953 3760 1979 3790 α
2010 3743 2094 3795 est
2109 3736 2403 3812 aegritudO.
2432 3737 2794 3810 Principium
2817 3742 3007 3794 autem
3031 3736 3204 3792 totius
3229 3751 3321 3792 or-

1954 3842 1980 3873 «
2010 3820 2166 3876 dinis
2194 3820 2256 3875 in
2279 3819 2595 3876 moralibus
2621 3825 2704 3876 est
2733 3818 2868 3874 finis
2913 3819 3170 3885 ultimuS,
3203 3817 3300 3891 qui

1956 3923 1980 3953 α
2013 3901 2093 3958 ita
2130 3916 2191 3957 se
2232 3899 2403 3958 habet
2446 3901 2509 3956 in
2537 3899 2870 3973 operativiS,
2902 3900 3048 3955 sicut
3094 3900 3317 3971 princi-

1957 4003 1982 4033 «
2016 3981 2176 4054 pium
2206 3979 2722 4037 indemonstrabile
2752 3979 2814 4035 in
2843 3979 3228 4052 speculativiS,
3261 3986 3320 4035 ut

1957 4081 1983 4113 α
2016 4059 2229 4117 dicitur
2272 4060 2334 4114 in
2360 4063 2395 4115 7
2425 4060 2606 4116 Ethic.
2655 4058 2818 4115 Unde
2865 4058 3093 4132 quando
3121 4060 3320 4115 anima

1959 4164 1985 4195 α
2015 4142 2392 4199 deordinatur
2416 4158 2515 4215 per
2539 4148 2825 4215 peccatum
2853 4157 3030 4213 usque
3056 4139 3127 4197 ad
3155 4156 3328 4197 aver-

1962 4243 1989 4275 «
2015 4223 2239 4279 sionem
2281 4221 2351 4278 ab
2386 4222 2593 4278 ultimo
2640 4220 2775 4286 fine,
2807 4220 3023 4277 scilicet
3051 4221 3184 4285 Deo,
3234 4222 3326 4277 cui

1961 4323 1987 4355 α
2019 4301 2259 4358 unimur
2306 4317 2405 4374 per
2453 4302 2813 4365 charitatem,
2865 4306 2999 4356 tunc
3027 4305 3112 4356 est
3141 4316 3327 4373 pecca-

1964 4403 1990 4434 «
2019 4385 2141 4437 tum
2174 4382 2417 4437 mortale
2446 4401 2458 4436 ε
2487 4380 2718 4452 quando
2745 4396 2884 4437 vero
2920 4378 2984 4434 fit
3010 4378 3327 4437 deordina-

1963 4483 1989 4514 α
2021 4461 2101 4518 tio
2128 4462 2271 4517 citra
2297 4461 2660 4517 aversionem
2703 4477 2736 4516 a
2766 4462 2896 4525 Deo,
2924 4464 3071 4516 tunc
3086 4464 3168 4516 est
3196 4475 3328 4532 pec-

1966 4562 1993 4594 «
2020 4547 2209 4597 catum
2252 4540 2497 4597 veniale.
2529 4562 2553 4593 »
2601 4543 2670 4596 Et
2695 4546 2875 4618 quest.
2907 4541 2999 4605 87,
3037 4546 3148 4597 art.
3186 4542 3242 4610 4,
3269 4542 3327 4595 in

1960 4638 2106 4694 corp.
2138 4621 2219 4677 ait
2264 4641 2278 4677 ε
2312 4643 2338 4674 α
2374 4620 2690 4694 Cujuslibet
2716 4620 2941 4677 ordinis
2967 4624 3053 4677 est
3098 4618 3332 4693 aliquod

1966 4723 1992 4752 α
2025 4699 2398 4774 principium,
2427 4716 2527 4773 per
2548 4699 2695 4774 quod
2720 4699 2940 4773 aliquid
2965 4698 3028 4755 fit
3052 4700 3335 4774 particeps

1967 4801 1993 4831 α
2026 4780 2188 4836 illius
2226 4779 2469 4837 ordinis.
2502 4782 2569 4834 Et
2614 4779 2747 4835 ideo
2791 4780 2841 4834 si
2892 4795 2992 4852 per
3039 4783 3333 4851 peccatum

1971 4880 1997 4911 «
2027 4860 2252 4916 tollitur
2274 4858 2625 4931 principium
2654 4857 2897 4924 ordinis,
2930 4875 3041 4931 quo
3068 4859 3335 4915 voluntas

1969 4961 1995 4990 α
2028 4938 2284 4996 hominis
2329 4937 2595 4995 subditur
2634 4941 2767 5005 De0,
2798 4938 2909 4995 erit
2955 4937 3331 5005 inordinatim

1973 5041 1999 5071 «
2028 5023 2308 5092 quantum
2329 5022 2414 5074 est
2433 5017 2503 5075 de
2523 5034 2582 5075 se
2604 5017 3022 5092 irreparabilis„
3046 5018 3151 5074 etsi
3176 5033 3339 5091 repa·

3211 5101 3337 5157 rari
