3647 5753
279 515 288 530 b

74 1019 279 1062 Evasio.

93 2156 204 2208 nesi

208 2158 272 2200 ci·

1458 373 1641 428 DISP.
1685 376 1783 441 111,
1829 378 1996 434 DUB.
2041 382 2140 435 111.

317 540 507 612 pulsio
555 540 757 612 gratiae
823 555 926 613 per
985 547 1274 613 peccatum
1326 543 1564 609 actuale,
1621 543 1686 599 in

308 623 516 680 eodem
543 622 800 688 instanti,
831 627 887 678 et
913 622 1079 697 signo
1100 625 1164 680 in
1189 640 1301 696 quo
1325 640 1688 682 consumma-

314 709 411 761 tur
451 710 765 778 peccatum,
808 702 968 761 adest
1010 705 1270 778 expulsio
1307 706 1540 780 gratiae:
1584 719 1688 762 nec

313 791 554 858 oportet,
583 782 734 857 quod
757 788 1047 857 peccatum
1070 786 1308 852 actuale,
1339 793 1398 843 et
1414 784 1600 861 gratia
1619 782 1686 841 in

313 867 515 924 eodem
559 866 818 934 instanti,
865 871 964 922 aut
988 867 1152 941 signo
1191 868 1253 922 in
1291 885 1396 945 quo
1436 870 1678 935 natum,

316 949 409 1005 vel
437 947 762 1005 durationis
788 947 1122 1003 coexistunt.

388 1029 484 1084 86.
516 1027 675 1084 Dices
693 1042 990 1099 superesse
1012 1026 1196 1083 adhuc
1220 1028 1474 1101 aliquam
1505 1027 1682 1084 ratio-

316 1124 474 1176 nem,
505 1109 577 1167 ob
604 1124 779 1182 quam
807 1107 1052 1165 debeant
1077 1110 1283 1183 gratia,
1314 1115 1373 1167 et
1392 1113 1680 1183 peccatum

312 1192 535 1248 actuale
553 1191 890 1255 coexistere;
916 1206 1053 1247 nam
1078 1191 1364 1264 principia
1382 1189 1683 1265 cujuslibet

312 1272 652 1331 mutationis
676 1271 884 1329 debent
921 1273 1168 1329 existere
1208 1274 1272 1330 in
1314 1272 1575 1339 instanti,
1618 1272 1681 1329 in

309 1371 426 1428 quo
454 1353 692 1410 mutatio
713 1351 1034 1425 perficitur;
1057 1353 1227 1410 aliter
1251 1354 1412 1410 enim
1441 1368 1557 1410 non
1587 1368 1681 1425 po·

310 1441 511 1493 terunt
533 1451 653 1493 esse
678 1435 965 1509 principia
1007 1434 1186 1501 illius,
1223 1452 1353 1492 cum
1384 1451 1502 1493 non
1529 1435 1681 1492 entis

310 1518 491 1574 nullae
515 1517 630 1573 sint
649 1517 982 1588 qualitates:
1013 1516 1111 1572 sed
1137 1517 1323 1591 gratia
1345 1521 1431 1573 est
1458 1516 1679 1589 princi-

307 1599 471 1672 pium
501 1597 659 1653 illius
687 1597 1045 1663 mutationi3‚
1074 1613 1187 1669 qua
1215 1597 1387 1655 homo
1416 1612 1519 1670 per
1547 1613 1679 1670 pec-—

304 1685 496 1737 catum
526 1678 743 1735 actuale
772 1677 980 1734 transit
1007 1676 1078 1733 ab
1116 1693 1241 1735 esse
1268 1678 1332 1734 in
1377 1678 1566 1753 gratia
1605 1677 1678 1735 ad

301 1775 428 1817 esse
461 1759 525 1815 in
550 1763 803 1831 peccat03
850 1757 1135 1831 siquidem
1174 1763 1260 1815 est
1305 1758 1597 1815 terminus
1640 1776 1678 1814 a

301 1859 408 1915 quo
437 1837 723 1912 praedictae
745 1837 1119 1894 mutationis:
1144 1853 1282 1912 ergo
1306 1839 1495 1912 gratia
1512 1837 1679 1895 debet

300 1921 548 1978 existere
568 1920 632 1975 in
660 1919 765 1975 illo
786 1919 1046 1984 instanti,
1080 1918 1145 1974 in
1170 1934 1282 1991 quo
1307 1934 1678 1976 consumma-

304 2008 401 2059 tur
446 2007 736 2076 peccatum
783 2002 1019 2068 actuale,
1063 2006 1120 2058 et
1163 1999 1228 2056 fit
1278 2001 1555 2057 transitus
1605 2000 1675 2058 ad

303 2089 516 2142 statum
546 2082 784 2156 peccati.
1153 2121 1159 2128 -

376 2166 484 2224 Sed
512 2167 618 2223 hoc
656 2165 809 2222 nihil
837 2170 950 2222 est:
992 2165 1267 2238 quoniam
1299 2165 1432 2221 licet
1453 2163 1676 2237 princi—

304 2247 464 2320 pium
506 2244 864 2311 mutationiS,
907 2247 1057 2318 quod
1099 2245 1167 2302 ad
1208 2261 1337 2302 eam
1383 2244 1677 2302 concurrit

302 2326 619 2392 influendo,
650 2331 707 2383 et
732 2325 1036 2393 causando,
1063 2325 1297 2383 deberet
1323 2325 1434 2398 ipsi
1455 2324 1674 2383 coexis-

301 2413 458 2464 tere3
481 2406 866 2463 nihilominus
894 2405 972 2472 id,
998 2406 1149 2479 quod
1168 2407 1360 2463 solum
1383 2403 1675 2462 concurrit

303 2503 410 2561 per
448 2487 684 2544 modum
722 2487 959 2544 termini
987 2506 1022 2543 a
1051 2506 1156 2566 quo
1194 2483 1586 2558 relinquendi,
1618 2488 1675 2540 et

301 2568 902 2642 expellendi,minime
927 2568 1096 2627 debet
1124 2568 1433 2626 mutationi
1460 2565 1675 2624 coexis-

306 2653 445 2714 tere,
494 2646 592 2703 sed
640 2647 823 2720 potius
882 2647 1049 2706 debet
1096 2665 1215 2705 non
1275 2662 1399 2705 esse
1436 2643 1674 2718 quando

306 2727 549 2784 mutatio
574 2726 883 2800 perficitur,
915 2734 972 2786 et
1015 2728 1223 2786 sufficit
1265 2726 1416 2801 quod
1459 2726 1673 2782 imme-

299 2811 458 2867 diate
486 2810 872 2884 praeextiterit.
924 2810 985 2866 Id
1024 2810 1353 2885 quodsatis
1379 2809 1558 2882 liquet
1599 2822 1672 2865 ex

296 2890 705 2951 communibus
742 2893 1046 2966 principiis
1074 2890 1460 2964 Philosophiae
1491 2911 1504 2955 ;
1533 2903 1669 2944 nam

299 2973 550 3047 privatio
581 2972 784 3029 formae
810 2972 1151 3047 generandae
1175 2970 1468 3029 concurrit
1488 2967 1559 3025 ad
1578 2983 1672 3043 ge·

298 3054 661 3111 nerationem
689 3069 792 3125 per
818 3052 1051 3110 modum
1075 3051 1366 3126 principii,
1394 3056 1451 3107 et
1472 3054 1670 3106 tamen

295 3135 435 3208 quia
454 3135 639 3191 solum
661 3138 747 3189 est
774 3133 1131 3206 principium
1160 3148 1263 3206 per
1283 3129 1520 3188 modum
1548 3133 1670 3185 ter-

297 3216 449 3272 mini
476 3234 512 3271 a
532 3233 656 3294 quo,
686 3230 804 3271 non
825 3215 1103 3280 coexistit,
1127 3213 1224 3270 sed
1247 3212 1436 3285 potius
1456 3208 1670 3267 desinit

298 3297 363 3352 in
380 3295 643 3362 instanti,
665 3294 727 3351 in
743 3311 855 3367 quo
877 3295 1171 3368 perficitur
1185 3291 1482 3369 generatio
1496 3314 1511 3358 ;
1532 3290 1670 3347 alio-

294 3376 440 3448 quin
467 3377 530 3431 in
550 3374 752 3433 eodem
776 3375 1016 3431 instanti
1037 3380 1184 3437 esset
1205 3372 1450 3429 materia
1478 3369 1668 3441 prima

294 3455 404 3511 sub
431 3471 546 3513 non
586 3470 710 3512 esse
735 3472 791 3510 v.
822 3471 876 3529 g.
909 3455 1110 3513 formae
1150 3455 1438 3519 humanae,
1480 3454 1537 3506 et
1562 3448 1667 3505 sub

291 3552 418 3594 esse
439 3536 627 3592 illius:
645 3534 795 3608 quod
812 3539 898 3591 est
917 3535 1314 3600 absurdum,et
1329 3529 1663 3588 ridiculum.

293 3621 366 3673 Et
387 3619 556 3691 plane
574 3618 623 3673 si
651 3616 891 3691 objectio
916 3623 1062 3674 esset
1088 3616 1329 3689 alicujus
1357 3610 1660 3677 momenti,

293 3698 483 3772 potius
507 3699 796 3756 evinceret
819 3698 1254 3771 coexistenti'am
1297 3693 1499 3769 gratiae
1535 3708 1665 3749 cum

292 3782 517 3850 peccato
543 3776 828 3834 habituali
855 3793 867 3839 ;
903 3793 1039 3834 nam
1069 3775 1356 3850 principia
1384 3771 1667 3845 praedictae

293 3859 634 3915 mutationis
677 3862 814 3914 sunt
864 3857 987 3930 ipsa
1023 3859 1228 3932 gratia,
1273 3861 1330 3913 et
1370 3852 1667 3909 habituale

293 3943 585 4012 peccatum
608 3959 622 4001 ;
669 3938 735 3994 fit
760 3938 971 4011 quippe
1015 3939 1293 3996 transitus
1339 3934 1411 3992 ab
1441 3933 1545 3989 illa
1593 3931 1664 3989 ad

291 4018 467 4076 istud.
494 4022 657 4075 Hanc
675 4023 863 4076 autem
886 4018 1317 4075 coexistentiam
1339 4030 1523 4087 neque
1543 4013 1665 4086 ipse

289 4103 472 4158 Lorca
511 4099 788 4157 concedit.
832 4099 1216 4164 Quamobrem
1257 4098 1443 4155 multo
1468 4095 1664 4151 minus

286 4197 362 4238 ex
390 4181 449 4237 vi
477 4181 647 4255 hujus
667 4178 999 4252 obJ‘ectionis
1024 4181 1313 4237 evincitur
1339 4176 1662 4235 coexisten-

286 4262 372 4317 tia
398 4260 553 4317 inter
575 4266 861 4333 peccatum
890 4260 1129 4329 actuale,
1172 4266 1229 4318 et
1252 4258 1522 4335 gratiam.
1548 4257 1664 4312 Nec

281 4347 509 4416 oportet
525 4342 587 4398 in
600 4341 1266 4419 suadendocommunem
1285 4339 1661 4397 assertionem

282 4424 539 4495 amplius
591 4421 897 4479 immorari
921 4443 934 4483 ;
981 4438 1120 4479 nam
1160 4423 1283 4497 ejus
1322 4419 1538 4477 veritas
1591 4431 1662 4474 ex

281 4502 547 4559 dicendis
592 4501 769 4560 dubio
807 4504 1068 4575 sequenti
1113 4502 1437 4561 evidentius
1482 4511 1660 4570 appa-

286 4582 458 4641 rebit.

3076 400 3185 454 359

2416 634 2446 699 s
2491 633 2584 687 111.

1892 776 2288 839 Convelluntur
2309 787 2515 839 motiva
2542 790 2818 859 opinionis
2846 792 3102 849 adversm.

1889 940 1981 995 87.
2008 942 2218 998 Contra
2256 960 2625 1003 communem
2656 950 3029 1007 assertionem
3049 953 3173 1008 sin-
3214 962 3365 1014 opinio

1812 1018 2094 1091 gulariter
2118 1022 2292 1077 sentit
2320 1025 2490 1081 Lorca
2542 1027 2677 1082 locis
2702 1029 2967 1100 superius
2990 1030 3175 1087 citatis
3191 1017 3361 1104 ωὲῑζῐῗ·

1811 1114 1969 1154 num.
1995 1102 2089 1167 77,
2135 1099 2231 1156 ubi
2260 1100 2438 1170 docet,
2468 1105 2617 1177 quod
2655 1107 2886 1180 quando
2912 1110 3033 1176 ille,
3077 1112 3174 1184 qui
3222 1112 3372 1155 norea.

1814 1178 2210 1249 praeexistebat
2255 1181 2316 1237 in
2356 1186 2561 1258 gratia,
2596 1192 2784 1259 peccat
2829 1190 3169 1257 mortaliter,

1813 1264 2137 1330 perseverat
2160 1262 2346 1334 gratia
2384 1280 2489 1337 pro
2530 1266 2632 1322 illo
2670 1267 2931 1336 instanti,
2963 1270 3025 1326 in
3066 1288 3176 1343 quo

1811 1343 2102 1409 peccatum
2122 1350 2574 1411 consummatur,
2600 1351 2798 1404 etcum
2817 1348 2939 1420 ipso
2955 1355 3175 1422 peccato

1809 1418 2018 1474 actuali
2063 1420 2465 1494 conjungitur;
2502 1432 2680 1482 cessat
2707 1431 2920 1493 autem,
2965 1434 3021 1484 et
3046 1445 3176 1486 cor-

1812 1497 2184 1568 rumpiturin
2205 1498 2508 1560 duratione
2532 1505 2866 1564 immediate
2890 1510 3168 1581 sequenti,

1809 1592 1984 1665 quam
2027 1578 2147 1650 ipse
2187 1585 2446 1637 autumat
2494 1600 2611 1641 non
2656 1602 2778 1644 esse
2804 1589 3047 1660 te‘mpuS,
3082 1591 3175 1647 vel

1810 1662 2032 1713 instans
2072 1660 2348 1732 temporis
2393 1666 2713 1732 successivi‚
2745 1666 2843 1724 sed
2888 1666 3173 1740 quoddam

1810 1736 2032 1794 instans
2045 1738 2373 1798 discretum.
2397 1745 2508 1800 Pro
2522 1761 2634 1817 qua
2653 1746 2927 1819 opinione
2944 1751 3170 1807 nullum

1811 1817 1986 1875 refert
2006 1819 2356 1894 Theologum
2388 1829 2591 1895 praeter
2612 1827 2838 1884 Scotum
2860 1831 2922 1884 in
2946 1831 3001 1896 2,
3039 1831 3168 1888 dist.
3198 1835 3363 1879 scotus.

1808 1900 1901 1964 37,
1931 1909 2111 1973 quast.
2133 1903 2189 1969 2,
2220 1906 2251 1972 ἕ
2282 1902 2378 1959 Ea:
2418 1907 2526 1961 ista
2551 1908 2835 1976 solutione,
2869 1909 2966 1967 ubi
2992 1910 3168 1968 dicit:

1808 1980 2103 2039 Peccatum
2124 2003 2235 2041 non
2246 1995 2414 2059 potest
2428 1989 2663 2060 effective
2681 2009 3021 2066 corrumpere
3035 2013 3173 2067 ,qra-

1807 2064 1969 2130 tiam,
2001 2065 2094 2121 sed
2119 2074 2339 2124 tantum
2364 2070 2721 2139 demeritorie,
2754 2077 2835 2131 ita
2861 2079 3003 2151 quod
3016 2082 3178 2151 prius

1806 2147 2065 2203 voluntas
2103 2153 2305 2206 avertit
2348 2170 2402 2208 se
2441 2156 2795 2223 naturaliter,
2837 2176 3005 2234 quam
3031 2161 3178 2217 Deus

1806 2234 1972 2282 cesset
1994 2231 2333 2286 naturaliter
2358 2249 2676 2289 conservare
2710 2239 2976 2307 matiam.
3001 2241 3180 2297 Caete-

1808 2323 1941 2362 rum
1985 2310 2180 2365 Scotus
2207 2311 2454 2369 minime
2498 2313 2845 2390 suffragatur
2873 2318 3006 2375 huic
3045 2322 3175 2393 opi—

1807 2387 1990 2453 nioni,
2021 2387 2119 2445 sed
2148 2394 2374 2448 tantum
2405 2392 2672 2461 intendit,
2703 2396 2853 2468 quod
2884 2404 3171 2470 peccatum

1806 2468 2029 2524 actuale
2047 2469 2325 2540 praecedat
2341 2472 2640 2544 prioritate
2650 2480 2791 2545 ,natu
2800 2483 2958 2544 rae,et
2971 2479 3174 2537 ordine

1803 2548 2160 2606 causalitatis
2200 2553 2514 2610 meritorias
2539 2554 2891 2615 ablationem
2931 2562 3170 2633 gratiae;

1805 2627 2052 2686 minime
2098 2647 2257 2698 voro,
2301 2634 2449 2706 quod
2493 2642 2780 2707 peccatum
2826 2638 2902 2694 sit
2946 2641 3009 2697 in
3059 2656 3172 2697 uno

1803 2709 2064 2779 instanti,
2114 2718 2171 2769 et
2217 2714 2468 2787 privatio
2511 2718 2713 2791 gratiae
2767 2719 2830 2775 in
2882 2722 3034 2785 alio;
3081 2725 3170 2780 vel

1801 2791 1951 2865 quod
1996 2795 2183 2868 gratia
2227 2796 2577 2854 simul'cum
2621 2806 2844 2873 peccato
2886 2804 2948 2860 in
2978 2806 3171 2880 aliquo

1803 2873 2044 2931 instanti
2083 2875 2153 2934 de
2185 2876 2330 2936 facto
2357 2881 2664 2950 coexistat;
2704 2884 2763 2939 id
2790 2886 2951 2943 enim
2980 2890 3169 2959 potius

1804 2956 2032 3023 refutat,
2063 2964 2119 3014 et
2147 2964 2423 3027 nostram,
2450 2978 2512 3017 ac
2537 2978 2904 3024 communem
2933 2968 3168 3027 senten-

1801 3036 1944 3093 tiam
1985 3038 2288 3096 manifeste
2309 3045 2499 3098 tuctur
2525 3042 2586 3099 in
2608 3044 2809 3103 eadem
2829 3050 3159 3120 quaestione,

1799 3120 1833 3187 §
1857 3116 1951 3174 Ad
1975 3122 2335 3193 qitaestionem,
2368 3120 2464 3177 ubi
2481 3139 2610 3179 cum
2640 3127 2958 3201 Augustino
2986 3130 3080 3185 cib.
3105 3133 3157 3195 3,
3195 3157 3363 3211 ndum,

1798 3197 2048 3255 delibero
2074 3200 2326 3266 arbitria,
2357 3201 2586 3274 inquit:
2612 3204 2800 3282 Neque
2824 3209 2899 3263 ad
2919 3228 3162 3267 momen-

1798 3283 1918 3332 tum
1937 3284 2013 3332 est
2025 3278 2251 3335 dedecus
2270 3280 2438 3353 culpae
2450 3285 2567 3338 sine
2585 3283 2832 3343 dedecore
2859 3289 3157 3360 injustitia,

1799 3365 1861 3412 ut
1907 3358 2112 3414 scilicet
2164 3363 2288 3432 ipsa
2339 3363 2596 3419 voluntas
2646 3367 2883 3438 seipsam
2928 3372 3165 3440 privans

1787 3438 2036 3508 justitia.
2068 3442 2128 3495 in
2166 3442 2264 3496 hoc
2289 3457 2341 3495 se
2374 3444 2553 3513 privet
2594 3449 2842 3502 maaet'mo
2886 3449 3020 3503 bono
3058 3451 3164 3505 sibi

1793 3521 2159 3575 conveniente.
2193 3522 2264 3574 Et
2286 3521 2536 3591 profecto
2562 3525 2791 3581 Scotum
2818 3542 2946 3582 eam
2977 3529 3163 3586 Lorcae

1796 3596 2132 3669 opinionem
2151 3614 2267 3655 non
2287 3598 2562 3669 docuisse,
2592 3605 3072 3679 irrefragabiliter
3092 3626 3163 3666 ex

1796 3691 1865 3733 eo
1891 3676 2364 3751 deprehenditur,
2395 3681 2543 3753 quod
2568 3686 2762 3740 nullus
2790 3685 3025 3744 Scotista
3052 3706 3160 3745 an-

1798 3760 2005 3833 tiquus,
2057 3761 2149 3816 vel
2190 3761 2503 3818 modernus
2543 3764 2706 3825 illam
2744 3775 3157 3841 prosequatur:

1795 3839 1946 3913 quod
1976 3856 2092 3897 non
2133 3840 2213 3897 ita
2241 3841 2537 3908 accideret,
2580 3845 2628 3900 si
2659 3848 2861 3905 Doctor
2898 3848 3155 3915 Subtilis,

1796 3924 1859 3977 ut
1882 3922 2054 3978 Lorca
2076 3926 2352 3989 autumat,
2376 3924 2540 3979 illam
2561 3924 2856 3985 docuisset.
2877 3929 2983 3987 Sed
2998 3932 3160 4003 quid-

1794 4004 1933 4078 quid
1954 4003 2024 4061 de
2047 4004 2152 4060 hoc
2170 4004 2264 4060 sit.

1870 4091 2148 4165 Arguitur
2170 4091 2361 4164 primo
2383 4092 2453 4148 ab
2497 4093 2844 4154 authoritate
2877 4118 2890 4152 :
2915 4114 3051 4156 nam
3092 4102 3153 4159 in
3172 4128 3353 4173 Primum

1795 4171 2052 4229 Concilio
2093 4171 2502 4230 Trident.se53.
2532 4176 2588 4241 6,
2626 4194 2745 4250 cap.
2789 4180 2869 4246 ll,
2901 4178 3148 4239 dicitur:
3201 4187 3321 4269 atqu·

1794 4250 1944 4308 Deus
1961 4269 2066 4307 sua
2077 4254 2267 4322 qratia
2287 4253 2449 4307 semel
2450 4255 2788 4324 justificatos
2808 4276 2917 4313 non
2938 4259 3149 4327 deserit,
3171 4238 3369 4319 υὲἒῗιὲιῐῖι

1795 4335 1907 4388 nisi
1949 4336 2113 4405 prius
2160 4333 2229 4388 ab
2274 4336 2352 4389 eis
2407 4335 2707 4393 deseratur.
2762 4339 2922 4404 Quod
2989 4349 3157 4400 antea
3171 4326 3365 4369 T'¹‘¹⁰¹¹¹·

1792 4413 2021 4470 dixerat
2038 4415 2102 4470 D.
2134 4416 2376 4488 August.
2409 4416 2504 4470 lib.
2527 4416 2591 4471 de
2616 4425 2841 4484 natura,
2872 4429 2923 4476 et
2945 4427 3153 4491 qratia,
3188 4440 3347 4491 nang.

1792 4510 1914 4566 cap.
1945 4495 2040 4549 26.
2097 4495 2249 4567 Ergo
2278 4495 2439 4566 prius
2483 4502 2586 4563 est,
2637 4498 2786 4568 quod
2827 4500 3000 4560 homo
3027 4520 3158 4576 pec-

1793 4575 1975 4634 cando
1998 4576 2324 4632 mortaliter
2349 4576 2574 4634 deserat
2599 4582 2796 4646 Deum,
2814 4599 2987 4653 quam
3008 4587 3155 4657 quod

1795 4659 1944 4713 Deus
1980 4655 2206 4711 auferat
2227 4655 2477 4728 gratiam
2509 4677 2524 4712 ε
2551 4672 2686 4732 ergo
2733 4660 2795 4715 in
2836 4662 2941 4719 illo
2968 4665 3157 4736 primo

1797 4733 2061 4799 instanti,
2089 4733 2150 4789 in
2171 4749 2284 4806 quo
2301 4733 2474 4791 homo
2489 4743 2694 4806 peccat,
2723 4755 2838 4796 non
2859 4747 2944 4798 est
2969 4742 3157 4801 ablata

1793 4815 1999 4891 gratia,
2032 4812 2129 4870 sed
2153 4812 2340 4885 potius
2361 4829 2490 4869 cum
2529 4815 2653 4889 ipso
2682 4824 2905 4892 peccato
2949 4826 3152 4881 actuali

1793 4893 2071 4953 coexistit.
2105 4892 2262 4949 Idem
2290 4892 2575 4968 significat
2613 4900 2677 4955 D.
2732 4898 2980 4957 Basilius
3006 4903 3147 4962 hom.
3170 4927 3355 4972 naiasin.

1793 4977 1889 5041 21,
1913 4975 1977 5029 de
1995 4975 2247 5042 diventa,
2277 4990 2401 5047 qum
2426 4981 2510 5031 est
2536 4975 2605 5033 de
2633 4978 2869 5036 homine
2896 4983 2990 5055 qui
3016 4984 3155 5040 inci-
