3647 5753
464 414 583 472 ⁸192
1399 397 1492 452 DE
1530 396 1559 449 ,J
1565 390 2110 450 USTIFICATIONE
2150 388 2352 444 IMPII.

476 587 651 646 etiam
689 585 994 651 antequam
1021 572 1248 630 labatur
1278 570 1341 626 in
1370 571 1679 641 peccatum,
1712 578 1831 620 non

474 668 688 727 habere
710 665 862 720 vires
883 657 1175 715 naturales
1197 652 1265 709 ad
1298 650 1625 725 praedictam
1652 645 1833 702 dilec-

474 750 695 807 tionem
714 770 727 813 ;
751 741 849 800 sed
865 738 934 797 ad
952 753 1080 795 eam
1098 734 1356 807 indigere
1370 730 1600 804 speciali
1622 726 1827 802 gratia,

476 848 601 907 quae
628 828 739 903 ipsi
767 826 831 881 in
861 820 1125 898 praedicto
1151 822 1301 873 statu
1325 813 1702 870 conferretur.
1728 810 1833 866 Vel

476 912 613 987 quia
635 921 834 966 eorum
857 902 957 960 alii
983 900 1304 957 autumant.
1337 892 1484 967 quod
1508 892 1639 948 licet
1660 891 1834 948 homo

478 994 543 1050 in
572 991 733 1067 puris
752 984 1031 1050 conditus,
1055 985 1108 1037 et
1129 977 1469 1036 constitutus
1510 977 1694 1046 posset
1734 985 1835 1044 per

479 1074 636 1132 vires
665 1067 956 1126 naturales
986 1065 1164 1119 Deum
1191 1057 1455 1132 praedicto
1478 1069 1674 1111 amore
1694 1050 1835 1107 dili-

478 1169 649 1229 gere3
693 1144 1081 1205 nibilominus
1121 1145 1247 1212 post
1274 1138 1501 1210 lapsum
1542 1150 1659 1190 non
1684 1132 1838 1188 valet

479 1236 689 1295 elicere
738 1245 866 1288 eam
918 1223 1286 1282 dilectionem
1338 1217 1547 1291 absque
1602 1213 1834 1287 speciali

479 1315 667 1392 gratia
692 1333 702 1364 ε
734 1316 856 1366 tum
878 1306 1012 1380 quia
1041 1319 1140 1376 per
1163 1304 1449 1375 peccatum
1478 1297 1839 1353 imminuun-

479 1403 577 1455 tur
614 1394 770 1451 vires
798 1386 1090 1445 naturales
1125 1404 1139 1439 ι
1169 1388 1290 1437 tum
1333 1378 1467 1453 quia
1494 1377 1668 1433 homo
1708 1391 1839 1449 pec-

482 1475 663 1535 cando
702 1468 989 1528 demeruit
1036 1477 1394 1526 concursum,
1444 1463 1501 1515 et
1552 1456 1838 1512 auxilium

485 1560 588 1617 Dei
616 1556 685 1614 ad
713 1570 840 1611 eam
867 1547 1263 1611 dilectionem;
1305 1547 1361 1599 et
1401 1542 1482 1598 ita
1510 1537 1838 1614 hujusmodi

486 1639 772 1698 auxilium
795 1637 919 1708 post
948 1632 1170 1702 lapsum
1200 1624 1370 1682 habet
1394 1622 1677 1679 rationem
1705 1635 1841 1695 gra-

486 1721 581 1777 tiae
607 1715 885 1792 specialia

279 1818 477 1871 confuta&
561 1800 669 1859 Sed
690 1800 806 1855 haec
828 1806 1140 1866 responsio,
1167 1792 1224 1846 et
1249 1785 1485 1850 motiva,
1509 1781 1717 1855 quibus
1745 1780 1843 1836 in·-

325 1881 407 1921 ¹¹¹¹·
487 1877 987 1950 nstitui-„minime
1011 1868 1370 1927 satisfaciunt
1391 1867 1748 1938 argumento.
1774 1863 1844 1916 Et

488 1964 719 2040 quidem
744 1959 999 2034 primum
1023 1952 1308 2009 motivum
1333 1946 1618 2004 refellitur
1641 1961 1711 2002 ex
1731 1943 1845 1999 dic-

486 2047 563 2103 tis
583 2051 746 2101 tract.
766 2037 989 2114 proeced.
1012 2034 1154 2107 disp.
1186 2034 1240 2097 2,
1265 2029 1390 2085 dub.
1418 2029 1471 2094 3,
1505 2026 1602 2082 ubi
1626 2041 1695 2081 ex
1718 2040 1845 2096 pro-

487 2126 636 2184 fesso
664 2118 1053 2197 probavimuS,
1086 2110 1384 2169 hominem
1414 2108 1478 2163 in
1507 2105 1668 2179 puris
1689 2104 1845 2161 exis-

484 2212 702 2265 tentem
747 2215 904 2276 posse
943 2213 1014 2254 ex
1056 2193 1278 2251 viribus
1314 2188 1583 2264 propriiS,
1627 2191 1683 2244 et
1716 2202 1845 2242 cum

485 2285 746 2364 generali
763 2293 1039 2340 concursu
1056 2275 1297 2349 diligere
1320 2274 1496 2327 Deum
1521 2267 1841 2334 authorem,

488 2373 544 2425 et
566 2367 743 2423 finem
759 2359 1085 2419 naturalem
1107 2369 1279 2426 super
1302 2350 1523 2409 omnia.
1542 2346 1699 2413 Quod
1723 2345 1849 2402 bre·

487 2448 640 2505 viter
667 2445 757 2500 hic
779 2438 1118 2504 ostenditur,
1138 2435 1273 2509 quia
1295 2432 1466 2487 homo
1488 2430 1551 2486 in
1572 2425 1854 2502 quocum-⁷

490 2542 599 2601 que
638 2529 784 2580 statu
813 2519 1209 2581 constituatur,
1242 2518 1469 2570 tenetur
1499 2509 1569 2565 ad
1596 2508 1850 2582 diligen-

491 2609 631 2664 dum
661 2609 839 2661 Deum
862 2601 1039 2657 finem
1064 2596 1390 2654 naturalem
1415 2608 1587 2664 super
1608 2590 1806 2647 omnia
1835 2610 1847 2644 ε

491 2685 590 2744 sed
639 2689 818 2758 potest
864 2684 1009 2737 Deus
1056 2675 1402 2735 constituere
1443 2670 1741 2727 hominem
1786 2670 1850 2725 in

493 2772 639 2824 statu
666 2777 960 2838 purorum,
993 2757 1135 2832 quin
1162 2756 1344 2811 ullam
1367 2752 1421 2808 ei
1449 2750 1696 2825 gratiam
1721 2765 1852 2821 spe-

494 2848 700 2906 cialem
748 2846 1045 2919 praeparet,
1095 2838 1187 2895 vel
1233 2831 1618 2893 communicet
1654 2852 1666 2887 ε
1717 2846 1853 2906 ergo

494 2929 669 2986 homo
699 2928 758 2982 in
790 2924 948 2998 puris
975 2918 1252 2982 conditus,
1286 2920 1341 2972 et
1376 2913 1564 2970 nudus
1593 2912 1662 2969 ab
1690 2911 1851 2968 omni

496 3006 730 3083 speciali
746 3004 949 3081 gratia,
964 3005 1191 3058 tenetur
1209 2996 1278 3053 ad
1296 2993 1654 3069 diligendum
1673 2995 1853 3049 Deum

499 3090 819 3153 authorem,
835 3091 892 3142 et
908 3083 1084 3139 finem
1103 3079 1428 3137 naturalem
1445 3091 1615 3148 super
1631 3072 1849 3131 omnia:

498 3187 635 3246 ergo
654 3173 834 3243 posset
851 3180 951 3239 per
966 3162 1121 3219 vires
1138 3159 1447 3222 naturales,
1467 3163 1666 3213 etcum
1688 3168 1855 3229 gene-

502 3253 611 3310 rali
652 3262 925 3307 concursu
970 3240 1300 3317 praedictam
1345 3236 1708 3294 dilectionem
1744 3232 1857 3289 cli-

501 3340 667 3389 cere.·
694 3331 822 3385 Haec
864 3321 1111 3382 secunda
1156 3317 1560 3390 consequentia
1601 3314 1857 3389 legitime

503 3412 753 3470 infertur
773 3428 842 3467 ex
866 3407 1074 3480 prima,
1100 3403 1233 3477 quia
1250 3415 1420 3457 nemo
1441 3404 1664 3455 tenetur
1682 3395 1749 3452 ad
1773 3392 1851 3463 id,

502 3493 652 3568 quod
675 3508 792 3548 non
821 3490 1033 3562 potest3
1064 3490 1230 3556 atque
1257 3480 1384 3537 ideo
1410 3479 1459 3534 si
1488 3479 1659 3535 homo
1689 3474 1857 3531 inde-

503 3573 818 3648 pendenter
847 3569 917 3626 ab
957 3566 1118 3624 omni
1145 3562 1376 3638 speciali
1417 3560 1604 3634 gratia
1632 3561 1859 3614 tenetur

503 3655 575 3711 ad
591 3652 954 3710 dilectionem
971 3647 1068 3711 Dej
1088 3642 1430 3707 naturalem,
1460 3636 1859 3711 independen-

498 3739 588 3791 ter
604 3733 673 3789 ab
695 3730 855 3789 omni
877 3727 1062 3802 gratia
1084 3727 1262 3797 potest
1281 3737 1408 3779 eam
1423 3717 1859 3776 elicere.Prima

502 3829 641 3870 vero
668 3812 922 3885 sequitur
964 3823 1034 3863 ex
1077 3802 1409 3878 praemissiS.
1441 3800 1625 3873 MaJ'or
1666 3803 1857 3853 autem

505 3894 796 3969 probatur,
816 3892 951 3965 quia
975 3890 1249 3961 praecepta
1271 3882 1559 3939 naturalia
1575 3880 1861 3937 comitan-

503 3985 617 4045 tur,
649 3984 702 4034 et
750 3974 1006 4047 obligant
1052 3967 1369 4028 hominem,
1404 3964 1466 4019 in
1507 3977 1861 4036 quocumque

504 4064 654 4117 statu
700 4056 1075 4114 constituatur
1110 4069 1122 4104 :
1163 4045 1260 4103 scd
1308 4046 1479 4101 homo
1518 4050 1743 4100 tenetur
1790 4058 1862 4100 ex

505 4143 782 4214 praecepto
806 4131 1057 4191 naturali
1078 4128 1319 4202 diligere
1335 4129 1512 4181 Deum
1536 4125 1856 4188 authorem,

504 4226 561 4278 et
588 4219 764 4275 finem
807 4212 1129 4271 naturalem
1158 4222 1330 4280 super
1359 4204 1556 4262 omnia
1593 4225 1605 4259 ε
1636 4219 1770 4278 ergo
1797 4204 1862 4258 in

502 4313 858 4374 quocumque
878 4298 1021 4349 statu
1046 4288 1440 4348 constituatur,
1462 4288 1687 4339 tenetur
1711 4298 1863 4356 prae-

504 4380 715 4436 dictam
746 4374 1115 4433 dilectionem
1139 4368 1365 4424 elicere.
1398 4364 1591 4419 Minor
1613 4363 1862 4436 denique

505 4452 1124 4528 ostenditur,quoniam
1141 4452 1285 4504 Deus
1302 4450 1483 4519 potest
1497 4444 1576 4499 ita
1591 4460 1651 4500 se
1664 4460 1863 4517 gerere

408 4560 425 4573 ·
507 4556 637 4598 cum
675 4538 928 4602 homine,
963 4539 1025 4589 ut
1051 4530 1278 4586 nullam
1305 4526 1357 4583 ei
1384 4524 1686 4597 specialem
1727 4541 1864 4599 gra-

509 4623 650 4680 tiam
696 4618 879 4684 faciat,
912 4614 1053 4687 quin
1081 4610 1143 4666 in
1173 4610 1277 4665 hoc
1303 4606 1494 4678 aliqua
1524 4604 1738 4677 injuria
1766 4604 1865 4661 fiat

507 4702 751 4767 homini,
784 4699 875 4755 vel
913 4696 1104 4768 aliqua
1145 4688 1501 4762 imperfectio
1543 4688 1654 4744 Deo
1695 4687 1865 4743 attri-

504 4787 749 4851 buatur,
780 4790 914 4836 nam
944 4774 1207 4849 specialis
1232 4772 1417 4847 gratia
1445 4788 1511 4828 eo
1539 4771 1680 4843 ipso,
1713 4770 1864 4843 quod

504 4868 638 4926 talis
665 4866 758 4928 sit,
787 4875 903 4918 non
924 4856 1182 4931 debetur,
1203 4860 1255 4910 et
1272 4852 1606 4925 potestcitra
1629 4866 1864 4907 omnem

506 4945 784 5020 injuriam
827 4935 1099 5001 hominis,
1132 4940 1188 4990 et
1228 4931 1721 5005 imperfectionem
1763 4930 1865 4987 Dei

476 5022 777 5101 ,denegari
799 5044 814 5090 ς
846 5016 1105 5091 alioquin
1134 5013 1396 5088 specialis
1417 5011 1601 5087 gratia
1629 5026 1748 5068 non
1772 5026 1867 5067 es·-

1964 564 2067 627 set,
2087 558 2183 615 sed
2203 558 2390 632 potius
2411 556 2628 631 aliquid
2647 561 2867 613 naturae
2881 554 3138 612 debitum
3157 575 3168 608 :
3188 569 3329 627 ergo

1965 642 2147 717 potuit
2193 642 2340 697 Deus
2368 640 2664 697 hominem
2693 641 2775 696 ita
2820 640 2885 695 in
2933 638 3093 711 puris
3138 638 3330 693 relin-

1965 736 2155 796 quere,
2182 727 2242 777 ut
2272 722 2495 777 nullam
2517 721 2569 777 ei
2590 721 2897 794 specialem
2923 720 3171 795 gratiam
3195 733 3330 775 con·

1967 803 2160 859 ferret.
2192 803 2535 859 Recolantur
2557 819 2680 876 quae
2703 801 2959 858 diximus
2987 802 3104 857 loco
3131 799 3323 866 citam,

1966 899 2037 940 ex
2076 882 2283 956 quibus
2326 884 2514 956 palam
2545 881 2826 940 constabit
2854 884 3055 948 Deum,
3099 886 3330 935 servata

1966 963 2261 1020 communi
2299 961 2683 1036 ‚providentia
2740 960 2964 1019 ordinis
3020 960 3324 1024 naturalis,

1969 1057 2129 1116 posse
2150 1041 2447 1099 hominem
2461 1043 2831 1109 constituere,
2853 1039 3242 1115 etgubernare
3266 1038 3328 1095 in

1967 1127 2118 1178 statu
2148 1138 2446 1194 purorum,
2490 1124 2716 1182 nullam
2753 1121 2808 1177 ei
2849 1115 3329 1177 communicando

1969 1203 2275 1277 specialem
2303 1206 2568 1280 gratiam.

2043 1284 2129 1341 Ad
2157 1286 2275 1343 haec
2307 1306 2320 1342 ε
2351 1287 2482 1343 licet
2518 1286 2697 1361 gratis
2739 1283 3099 1349 admittatur,
3133 1283 3329 1340 bomi-

1972 1383 2104 1424 nem
2153 1366 2216 1422 in
2260 1367 2419 1438 puris
2444 1367 2758 1432 conditum,
2803 1370 2859 1421 et
2896 1365 3058 1421 omni
3097 1364 3331 1437 speciali

1973 1610 2195 1678 omnia;
2223 1610 2406 1667 adhuc
2428 1614 2623 1667 tamen
2638 1615 2862 1667 tenetur
2880 1608 2950 1665 ad
2966 1609 3332 1665 dilectionem

1931 1697 1950 1709 ’
1974 1694 2170 1750 minus
2192 1692 2522 1765 perfectam,
2541 1693 2636 1749 vel
2656 1691 2725 1748 ad
2748 1692 2931 1748 alium
2948 1698 3334 1763 actum,quem

1976 1790 2078 1849 per
2104 1774 2260 1830 vires
2301 1773 2569 1846 proprias
2608 1773 2769 1828 illius
2796 1777 2974 1828 status
3012 1779 3196 1844 posset
3221 1772 3334 1828 eli-

1975 1871 2121 1921 cere,
2136 1861 2192 1911 et
2215 1854 2280 1910 in
2302 1870 2412 1927 quo
2434 1853 2769 1911 consisteret
2783 1853 3060 1909 rectitudo
3078 1853 3330 1925 propria,

1975 1942 2033 1994 et
2047 1935 2270 2009 justitia
2294 1933 2546 2008 praedicti
2575 1940 2774 2000 statue,
2808 1940 2867 1990 ut
2892 1950 2962 1990 ex
2989 1949 3050 1989 se
3077 1939 3337 1990 constare

1977 2016 2226 2075 videtur.
2257 2019 2405 2072 Tum
2427 2016 2506 2073 sic
2540 2039 2552 2072 ε
2584 2016 2654 2073 ad
2682 2015 3096 2073 destruendum
3138 2030 3336 2089 pecca-

1981 2104 2100 2154 tum
2124 2099 2493 2154 commissum
2518 2098 2580 2154 in
2602 2104 2750 2154 statu
2775 2113 3072 2170 purorum,
3101 2098 3190 2153 vel
3212 2095 3340 2151 suf-

1980 2179 2173 2236 ficeret
2220 2179 2503 2235 restitutio
2550 2178 2928 2247 rectitudinis,
2978 2183 3033 2234 et
3077 2176 3334 2252 justitiae,

1980 2275 2152 2332 quam
2178 2259 2349 2314 homo
2377 2265 2510 2314 ante
2531 2259 2755 2331 lapsum
2783 2257 3040 2324 habebat,
3062 2258 3153 2314 vel
3177 2257 3343 2313 non?

1983 2343 2100 2397 Hoc
2129 2340 2400 2395 ultimum
2430 2340 2628 2411 nequit
2650 2339 2825 2396 asseri
2847 2339 3008 2413 juxta
3048 2337 3343 2394 Adversa-

1984 2423 2205 2479 riorum
2230 2419 2551 2477 doctrinam
2581 2441 2593 2475 ε
2618 2427 2739 2477 tum
2761 2422 2897 2495 quia
2919 2419 2987 2477 ad
3009 2419 3344 2475 destructio-

1984 2518 2118 2558 nem
2163 2500 2372 2574 peccati
2398 2499 2602 2556 sufficit
2632 2500 2901 2559 reducere
2941 2500 3240 2558 hominem
3270 2499 3342 2555 ad

1982 2599 2115 2641 eum
2143 2589 2373 2648 statum,
2407 2582 2470 2637 in
2492 2599 2601 2656 quo
2630 2583 3023 2656 praeexistebat
3050 2587 3181 2638 ante
3210 2596 3344 2654 pec-

1985 2672 2205 2733 catum;
2230 2682 2366 2721 nam
2390 2681 2455 2722 eo
2477 2666 2601 2739 ipso
2615 2665 2849 2723 cessabit
2865 2667 3071 2738 peccati
3093 2665 3337 2733 macula,

1987 2756 2047 2805 ut
2096 2750 2205 2822 ipsi
2246 2747 2615 2805 discurrunt:
2647 2764 2781 2823 ergo
2819 2747 2889 2804 ad
2929 2747 3346 2804 destruendum

1987 2835 2275 2904 peccatum
2329 2828 2393 2884 in
2445 2833 2592 2885 statu
2646 2844 2925 2902 purorum
2972 2828 3347 2885 commissum

1986 2911 2209 2976 sufficit,
2240 2909 2389 2983 quod
2421 2911 2753 2966 restituatur
2774 2926 2841 2967 ea
2862 2910 3107 2983 justitia,
3139 2916 3194 2966 et
3223 2925 3347 2965 rec-

1988 2989 2188 3056 titudo,
2221 3005 2393 3061 quam
2423 2989 2593 3046 homo
2621 2990 2684 3045 in
2727 2989 2887 3062 puris
2925 2988 3204 3055 conditus,
3237 3003 3349 3043 an-

1989 3077 2216 3143 tequam
2248 3075 2538 3142 peccasset,
2570 3068 2832 3126 habebat.
2866 3071 3012 3124 Tum
3036 3070 3170 3142 quia
3198 3069 3246 3124 si
3277 3066 3347 3124 ad

1991 3151 2393 3207 remissionem
2419 3150 2625 3222 peccati
2648 3150 2712 3206 in
2733 3155 2880 3206 statu
2899 3166 3178 3222 purorum
3201 3164 3349 3206 com-

1990 3231 2151 3288 missi
2175 3230 2529 3287 necessarius
2553 3236 2637 3287 est
2659 3248 2920 3288 recursus
2943 3229 3012 3287 ad
3037 3232 3211 3286 aliam
3236 3245 3351 3286 rec-

1990 3314 2299 3371 titudinem
2328 3329 2445 3370 non
2473 3314 2858 3386 pertinentem
2888 3313 2958 3370 ad
2986 3321 3198 3369 statum
3241 3328 3351 3385 pu-

1993 3412 2212 3462 rorum,
2265 3393 2544 3466 sequitur,
2589 3400 2648 3450 ut
2695 3394 3031 3450 Adversarii
3080 3397 3347 3467 arguunt,

1990 3476 2084 3531 vel
2133 3473 2556 3547 providentiam
2604 3475 2706 3531 Dei
2746 3475 2902 3531 intra
2930 3475 3097 3529 illum
3138 3479 3351 3529 statum

1991 3554 2293 3613 dicendam
2344 3571 2464 3611 esse
2513 3554 2929 3628 imperfectam,
2982 3555 3074 3610 vel
3121 3553 3352 3608 nullum

1992 3650 2112 3691 esse
2154 3633 2588 3699 inconvenienS,
2639 3632 2790 3706 quod
2836 3632 2906 3690 ad
2949 3631 3351 3688 remissionem

1994 3714 2202 3787 peccati
2243 3713 2534 3769 commissi
2577 3714 2640 3768 in
2669 3719 2818 3769 statu
2849 3728 3120 3786 purorum
3149 3710 3349 3782 requi-

1996 3799 2156 3849 ratur
2194 3793 2381 3867 gratia
2421 3793 2715 3865 pertinens
2754 3792 2824 3850 ad
2866 3795 3045 3851 alium
3082 3789 3350 3847 ordinem

1993 3872 2371 3945 superiorem.
2399 3873 2455 3926 Si
2481 3877 2671 3929 autem
2694 3872 2931 3940 dicatur,
2955 3870 3205 3927 sufficere
3227 3885 3355 3926 res-

1994 3952 2324 4008 titutionem
2367 3951 2622 4025 justitiae,
2656 3954 2719 4008 in
2746 3969 2857 4026 qua
2884 3953 3055 4009 homo
3087 3951 3148 4006 in
3190 3949 3356 4023 puris

1993 4034 2255 4092 conditus
2295 4040 2428 4091 ante
2475 4036 2698 4108 lapsum
2729 4033 3154 4108 praeexistebat;
3185 4035 3355 4106 plane

1994 4118 2270 4189 sequitur,
2305 4122 2592 4189 peccatum
2637 4117 2782 4177 illud
2810 4116 2990 4175 deleri
3021 4132 3138 4172 non
3163 4115 3352 4171 solum

1995 4197 2205 4272 absque
2224 4198 2409 4271 gratia
2430 4198 2877 4271 supernaturali,
2903 4195 3001 4253 sed
3023 4197 3198 4253 etiam
3223 4193 3355 4251 abs-

1994 4297 2103 4353 que
2131 4280 2293 4337 omni
2320 4281 2524 4354 gratia.
2557 4281 2841 4346 Quoniam
2873 4280 3044 4336 homo
3080 4283 3204 4351 post
3230 4277 3357 4349 lap-

1995 4378 2123 4417 sum
2154 4362 2429 4417 retineret
2454 4361 2682 4418 easdem
2710 4362 2865 4417 vires
2894 4361 3188 4415 naturales
3216 4380 3229 4413 ι
3258 4355 3357 4413 sed

1997 4447 2130 4497 ante
2171 4442 2395 4513 lapsum
2438 4447 2656 4514 poterat
2699 4440 2980 4514 praedictis
3020 4439 3262 4505 viribuS,
3303 4443 3360 4494 et

1993 4522 2457 4596 ‘independenter
2486 4524 2554 4580 ab
2582 4524 2743 4581 omni
2772 4524 3009 4596 speciali
3036 4522 3222 4597 gratia
3247 4519 3361 4576 eli-

1998 4620 2123 4661 cere
2146 4605 2314 4660 illum
2341 4610 2546 4671 actum,
2568 4606 2631 4660 in
2653 4622 2763 4678 quo
2782 4605 3003 4679 justitia
3024 4601 3359 4676 imperfecta

1999 4685 2252 4758 praedicti
2280 4691 2458 4741 status
2498 4687 2870 4743 consisteret:
2901 4702 3036 4761 ergo
3066 4690 3187 4758 post
3229 4684 3360 4756 lap-

1998 4782 2126 4821 sum
2154 4765 2369 4822 eisdem
2399 4766 2640 4834 viribuS,
2672 4772 2726 4823 et
2751 4766 2879 4823 sine
2904 4766 3137 4839 speciali
3173 4763 3362 4839 gratia

1998 4845 2213 4903 valebit
2234 4846 2482 4904 eundem
2502 4854 2687 4904 actum
2706 4848 2995 4913 elicere,et
3008 4862 3067 4902 se
3092 4843 3363 4902 reducere

2000 4926 2070 4984 ad
2093 4928 2388 5000 antiquam
2414 4928 2834 4996 rectitudinem,
2860 4933 2916 4984 et
2932 4926 3245 5002 justitiam;
3272 4930 3363 4980 at-

1998 5026 2108 5084 que
2154 5011 2280 5069 ideo
2327 5027 2449 5070 sese
2496 5010 2704 5086 absque
2745 5012 2863 5068 ulla
2901 5009 3136 5084 speciali
3174 5007 3364 5081 gratia

2313 5092 2320 5095 ’
3054 5086 3362 5146 mundabit

3344 1344 3386 1396 ej
3467 1305 3544 1389 ἕω

3355 1403 3526 1438 θῗὲδιο-

1971 1447 2158 1522 gratia
2173 1446 2527 1515 destitutum,
2547 1464 2663 1504 non
2679 1445 2863 1502 teneri
2882 1444 2949 1501 ad
2966 1444 3330 1502 dilectionem
3369 1443 3439 1486 1²5⁵
3452 1443 3536 1524 im:

1973 1529 2294 1587 absolutam
2322 1530 2423 1586 Dei
2454 1531 2644 1586 ultimi
2674 1529 2811 1585 finis
2851 1527 3135 1583 naturalis
3160 1544 3332 1600 super
3368 1502 3513 1588 ⁹25?
