3647 5753
61 2846 99 2876 n.
102 2839 258 2879 cutum

79 4845 228 4906 Confir-

89 4903 205 4941 matio

1435 445 1617 501 DISP.
1658 444 1727 510 11,
1771 443 1939 499 DUB.
1980 446 2049 502 V.
3032 442 3142 498 417

263 635 364 676 me
386 619 668 685 adductis,
693 618 833 677 etin
862 616 1106 690 reprobo
1122 616 1296 691 justo,
1326 616 1426 689 qui
1447 630 1645 672 secun-

260 699 411 757 dum
454 705 798 774 praesentem
826 697 1262 771 dispositionem
1305 702 1391 755 est
1435 695 1644 771 dignus

265 780 393 837 vita
418 786 658 848 aeterna‚
689 785 746 837 et
770 776 1087 837 secundum
1113 777 1498 836 extrinsecam
1540 776 1641 833 Dei

260 862 711 937 dispositionem
758 860 829 920 ab
873 866 1092 919 aeterna
1135 861 1256 918 vita
1292 858 1636 917 excluditur.

262 945 335 999 Et
359 943 513 1001 ratio
533 949 619 1001 est
643 942 887 1000 ubilibet
912 942 1115 1000 eadem
1141 966 1155 1009 ;
1184 940 1462 1015 quoniam
1492 955 1643 1012 praa-

261 1023 564 1082 ordinatio
590 1024 913 1082 extrinseca
941 1023 1043 1080 Dei
1073 1039 1190 1080 non
1216 1028 1301 1079 est
1326 1019 1639 1078 secundum
1669 1047 1674 1052 “

259 1104 709 1177 dispositionem
757 1108 1120 1176 praesentem,
1160 1107 1218 1158 et
1262 1100 1639 1157 intrinsecam

258 1183 528 1259 subjecti,
572 1183 672 1241 sed
716 1183 948 1256 respicit
992 1182 1231 1240 finalem
1262 1196 1640 1255 perseveran-

260 1267 437 1332 tiam,
468 1267 561 1323 vel
583 1264 865 1323 defectum
893 1265 1074 1322 illius.
1101 1263 1268 1320 Unde
1286 1264 1431 1320 sicut
1449 1278 1522 1319 ex
1546 1277 1634 1329 eo,

260 1345 421 1420 quod
473 1345 603 1419 quis
645 1351 1119 1419 perseveraturus
1157 1344 1233 1400 sit
1279 1341 1534 1400 finaliter
1575 1342 1640 1398 in

261 1426 437 1494 bono,
483 1441 603 1483 non
640 1427 915 1498 sequitur,
966 1425 1118 1498 quod
1161 1424 1231 1484 de
1274 1423 1539 1497 praesenti
1565 1422 1641 1478 sit

265 1507 526 1564 mundus
566 1523 600 1563 a
639 1512 896 1580 peccato;
941 1522 1073 1563 cum
1113 1504 1352 1563 evidens
1376 1504 1451 1560 sit
1479 1520 1641 1577 posse

266 1591 526 1663 aliquem
568 1589 640 1645 de
687 1589 955 1662 praesenti
1000 1604 1124 1645 esse
1169 1592 1540 1661 peccatorem,
1584 1592 1641 1644 et

266 1687 433 1743 posse
461 1674 654 1744 postea
691 1669 953 1728 obtinere
993 1669 1298 1743 justitiam,
1342 1668 1488 1725 etin
1515 1668 1640 1740 ipsa

268 1766 641 1825 perseverare
668 1772 681 1807 ε
710 1751 792 1807 ita
812 1767 881 1807 ex
901 1767 989 1817 eo,
1015 1749 1161 1823 quod
1193 1748 1634 1822 praeordinetur,

265 1838 323 1888 et
357 1836 676 1905 acceptetur
722 1829 794 1888 ad
833 1831 1016 1888 vitam
1046 1836 1341 1895 meritam,
1391 1829 1639 1886 minime

269 1912 541 1981 infertur,
566 1911 718 1986 quod
739 1928 806 1969 eo
830 1913 952 1985 ipso
980 1909 1294 1968 mundetur
1321 1927 1354 1966 a
1377 1910 1633 1982 peccatis.

273 1994 592 2050 inferretur
640 1998 852 2058 autem,
905 1993 954 2048 si
994 2008 1063 2049 ea
1112 1990 1540 2064 praeordinatio,
1583 1995 1640 2046 et

274 2073 578 2146 acceptatio
626 2073 934 2145 respiceret
980 2072 1277 2129 hominem
1324 2071 1636 2127 secundum

278 2160 615 2225 praesentem
654 2152 1091 2226 dispositionem
1117 2177 1131 2220 3
1171 2156 1307 2208 tunc
1332 2152 1542 2224 quippe
1567 2149 1639 2208 de

282 2236 545 2306 praesenti
573 2235 824 2292 mundus
869 2241 1031 2301 esset,
1084 2236 1176 2291 vel
1216 2240 1341 2290 actu
1378 2233 1541 2290 fieret
1567 2232 1638 2290 ab

282 2314 415 2372 illis.
436 2315 543 2372 Sed
560 2315 818 2389 implicat
837 2315 963 2372 fieri
980 2316 1154 2372 talem
1172 2315 1631 2387 acceptationem,

282 2396 420 2465 quin
449 2396 1040 2469 peccatorintrinsece
1078 2401 1333 2452 mutetur
1375 2412 1475 2469 per
1500 2412 1636 2470 gra-

285 2476 444 2544 tiam,
497 2495 610 2551 qua
654 2483 876 2551 aptetur
927 2478 997 2535 ad
1036 2479 1217 2535 vitam
1246 2484 1543 2545 aeternam,
1577 2483 1638 2535 ut

282 2563 498 2614 constat
516 2573 587 2615 ex
608 2559 791 2623 dictis,
815 2565 872 2616 et
891 2559 1060 2615 latius
1085 2558 1444 2616 ostendimus
1470 2567 1629 2616 tract.

278 2637 499 2709 pracati.
531 2639 675 2711 disp.
718 2638 926 2704 ·1,dub.
967 2642 1012 2695 l.

63 2733 251 2835 'rettinrn
359 2722 481 2777 170.
525 2720 1014 2794 Arguiturtertio,
1045 2720 1182 2793 quia
1211 2736 1353 2792 pecc
1356 2727 1499 2777 itum
1527 2721 1635 2777 ha-

275 2796 507 2866 bituale,
539 2804 594 2856 et
615 2800 802 2874 gratia
824 2800 1287 2871 supernaturalis
1309 2816 1427 2857 non
1454 2817 1634 2874 oppo-

273 2888 493 2939 nuntur
513 2881 895 2939 immediate.
916 2899 1054 2958 ergo
1083 2887 1261 2955 potest
1280 2882 1497 2940 destrui
1527 2885 1634 2941 ha-

273 2962 485 3020 bituale
527 2970 816 3036 peccatum
857 2963 1067 3037 absque
1115 2964 1408 3022 infusione
1431 2968 1633 3039 gratiae

268 3045 723 3116 supernaturalis
751 3066 764 3100 ε
789 3060 924 3118 ergo
946 3043 1157 3116 absque
1177 3045 1299 3100 ulla
1321 3046 1633 3103 intrinseca

270 3124 574 3197 peccatoris
600 3125 945 3182 mutatione.
990 3126 1118 3199 Haep
1144 3125 1392 3182 secunda
1430 3143 1631 3184 conse-

265 3205 499 3278 quentia
528 3211 679 3277 patet
706 3222 776 3262 ex
807 3206 1018 3277 prima,
1049 3205 1184 3277 quia
1221 3207 1271 3261 si
1311 3208 1488 3263 semel
1537 3223 1630 3264 re-

263 3286 518 3359 quiritur
542 3288 734 3359 aliqua
757 3286 1065 3360 peccatoris
1087 3288 1328 3344 mutatio
1349 3287 1420 3344 ad
1441 3289 1633 3362 expia-

263 3369 486 3425 tionem
515 3370 713 3441 culpae,
736 3369 1047 3426 consistere
1067 3368 1231 3426 debet
1253 3370 1317 3425 in
1341 3369 1632 3428 infusione

264 3450 508 3523 alicujus
535 3448 670 3505 doni
698 3450 1175 3521 supernaturali3‚
1208 3456 1269 3506 ut
1301 3455 1632 3522 supponunt

259 3529 570 3585 contrarias
608 3529 910 3588 sententiae
930 3530 1235 3587 AuthoreS.
1267 3530 1467 3586 Prima
1494 3546 1631 3594 vero

258 3610 668 3683 consequentia
713 3612 970 3686 legitime
1015 3612 1267 3670 infertur
1308 3631 1380 3671 ex
1403 3620 1630 3672 antece-

260 3690 422 3748 denti
457 3716 472 3760 ;
525 3707 660 3747 nam
710 3693 773 3748 in
826 3693 1101 3766 oppositis
1145 3696 1335 3751 solum
1383 3695 1631 3753 mediate

265 3777 448 3846 potest
478 3788 657 3828 unum
687 3773 903 3830 destrui
931 3775 1059 3830 sine
1083 3777 1624 3843 communicatione,

265 3855 359 3910 vel
408 3853 778 3926 productione
824 3856 1064 3913 alterius
1091 3877 1104 3912 :
1152 3874 1265 3930 qua
1305 3859 1529 3915 ratione
1569 3863 1630 3914 ut

261 3933 584 4007 subjectum
612 3933 838 3991 desinat
862 3951 983 3993 esse
1008 3935 1224 4005 album,
1248 3954 1363 3995 non
1388 3938 1630 4011 requiri·

265 4022 380 4079 tur,
414 4014 562 4088 quod
620 4014 723 4071 fiat
776 4016 1030 4089 nigrum,
1081 4017 1180 4073 sed
1224 4019 1447 4084 sufficit,
1479 4018 1629 4092 quod

264 4096 366 4152 fiat
405 4111 523 4152 non
564 4094 781 4162 album,
826 4103 1247 4155 eteconverso.
1280 4098 1629 4157 Antecedens

264 4183 459 4235 autem
507 4175 804 4240 suadetur;
854 4178 992 4250 quia
1018 4178 1172 4234 inter
1213 4186 1526 4253 peccatum,
1575 4169 1632 4237 et

263 4258 513 4332 gratiam
556 4256 768 4313 mediat
793 4263 971 4314 status
995 4265 1217 4316 naturae
1238 4260 1539 4316 existentis
1568 4261 1630 4317 in

267 4338 447 4412 puris,
485 4339 565 4393 uti
594 4355 654 4396 se
693 4339 933 4396 haberet
960 4340 1134 4397 homo
1159 4341 1209 4396 si
1235 4341 1631 4400 consideretur

264 4419 478 4491 absque
521 4418 841 4476 elevatione
882 4420 953 4476 ad
992 4419 1169 4477 finem
1214 4429 1630 4495 supernatura-

267 4503 414 4567 lem;
442 4516 544 4557 nec
562 4501 721 4557 enim
744 4502 979 4559 haberet
1000 4509 1308 4575 peccatum.
1338 4520 1443 4561 nec
1464 4504 1632 4563 habe-

269 4589 358 4639 ret
381 4583 647 4656 gratiam,
678 4582 776 4639 sed
806 4584 928 4651 hac,
973 4590 1029 4642 et
1073 4586 1177 4643 illo
1204 4592 1423 4644 careret
1454 4608 1467 4644 :
1494 4603 1630 4662 ergo

270 4668 577 4737 peccatum,
616 4669 672 4720 et
691 4665 874 4736 gratia
899 4667 1360 4737 supernaturalis
1388 4683 1505 4724 non
1525 4684 1630 4742 op-

269 4750 564 4818 ponuntur
592 4742 943 4801 immediate.

343 4823 414 4882 Et
432 4823 810 4882 confirmatur
828 4849 844 4892 ;
869 4841 1005 4882 nam
1023 4826 1149 4884 ideo
1164 4828 1419 4884 carentia
1434 4829 1632 4902 gratiae

269 4906 333 4962 in
358 4911 508 4962 statu
539 4921 819 4978 purorum
849 4923 965 4964 non
992 4911 1118 4964 erat
1145 4913 1433 4981 peccatum
1463 4907 1631 4964 habi-

270 4988 439 5053 tuale,
459 4985 598 5059 quia
621 5000 737 5042 non
758 4991 881 5043 erat
893 4989 1151 5045 carentia
1171 4988 1376 5045 formae
1398 4986 1626 5058 debitae,

271 5071 461 5141 utpote
485 5070 616 5121 cum
643 5066 829 5138 gratia
858 5082 975 5123 non
996 5067 1197 5125 fuisset
1223 5083 1326 5140 pro
1349 5068 1453 5123 illo
1480 5073 1628 5126 statu

1776 612 1987 680 debita,
2033 631 2138 673 nec
2175 618 2347 674 homo
2389 617 2588 673 fuisset
2626 613 2695 670 ad
2723 616 3141 686 supernatura-

1775 697 1893 755 lem
1922 698 2185 757 ordinem
2229 701 2485 757 elevatus
2512 720 2525 754 z
2555 697 2710 770 atqui
2739 698 2887 753 Deus
2925 710 3139 767 suppo-

1774 781 1885 838 sito
1925 781 2183 840 hominis
2230 786 2500 855 pecccato,
2548 784 2729 853 potest
2790 776 3140 851 suspendere

1773 864 1897 938 ejus
1920 864 2299 922 elevationem
2328 862 2399 921 ad
2427 862 2694 921 ordinem
2720 865 3140 933 supernatura-

1775 947 1912 1013 lem,
1943 951 1999 1003 et
2022 946 2345 1018 disponere,
2397 951 2460 1002 ut
2497 942 2682 1018 gratia
2709 942 2975 1015 deinceps
3019 955 3138 997 non

1773 1024 2080 1084 debeatur:
2129 1042 2266 1100 ergo
2304 1025 2559 1083 carentia
2607 1022 2809 1098 gratias
2860 1036 2978 1076 non
3024 1019 3139 1075 erit

1774 1108 2024 1180 amplius
2053 1107 2302 1181 privatio
2342 1105 2544 1163 formae
2575 1103 2797 1168 debitae,
2840 1102 2940 1158 sed
2974 1116 3138 1157 mera

1772 1188 2047 1255 carentia,
2071 1192 2129 1245 et
2147 1181 2397 1261 simplex
2423 1186 2682 1261 negatio;
2712 1190 2768 1241 et
2792 1196 3138 1253 consequen·

1771 1273 1860 1326 ter
1885 1268 2125 1325 cessabit
2152 1267 2439 1340 peccatum
2482 1265 2773 1322 habituale
2802 1262 3010 1334 absque
3036 1261 3138 1316 in-

1772 1350 2021 1406 trinseca
2048 1348 2354 1421 peccatoris
2382 1346 2699 1404 mutatione
2721 1360 2821 1417 per
2841 1344 3027 1400 solam
3041 1357 3137 1398 ex-

1772 1431 2080 1488 trinsecam
2107 1428 2202 1485 Dei
2231 1428 2687 1500 dispositionem.

1848 1509 2242 1583 Respondetur
2269 1508 2340 1565 ad
2369 1512 2794 1582 argumentum,
2825 1503 2974 1576 quod
3005 1503 3136 1558 licet
3149 1507 3337 1551 Ocnum

1772 1592 1927 1650 inter
1950 1597 2237 1665 peccatum
2265 1590 2556 1648 habituale
2584 1587 2841 1646 hominis
2869 1603 2986 1643 non
3012 1587 3134 1643 ele·
3178 1562 3297 1659 aigu-

1771 1674 1892 1729 vati
1921 1674 1990 1730 ad
2018 1673 2193 1729 finem
2233 1671 2757 1744 supernaturalem,
2789 1672 2846 1725 et
2883 1666 3133 1741 gratiam
3171 1661 3322 1700 mento.

1771 1753 2291 1826 supernaturalem,
2324 1767 2442 1808 non
2468 1750 2636 1807 detur
2667 1747 3005 1805 immediata
3029 1764 3134 1820 op-

1774 1835 2006 1907 positio;
2053 1832 2440 1890 nihilominus
2469 1832 2621 1887 inter
2649 1836 2937 1903 peccatum
2965 1827 3136 1884 hahi-

1773 1918 1927 1974 tuale
1972 1915 2227 1972 hominis
2278 1914 2347 1971 ad
2393 1912 2894 1988 supernaturalem
2956 1909 3133 1968 finem

1770 1998 1996 2064 elevati,
2045 2004 2102 2053 et
2143 1995 2642 2068 supernaturalem
2676 1993 2927 2067 gratiam
2965 1989 3146 2066 datur⁴

1771 2078 2108 2136 immediata
2152 2078 2473 2152 oppositio:
2520 2074 2795 2147 quoniam
2846 2078 3133 2145 peccatum

1771 2158 2063 2216 habituale
2085 2159 2254 2232 hujus
2279 2163 2456 2213 status
2480 2156 2630 2212 nihil
2654 2153 2812 2210 aliud
2832 2158 2935 2220 est,
2959 2169 3132 2226 quam

1770 2240 2102 2298 voluntaria
2126 2240 2326 2315 gratiae
2363 2236 2822 2310 supernaturalis
2859 2233 3126 2307 privatin,

1769 2317 1893 2376 sive
1931 2319 2242 2377 habitualis
2268 2319 2491 2375 aversio
2531 2334 2564 2374 a
2607 2318 2737 2381 Deo,
2782 2321 2844 2370 ut
2870 2315 3130 2381 authore,

1768 2406 1825 2458 et
1869 2400 1985 2459 fine
2010 2401 2456 2473 supernaturali.
2505 2398 2669 2455 Unde
2705 2397 2838 2454 licet
2878 2395 3133 2452 absolute

1767 2487 1936 2555 queat
1960 2482 2268 2556 excogitari
2296 2487 2474 2538 status
2501 2479 2726 2537 medius
2756 2478 2908 2533 inter
2939 2492 3131 2549 pecca-

1767 2569 1912 2630 tum,
1949 2567 2007 2620 et
2036 2562 2282 2638 gratiam
2311 2561 2832 2634 supernaturalem,
2866 2556 3133 2615 videlicet

1766 2651 1947 2703 status
1974 2661 2286 2718 purorum;
2315 2648 2567 2700 attamen
2604 2657 2675 2698 ex
2713 2640 3123 2713 suppositione,

1766 2728 1915 2802 quod
1944 2728 2115 2784 homo
2143 2727 2317 2785 fuerit
2342 2727 2599 2783 elevatus
2625 2722 2695 2779 ad
2724 2727 3132 2794 supernatura-

1767 2811 1883 2866 lem
1904 2807 2101 2874 finem,
2126 2811 2184 2864 et
2202 2806 2351 2882 quod
2375 2803 2689 2880 peccaverit
2710 2807 2908 2860 contra
2937 2803 3129 2871 illum,

1766 2890 2123 2965 impossibile
2161 2897 2264 2959 est,
2310 2888 2460 2964 quod
2509 2887 2812 2945 reducatur
2852 2884 2923 2942 ad
2960 2886 3130 2942 illum

1763 2980 1975 3030 statum
1993 2973 2269 3039 medium,
2296 2970 2393 3029 s'ed
2412 2971 2501 3027 vel
2520 2967 2881 3043 permanebit
2903 2968 2967 3022 in
2982 2972 3130 3023 statu

1765 3054 1992 3126 peccati,
2018 3054 2108 3109 vel
2137 3051 2510 3110 mundandus
2535 3055 2619 3106 est
2640 3049 2710 3106 ab
2740 3049 2841 3104 illo
2871 3063 2971 3119 per
2990 3062 3128 3120 gra-

1765 3136 1906 3192 tiam
1934 3135 2455 3209 supernaturalem,
2480 3133 2605 3188 sive
2624 3131 2742 3187 haec
2760 3130 2834 3184 sit
2856 3127 3125 3185 habitua-

1766 3217 1858 3283 lis,
1887 3221 1943 3274 et
1981 3216 2143 3273 tollat
2187 3213 2521 3271 immediate
2556 3212 2645 3267 sui
2692 3209 3077 3284 privationem
3105 3232 3118 3275 ;

1762 3297 1888 3354 sive
1925 3296 1999 3353 sit
2023 3295 2335 3360 auxilianS,
2384 3298 2441 3350 et
2472 3293 2704 3360 faciens,
2739 3296 2800 3346 ut
2826 3290 2998 3345 homo
3027 3304 3122 3345 re·-

1766 3382 1963 3434 tractet
1990 3382 2175 3432 actum
2205 3373 2661 3447 peccaminosum
2693 3369 3064 3443 praeteritum,
3091 3384 3124 3425 a

1763 3473 1876 3531 quo
1923 3456 2176 3513 carentia
2214 3454 2412 3527 gratiae
2454 3450 2737 3524 dependet
2785 3453 2845 3506 in
2900 3449 3124 3505 ratione

1765 3537 2110 3612 privationis
2150 3535 2411 3592 moralis.
2453 3533 2607 3589 Sicut
2644 3532 2819 3588 etiam
2850 3529 3034 3594 Fides,
3065 3535 3121 3587 et

1762 3634 1927 3677 error
1948 3621 2145 3673 contra
2172 3613 2368 3670 Fidem
2411 3627 2528 3669 non
2567 3614 2703 3667 sunt
2727 3610 2982 3682 opposita
3004 3610 3120 3666 im-

1762 3696 2011 3754 mediate
2040 3699 2289 3768 respectu
2321 3691 2643 3749 intellectus
2676 3687 2991 3745 secundum
3018 3705 3116 3756 se;

1763 3784 1946 3854 potest
1970 3779 2129 3836 enim
2159 3776 2478 3832 intellectus
2505 3788 2742 3830 manere
2769 3772 2896 3828 sine
2918 3771 3072 3826 illis
3059 3787 3121 3827 in

1762 3865 1912 3915 statu
1928 3856 2141 3917 medio;
2157 3862 2212 3912 et
2227 3854 2611 3911 nihilominus
2624 3869 2695 3910 ex
2709 3852 3117 3925 suppositione,

1762 3939 1912 4013 quod
1958 3939 2281 3995 intellectus
2324 3934 2612 3993 erraverit
2653 3940 2852 3991 contra
2898 3931 3116 3995 Fidem,

1762 4019 2119 4092 impossibile
2163 4023 2247 4075 est
2302 4016 2586 4089 deponere
2624 4016 2795 4071 illum
2837 4027 3115 4079 errorem,

1764 4100 1877 4156 nisi
1901 4117 2002 4173 per
2030 4100 2213 4172 ipsam
2240 4096 2434 4163 fidem,
2466 4098 2561 4153 vel
2590 4112 2689 4168 per
2715 4093 2875 4152 aliud
2897 4095 3115 4158 lumen,

1761 4180 1827 4237 in
1870 4198 1982 4255 quo
2026 4179 2307 4238 certitudo
2350 4176 2484 4234 fidei
2528 4177 2942 4250 praehabeatur2
2988 4177 3122 4238 Qua÷

1765 4264 2059 4336 responsio
2079 4261 2401 4319 desumitur
2423 4276 2495 4317 ex
2517 4262 2580 4315 D.
2614 4259 2819 4315 Thom.
2843 4264 3024 4333 quaest.
3051 4257 3123 4312 28
3159 4260 3316 4304 D-Tho-

1760 4343 1825 4398 de
1859 4342 2021 4401 Verit.
2054 4351 2164 4399 art.
2196 4346 2232 4399 2
2257 4343 2331 4399 ad
2376 4343 2430 4408 5,
2464 4340 2563 4397 ubi
2590 4341 2781 4414 inquit
2813 4359 2825 4394 z
2862 4360 2887 4389 α
2915 4336 3123 4393 Dicen-

1766 4446 1791 4476 α
1825 4420 1982 4491 dum,
2013 4422 2164 4497 quod
2187 4423 2334 4479 nihil
2359 4421 2640 4495 prohibet,
2674 4420 2864 4491 aliqua
2892 4422 3123 4475 contra-

1769 4527 1795 4559 α
1827 4505 1916 4561 ria
1959 4522 2081 4562 esse
2127 4503 2378 4562 mediata
2418 4511 2670 4576 respectu
2712 4501 2950 4575 alicujus
2983 4500 3123 4557 sub-

1766 4608 1792 4640 «
1817 4587 1952 4660 jecti
1979 4588 2322 4660 simpliciter
2345 4587 2574 4660 accepti,
2599 4603 2724 4660 quae
2751 4588 2887 4640 sunt
2913 4584 3124 4640 imme-

1769 4688 1794 4720 α
1823 4665 1980 4722 diata
2004 4673 2284 4739 quantum
2315 4665 2385 4722 ad
2409 4671 2632 4740 tempus
2651 4663 3122 4722 determinatum:

1769 4768 1795 4800 α
1822 4746 1970 4802 sicut
2005 4761 2200 4812 caecuS,
2244 4751 2301 4802 et
2345 4745 2550 4803 videns
2594 4751 2729 4801 sunt
2772 4741 3023 4801 mediata
3063 4743 3125 4798 in

1771 4851 1798 4882 α
1826 4844 1985 4895 cane,
2018 4844 2136 4885 non
2177 4833 2370 4885 tamen
2418 4832 2542 4902 post
2569 4844 2789 4885 nonum
2825 4826 3003 4883 diem.
3034 4824 3126 4880 Si-

1771 4931 1796 4965 «
1827 4911 2047 4967 militer
2074 4915 2131 4969 et
2169 4910 2396 4968 homini
2427 4916 2681 4983 respectu
2708 4914 2887 4965 status
2909 4914 3127 4965 naturae

1770 5013 1796 5045 α
1826 4990 2068 5049 conditae
2092 4992 2296 5066 gratia,
2328 4998 2386 5050 et
2424 4993 2590 5065 culpa
2629 4996 3038 5063 comparantur
3066 4995 3127 5045 ut

1769 5094 1797 5126 α
1822 5074 2115 5130 contraria
2136 5072 2419 5143 mediata;
2442 5074 2541 5132 sed
2564 5079 2688 5147 post
2709 5071 2854 5129 illud
2878 5076 3121 5145 tempus,
