3647 5753
306 3239 463 3296 contir-

312 3294 440 3331 matio

310 3346 467 3396 praece·

312 3387 453 3432 denus

329 3437 435 3495 doc·

311 3490 363 3528 trl
372 3497 448 3530 nae.

303 3537 464 3580 D.'I'ho.

532 304 653 388 218¹
1551 301 1644 356 DE
1683 300 1954 356 GRATIA
1993 301 2334 357 EFFICACI.

530 475 661 531 licet
681 474 752 530 de
781 473 1003 530 ratione
1022 473 1165 548 ejus,
1193 472 1344 545 quod
1375 487 1551 540 mere,
1577 478 1632 529 et
1655 472 1890 545 praecise

528 561 614 614 est
659 556 1133 621 instrumentum,
1168 556 1243 609 sit
1290 570 1407 612 non
1453 555 1675 611 moveri
1727 570 1760 610 a
1801 568 1883 620 se,

526 636 624 693 sed
655 634 726 691 ab
754 635 903 702 alio;
929 634 986 690 id
1016 640 1232 700 tamen,
1279 632 1429 708 quod
1455 635 1631 691 simul
1657 639 1743 691 est
1762 634 1889 690 ins-

528 721 904 780 trumentum,
955 721 1011 772 et
1054 731 1220 772 causa
1249 715 1585 788 principalis
1609 715 1699 771 sui
1728 714 1889 772 effec-

525 801 616 850 tus
642 794 958 852 secundum
975 794 1230 853 diversas
1245 796 1496 852 rationes
1516 794 1880 860 considerati,

525 877 604 933 ita
627 882 892 934 movetur
919 875 990 932 ab
1012 878 1146 942 alio,
1179 876 1327 949 quod
1348 876 1522 934 etiam
1546 882 1809 935 movetur
1851 892 1885 933 a

518 975 599 1016 se.
629 962 697 1016 Et
716 960 992 1017 similiter
1017 959 1284 1033 quamvis
1306 957 1378 1016 de
1404 959 1628 1017 ratione
1661 958 1882 1033 agentis

517 1040 691 1098 liberi
712 1042 787 1098 sit
815 1042 1038 1098 moveri
1080 1058 1113 1098 a
1154 1057 1234 1107 se,
1275 1041 1524 1099 minime
1572 1047 1765 1099 tamen
1811 1039 1883 1098 de

517 1124 744 1180 ratione
772 1122 939 1180 liberi
967 1123 1223 1191 secundi,
1256 1127 1313 1179 et
1333 1123 1509 1180 creati
1531 1130 1615 1180 est
1643 1124 1724 1179 ita
1752 1138 1882 1180 mo-

515 1203 642 1259 veri
667 1218 699 1259 a
725 1218 804 1268 se,
836 1201 985 1276 quod
1010 1219 1128 1261 non
1156 1208 1456 1261 moveatur
1483 1202 1553 1260 ab
1588 1204 1705 1260 alio
1737 1223 1751 1259 ε
1782 1201 1880 1260 sed

515 1281 705 1356 ‘potius
727 1284 974 1358 exposcit
998 1284 1077 1341 ita
1102 1300 1164 1342 se
1191 1301 1378 1360 agere,
1404 1284 1553 1357 quod
1577 1284 1738 1358 prius
1761 1300 1881 1342 mo·

511 1370 737 1432 veatur,
761 1371 817 1421 et
847 1370 1046 1439 agatur
1086 1380 1120 1420 a
1147 1365 1337 1438 primo
1365 1364 1572 1429 libero,
1602 1364 1752 1438 quod
1793 1371 1878 1423 est

514 1446 683 1503 Deus.
715 1442 1099 1511 Quamobrem
1148 1446 1365 1518 optime
1408 1446 1675 1513 cohaeret,
1725 1445 1876 1519 quod

513 1525 687 1583 homo
707 1526 782 1581 sit
807 1540 980 1599 agens
1008 1523 1281 1593 liberum,
1311 1532 1367 1584 et
1411 1525 1587 1582 simul
1616 1527 1716 1584 Dei
1746 1527 1873 1583 ins-

509 1613 868 1665 trumentum
890 1630 905 1673 ;
934 1611 990 1663 et
1010 1606 1161 1678 quod
1201 1608 1381 1663 simul
1405 1613 1707 1665 moveatur
1735 1624 1767 1665 a
1787 1623 1869 1675 se,

508 1693 564 1744 et
592 1687 752 1760 prius
798 1692 1109 1754 moveatur>
1144 1704 1177 1744 a
1222 1688 1357 1745 Deo.
1413 1690 1528 1744 Nec
1579 1688 1638 1745 id
1688 1687 1876 1747 vitare

509 1775 742 1844 possunt
792 1769 1075 1827 Authores
1128 1775 1327 1828 contra
1378 1785 1517 1844 quos
1571 1770 1797 1848 agimus
1857 1793 1870 1829 ε

510 1866 646 1907 nam
677 1849 848 1906 homo
867 1853 951 1905 est
972 1851 1324 1923 principium
1347 1850 1600 1908 liberum
1642 1852 1870 1908 morale

509 1947 570 1989 se
621 1946 860 1989 movens
878 1955 891 1997 ;
944 1938 1002 1989 et
1053 1938 1246 1990 tamen
1294 1932 1403 2006 ipsi
1451 1932 1669 1999 dicunt,
1721 1932 1872 2006 quod

510 2018 776 2069 movetur
804 2013 1102 2069 moraliter
1123 2011 1195 2068 ab
1218 2012 1353 2069 alin.
1390 2013 1546 2069 Sicut
1584 2028 1720 2087 ergo
1761 2013 1871 2086 ipsi

509 2097 876 2165 componunt,
908 2092 1057 2166 quod
1079 2092 1253 2150 homo
1290 2098 1590 2150 moveatur
1626 2095 1873 2152 morali-

508 2177 595 2229 ter
616 2188 647 2229 a
668 2187 745 2238 se,
779 2177 834 2228 et
863 2177 1162 2229 moveatur
1185 2173 1489 2230 moraliter
1516 2190 1548 2230 a
1570 2176 1686 2231 Deo
1733 2195 1746 2230 :
1789 2174 1873 2231 ita

505 2266 611 2308 nos
632 2253 960 2316 asserimus,
987 2250 1137 2324 quod
1166 2257 1432 2310 movetur
1470 2252 1699 2327 physice
1725 2269 1759 2310 a
1784 2268 1866 2321 se,

503 2338 559 2390 et
581 2337 846 2390 movetur
880 2332 1113 2406 physice
1158 2331 1229 2388 ab
1281 2333 1419 2389 alio.
1471 2334 1541 2388 Et
1595 2334 1743 2392 ratio
1785 2340 1871 2391 est

504 2414 703 2473 eadem
729 2412 1045 2486 utrobique,
1082 2415 1219 2487 quia
1260 2415 1529 2472 videlicet
1573 2415 1746 2473 homo
1784 2421 1872 2474 est

504 2494 754 2551 liberum
776 2493 1111 2559 secundum,
1143 2493 1294 2566 quod
1322 2495 1403 2551 ita
1447 2500 1638 2552 movet
1678 2512 1757 2564 se,
1808 2501 1869 2552 ut

504 2576 667 2647 prius
687 2574 891 2631 debeat
910 2590 942 2630 a
971 2576 1083 2631 Deo
1111 2575 1303 2647 primo
1330 2581 1598 2633 movente
1620 2577 1862 2644 moveri,

500 2660 619 2711 tam
643 2654 889 2729 physice,
915 2669 1088 2726 quam
1115 2655 1434 2712 moraliter.
1481 2655 1589 2713 Sed
1625 2672 1728 2714 nos
1765 2674 1867 2713 su·

499 2749 604 2806 pra
620 2733 935 2790 motionem
951 2733 1236 2789 moralem
1253 2732 1523 2790 addimus
1546 2735 1865 2793 motionem

497 2812 812 2888 physicam,
881 2817 937 2867 et
999 2811 1316 2881 efficacem;
1366 2813 1505 2887 quia
1551 2814 1727 2873 homo
1779 2820 1864 2872 est

498 2908 671 2968 agens
692 2908 810 2950 non
836 2892 1025 2951 solum
1047 2894 1288 2961 morale,
1318 2894 1418 2951 sed
1451 2895 1629 2954 etiam
1663 2896 1865 2970 physi-

499 2991 651 3040 cum,
683 2980 741 3033 et
764 2971 930 3030 debet
954 2977 1067 3031 Deo
1092 2974 1408 3032 secundum
1436 2982 1740 3051 utramque
1766 2994 1865 3035 ra-

499 3058 716 3115 tionem
743 3055 1135 3124 subordinari,
1166 3057 1329 3113 salva
1355 3063 1550 3115 tamen
1572 3058 1680 3115 sub
1710 3065 1864 3117 utra·

500 3153 610 3211 que
636 3138 908 3203 motione,
930 3136 1101 3194 liberi
1130 3136 1362 3193 arbitrii
1387 3137 1669 3196 libertate.

575 3220 704 3275 304.
749 3221 884 3282 Quae
912 3216 1138 3274 videtur
1177 3233 1445 3291 expressa
1485 3218 1747 3277 doctrina
1792 3223 1859 3278 D.

503 3297 708 3355 Thom.
733 3315 852 3371 sup.
884 3315 1005 3370 cap.
1035 3299 1089 3363 8,
1125 3299 1281 3371 epist.
1316 3299 1392 3354 ad
1435 3299 1593 3358 Rom.
1641 3302 1757 3358 lect.
1801 3303 1856 3371 3,

504 3380 600 3438 ubi
621 3396 914 3454 exponens
940 3379 1044 3436 illa
1061 3379 1235 3437 verba
1256 3401 1306 3436 :a
1331 3382 1684 3455 Quicumque
1699 3383 1860 3440 enim

509 3485 533 3516 «
575 3463 780 3536 spiritu
830 3462 929 3520 Dei
968 3467 1237 3536 aguntur,
1287 3462 1350 3519 hi
1399 3468 1535 3520 sunt
1578 3463 1689 3520 filii
1733 3466 1856 3533 Dei,

505 3568 530 3599 «
574 3546 761 3619 inquit
793 3565 807 3601 ι
842 3544 1036 3603 Primo
1062 3544 1546 3602 considerandum
1589 3552 1674 3604 est
1715 3564 1860 3621 quo-

505 3649 530 3680 «
573 3626 744 3685 modo
786 3626 964 3698 aliqui
1005 3632 1255 3701 aguntur
1300 3641 1334 3683 a
1377 3627 1585 3700 spiritu
1627 3629 1745 3685 Dei.
1791 3630 1861 3684 Et

503 3724 529 3754 «
573 3706 753 3773 potest
803 3700 884 3756 sic
937 3700 1208 3776 intelligi,
1257 3701 1599 3774 quicumque
1643 3702 1855 3775 spiritu

503 3803 526 3834 α
574 3782 673 3838 Dei
701 3786 968 3855 aguntur,
995 3779 1053 3837 id
1077 3784 1163 3836 est
1184 3786 1481 3854 reguntur,
1506 3780 1651 3837 sicut
1673 3797 1706 3838 a
1724 3798 1861 3855 quo·

504 3883 528 3913 α
570 3860 704 3917 dam
733 3859 982 3927 ductore,
1011 3864 1069 3917 et
1094 3858 1376 3918 directore
1409 3882 1421 3916 ε
1449 3860 1599 3934 quod
1620 3860 1858 3934 quidem

503 3966 528 3995 a
572 3943 635 3998 in
664 3941 830 3999 nobis
857 3941 991 3998 facit
1016 3942 1283 4014 SpirituS,
1309 3942 1524 3999 scilicet
1565 3943 1630 3999 in
1669 3958 1858 4015 quan-

503 4048 527 4077 «
573 4031 694 4081 tum
733 4023 1030 4080 illuminat
1055 4038 1159 4080 nos
1188 4022 1452 4091 interius,
1493 4023 1632 4097 quid
1672 4025 1857 4083 facere

503 4129 528 4159 «
571 4105 903 4165 debeamuS.
951 4104 1170 4159 Psalm.
1230 4105 1331 4159 142
1358 4124 1371 4159 ε
1411 4105 1661 4178 Spiritus
1723 4110 1855 4163 tuus

502 4211 527 4239 α
570 4185 754 4244 bonus
774 4183 1010 4241 deducet
1034 4196 1145 4238 me.
1175 4202 1200 4232 »
1230 4184 1413 4247 Quam
1434 4185 1853 4258 expositionem

491 4269 885 4326 continentem
907 4263 1230 4321 doctrinam
1246 4262 1318 4321 de
1337 4265 1459 4321 sola
1482 4268 1856 4337 praemotione

492 4349 725 4417 morali,
755 4347 950 4404 statim
981 4345 1101 4418 ipse
1139 4342 1417 4418 dispellit,
1466 4347 1559 4404 his
1610 4348 1804 4406 verbis
1837 4370 1850 4406 ε

498 4455 522 4488 <‹
568 4433 752 4490 Homo
775 4426 1099 4502 spiritualis
1125 4442 1243 4485 non
1271 4434 1495 4486 tantum
1541 4430 1854 4488 instruitur

496 4538 522 4569 «
563 4529 597 4571 a
619 4511 836 4586 Spiritu
858 4514 1076 4575 sancto,
1103 4507 1239 4583 quid
1277 4525 1443 4585 agere
1488 4510 1709 4580 debeat,
1753 4513 1852 4571 sed

496 4618 519 4649 α
562 4594 739 4653 etiam
762 4608 860 4650 cor
886 4592 1007 4666 ejus
1034 4606 1068 4647 a
1092 4590 1312 4662 Spiritu
1335 4598 1529 4649 sancto
1550 4600 1849 4652 movetur:

494 4700 518 4730 «
563 4675 691 4735 ideo
713 4676 840 4749 plus
868 4672 1309 4747 intelligendum
1336 4680 1419 4731 est
1449 4675 1510 4731 in
1548 4675 1667 4741 hoc,
1700 4677 1851 4750 quod

492 4781 517 4810 (ι
560 4757 773 4814 dicitur
799 4754 1189 4826 :Quicumque
1215 4755 1423 4828 spiritu
1448 4757 1546 4814 Dei
1575 4763 1846 4832 aguntur.

492 4864 515 4891 «
561 4841 666 4896 Illa
691 4838 850 4896 enim
879 4836 970 4912 agi
991 4834 1281 4904 dicuntur,
1313 4854 1438 4910 quae
1469 4839 1717 4913 quodam
1745 4857 1849 4897 su-

491 4943 513 4971 u
559 4919 774 4993 periori
797 4918 1072 4976 instinctu
1090 4924 1416 4977 moventur.
1439 4920 1602 4978 Unde
1618 4919 1688 4979 de
1708 4920 1848 4979 bru-

2026 492 2052 526 α
2093 471 2168 528 tis
2188 470 2451 538 dicimus,
2470 472 2617 546 quod
2641 487 2758 529 non
2781 471 3086 548 agunt,sed
3104 478 3374 547 aguntur,

2025 574 2052 606 α
2093 554 2231 626 quia
2251 570 2283 611 a
2310 558 2517 611 natura
2539 560 2866 621 moventur,
2897 560 2952 612 et
2973 569 3090 611 non
3115 569 3188 611 ex
3235 570 3374 628 pro-

2025 655 2051 688 «
2094 636 2222 709 prio
2236 642 2393 693 motu
2411 636 2481 693 ad
2502 652 2632 693 suas
2652 637 2901 694 actiones
2916 634 3181 711 agendas.
3203 637 3381 692 Simi-

2024 736 2050 767 «
2091 715 2226 772 liter
2253 715 2427 774 homo
2450 717 2774 790 spiritualis
2797 731 2915 773 non
2940 716 3101 788 quasi
3125 731 3195 773 ex
3216 720 3376 774 motu

2023 814 2049 847 α
2092 795 2338 867 propriae
2365 796 2676 853 voluntatis
2705 796 3123 870 principaliter.
3167 796 3266 853 sed
3303 812 3377 854 ex

2023 897 2049 930 α
2092 877 2365 934 instinctu
2420 879 2670 951 Spiritus
2707 880 2887 938 sancti
2934 879 3252 936 inclinatur
3296 878 3367 935 ad

2021 977 2048 1011 α
2089 956 2306 1029 aliquid
2328 958 2632 1032 agendum,
2658 958 2972 1017 secundum
3023 959 3169 1015 illud
3210 959 3370 1016 Isaiae

2020 1058 2046 1090 (ι
2087 1039 2160 1093 56
2183 1039 2356 1093 :Cum
2380 1041 2606 1097 venerit
2636 1039 2796 1114 quasi
2826 1038 3035 1096 fluvius
3064 1040 3371 1107 violentuS,

2020 1139 2046 1173 α
2085 1134 2257 1192 quem
2283 1120 2522 1193 spiritus
2552 1121 2651 1178 Dei
2678 1121 2842 1196 cogit.
2870 1122 2939 1176 Et
2961 1122 3121 1178 Lucae
3141 1122 3195 1186 4,
3220 1121 3371 1195 quod

2019 1219 2046 1253 α
2086 1200 2344 1256 Christus
2370 1200 2642 1276 agebatur
2671 1216 2704 1256 a
2725 1200 2931 1274 spiritu
2957 1202 3020 1257 in
3045 1200 3359 1262 desertum.

2018 1300 2044 1332 α
2086 1281 2214 1336 Non
2241 1284 2435 1338 tamen
2458 1297 2558 1356 per
2579 1282 2682 1339 hoc
2707 1280 3047 1349 excluditur,
3082 1282 3225 1355 quin
3253 1283 3370 1340 viri

2017 1380 2043 1414 α
2083 1360 2415 1432 spirituales
2442 1378 2543 1435 per
2590 1363 2964 1429 voluntatem,
3014 1368 3071 1421 et
3115 1362 3367 1421 liberum

2016 1462 2043 1496 α
2084 1441 2393 1500 arbitrium
2415 1450 2760 1518 operentur;
2783 1445 3122 1520 quiaipsum
3145 1449 3367 1503 motum

2015 1544 2042 1577 α
2083 1525 2423 1594 voluntatis,
2481 1531 2539 1584 et
2590 1527 2759 1585 liberi
2826 1527 3054 1585 arbitrii
3123 1528 3370 1601 Spiritus

2015 1625 2041 1657 α
2081 1611 2308 1663 sanctus
2335 1606 2398 1662 in
2418 1607 2502 1664 eis
2523 1614 2734 1674 causat,
2765 1608 3079 1666 secundum
3118 1607 3267 1665 illud
3296 1607 3368 1665 ad

2013 1706 2040 1737 α
2085 1686 2341 1760 Philipp.
2366 1690 2402 1743 2
2426 1708 2439 1743 ε
2467 1689 2614 1744 Deus
2638 1692 2722 1745 est
2745 1689 2844 1762 qui
2865 1695 3136 1763 operatur
3165 1689 3226 1745 in
3259 1703 3370 1746 no-

2013 1784 2039 1817 α
2081 1763 2168 1821 bis
2190 1767 2356 1835 velle,
2382 1771 2440 1824 et
2467 1767 2759 1841 perficere.
2785 1789 2811 1821 »
2839 1772 2960 1835 Quo
3005 1769 3155 1826 nihil
3198 1769 3371 1826 illus-

2006 1845 2171 1913 trius,
2195 1853 2251 1903 et
2270 1845 2596 1905 evidentius
2623 1847 2694 1904 ad
2727 1848 3186 1907 confirmandam
3229 1849 3367 1907 doc-

2005 1925 2223 1982 trinam
2252 1927 2620 2000 praecedentis
2640 1926 2947 1996 discursus,
2978 1935 3035 1987 et
3064 1930 3135 1987 ad
3172 1944 3365 1988 remo-

2004 2005 2259 2083 vendum
2281 2009 2598 2080 oppositam
2614 2009 3009 2083 objectionem,
3030 2009 3142 2068 dici
3160 2011 3358 2084 potuit.

2005 2086 2329 2161 Habuitque
2354 2090 2409 2147 S.
2442 2091 2646 2147 Doctor
2667 2091 2813 2147 hanc
2830 2090 3365 2164 interpretationem

2002 2182 2074 2224 ex
2099 2169 2164 2225 D.
2185 2170 2419 2243 August.
2446 2172 2506 2225 in
2529 2169 2620 2227 lib.
2646 2170 2708 2225 de
2725 2174 2889 2243 pestis
2911 2171 3142 2243 Ρεὶαρίἰ,
3163 2190 3284 2246 cap.
3304 2173 3358 2239 3,
3393 2182 3559 2235 ung.

2004 2245 2103 2303 uhi
2122 2247 2443 2320 ponderans
2461 2251 2639 2307 relata
2655 2252 2907 2323 Apostoli
2924 2251 3117 2318 verba,
3140 2252 3326 2325 inquit
3347 2273 3361 2308 z

2009 2348 2036 2380 α
2080 2328 2462 2386 proculdubio
2489 2331 2618 2402 plus
2636 2338 2720 2388 est
2748 2333 2859 2405 agi,
2884 2347 3057 2405 quam
3088 2333 3224 2407 regi.
3251 2332 3360 2397 Qui

2009 2427 2035 2461 α
2076 2408 2236 2465 enim
2259 2410 2495 2484 regitur,
2528 2411 2746 2484 aliquid
2776 2412 2923 2487 agit;
2946 2412 3045 2485 qui
3070 2428 3208 2470 vero
3235 2412 3363 2487 agi-

2007 2508 2034 2539 «
2077 2493 2185 2556 tur,
2217 2505 2384 2563 agere
2410 2490 2629 2562 aliquid
2686 2492 2804 2563 ipse
2846 2493 2944 2548 vix
2991 2492 3358 2567 intelligitur.

2006 2591 2033 2623 «
2076 2571 2294 2627 Tamen
2325 2577 2548 2628 tantum
2574 2579 2803 2644 praestat
2825 2573 3214 2631 voluntatibus
3236 2591 3362 2632 nos-

2007 2671 2033 2704 «
2077 2650 2181 2707 tris
2238 2652 2425 2726 gratia
2458 2692 2462 2695 <
2487 2654 2820 2721 salvatoris,
2872 2659 2935 2710 ut
2979 2671 3098 2713 non
3141 2655 3364 2713 dubitet

2006 2751 2032 2785 α
2073 2732 2374 2804 Apostolus
2399 2732 2588 2790 dicere
2621 2756 2634 2790 ε
2666 2737 2947 2807 Quotquot
2990 2737 3200 2809 spiritu
3257 2736 3355 2794 Dei

2006 2832 2031 2863 α
2075 2817 2341 2887 aguntur,
2366 2818 2506 2870 etc.»
2535 2816 2602 2869 Et
2616 2830 2791 2872 serm.
2809 2817 2864 2883 3,
2887 2816 2960 2873 de
2977 2817 3168 2874 verbis
3186 2821 3360 2892 Apos-

1997 2894 2100 2952 toli
2165 2900 2290 2968 post
2347 2895 2624 2965 medium,
2693 2915 2995 2957 occurrens
3058 2900 3362 2975 objectioni

1997 2993 2171 3050 supra
2199 2979 2409 3050 positas,
2442 2980 2522 3036 ait
2556 3001 2569 3035 ε
2605 3003 2630 3033 α
2648 2982 2732 3036 Tu
2761 2984 2817 3038 te
2836 2982 2926 3038 vis
2954 2999 3121 3057 agere
3148 2987 3175 3040 P
3200 2985 3245 3038 A
3283 2989 3362 3043 te·

2003 3077 2030 3111 α
2072 3057 2196 3130 ipso
2217 3059 2305 3115 vis
2328 3058 2419 3133 agi
2436 3062 2463 3115 P
2483 3062 2612 3118 Non
2632 3061 2730 3133 qui
2746 3061 2952 3134 spiritu
2968 3079 3072 3121 suo
3086 3068 3357 3139 aguntur,

2003 3158 2030 3191 α
2070 3137 2169 3195 sed
2188 3143 2463 3212 quotquot
2480 3140 2691 3213 spiritu
2720 3142 2819 3198 Dei
2848 3149 3116 3217 aguntur,
3150 3145 3364 3201 hisunt

2003 3240 2030 3272 α
2070 3217 2181 3275 filii
2200 3219 2319 3276 Dei.
2341 3220 2494 3277 Dicet
2512 3221 2659 3278 mihi
2683 3222 2892 3294 aliquis
2912 3244 2925 3280 :
2945 3224 3093 3300 Ergo
3108 3226 3355 3300 agimur,

2002 3322 2029 3353 «
2073 3316 2189 3359 non
2241 3301 2485 3376 agimus,
2538 3304 2892 3377 Respondeo,
2947 3306 3068 3364 imo
3109 3308 3247 3382 agis,
3301 3316 3359 3366 et

2002 3404 2029 3435 α
2070 3382 2255 3456 ageris
2289 3388 2380 3441 :et
2400 3387 2535 3440 tunc
2548 3383 2695 3442 bene
2711 3386 2849 3460 agis,
2871 3385 2919 3442 si
2944 3385 3091 3445 abeo
3108 3389 3351 3465 agaris.»

1994 3463 2310 3520 Videantur
2355 3465 2473 3522 alia
2527 3467 2825 3540 utriusque
2845 3469 2900 3524 S.
2935 3470 3190 3527 Doctoris
3238 3476 3353 3528 tes-

1993 3543 2259 3609 timonia,
2308 3560 2433 3617 quae
2490 3545 2756 3605 dedimus
2813 3548 2958 3622 oli-sp.
3009 3551 3061 3617 5,
3113 3550 3236 3607 dub.
3293 3553 3351 3617 6,

1992 3626 2024 3696 fi
2052 3626 2105 3693 5,
2131 3632 2179 3681 et
2203 3627 2262 3681 in
2280 3614 2539 3702 hacdisp.
2569 3628 2697 3685 dub.
2715 3630 2941 3703 praeoed.
2972 3634 3004 3702 9
3034 3633 3050 3687 1
3085 3638 3135 3687 et
3162 3634 3216 3688 2.

2586 3802 2618 3872 ς
2662 3802 2753 3858 1v.

2016 3948 2372 4024 Expenditur
2397 3952 2559 4008 aliud
2585 3956 2849 4042 motivum
2864 3972 2969 4030 pro
2987 3956 3311 4029 praeoedenli

2509 4037 2824 4087 assertione.

2062 4185 2190 4242 305.
2221 4185 2478 4245 Secundo
2501 4187 2775 4260 probatur
2803 4189 3001 4248 eadem
3029 4190 3346 4257 conclusio,
3366 4221 3471 4267 Ana
3484 4233 3558 4277 W,

1986 4264 2121 4338 quia
2140 4266 2318 4322 Deum
2337 4266 2521 4324 facere
2547 4284 2677 4324 cum
2708 4270 3073 4343 proprietate,
3093 4276 3151 4326 ut
3169 4270 3352 4329 facia·
3363 4274 3565 4365 *θεοφο-

1987 4360 2117 4400 mus
2143 4351 2230 4402 est
2264 4347 2441 4403 Deum
2472 4362 2589 4404 non
2615 4348 2803 4405 solum
2820 4349 3070 4416 allicere,
3097 4350 3188 4407 vel
3212 4365 3352 4407 sua-
3366 4331 3489 4368 ¹¹⁸¹*
3508 4333 3560 4367 ω’

1985 4422 2140 4490 dere,
2161 4425 2253 4481 vel
2277 4425 2584 4498 inspirare,
2611 4426 2710 4485 sed
2730 4428 2909 4485 etiam
2936 4444 3041 4486 nos
3063 4428 3343 4497 effective,

1983 4510 2041 4563 et
2068 4507 2301 4581 physice
2322 4523 2558 4566 movere
2584 4507 2655 4565 ad
2679 4509 3005 4568 faciendum
3040 4532 3053 4568 ε
3082 4511 3179 4569 sed
3200 4515 3353 4569 Deus

1984 4585 2118 4643 facit
2145 4604 2273 4647 cum
2304 4590 2668 4663 proprietate,
2703 4597 2764 4647 ut
2811 4590 3091 4651 faciamus
3144 4615 3159 4651 ε
3208 4609 3351 4670 ergo

1985 4669 2133 4726 Deus
2154 4685 2271 4726 non
2297 4672 2484 4728 solum
2508 4673 2707 4740 allicit,
2734 4673 2951 4742 suadet,
2978 4680 3035 4734 et
3055 4677 3305 4752 inspirat
3332 4702 3346 4746 ς

1981 4750 2080 4808 sed
2103 4751 2277 4808 etiam
2321 4752 2595 4820 effective,
2625 4759 2682 4811 et
2726 4754 2958 4830 physice
3005 4764 3197 4817 movet
3241 4775 3351 4818 nos

1982 4831 2054 4890 ad
2076 4833 2401 4892 faciendum
2435 4852 2609 4912 :ergo
2635 4838 2919 4895 auxilium
2960 4839 3175 4909 efficax,
3230 4859 3346 4917 quo

1980 4913 2115 4973 facit
2138 4931 2241 4974 nos
2261 4915 2464 4986 facere,
2492 4916 2766 4992 importat
2788 4934 2907 4977 non
2932 4922 3116 4980 solam
3138 4923 3350 4982 motio·

3204 5021 3345 5066 nem
