3647 5753
288 3153 426 3199 Prima

452 453 575 513 660.

454 628 611 703 quit:
637 649 663 680 ι
688 627 1000 686 Dicendum
1023 627 1173 701 quod
1195 627 1442 684 arduum
1465 626 1677 683 dicitur
1695 624 1815 681 mi-

460 730 486 762 α
519 709 795 775 raculum,
839 725 957 766 non
987 715 1220 783 propter
1246 708 1589 783 dignitatem
1613 708 1719 774 rei,
1751 707 1813 762 in

462 811 488 844 α
516 804 629 862 qua
668 788 751 855 fit,
782 788 881 846 sed
899 790 1035 862 quia
1060 788 1282 847 excedit
1303 789 1629 847 facultatem
1652 794 1815 846 natu-

459 893 485 926 «
520 888 620 930 rae.
641 871 921 928 Similiter
938 871 1113 928 etiam
1136 871 1437 929 insolitum
1454 870 1681 940 dicitur,
1696 886 1815 927 non

458 975 486 1008 α
517 954 654 1028 quia
699 953 1030 1027 frequenter
1077 969 1197 1011 non
1241 953 1489 1020 eveniat,
1537 951 1637 1009 sed
1678 952 1814 1025 quia

461 1059 487 1091 α
515 1042 602 1095 est
641 1041 850 1110 praeter
894 1037 1220 1094 naturalem
1264 1034 1739 1092 consuetudinem
1782 1054 1808 1085 υ

454 1119 599 1191 (sive
619 1116 856 1175 modum
881 1118 1128 1193 singulis
1162 1116 1332 1174 rebus
1359 1116 1424 1174 in
1453 1115 1688 1190 proprio
1716 1131 1816 1172 or-

454 1201 592 1258 dine
630 1201 1070 1259 convenientem
1097 1203 1151 1271 );
1199 1222 1226 1254 «
1272 1215 1449 1273 supra
1488 1199 1814 1257 facultatem

462 1303 488 1336 α
518 1288 709 1340 autem
737 1287 958 1338 naturas
996 1281 1209 1339 dicitur
1235 1297 1354 1339 non
1373 1281 1561 1337 solum
1585 1284 1817 1352 propter

462 1387 489 1419 α
518 1364 898 1422 substantiam
922 1364 1068 1431 tacti,
1097 1363 1197 1421 sed
1229 1364 1405 1422 etiam
1435 1368 1667 1437 propter
1688 1378 1817 1419 mo-

460 1467 485 1499 «
518 1446 678 1513 dum,
703 1452 759 1504 et
778 1445 1042 1503 ordinem
1066 1444 1335 1502 faciendi.
1366 1466 1392 1498 »
1424 1447 1495 1500 Et
1515 1444 1668 1500 idem
1696 1444 1816 1501 col-

453 1531 655 1606 ligitur
682 1546 754 1587 ex
779 1529 870 1595 iis,
900 1544 1028 1602 qum
1051 1527 1212 1586 docet
1250 1535 1431 1602 quast.
1456 1529 1513 1596 6,
1538 1528 1602 1582 de
1620 1536 1817 1602 poten-

447 1615 553 1680 tia,
584 1622 694 1670 art.
729 1615 747 1669 l
780 1620 829 1668 et
857 1614 911 1679 2,
955 1617 1012 1669 et
1035 1611 1131 1667 tib.
1157 1612 1212 1676 3,
1242 1618 1436 1667 contra
1458 1617 1661 1681 yantas,
1689 1628 1814 1684 cap.

455 1697 576 1762 100,
597 1713 721 1751 cum
740 1694 1096 1767 sequentibus.
1123 1692 1467 1750 Addendum
1491 1698 1687 1749 tamen
1707 1696 1811 1756 est,

445 1775 706 1850 quaedam
740 1791 861 1832 esse
888 1774 1185 1841 miracula,
1216 1789 1343 1847 quae
1378 1772 1650 1829 dicuntur
1678 1772 1818 1828 talia

451 1873 570 1916 non
610 1859 798 1913 solum
844 1872 915 1912 ex
961 1861 1122 1929 parte
1162 1855 1342 1922 modi,
1386 1852 1485 1911 sed
1528 1854 1705 1912 etiam
1746 1870 1818 1910 ex

454 1943 617 2013 parte
637 1938 792 2002 facti;
821 1939 957 2012 quia
997 1937 1267 1995 videlicet
1289 1953 1392 1994 nec
1414 1936 1554 1994 ordo
1576 1941 1818 1992 natura-

456 2022 549 2086 lis,
578 2036 681 2077 nec
719 2019 859 2077 ordo
884 2018 1345 2091 supernaturalis
1367 2019 1657 2092 postulant
1678 2017 1818 2074 tales

450 2104 699 2170 effectus,
720 2102 816 2159 sed
836 2102 1179 2176 contingunt
1198 2117 1373 2174 supra
1390 2106 1564 2157 totam
1580 2101 1819 2175 exigen-

451 2186 594 2242 tiam
648 2200 844 2242 rerum
892 2183 956 2239 in
1005 2183 1168 2240 omni
1219 2180 1424 2239 ordine
1456 2202 1470 2238 ε
1498 2180 1816 2256 qu‘usmodi

449 2274 586 2324 sunt
611 2268 922 2325 coexistere
943 2266 1057 2323 duo
1075 2281 1317 2338 corpora
1345 2265 1407 2321 in
1442 2263 1642 2322 eodem
1673 2266 1813 2331 loce,

453 2348 808 2408 retrocedere
833 2348 1033 2413 solem,
1064 2352 1122 2404 et
1163 2347 1281 2403 alia
1309 2363 1436 2419 quae
1466 2352 1721 2403 recenset
1749 2348 1815 2402 D.

454 2430 660 2487 Thom.
687 2430 825 2486 locis
850 2429 1113 2502 proxime
1137 2427 1354 2492 relatis,
1376 2425 1472 2483 ubi
1498 2427 1690 2484 varios
1711 2427 1821 2483 mi-

460 2511 789 2568 raculorum
834 2508 1046 2584 gradus
1090 2507 1402 2565 constituit.
1459 2508 1562 2564 His
1606 2524 1821 2581 suppo-

461 2593 587 2649 sitis

1072 2740 1104 2807 g
1145 2738 1212 2794 11.

576 2902 887 2961 Resolvitur
923 2902 1227 2975 difficultas
1267 2902 1443 2973 juxta
1482 2907 1713 2958 mentem

965 2979 1036 3032 D.
1093 2975 1322 3033 Thomae.

539 3126 631 3181 57.
676 3124 991 3182 Dicendum
1030 3130 1114 3182 est
1142 3125 1332 3200 primo
1353 3124 1821 3199 justificationem

265 3203 428 3248 ⁰⁰⁰0111·
465 3204 653 3279 impii,
688 3211 749 3261 ut
772 3206 1157 3263 communiter
1203 3206 1284 3275 fit,
1320 3222 1436 3263 non
1490 3221 1613 3263 esse
1639 3205 1826 3261 mira-

299 3253 381 3297 sio.

464 3290 658 3347 culum
701 3289 949 3362 proprie,
1001 3294 1056 3347 et
1106 3290 1300 3346 stricte
1345 3289 1580 3346 dictum.
1626 3292 1708 3345 Ita
1756 3290 1820 3345 D.

249 3367 306 3410 D·
330 3366 433 3412 ’Πω-
465 3371 670 3428 Thom.
706 3372 768 3426 in
796 3370 1082 3443 praesenti,
1107 3385 1278 3443 quem
1304 3375 1623 3443 sequuntur
1648 3370 1823 3443 Cajet.

271 3415 407 3469 calet.

249 3466 431 3512 Aramo.
466 3455 716 3517 Arauxo,
766 3452 1075 3526 Gregorius
1119 3452 1420 3516 Martinez,
1453 3450 1820 3518 Montesinos,

248 3516 426 3610 tm.-

466 3536 740 3606 vasquez,
771 3535 960 3590 et·alii
996 3535 1118 3609 ejus
1146 3534 1505 3606 interpretes,
1538 3539 1595 3590 et
1618 3535 1826 3589 Suarez

249 3614 429 3660 mutes.
470 3616 563 3673 lib.
593 3620 649 3683 7,
692 3617 755 3671 de
776 3618 980 3686 qratia,
1011 3633 1130 3690 cap.
1162 3618 1254 3681 25,
1286 3633 1439 3672 vtum.
1479 3617 1562 3673 17.
1595 3614 1828 3672 Funda-

286 3664 414 3719 Vasq.

264 3712 434 3761 suarez.
466 3702 726 3755 mentum
749 3702 851 3763 est,
883 3699 1157 3768 quoniam
1186 3695 1257 3753 ad
1292 3697 1640 3753 miraculum
1690 3712 1827 3769 pro-

275 3828 402 3875 Ratio

466 3779 608 3853 prie,
640 3783 697 3835 et
741 3778 935 3836 stricte
981 3777 1196 3834 dictum
1248 3793 1365 3834 non
1405 3776 1627 3843 sufficit,
1676 3775 1828 3850 quod

273 3877 424 3924 runda-
463 3860 693 3920 effectus
736 3862 813 3917 sit
837 3860 1316 3933 supernaturalis,
1347 3859 1448 3917 sed
1486 3860 1821 3933 requiritur,

274 3934 434 3974 menla-

313 3978 381 4024 lis.

463 3944 611 4017 quod
635 3944 697 4001 in
711 3959 814 3998 sua
839 3940 1209 4015 productione
1231 3947 1422 3998 careat
1450 3942 1637 4008 modo,
1656 3957 1828 4016 quem

462 4031 661 4099 suapte
687 4023 1013 4081 conditione
1042 4022 1199 4079 intra
1228 4022 1530 4096 proprium
1560 4022 1827 4080 ordinem

384 4156 395 4168 .
464 4106 672 4179 poscit:
698 4105 854 4178 atqui
874 4103 1202 4179 justificatio
1224 4104 1416 4177 impii,
1438 4106 1569 4162 licet
1587 4105 1663 4160 sit
1687 4119 1829 4177 opus

462 4188 919 4262 supernaturale,
990 4188 1378 4245 nihilominus
1441 4187 1829 4245 communiter

462 4269 526 4327 fit
550 4270 863 4329 secundum
896 4270 1156 4337 modum,
1187 4286 1358 4342 quem
1398 4270 1585 4344 gratia
1612 4269 1831 4326 sancti-

463 4353 639 4411 ficans
683 4361 879 4428 suopte
904 4353 1108 4411 ordine
1138 4353 1296 4409 intra
1324 4352 1591 4410 ordinem
1618 4368 1830 4425 super-

463 4439 786 4495 naturalem
809 4438 1062 4510 exposcit
1090 4457 1102 4491 :
1128 4451 1265 4509 ergo
1281 4433 1611 4510 justificatio
1633 4435 1823 4509 impii,

462 4524 524 4577 ut
550 4520 937 4577 communiter
958 4517 1040 4584 fit,
1075 4533 1191 4574 non
1212 4522 1297 4575 est
1324 4516 1676 4573 miraculum
1702 4533 1831 4591 pro-

463 4600 608 4675 prie,
640 4606 697 4659 et
716 4600 909 4658 stricte
931 4599 1166 4656 dictum.
1192 4596 1376 4672 Major
1397 4602 1617 4656 constat
1636 4614 1707 4655 ex
1730 4599 1823 4666 iis,

461 4701 585 4761 quae
630 4688 660 4756 ξ
712 4683 1051 4758 praecedenti
1105 4680 1579 4755 praenotavimus.
1633 4681 1831 4739 Minor

461 4773 651 4825 autem
674 4764 964 4829 suadetur,
990 4762 1125 4836 quia
1143 4761 1331 4837 gratia
1345 4759 1687 4835 justificans,
1718 4776 1831 4834 qua

461 4853 622 4922 parte
664 4852 750 4904 est
799 4843 1281 4918 supernaturalis,
1335 4842 1474 4915 petit
1528 4841 1763 4916 produci
1795 4858 1830 4898 a

464 4932 611 4996 Deo,
639 4935 697 4985 et
732 4944 846 5000 qua
887 4930 1047 5001 parte
1091 4929 1176 4983 est
1218 4925 1409 4982 forma
1435 4923 1823 4991 accidentalis,

463 5010 603 5085 petit
636 5008 763 5066 fieri
794 5024 894 5081 per
919 5006 1283 5064 eductionem
1311 5021 1384 5062 ex
1414 5004 1827 5079 praesupposito

461 5090 741 5165 subjecto;
790 5095 845 5147 et
889 5088 1136 5161 denique
1161 5103 1274 5162 qua
1301 5093 1463 5161 parte
1508 5093 1593 5144 est
1640 5086 1832 5145 torma

1158 457 1251 512 DE
1291 454 1732 522 QUIDDITATE
1766 447 2369 507 JUSTIFICATIONIS
2410 446 2616 502 1MP11.

1943 619 2113 679 valde
2158 619 2422 694 perfecta.
2456 618 2701 691 postulat
2747 613 3037 673 introduci
3089 612 3316 686 depen-

1945 701 2148 758 denter
2176 716 2210 756 a
2234 697 2728 773 dispositionibus,
2760 698 2851 753 vel
2893 693 3310 760 habitualibus,

1946 782 2038 839 vel
2067 781 2404 846 actualibus,
2434 780 2751 837 secundum
2802 777 3060 835 diversas
3085 775 3315 852 subjec-

1948 868 2137 921 torum
2153 861 2527 927 conditiones,
2548 867 2610 917 ut
2623 855 3001 934 dispsspraeced.
3016 857 3147 913 dub.
3160 859 3196 912 5
3216 874 3314 914 ex—

1947 942 2254 1016 plicuimus
2298 963 2313 998 :
2357 940 2457 998 sed
2502 940 2620 998 haec
2662 939 2863 998 omnia
2920 936 3315 995 communiter

1946 1028 2296 1081 concurrunt
2342 1021 2406 1078 in
2447 1021 2817 1095 productione
2855 1020 3056 1094 gratiae
3095 1016 3316 1093 justifi—

1947 1106 2147 1171 cantis,
2180 1110 2347 1178 atque
2369 1101 2497 1159 ideo
2519 1102 2582 1159 in
2597 1100 3006 1178 ¹iustificatione
3035 1100 3221 1173 impii,
3247 1105 3316 1156 ut

1945 1186 2335 1244 communiter
2377 1180 2441 1238 fit
2474 1204 2488 1239 ε
2515 1199 2651 1259 ergo
2667 1182 3001 1258 justificatio
3030 1181 3219 1255 impii,
3248 1185 3315 1236 ut

1947 1266 2334 1324 communiter
2356 1263 2440 1330 fit,
2466 1263 2637 1321 habet
2658 1265 2828 1320 illum
2851 1262 3110 1327 modum,
3135 1275 3314 1334 quem

1946 1352 2146 1419 suapte
2164 1345 2493 1404 conditione
2519 1345 2679 1401 intra
2710 1344 3016 1418 proprium
3042 1341 3316 1400 ordinem

1949 1435 2412 1560 pogcdttifirmatur
2440 1501 2649 1576 primo,
2680 1501 2817 1574 quia
2837 1499 3169 1575 justificatio
3195 1499 3320 1556 im-

1949 1584 2030 1658 pii
2057 1599 2175 1640 non
2204 1588 2385 1655 potest
2426 1599 2548 1640 esse
2592 1582 2944 1639 miraculum
2983 1579 3236 1655 proprie,
3258 1586 3321 1637 et

1947 1665 2143 1721 stricte
2169 1663 2386 1720 dictum
2407 1678 2480 1720 ex
2507 1678 2574 1720 ea
2592 1663 2852 1737 generali
2891 1663 3134 1726 ratione,
3164 1660 3319 1735 quod

1947 1753 2032 1804 est
2057 1764 2231 1819 supra
2281 1746 2607 1803 facultatem
2637 1751 2878 1812 naturae,
2909 1751 2965 1802 et
2993 1744 3064 1801 ad
3110 1762 3323 1818 super-

1950 1829 2276 1887 naturalem
2300 1826 2566 1884 ordinem
2584 1827 2833 1898 pertinet
2853 1848 2866 1882 :
2885 1826 3099 1898 alioqui
3115 1824 3322 1882 eodem

1951 1909 2170 1966 motivo
2221 1908 2586 1965 evinceretur
2631 1913 2786 1963 actus
2845 1904 3137 1970 credendi,
3185 1921 3324 1979 spe-

1952 1990 2140 2056 randi,
2168 1996 2223 2048 et
2253 1990 2474 2062 reliqua
2501 2006 2676 2062 opera
2709 1988 3174 2063 supernaturalia
3195 2005 3324 2047 esse

1950 2074 2182 2146 proprie
2211 2070 2494 2144 loquendo
2522 2072 2826 2128 miracula.
2870 2069 3031 2135 Quod
3074 2085 3193 2127 non
3234 2076 3326 2127 est

1951 2153 2372 2214 admittendum
2406 2175 2421 2209 ε
2465 2160 2586 2209 tum
2615 2155 2750 2226 quia
2779 2154 3119 2211 adversatur
3158 2168 3326 2209 com-

1951 2237 2118 2295 muni
2142 2239 2447 2293 Doctorum
2466 2233 2684 2308 judicio
2711 2256 2724 2290 ε
2749 2240 2870 2289 tum
2895 2234 3033 2307 quia
3050 2250 3121 2290 ex
3142 2250 3329 2307 oppo-

1950 2319 2061 2375 sito
2107 2315 2284 2383 fieret,
2316 2320 2641 2373 creaturam
2669 2330 2792 2371 esse
2835 2329 3064 2370 causam
3097 2314 3329 2387 princi—

1953 2398 2142 2471 palem
2171 2394 2622 2459 miraculorum;
2660 2393 2946 2466 siquidem
2976 2395 3326 2468 principali-

1953 2484 2040 2535 ter
2065 2477 2232 2534 efficit
2270 2490 2568 2532 assensum
2596 2472 2752 2541 fidei,
2784 2479 2839 2530 et
2866 2475 3124 2547 reliquos
3163 2480 3326 2531 actus

1954 2560 2159 2616 vitales
2180 2558 2671 2631 supernaturales
2699 2553 2865 2611 Unde
2883 2557 2931 2611 si
2958 2557 3137 2613 semel
3156 2557 3326 2630 justi·

1954 2639 2141 2697 ficatio
2164 2639 2335 2713 impii
2363 2638 2603 2695 dicenda
2623 2641 2707 2694 est
2728 2637 3099 2705 miraculum,
3132 2638 3191 2694 id
3221 2639 3327 2696 ha·

1955 2720 2127 2787 bebit,
2159 2722 2295 2794 quia
2325 2722 2480 2777 intra
2503 2720 2803 2794 proprium
2832 2718 3098 2777 ordinem
3124 2735 3330 2792 super-

1955 2806 2302 2871 naturalem,
2349 2805 2412 2861 in
2451 2817 2563 2878 quo
2602 2808 2705 2868 est,
2739 2801 2802 2857 fit
2848 2801 3019 2859 modo
3059 2803 3322 2871 insolito,

1955 2887 2060 2945 hoc
2097 2893 2181 2944 est
2207 2887 2499 2943 contrario
2524 2886 2828 2959 exigentiae
2865 2886 3066 2960 gratia)
3099 2885 3324 2958 justifi—

1954 2968 2153 3033 cantis,
2187 2973 2244 3024 et
2287 2966 2607 3023 conditioni
2658 2966 2944 3040 potentioe,
2977 2967 3068 3022 cui
3118 2982 3220 3038 per
3264 2982 3327 3023 se

1956 3048 2379 3122 correspondet.
2419 3050 2649 3105 Constat
2698 3054 2908 3113 autem,
2958 3046 3326 3121 justificatio-

1957 3147 2091 3188 nem
2119 3131 2306 3203 impii,
2341 3135 2402 3184 ut
2445 3129 2836 3185 communitor
2869 3128 3172 3202 contingit,
3205 3144 3326 3186 non

1958 3213 2038 3269 ita
2082 3210 2228 3278 fieri,
2259 3209 2357 3268 sed
2399 3211 2590 3283 potius
2637 3208 2831 3283 perfici
2873 3210 3038 3282 juxta
3085 3208 3325 3266 modum

1956 3310 2270 3352 consonum
2321 3300 2438 3350 tam
2484 3293 2683 3367 gratiae
2723 3291 3085 3367 justificanti,
3148 3309 3325 3365 quam

1959 3376 2225 3449 potentias
2253 3374 2648 3440 obedientiali,
2672 3374 2762 3430 cui
2784 3374 3100 3448 gratia‘per
3126 3389 3188 3430 se
3208 3389 3329 3431 cor·

1959 3455 2296 3531 respondet:
2323 3461 2379 3513 et
2398 3456 2645 3530 gratiam
2677 3471 2795 3512 non
2819 3471 3120 3528 exposcere
3142 3454 3324 3511 alium

1959 3537 2348 3610 productionis
2379 3535 2636 3603 modum,
2668 3553 2842 3609 quam
2893 3537 3084 3602 illum,
3117 3553 3229 3609 quo
3254 3535 3326 3593 de

1958 3619 2103 3676 facto
2130 3618 2487 3691 producitur.
2519 3620 2668 3694 Ergo
2684 3617 3021 3692 justificatio
3049 3619 3236 3691 impii,
3263 3623 3326 3674 ut

1957 3701 2342 3758 communiter
2370 3699 2451 3765 fit,
2504 3718 2622 3759 non
2662 3708 2746 3759 est
2790 3701 3139 3757 miraculum
3186 3715 3323 3772 pro-

1960 3784 2102 3858 prie,
2128 3789 2183 3840 et
2207 3784 2402 3841 stricte
2423 3782 2661 3840 dictum.
2791 3853 2800 3861 ·

2034 3861 2424 3920 Confirmatur
2463 3863 2710 3921 secundo
2750 3861 3090 3935 explicando
3115 3861 3321 3919 discri-
3361 3874 3531 3921 counr-

1958 3959 2115 4010 men,
2146 3943 2297 4017 quod
2327 3947 2391 4000 1).
2423 3944 2629 4000 Thom.
2664 3945 2814 4001 inter
2845 3943 3321 4000 resurrectionem
3363 3930 3523 3971 ''¹²¹¹“

1958 4024 2200 4091 mortui,
2222 4030 2277 4082 et
2306 4025 2474 4098 impii
2498 4023 2968 4099 justificationem
2995 4024 3320 4080 constituit:

1959 4104 2234 4179 quoniam
2266 4103 2392 4161 ideo
2436 4105 2639 4161 reunio
2681 4105 2892 4161 animae
2919 4104 2988 4161 ad
3016 4105 3325 4160 materiam

1959 4192 2044 4245 est
2064 4187 2426 4253 miraculosa,
2450 4187 2586 4259 quia
2628 4187 2758 4244 licet
2796 4189 2992 4243 anima
3032 4189 3108 4243 sit
3137 4186 3328 4243 torma

1960 4268 2261 4333 naturalis,
2288 4274 2344 4325 et
2380 4268 2696 4326 secundum
2722 4286 2784 4326 se
2809 4268 3170 4326 considerata
3195 4283 3328 4325 cor-

1961 4347 2296 4422 respondeat
2375 4351 2642 4422 potentiae
2715 4351 2971 4407 naturali
3037 4348 3325 4415 materiaeg

1961 4429 2346 4487 nihilominus
2384 4431 2448 4486 in
2497 4430 2916 4487 resurrectione
2957 4446 3074 4487 non
3124 4430 3330 4485 unitur

1961 4509 2053 4566 illi
2081 4508 2395 4566 secundum
2420 4510 2657 4567 modum
2681 4527 2713 4566 a
2734 4527 2794 4567 se
2821 4518 3100 4587 exactum,
3117 4524 3330 4581 nempe

1959 4588 2150 4647 media
2172 4592 2563 4664 generatione,
2598 4596 2654 4648 et
2681 4591 3207 4649 intervenientibus
3234 4591 3330 4647 his

1960 4673 2455 4747 dispositionibuS,
2480 4673 2689 4748 quibus
2711 4675 2969 4731 materiae
2996 4673 3333 4748 appropria·

1960 4759 2054 4810 tur
2085 4776 2098 4810 z
2127 4754 2225 4811 sed
2244 4756 2432 4830 gratia
2450 4755 2773 4830 justificans
2797 4756 3067 4830 impium,
3097 4762 3156 4810 ut
3176 4770 3330 4811 com·

1960 4838 2216 4894 munitet·
2240 4836 2594 4912 producitur,
2622 4840 3083 4896 communicatur
3111 4837 3329 4894 animae

1959 4918 2273 4976 secundum
2297 4919 2555 4987 modum,
2575 4937 2745 4992 quem
2775 4922 2895 4994 ipsa
2917 4922 3105 4996 gratia
3129 4924 3334 4993 suapte

1960 5001 2288 5059 conditione
2328 4999 2398 5058 ab
2427 5002 2740 5059 intrinseco
2769 5005 3033 5076 postulat,
3061 5002 3335 5059 videlicet

1962 5099 2064 5158 per
2090 5085 2372 5142 actionem
2397 5084 2516 5153 Dei,
2548 5091 2603 5143 et
2625 5084 2832 5143 mediis
2853 5083 3331 5160 dispositionibus

3061 5166 3330 5242 ejusdem
