3647 5753
1389 391 1565 447 DlSP.
1613 389 1731 454 vn,
1775 387 1940 443 DUB.
1986 389 2056 442 11.
2550 412 2553 415 ¹
3062 390 3133 442 25

28 588 232 637 [tegetur.
321 567 418 624 37.
446 570 595 633 Quae
631 572 833 628 omnia
853 572 1101 644 amplius
1130 572 1413 630 illustrari
1444 571 1637 627 valent

253 647 624 721 Angelorum
677 652 942 724 exemplo
979 675 994 716 3
1067 668 1267 710 omnes
1316 652 1476 709 enim
1533 665 1635 707 eo-

257 726 389 784 dem
417 730 568 797 loco,
597 730 804 789 eodem
834 739 1106 806 tempore,
1137 749 1268 790 cum
1298 731 1498 791 eadem
1526 747 1635 787 na-

260 808 437 865 turali
459 808 862 882 dispositione,
892 817 948 869 et
972 811 1078 868 sub
1102 812 1317 871 eisdem
1357 812 1636 871 circums-

259 890 464 945 tantiis
504 898 849 963 receperunt
865 892 1110 966 gratiam
1130 892 1383 967 ejusdem
1405 890 1629 965 speciei,

264 976 322 1025 et
346 969 723 1028 sufficientem
750 979 1029 1045 quantum
1055 978 1140 1030 est
1165 972 1237 1029 de
1249 988 1311 1031 se
1339 971 1408 1029 ad
1440 987 1637 1045 perse-

270 1050 592 1107 verandum
627 1073 641 1107 ε
669 1058 727 1109 et
755 1053 1140 1110 nibilominus
1169 1054 1432 1127 praedicta
1451 1052 1637 1127 gratia

272 1132 339 1186 in
379 1129 742 1203 quibusdam,
774 1146 982 1205 nempe
1028 1133 1093 1189 in
1120 1132 1303 1202 boniS,
1337 1137 1637 1205 assequuta

269 1216 360 1266 est
387 1211 687 1284 proprium
715 1211 978 1269 effectum
1010 1237 1025 1280 3
1053 1214 1198 1271 alios
1226 1219 1439 1279 autem,
1465 1210 1638 1268 nimi·

273 1308 411 1347 rum
437 1293 639 1359 malm,
672 1308 792 1349 non
812 1292 989 1348 traxit
1020 1309 1192 1369 :ergo
1224 1294 1471 1368 gratiam
1515 1306 1638 1348 esse

270 1388 607 1448 congruam,
646 1372 771 1429 sive
795 1372 1093 1440 efficacem,
1126 1390 1244 1431 non
1288 1373 1545 1431 consistit
1573 1371 1637 1426 in

269 1471 362 1522 eo,
387 1454 537 1529 quod
573 1454 824 1511 liberum
851 1454 1162 1512 arbitrium
1189 1456 1264 1512 sit
1291 1460 1637 1527 attempera-

272 1544 422 1601 tum,
452 1542 508 1593 et
527 1541 850 1609 coaptatum
880 1537 988 1610 ipsi
1009 1537 1228 1611 gratiae.
1257 1538 1417 1593 Patet
1436 1550 1638 1593 conse-

269 1616 529 1689 quentia,
560 1616 836 1689 quoniam
866 1616 928 1672 in
958 1616 1224 1690 praedicto
1249 1631 1399 1681 casu,
1425 1620 1481 1672 et
1500 1631 1639 1687 sup-

272 1696 479 1771 positis
556 1695 645 1762 iis,
691 1712 815 1769 quaa
859 1697 921 1753 in
995 1696 1203 1771 majori
1250 1699 1634 1761 recensentur,

269 1775 508 1834 etiamsi
572 1773 828 1850 fingendi
901 1776 1194 1833 licentiam
1240 1774 1634 1840 concedamus,

273 1875 400 1916 non
427 1863 662 1931 apparet
686 1873 860 1930 quam
901 1859 1180 1931 majorem
1211 1856 1641 1930 attemperatio-

274 1955 417 1996 nem
444 1954 574 1995 cum
600 1939 784 2012 gratia
825 1937 1135 1996 habuerint
1161 1937 1395 2011 quidam
1435 1937 1640 2011 Angeli

273 2036 401 2093 prae
428 2018 558 2076 aliis
592 2040 605 2074 3
654 2019 909 2076 maxime
944 2035 1073 2076 cum
1124 2019 1240 2083 iiie,
1270 2019 1369 2091 qui
1411 2023 1532 2083 tam
1577 2018 1641 2073 in

273 2098 665 2164 naturalibuS,
681 2115 851 2171 quam
868 2100 931 2154 in
945 2099 1211 2174 gratuitis
1231 2098 1450 2156 caeteris
1472 2114 1644 2171 praee·

275 2180 562 2247 minebat,
604 2196 809 2254 nempe
837 2181 1081 2250 Lucifer,
1114 2196 1232 2238 non
1260 2181 1644 2253 permanserit

37 2285 92 2322 υ
101 2281 235 2322 ηο-
278 2270 342 2320 ut
365 2261 543 2318 tradit
570 2263 634 2317 D.
660 2261 908 2319 Thomas
937 2265 956 2318 l
1012 2279 1076 2334 p.
1103 2269 1287 2339 quast.
1316 2261 1409 2327 63,
1442 2267 1551 2317 art.
1584 2261 1638 2328 3,

71 2340 189 2373 '²¹³³
279 2345 594 2416 nullusque
635 2343 810 2400 fuerit
834 2344 1187 2418 Angelorum
1234 2342 1392 2408 ordo,
1418 2358 1489 2399 ex
1533 2359 1646 2416 quo

279 2424 469 2497 aliqui
493 2440 608 2480 non
629 2422 958 2490 oeciderint,
982 2428 1038 2480 et
1064 2423 1165 2479 alii
1195 2424 1639 2496 permanserint.

278 2505 447 2572 Quod
483 2505 620 2562 satis
669 2503 903 2571 evincit,
934 2504 1180 2578 gratiam
1223 2520 1341 2561 non
1368 2504 1647 2577 accepisse

277 2586 699 2662 congruitatem
744 2590 801 2642 et
817 2584 1123 2642 efficaciam
1166 2601 1237 2643 ex
1265 2590 1516 2658 respectu
1556 2590 1646 2642 at-

279 2666 720 2740 temperationis
747 2666 818 2722 ad
846 2662 1098 2722 liberum
1120 2666 1473 2739 Angelorum
1496 2664 1647 2721 arbi·

280 2749 505 2814 trium3
546 2748 690 2803 alias
733 2747 827 2803 vel
870 2746 979 2804 soli
1024 2747 1369 2818 superiores,
1401 2747 1497 2802 vel
1537 2745 1647 2803 soli

280 2828 597 2886 inferiores
661 2826 1019 2886 deiecissent.
1075 2827 1135 2883 Si
1199 2827 1361 2885 enim
1405 2825 1643 2895 dicatur,

275 2910 532 2986 gratiam
553 2924 756 2966 eorum
781 2908 987 2964 factam
1009 2908 1184 2964 fuisse
1208 2922 1520 2980 congruam
1550 2922 1649 2978 per

208 2995 220 3002 “
277 2989 686 3048 habitudinem
726 2989 799 3047 ad
839 2995 1074 3046 naturas
1110 2988 1317 3061 speciei
1349 2988 1651 3061 perfectio-

279 3075 390 3140 ris,
420 3071 664 3137 Lucifer,
679 3077 737 3128 et
758 3070 861 3126 alii
887 3084 1088 3126 omnes
1107 3068 1312 3143 Angeli
1327 3068 1650 3141 superiores

281 3154 689 3229 perstitissent,
732 3152 867 3224 quia
915 3156 1193 3225 repugnat
1237 3151 1484 3225 gratiam
1527 3165 1651 3206 esse

281 3251 622 3309 congruam,
672 3239 729 3289 et
771 3231 971 3290 effectu
1016 3231 1367 3289 defraudari.
1412 3231 1469 3286 Si
1511 3245 1650 3288 vero

283 3322 602 3378 asseratur,
639 3314 844 3369 iactam
857 3312 1033 3368 fuisse
1035 3326 1361 3401 congruam
1405 3325 1506 3382 per
1527 3324 1652 3367 res-

279 3401 520 3471 pectum
541 3393 613 3450 ad
642 3398 877 3449 naturas
900 3391 1087 3463 specie
1107 3391 1432 3458 inferiores,
1450 3405 1652 3447 omnes

277 3474 501 3550 Angeli
536 3472 840 3530 inferiores
866 3472 1359 3544 permansissent:
1386 3469 1536 3544 quod
1562 3475 1652 3526 ta-

279 3572 432 3614 men
459 3560 665 3630 negant
700 3555 1084 3612 communiter
1124 3569 1254 3611 cum
1307 3555 1652 3609 Damascene

280 3641 389 3697 lib.
423 3640 459 3694 2
501 3638 564 3693 de
610 3637 743 3695 Fide
767 3654 891 3710 cap.
918 3638 974 3693 4.
1019 3635 1216 3692 Dicere
1240 3650 1380 3691 vero
1405 3634 1653 3709 gratiam

280 3720 572 3793 accepisse
590 3718 1003 3794 congruitatem
1022 3733 1123 3790 per
1143 3715 1407 3774 ordinem
1424 3715 1494 3773 ad
1514 3731 1655 3772 con-

280 3802 542 3859 ditiones
586 3798 974 3856 individuales
1019 3796 1392 3871 Angelorum,
1437 3795 1656 3853 ridicu-

284 3887 426 3941 lum
445 3887 568 3938 est:
614 3888 735 3937 tum
762 3880 900 3953 quia
924 3878 984 3935 id
1010 3878 1121 3935 dici
1173 3894 1290 3935 non
1319 3882 1515 3951 potest,
1542 3877 1655 3933 nisi

279 3962 643 4026 voluntarie,
675 3967 732 4017 et
757 3957 1077 4017 divinando
1108 3980 1122 4015 ε
1166 3963 1287 4014 tum
1316 3957 1450 4031 quia
1489 3956 1658 4013 diffe-

282 4045 502 4104 rentiae
524 4042 911 4099 individuales
932 4042 1283 4115 Angelorum
1304 4044 1658 4096 convertun-

281 4136 393 4185 tur
415 4140 488 4182 ex
509 4131 668 4199 parte
690 4123 776 4196 rei
796 4128 1078 4195 conceptae
1104 4139 1233 4178 cum
1258 4138 1460 4180 eorum
1488 4121 1660 4178 diffe-

282 4207 507 4266 rentiis
550 4204 844 4279 specificis.
875 4204 1069 4259 Minor
1096 4209 1288 4260 autem
1337 4203 1512 4266 totius
1536 4201 1661 4258 dis—

279 4303 502 4347 cursus
520 4292 605 4343 est
629 4285 700 4343 de
751 4284 911 4341 Fide.
951 4284 1135 4358 Major
1162 4289 1354 4340 autem
1380 4288 1465 4340 est
1507 4287 1661 4341 certa

277 4367 484 4446 quoad
511 4383 711 4425 omnes
733 4371 951 4459 partes;
982 4380 1117 4422 nam
1148 4366 1210 4422 in
1234 4363 1440 4438 primis
1459 4380 1662 4422 omnes

275 4449 507 4525 Angeli
549 4453 716 4505 erant
766 4448 869 4504 in
887 4448 1027 4503 coelo
1094 4460 1383 4519 empyreo,
1435 4445 1499 4501 in
1549 4460 1663 4517 quo

45 4550 237 4590 Dran·
274 4531 476 4591 creati
497 4534 646 4594 sunt
664 4511 981 4585 utdocetD.
1002 4527 1208 4583 Thom.
1240 4528 1260 4581 1
1304 4532 1456 4598 part.
1476 4532 1660 4603 quast.

75 4607 189 4640 ¹²³⁵·
273 4616 387 4678 61,
443 4618 553 4666 are.
592 4613 649 4675 4,
704 4623 876 4682 quem
920 4612 1236 4680 sequuntur
1277 4604 1664 4662 communiter

278 4690 593 4764 Theologi.
627 4687 844 4746 Deinde
880 4686 1081 4744 eodem
1128 4692 1385 4757 tempore
1427 4684 1663 4757 quidam

280 4787 501 4832 eorum
517 4772 912 4842 peccaverunt,
936 4771 993 4823 et
1011 4763 1260 4856 quidam·
1261 4763 1331 4821 ad
1346 4767 1524 4821 Deum
1546 4778 1666 4820 om-

283 4851 540 4915 nimoda
566 4849 986 4910 deliberatione
1004 4861 1265 4904 convers1
1280 4850 1432 4913 sunt
1460 4859 1668 4918 nempe

285 4941 362 4996 in
391 4932 636 4991 instanti
661 4927 1001 4988 immediate
1020 4925 1275 4999 sequenti
1305 4930 1428 4999 post
1446 4925 1670 4982 instans

292 5013 644 5079 creationis,
668 5015 731 5066 ut
772 5006 948 5065 tradit
970 5006 1121 5064 idem
1147 5007 1386 5062 Sanctus
1412 5007 1614 5063 Doctor
1643 5005 1663 5059 i

446 5110 741 5171 Salmone.
771 5104 937 5166 Curs.
971 5103 1194 5174 theolo9.
1224 5110 1352 5159 tom.
1386 5099 1452 5159 Χ.

1764 572 1913 637 part.
1939 571 2124 641 quaest.
2148 565 2241 629 63,
2264 574 2377 622 art.
2394 567 2430 620 5
2460 572 2515 622 et
2534 567 2590 622 ὃ.
2623 567 2904 623 Praeterea
2933 581 3133 623 omnes

1766 651 1900 702 ante
1928 651 2234 717 peccatum,
2251 652 2306 702 et
2317 644 2589 702 meritum
2613 646 2772 702 suere
2792 646 2896 701 sub
2917 646 3133 703 eisdem

1764 725 2104 782 extrinsecis
2130 725 2595 792 circumstantiiS,
2627 742 2767 799 quas
2812 724 3133 800 excogitare

1768 806 1917 863 licet.
1949 805 2207 863 Tandem
2235 822 2436 863 omnes
2455 808 2517 863 in
2539 823 2641 863 sua
2667 809 2954 865 creatione
2976 824 3133 865 acce-

1768 894 1972 962 perant
2009 889 2256 962 gratiam
2302 888 2776 955 sanctificantem,
2807 906 2920 962 qua
2974 898 3133 963 pote-

1771 976 1903 1027 rant
1941 986 2330 1042 perseverare,
2356 977 2419 1027 ut
2445 988 2573 1027 cum
2620 974 2937 1046 Augustino
2962 972 3136 1030 tradit

1769 1054 2086 1126 Praeceptor
2108 1054 2410 1127 Angelicus
2440 1055 2457 1109 l
2506 1064 2653 1127 part.
2691 1062 2874 1130 qus-et.
2898 1056 2990 1122 62,
3021 1063 3132 1111 art.

1768 1133 1822 1188 3.
1855 1133 2016 1191 Unde
2065 1135 2238 1208 igitur
2282 1134 2564 1200 venanda,
2591 1137 2682 1193 vel
2724 1134 2988 1208 fingenda
3053 1141 3136 1190 est

1767 1213 1996 1272 diversa
2047 1216 2149 1271 illa
2195 1218 2591 1288 attemperatio
2656 1216 2824 1273 liberi
2904 1216 3136 1272 arbitrii

1770 1296 2121 1370 Angelorum
2144 1312 2272 1352 cum
2299 1297 2504 1370 gratia,
2536 1304 2596 1353 ut
2622 1297 2843 1354 dicatur
2872 1298 3053 1368 ipsam
3074 1297 3134 1352 in

1768 1375 2110 1450 quibusdam
2157 1376 2332 1433 fuisse
2369 1392 2699 1452 congruam,
2746 1385 2802 1434 et
2828 1378 3130 1441 efficacem,

1768 1459 1903 1531 quia
1931 1457 2179 1515 liberum
2191 1457 2500 1515 arbitaium
2513 1460 2837 1534 angelicum
2852 1460 2905 1517 ei
2925 1465 3136 1516 attem-

1771 1538 2116 1614 perabatur,
2102 1563 2115 1575 ·
2142 1539 2204 1595 in
2225 1540 2356 1597 aliis
2376 1558 2515 1599 vero
2537 1540 2609 1599 ob
2637 1539 3134 1613 attemperationis

1770 1620 2084 1677 carentiam
2125 1620 2300 1676 fuisse
2350 1622 2727 1695 incongruam
2774 1627 2830 1677 et
2878 1620 3132 1677 ineffica-

1770 1701 1941 1757 cem?
1988 1700 2104 1755 Hoc
2158 1702 2421 1772 exemplo
2461 1701 2642 1757 utitur
2681 1704 2898 1757 Franco
2946 1698 3133 1755 Abbas
3163 1705 3329 1747 Franco

1774 1787 1912 1839 tom.
1951 1782 1968 1836 1
2025 1779 2110 1836 de
2144 1782 2348 1853 gratia,
2400 1784 2547 1840 circa
2588 1782 2785 1847 finem,
2850 1781 2947 1838 ubi
2995 1795 3133 1838 con-
3170 1753 3327 1797 ”¹³³⁵

1771 1862 1986 1921 cludit:
2017 1884 2042 1913 α
2071 1863 2185 1917 Nec
2229 1862 2531 1928 inutiliter,
2567 1864 2696 1920 ticet
2742 1864 2910 1937 paulo
2952 1861 3134 1934 proli-

1780 1967 1805 1997 «
1833 1944 1982 2010 xius,
2008 1942 2078 2000 ad
2112 1944 2503 2002 miserabilem
2533 1947 2700 2020 hujus
2727 1950 2991 2018 apostatae
3011 1948 3137 1999 An-

1780 2046 1805 2076 «
1835 2023 1948 2098 geli
1976 2023 2220 2095 lapsum,
2245 2029 2302 2080 et
2323 2025 2620 2097 Prophetae
2639 2040 2887 2097 supereo
2909 2026 3137 2080 lamen-

1781 2128 1807 2159 «
1850 2111 1972 2160 tum
1998 2120 2069 2160 ex
2095 2104 2300 2162 ordine
2317 2103 2688 2178 digresserim
2723 2130 2737 2172 ;
2767 2106 2866 2161 sed
2915 2112 2978 2161 ut
3009 2105 3139 2161 evi-

1782 2209 1807 2238 «
1837 2184 2067 2242 dentius
2114 2201 2146 2242 e
2195 2184 2424 2242 diverso
2474 2187 2788 2254 insinuem,
2856 2190 3137 2258 quantum

1783 2289 1808 2319 α
1838 2265 2038 2340 gratiae
2065 2265 2165 2323 Dei
2193 2265 2344 2323 beati
2379 2266 2626 2339 Spiritus
2678 2266 2963 2323 debitores
2983 2266 3140 2322 exis·

1784 2369 1809 2400 α
1839 2350 1980 2412 tant,
2007 2348 2088 2420 cuj
2100 2363 2163 2402 us
2189 2362 2448 2413 munere,
2482 2348 2612 2404 aliis
2638 2363 2670 2404 e
2698 2353 2855 2404 tanto
2882 2346 3139 2402 culmine

1785 2448 1809 2477 α
1839 2424 2134 2500 dignitatis
2185 2426 2436 2498 impulsu
2474 2426 2755 2499 superbia)
2809 2425 3131 2488 ruentibuS,

1785 2530 1810 2561 «
1842 2508 1950 2581 ipsi
1979 2508 2040 2564 in
2060 2514 2288 2565 aeternae
2314 2508 2686 2566 beatitudinis
2712 2525 2827 2565 suae
2849 2507 3137 2565 soliditate

1785 2611 1810 2641 α
1842 2589 2218 2661 perstiterint.
2253 2609 2280 2641 »

1852 2669 1942 2725 38.
1975 2669 2134 2733 Quod
2160 2668 2208 2724 si
2238 2669 2328 2725 his
2353 2668 2623 2726 omnibus
2653 2669 3013 2742 respondeas,
3048 2673 3137 2724 at·
3191 2688 3302 2743 nnu-

1780 2750 2254 2822 temperationem
2275 2749 2566 2821 aVasquio
2586 2749 3034 2806 intentaminter
3064 2749 3141 2804 li·-
3186 2746 3311 2789 3¹⁰¹*

1781 2828 1984 2888 berum
2003 2830 2330 2897 arbitrium,
2350 2836 2406 2889 et
2418 2830 2663 2906 gratiam
2677 2831 2824 2887 nihil
2839 2828 2997 2887 aliud
3021 2845 3143 2887 esse

1780 2927 1952 2984 quam
1985 2910 2232 2982 gratiam
2288 2911 2387 2967 hic·
2429 2916 2485 2967 et
2530 2927 2682 2966 nunc
2726 2910 2919 2966 datam
2970 2909 3144 2964 fuisse

1736 2990 1740 2993 ’
1783 2991 2086 3065 praevisam
2135 3006 2236 3063 per
2276 2992 2574 3047 scientiam
2616 2990 2868 3047 mediam
2911 2988 3144 3045 habitu-

1784 3088 1909 3128 ram
1937 3069 2198 3128 esfectum
2226 3070 2331 3127 sub
2354 3071 2917 3137 hiscircumstantiis‚
2944 3075 2999 3125 et
3027 3085 3145 3126 non
3228 3115 3236 3124 .

1782 3149 1888 3207 sub
1910 3150 2043 3206 aliis
2068 3151 2534 3216 circumstantiiS,
2566 3156 2623 3207 et
2671 3147 3145 3222 dispositionibus

1784 3229 2191 3287 naturalibus.
2220 3236 2388 3303 atque
2422 3229 2550 3288 ideo
2576 3231 2789 3303 optime
2836 3230 3140 3293 cohaerere,

1782 3310 1931 3384 quod
1959 3311 2143 3387 gratia
2168 3310 2336 3368 detur
2364 3310 2607 3368 arbitrio
2625 3327 2695 3367 ex
2716 3327 2778 3378 se
2806 3310 3148 3382 indisposite

1782 3398 1842 3451 et
1860 3392 2235 3467 repugnanti3
2259 3398 2315 3450 et
2335 3392 2484 3466 quod
2513 3393 2896 3449 nihilominus
2923 3391 3147 3447 dicatur

1783 3490 2025 3544 conyrua
2062 3489 2163 3546 per
2204 3479 2523 3547 respectum
2572 3471 2639 3528 ad
2674 3473 2859 3545 ipsum
2889 3470 2993 3526 sub
3020 3472 3159 3526 tati-1

1786 3557 1891 3613 bus
1915 3555 2360 3613 circumstantiis
2385 3555 2779 3622 constitutum,
2811 3554 2919 3609 sub
2936 3552 3157 3625 quibus*

1787 3637 2136 3712 praevidetur
2158 3635 2426 3693 habitura
2453 3635 2753 3693 effectum:
2772 3641 2828 3691 et
2853 3647 3149 3694 econver-

1785 3735 1868 3785 s0,
1906 3716 2056 3791 quod
2102 3716 2270 3773 detur
2309 3714 2553 3772 arbitrio
2597 3721 2725 3787 apte
2771 3714 3061 3804 dispositO,
3094 3721 3149 3770 et

1788 3815 1906 3856 non
1953 3795 2316 3872 repugnanti,
2345 3799 2403 3850 et
2427 3793 2574 3867 quod
2603 3795 2708 3851 hoc
2750 3791 2869 3850 non
2884 3793 3151 3850 obstante

1788 3879 2108 3952 appelletur
2152 3893 2262 3930 non
2301 3891 2540 3945 conyrua
2594 3889 2696 3946 per
2739 3873 3171 3929 habitudinem⁴

1789 3958 1861 4016 ad
1889 3959 2074 4029 ipsum
2113 3955 2217 4011 sub
2244 3954 2454 4012 talibus
2499 3954 2945 4072 circumstantiis
2996 3953 3156 4056 exis-

1791 4046 2027 4099 tentem.

1866 4123 1999 4187 Hoc,
2027 4120 2288 4191 inquam,
2319 4115 2567 4183 emicas,
2596 4065 3147 4188 {aniledispeltitun
3178 4138 3356 4184 Praectu-

1791 4207 1914 4258 tum
1941 4200 2074 4273 quia
2099 4197 2342 4256 efficacia
2367 4197 2571 4271 gratia!
2589 4196 2861 4251 salvatur.
2869 4195 3161 4268 indepen-
3191 4189 3316 4232 ‘¹¹¹⁰'-

1789 4281 1993 4339 denter
2038 4295 2070 4336 a
2109 4277 2346 4335 scientia
2387 4275 2601 4345 media,
2622 4281 2677 4332 et
2701 4291 2843 4332 cnm·
2868 4276 3015 4330 itta
3032 4290 3152 4332 non

1793 4369 1942 4421 recte
1991 4362 2252 4428 cohaeret,
2320 4365 2383 4416 ut
2424 4360 2557 4415 dub.-
2578 4358 2727 4433 2³20.
2761 4356 3148 4431 probabimus.

1791 4446 1940 4500 Tum
1980 4442 2176 4509 etiam,
2208 4440 2344 4513 quia
2387 4438 2929 4512 attemperatiossitta
2954 4438 3163 4512 gratia}

1794 4539 1926 4581 cum
1947 4520 2208 4587 arbitrio,
2235 4521 2415 4594 quam
2434 4516 2978 4591 Nasquezadstrttit,
3008 4534 3163 4590 praa-‘1

1795 4601 1943 4660 cedit
1981 4616 2053 4658 ex
2094 4606 2254 4674 parte
2279 4600 2495 4674 objecti·
2514 4598 2831 4656 scientiam*
2860 4598 3169 4662 m'ediam3·

1797 4684 1914 4738 haec
1940 4680 2151 4753 quippe
2167 4696 2303 4736 cum
2318 4687 2455 4737 non
2469 4679 2546 4734 sit
2567 4676 2838 4762 practica
2866 4677 2995 4735 'non
3025 4678 3171 4734 facit

1797 4776 1968 4818 suum
2020 4758 2327 4834 obJectum,
2347 4758 2459 4815 sed
2471 4757 2693 4848 ipsum
2715 4773 2877 4813 cum
2878 4756 3161 4813 omnibus

1793 4837 2248 4898 circumstantiis
2292 4853 2364 4895 ex
2394 4841 2553 4910 p'arte
2603 4838 2725 4929 ejus
2750 4853 2810 4893 se
2837 4836 3170 4893 tenentibus

1802 4921 2219 4996 praesupponat.
2245 4917 2577 4992 mquezideo
2588 4918 2647 4973 si
2660 4920 2816 4976 Deus
2855 4933 2955 4991 per
2977 4918 3165 4975 scien-

1802 5004 1946 5060 tiam
1994 4999 2573 5075 mediam..praeyrd1t
2606 5001 2883 5074 quosdam
2912 5000 3167 5073 Angelos

2988 5094 3023 5148 3
