3647 5753
480 373 590 429 502

473 541 609 598 bilis
638 542 801 599 foret.
829 542 995 599 Unde
1035 559 1138 600 nec
1176 560 1248 601 ex
1276 548 1434 616 parte
1474 543 1834 619 ignorantiae,

473 637 578 678 nec
596 638 668 678 ex
689 627 850 694 parte
873 623 1255 680 involuntarii
1279 631 1647 681 excusaretur
1669 624 1840 681 homo

394 739 399 744 -
470 703 727 776 graviter
767 720 1017 775 peccans,
1051 720 1153 761 uec
1192 703 1506 763 offenderet
1531 708 1711 762 Deum
1739 722 1842 762 su-

263 3383 460 3436 chttcae.

473 786 903 856 pernaturalem
934 786 1254 853 authorem,
1281 791 1336 843 et
1356 784 1552 843 finem.
1586 788 1841 843 Praeser—

472 864 580 919 tim
622 865 756 936 quia
800 871 858 921 ut
885 866 1216 940 ignorantia
1254 873 1500 933 excuset,
1531 866 1696 924 debet
1735 865 1842 923 ad-

465 945 638 1020 jungi
672 945 889 1019 judicio
910 946 1214 1019 probabili,
1245 947 1396 1021 quod
1420 948 1524 1004 illa
1548 949 1714 1013 ratio,
1748 948 1840 1004 vel

472 1025 900 1095 circunstantia,
945 1044 1069 1101 quae
1108 1044 1180 1086 ex
1219 1035 1381 1102 parte
1420 1028 1621 1103 obJ'ecti
1650 1028 1839 1101 reipsa

474 1108 628 1175 latet,
660 1124 776 1165 non
798 1110 938 1164 insit
965 1110 1086 1177 illi;
1113 1109 1369 1182 alioquin
1395 1126 1497 1167 nec
1513 1108 1839 1184 ignorantia

470 1191 587 1247 erit
608 1190 985 1257 invincibiliS,
1006 1207 1109 1247 nec
1131 1191 1303 1248 homo
1319 1207 1447 1248 cum
1472 1192 1575 1248 illa
1596 1206 1840 1264 operans

466 1269 834 1327 excusabitur
856 1287 888 1326 a
915 1276 1155 1343 peccato,
1176 1277 1238 1328 ut
1259 1277 1411 1345 patet
1433 1272 1555 1345 ipso
1574 1271 1840 1344 exemplo

474 1351 537 1407 in
565 1352 921 1407 contrarium
951 1351 1159 1409 allato:
1201 1369 1337 1409 nam
1378 1358 1442 1408 ut
1481 1350 1839 1409 interficiens

472 1431 745 1487 clericum
788 1437 1087 1489 excusetur
1127 1449 1159 1489 a
1198 1433 1517 1508 sacrilegiO,
1552 1449 1693 1505 opus
1731 1436 1834 1499 est,

467 1512 618 1587 quod
650 1514 962 1586 prudenter
984 1513 1348 1588 judicaverit,
1384 1531 1500 1573 non
1523 1531 1643 1572 esse
1662 1513 1840 1574 cleri-

468 1611 624 1652 cum.
653 1597 835 1652 Homo
858 1601 1046 1653 autem
1071 1596 1134 1651 in
1152 1597 1311 1669 puris
1332 1595 1611 1662 condituS,
1632 1612 1840 1670 quam-

474 1677 563 1733 vis
581 1676 871 1750 ignoraret
892 1678 1312 1735 invincibiliter
1329 1680 1508 1735 Deum
1524 1677 1733 1735 secund
1743 1693 1839 1733 um

475 1757 769 1830 propriam
799 1758 1081 1816 rationem
1123 1759 1382 1816 authoris
1422 1763 1840 1833 supernatura-

473 1838 567 1904 lis,
599 1838 985 1895 nihilominus
1014 1855 1130 1896 non
1160 1846 1345 1911 posset
1378 1841 1525 1897 hanc
1554 1840 1839 1897 rationem

475 1917 852 1991 probabiliter
874 1917 944 1974 ab
969 1934 1036 1975 eo
1062 1919 1399 1988 excludere;
1433 1936 1568 1976 nam
1597 1936 1662 1976 eo
1691 1920 1834 1993 ips0‚

474 1997 622 2071 quod
664 2004 1022 2071 cognosceret
1058 2001 1237 2056 Deum
1277 2015 1398 2056 esse
1435 1998 1753 2066 infinitum,
1784 2004 1842 2055 et

473 2080 1142 2152 incomprehensibilem,
1193 2080 1426 2139 deberet
1460 2080 1737 2156 judicare,
1786 2084 1841 2137 et

474 2158 725 2224 credere,
760 2175 919 2232 posse
945 2161 1163 2229 omnia,
1196 2177 1321 2235 quae
1349 2176 1466 2217 non
1495 2160 1798 2232 implicant
1825 2180 1838 2216 :

475 2241 538 2297 in
579 2256 689 2313 quo
727 2241 912 2312 reipsa
951 2241 1238 2298 clauditur
1268 2242 1415 2299 ratio
1442 2241 1702 2298 authoris
1740 2257 1841 2297 su-

475 2323 882 2396 pernaturaliS,
932 2324 1134 2380 saltem
1177 2326 1239 2381 in
1278 2323 1533 2381 confuso.
1587 2325 1841 2388 Quamo-

473 2405 637 2462 brem
666 2404 802 2460 dum
831 2405 1087 2479 graviter
1127 2411 1398 2479 peccaret,
1433 2409 1616 2462 totum
1661 2407 1841 2463 Deum

473 2484 786 2558 (cognitum
803 2485 1067 2557 explicite
1081 2490 1144 2540 ut
1165 2485 1464 2542 authorem
1491 2486 1835 2553 naturalem,

472 2569 530 2621 et
558 2563 836 2636 implicite
863 2569 923 2618 ut
948 2566 1474 2637 supernaturalem)
1501 2563 1836 2631 offenderet,

472 2649 531 2701 et
576 2643 647 2699 ab
693 2644 816 2716 ipso
854 2644 1166 2700 secundum
1209 2650 1513 2717 utramque
1554 2645 1841 2702 rationem

476 2727 855 2780 averteretur.
887 2725 1185 2796 Potestque
1212 2723 1329 2780 haee
1370 2724 1665 2797 responsio
1701 2740 1844 2781 con-

477 2801 702 2858 firmari
742 2806 864 2858 tum
904 2804 1169 2875 exemplo
1195 2818 1415 2870 eorum,
1447 2803 1549 2878 qui
1585 2803 1655 2860 de
1698 2804 1842 2860 facto

476 2884 748 2959 ignorant
789 2886 965 2940 Deum
1009 2900 1130 2941 esse
1165 2885 1466 2942 authorem
1494 2890 1838 2958 supernatu-

476 2966 681 3033 ralem,
726 2972 788 3022 ut
827 2983 1001 3040 supra
1050 2967 1497 3039 ponderavimus
1535 2973 1567 3040 ὃ
1611 2970 1667 3033 4,
1717 2972 1842 3024 tum

473 3060 697 3112 eorum,
729 3046 825 3119 qui
856 3047 919 3101 in
941 3063 1007 3104 eo
1034 3062 1313 3119 purorum
1336 3054 1484 3105 statu
1506 3048 1843 3123 ignorarent

474 3127 901 3185 invincibiliter
940 3130 1120 3185 Deum
1160 3145 1281 3186 esse
1308 3130 1607 3187 authorem
1644 3130 1843 3204 grat-iae

473 3209 738 3282 specialis
760 3210 1048 3265 naturalis
1069 3233 1082 3277 3
1112 3213 1168 3265 et
1193 3207 1387 3266 tamen
1413 3225 1534 3268 non
1555 3215 1782 3285 possent
1809 3226 1845 3266 a

476 3296 698 3364 peccato
738 3290 977 3347 liberari
1023 3290 1232 3364 absque
1259 3292 1366 3348 ista
1393 3293 1596 3349 saltem
1631 3292 1838 3368 gratia.

548 3373 680 3429 285.
710 3369 817 3427 Sed
846 3371 981 3428 huic
1015 3372 1374 3445 responsioni
1403 3373 1640 3447 opponit
1660 3375 1843 3446 primo

474 3450 711 3525 quidam
732 3454 760 3505 J
768 3450 940 3508 unior
961 3452 1287 3521 Thomista;
1313 3469 1450 3509 nam
1471 3470 1543 3511 ex
1562 3470 1629 3510 ea
1649 3454 1842 3528 sequi-

473 3537 589 3599 tur,
649 3547 949 3604 nunquam
998 3532 1389 3608 ignorantiam
1436 3534 1842 3593 invincibilem

473 3613 1042 3680 circunstantiarum,
1075 3630 1200 3687 quae
1240 3630 1301 3671 se
1340 3619 1538 3672 tenent
1574 3632 1647 3673 ex
1683 3620 1843 3689 parte

474 3693 696 3767 objecti,
760 3710 1030 3751 excusare
1082 3711 1155 3752 ne
1202 3700 1356 3753 actus
1418 3698 1843 3769 peccaminosus

472 3775 779 3848 specialem
807 3775 1095 3831 malitiam
1123 3776 1423 3833 contrahat
1449 3798 1463 3832 ε
1492 3793 1842 3851 consequens

470 3863 558 3913 est
596 3855 928 3924 absurdum,
962 3862 1018 3914 et
1035 3862 1233 3915 contra
1259 3872 1625 3916 communem
1654 3860 1844 3917 Theo-

473 3938 737 4011 logorum
792 3936 1115 3994 doctrinam
1148 3958 1162 3994 ε
1217 3953 1372 4013 ergO,
1436 3944 1542 3996 etc.
1605 3941 1845 4013 Sequela

473 4018 795 4075 ostenditur
811 4043 826 4087 ς
858 4035 995 4075 nam
1022 4020 1121 4092 qui
1143 4021 1428 4093 cognoscit
1453 4022 1721 4096 explicite
1749 4020 1844 4080 ob-

468 4100 701 4173 jectum,
733 4099 1019 4174 cognoscit
1063 4100 1364 4173 implicite,
1409 4107 1467 4159 et
1505 4103 1569 4160 in
1609 4105 1844 4163 confuso

472 4183 933 4251 circunstantiaS,
964 4199 1090 4255 quae
1132 4182 1280 4238 illud
1309 4183 1599 4242 afficiunt:
1632 4203 1767 4262 ergo
1793 4187 1843 4244 si

473 4264 723 4339 cognitio
752 4262 1055 4335 implicita,
1087 4268 1144 4319 et
1171 4263 1234 4319 in
1262 4264 1498 4321 confuso
1520 4266 1620 4323 Dei
1649 4273 1711 4323 ut
1738 4285 1843 4325 au-

473 4345 660 4402 thoris
680 4345 1139 4418 supernaturalis
1160 4345 1365 4402 sufficit
1385 4352 1448 4403 ut
1468 4354 1755 4421 peccatum
1778 4350 1844 4407 in

473 4430 624 4483 statu
678 4443 959 4501 purorum
1005 4426 1258 4485 offendat
1308 4428 1489 4486 Deum
1542 4432 1843 4489 authorem

473 4511 996 4582 supernaturalem,
1039 4525 1338 4583 nunquam
1380 4510 1707 4586 ignorantia
1745 4514 1844 4570 in-

472 4587 772 4646 vincibilis
801 4590 1347 4648 circunstantiarum
1376 4590 1576 4667 objecti
1604 4608 1844 4651 excusa-

473 4669 572 4740 bit,
589 4688 662 4730 ne
683 4676 837 4729 actus
854 4670 1140 4728 malitiam
1156 4671 1277 4727 illis
1299 4672 1841 4746 correspondentem

473 4757 754 4814 incurrat.
781 4752 1070 4811 Secundo:
1095 4769 1234 4810 nam
1258 4752 1386 4811 ideo
1407 4755 1580 4813 homo
1607 4772 1843 4830 peccans

471 4835 786 4894 offenderet
802 4836 983 4891 Deum
998 4836 1500 4907 supernaturalem
1516 4838 1836 4903 authorem,

471 4921 528 4974 et
548 4914 746 4981 finem,
769 4914 904 4988 quia
924 4913 1361 4988 interpretative
1380 4914 1618 4973 diceret:
1639 4916 1842 4975 Recedo

473 5017 510 5056 a
547 4998 679 5068 Deo,
712 4996 981 5076 quidquid
1019 4996 1166 5054 Deus
1189 4999 1264 5055 sit
1283 5016 1302 5052 .·
1327 4996 1426 5055 sed
1453 5002 1640 5056 stante
1668 4998 1840 5076 igno-

1407 373 1500 427 DE
1538 371 2122 428 JUSTIFIGATIONE
2163 370 2364 426 IMPII.

1973 542 2165 599 rantia
2207 539 2535 598 invincibili
2580 539 2678 596 Dei
2711 538 2967 596 authoris
2993 541 3345 611 supernatu-

1974 625 2131 689 ralis,
2167 640 2285 680 non
2320 621 2525 679 sufficit
2565 620 2868 695 praedictus
2908 626 3080 686 actuS,
3112 628 3175 675 ut
3212 618 3344 691 quis

1970 710 2270 763 censeatur
2296 702 2588 762 offendere
2616 705 2797 760 Deum
2836 700 3343 775 supernaturalem

1972 789 2274 845 authorem
2317 805 2330 839 ε
2393 802 2529 861 ergo
2582 784 2861 851 doctrina,
2919 784 3009 841 cui
3061 783 3341 839 innititur

1972 869 2267 942 responsio
2293 883 2468 940 supra
2491 866 2723 932 tradita,
2756 865 2897 922 falsa
2925 869 3026 922 est.
3054 864 3342 921 Probatur

1971 950 2186 1016 minor,
2217 949 2352 1021 quia
2382 948 2482 1004 ille
2520 947 2618 1020 qui
2655 945 2867 1004 accedit
2895 944 2963 1002 ad
3008 945 3337 1012 mulierem,

1972 1030 2129 1103 cujus
2167 1034 2378 1085 statum
2408 1026 2832 1084 invincibiliter
2861 1026 3106 1099 ignorat,
3152 1026 3340 1082 inter-

1973 1111 2249 1184 pretative
2270 1109 2440 1166 dicit:
2485 1107 2612 1167 Volo
2628 1109 2859 1164 adhunc
2879 1108 3158 1162 mulierem
3183 1124 3335 1163 acce-

1970 1192 2109 1259 dere,
2166 1191 2503 1269 qusccumque
2561 1190 2676 1244 sil:
2724 1193 2781 1246 et
2830 1193 3026 1243 tamen
3078 1187 3125 1241 si
3191 1193 3339 1244 esset

1970 1270 2408 1344 consanguinea,
2436 1270 2528 1325 vel
2550 1270 2865 1343 conjugata,
2894 1283 3011 1323 non
3037 1271 3336 1339 propterea

1972 1352 2353 1409 committeret
2414 1349 2714 1413 incestum,
2774 1349 2864 1404 vel
2928 1346 3282 1404 adulterium
3319 1366 3335 1403 :

1970 1450 2106 1508 ergo
2132 1431 2284 1489 idem
2309 1430 2876 1506 proportionabiliter
2899 1430 2962 1486 iu
2986 1435 3182 1487 nostro
3202 1445 3333 1486 casu

1972 1513 2277 1571 dicendum
2304 1516 2406 1568 est.

2047 1594 2131 1649 Ad
2156 1588 2809 1667 primam'objectionem
2838 1606 3116 1666 negamus
3135 1606 3336 1663 seque-
3348 1580 3544 1684 Dfflfff

1972 1675 2307 1748 lam.Cujus
2350 1672 2608 1747 probatio
2651 1688 2767 1729 non
2797 1677 2992 1746 urget3
3038 1686 3175 1727 nam
3205 1687 3335 1727 cum

1972 1755 2297 1830 cognitione
2347 1753 2616 1825 explicita
2675 1753 2916 1826 alicujus
2963 1750 3166 1824 obJ‘ecti
3228 1755 3339 1808 stat

1972 1838 2148 1893 simul
2170 1844 2226 1894 et
2252 1836 2580 1910 ignorantia
2603 1834 2967 1891 invincibilis
2987 1835 3339 1891 circunstan-

1973 1918 2209 1986 tiarum,
2242 1933 2366 1990 quae
2405 1917 2686 1990 objectum
2731 1915 2792 1971 in
2820 1914 3007 1985 seipso
3053 1913 3336 1980 afficiunt;

1971 2004 2028 2054 et
2073 1998 2353 2073 judicium
2397 1997 2667 2072 prudenS,
2700 1995 2847 2070 quod
2875 1997 2927 2052 ei
2959 2012 3078 2052 non
3107 1996 3293 2051 insint
3321 2015 3336 2050 ε

1972 2080 2182 2154 quippe
2209 2081 2385 2138 homo
2416 2079 2729 2153 prudenter
2774 2094 2920 2151 saepe
2962 2093 3205 2134 numero
3240 2077 3341 2151 ju-

1973 2160 2119 2227 dica,
2168 2160 2317 2234 quod
2364 2160 2645 2236 objectum
2693 2163 2882 2215 careat
2927 2159 3050 2224 hac,
3099 2159 3190 2215 vel
3233 2158 3340 2214 illa

1973 2242 2412 2309 circunstantia;
2443 2259 2572 2300 cum
2588 2242 2714 2298 sine
2735 2241 2838 2297 illa
2855 2240 3141 2297 multoties
3168 2240 3341 2296 inve-

1975 2327 2190 2394 niatur,
2234 2332 2292 2383 et
2337 2325 2447 2398 ipsi
2493 2324 2827 2381 occurrerit.
2875 2326 2935 2379 In
2975 2338 3083 2395 quo
3122 2327 3336 2379 eventu

1975 2407 2304 2485 ignorantia
2331 2410 2559 2463 excusat
2587 2404 2657 2461 ab
2687 2405 2789 2460 illa
2818 2403 3058 2469 malitia,
3089 2417 3211 2474 quae
3238 2401 3340 2458 in·-

1973 2495 2323 2555 curreretur,
2356 2488 2404 2543 si
2428 2486 2560 2543 talis
2587 2486 2915 2561 ignorantia
2942 2500 3059 2542 non
3097 2483 3337 2542 adesset.

1976 2575 2255 2630 Caeterum
2297 2571 2469 2627 homo
2514 2568 2579 2624 in
2625 2572 2773 2623 statu
2822 2583 3101 2640 purorum
3147 2567 3343 2624 taliter

1976 2652 2212 2710 haberet
2263 2650 2652 2725 ignorantiam
2707 2648 2806 2704 Dei
2879 2647 3344 2719 supernaturalis

1976 2733 2233 2790 authoris
2260 2730 2573 2788 secundum
2605 2727 2898 2802 propriam
2933 2732 3343 2799 supernatura·

1976 2814 2154 2870 litatis
2201 2814 2518 2881 rationem,
2566 2808 2714 2885 quod
2781 2807 3173 2864 nihilominus
3224 2824 3344 2866 non

1975 2902 2162 2970 posset
2190 2895 2501 2971 prudenter
2540 2891 2800 2968 judicare
2845 2891 2995 2947 hanc
3038 2892 3345 2964 perfectio-

1975 2994 2110 3036 nem
2155 2979 2264 3052 ipsi
2294 2978 2505 3044 deesse,
2557 2992 2660 3033 nec
2688 2978 2871 3047 posset
2910 2989 3041 3030 eam
3070 2990 3104 3030 a
3144 2972 3280 3041 fine,
3310 2990 3346 3031 a

1974 3076 2085 3132 quo
2109 3063 2482 3125 averteretur,
2503 3053 2824 3114 excludere.
2851 3055 3036 3111 Immo
3062 3069 3199 3110 vero
3221 3053 3347 3127 ipsa

1976 3139 2245 3213 perfectio
2268 3140 2367 3195 Dei
2397 3136 2648 3204 infinita,
2681 3151 2853 3207 quam
2890 3135 3061 3191 homo
3087 3134 3342 3191 naturali

1976 3222 2200 3279 lumine
2241 3221 2563 3297 attingeret,
2594 3218 2879 3274 sufficiens
2923 3216 3071 3274 foret
3097 3217 3166 3274 ad
3202 3216 3345 3273 sub-

1974 3299 2426 3360 ministrandum
2467 3300 2521 3358 ei
2566 3298 2969 3371 suspicionem,
3006 3296 3158 3371 quod
3197 3299 3345 3354 Deus

1975 3385 2149 3441 altius
2174 3382 2311 3457 quid
2333 3389 2477 3441 esset
2504 3382 2567 3438 in
2588 3381 2792 3453 seipso,
2817 3380 3084 3451 quamvis
3111 3394 3214 3436 nec
3239 3395 3344 3436 ex-

1977 3480 2168 3538 presse
2181 3468 2559 3539 cognosceret,
2579 3461 2716 3535 quid
2740 3459 2885 3516 illud
2906 3464 3073 3516 esset.
3091 3457 3342 3516 Aliunde

1975 3549 2167 3601 autem
2215 3543 2513 3600 conversio
2541 3539 2610 3597 ad
2651 3539 2870 3596 bonum
2910 3538 3337 3605 commutabile,

1975 3629 2248 3697 tanquam
2292 3622 2364 3679 ad
2406 3623 2678 3679 ultimum
2701 3618 2899 3686 finem,
2929 3619 3178 3676 excludit
3203 3635 3342 3676 con-

1974 3705 2303 3762 versionem
2364 3703 2434 3761 ad
2482 3705 2661 3760 Deum
2708 3702 2983 3758 ultimum
3024 3698 3180 3757 finen
3229 3698 3339 3754 sub

1974 3801 2329 3858 quacumque
2352 3786 2575 3842 ratione
2597 3788 2906 3858 acceptum.
2929 3780 3086 3837 Unde
3100 3795 3167 3837 eo
3188 3779 3332 3853 ips0,

1976 3865 2126 3939 quod
2154 3867 2326 3922 homo
2355 3866 2418 3921 in
2448 3864 2718 3939 praedicto
2745 3868 2893 3920 statu
2922 3862 3173 3936 graviter
3207 3876 3341 3933 pec-

1976 3952 2147 4013 caret,
2175 3949 2356 4004 Deum
2385 3945 2699 4005 offenderet
2726 3949 2787 4000 ut
2813 3944 3114 4001 authorem
3137 3957 3344 4016 super-

1977 4029 2326 4095 naturalem,
2356 4032 2413 4084 et
2438 4030 2795 4084 averteretur
2823 4024 2893 4082 ab
2918 4041 3004 4093 eo,
3037 4029 3099 4079 ut
3136 4039 3341 4096 super-

1977 4109 2234 4164 naturali
2268 4108 2403 4165 fine.

2050 4186 2136 4242 Ad
2167 4188 2478 4246 secundam
2518 4186 2894 4261 objectionem
2930 4200 3208 4261 negamus
3234 4183 3530 4290 mbm

1977 4284 2199 4327 norem.
2251 4270 2339 4326 Ad
2383 4270 2542 4343 cujus
2589 4269 2984 4343 probationem
3024 4272 3242 4324 constat
3269 4282 3341 4323 ex

1977 4365 2163 4423 nuper
2202 4350 2399 4418 dictis;
2448 4349 2587 4407 nam
2615 4350 2717 4406 ille
2741 4349 2838 4422 qui
2868 4346 3080 4405 accedit
3108 4345 3179 4403 ad
3206 4363 3342 4403 mu-

1975 4430 2204 4499 lierem,
2236 4436 2418 4506 potest
2460 4449 2591 4489 cum
2630 4431 2960 4506 ignorantia
3005 4429 3338 4486 invincibili

1976 4510 2065 4566 sui
2110 4516 2290 4569 status
2336 4511 2545 4570 habere
2585 4511 2868 4587 judicium
2914 4508 3203 4584 prudens,
3244 4510 3342 4568 vel

1974 4592 2153 4649 etiam
2179 4597 2421 4662 certum,
2446 4591 2598 4666 quod
2625 4609 2743 4650 non
2769 4597 2855 4649 est
2892 4590 3338 4666 consanguinea,

1975 4675 2069 4731 vel
2110 4676 2437 4752 conjugata;
2486 4680 2543 4733 et
2568 4674 2696 4733 ideo
2743 4678 3030 4748 peccatum
3060 4689 3178 4731 non
3206 4688 3345 4730 con-

1976 4757 2167 4815 trahet
2204 4774 2299 4816 eas
2324 4757 2734 4825 deformitates,
2765 4772 2891 4831 quae
2927 4756 3048 4813 illis
3087 4757 3348 4812 circuns-

1975 4838 2177 4896 tantiis
2225 4838 2691 4915 correspondent.
2720 4838 2880 4906 Quod
2908 4854 3028 4905 non
3055 4835 3260 4895 accidit
3279 4837 3344 4894 in

1973 4935 2040 4977 eo
2061 4920 2160 4993 qui
2182 4919 2318 4977 dicit
2351 4942 2364 4977 ε
2420 4920 2549 4980 Volo
2588 4922 2825 4979 recedere
2845 4939 2882 4976 a
2909 4920 3041 4986 Deo,
3074 4918 3346 4997 quidquid

1968 5004 2043 5057 sit
2084 5000 2232 5059 Deus
2256 5005 2318 5059 in
2350 5005 2544 5077 seipso,
2589 5006 2650 5059 ut
2692 5002 2956 5091 proxime
2983 4999 3338 5137 ᾱίοεδαιέἆιὲἐ
