3647 5753
100 1912 237 1956 Besel-

72 1963 253 2055 ὲξῗωτιξὸ.

1397 354 1575 409 DISP.
1621 354 1688 420 11,
1732 353 1898 409 DUB.
1942 354 2086 410 v111.
3038 358 3149 412 519

282 524 616 592 informata,
647 524 934 581 sufficiens
961 530 1046 582 est
1090 524 1158 582 ad
1204 525 1537 600 praedictum
1564 523 1653 581 ef-

283 605 491 662 fectum
522 627 534 661 :
565 610 621 661 et
659 605 809 677 quod
850 607 1361 678 comprehenditur
1400 604 1506 661 sub
1546 621 1656 663 no-

282 686 445 743 mine
484 686 872 755 contritioniS,
919 703 1091 759 quam
1135 687 1207 743 ad
1250 687 1653 745 remissionem

282 774 642 841 peccatorum
685 769 1008 825 venialium
1053 770 1116 825 D.
1150 770 1355 827 Thom.
1379 772 1648 841 exposcit.

282 854 432 907 Nam
461 850 531 906 de
571 851 868 909 attritione
896 851 978 906 sic
1017 858 1239 924 accepta
1277 850 1654 911 verificantur

282 948 412 987 cum
441 932 599 987 omni
640 932 989 1005 proprietate
1017 933 1119 989 illa
1147 931 1325 989 verba
1365 935 1422 988 S.
1452 934 1654 987 Docto-

284 1013 364 1068 ris
392 1032 405 1067 z
436 1012 756 1089 Requiritur
783 1020 966 1069 tamen
1006 1014 1216 1091 aliquis
1242 1022 1398 1068 actus
1437 1013 1648 1083 qratiar,

282 1096 380 1171 qui
404 1111 513 1148 non
536 1099 705 1165 polest
733 1112 841 1150 csse
868 1098 929 1149 in
948 1112 1026 1159 ec,
1055 1096 1151 1170 qui
1170 1095 1411 1166 subjacet
1440 1100 1654 1167 peccato

282 1175 537 1239 mortali,·
561 1174 779 1230 attritio
809 1175 1020 1247 quippe
1061 1190 1094 1230 a
1119 1175 1307 1248 gratia
1346 1173 1655 1247 procedens

282 1261 367 1313 est
393 1254 602 1329 aliquis
628 1260 782 1311 actus
809 1257 1028 1330 gratiae,
1060 1257 1158 1328 qui
1205 1260 1373 1329 prout
1412 1255 1493 1312 sic
1535 1271 1655 1312 non

286 1341 465 1409 potest
503 1351 634 1390 cum
678 1342 899 1408 peccato
948 1337 1183 1393 mortali
1220 1335 1518 1410 conjungi.
1550 1334 1654 1393 Se-

284 1417 463 1472 cundo
491 1416 834 1487 respondent
861 1418 986 1484 alii,
1018 1419 1081 1472 D.
1110 1418 1315 1473 Thom.
1350 1432 1468 1471 non
1494 1431 1655 1471 com-

287 1496 643 1572 prehendere
671 1500 1024 1556 attritionem
1054 1499 1372 1556 secundum
1396 1498 1544 1572 quod
1572 1506 1656 1557 est

286 1594 421 1651 pars
441 1579 782 1635 sacramenti
814 1580 1197 1652 poenitcntiae3
1226 1596 1362 1635 nam
1388 1586 1554 1652 prout
1573 1580 1655 1637 sic

284 1656 351 1714 fit
378 1657 571 1730 aliquo
612 1658 780 1725 modo
817 1661 1106 1727 contritio,
1138 1665 1193 1717 et
1233 1660 1493 1715 elevatur
1529 1659 1655 1715 vir-

284 1744 407 1796 tute
452 1740 817 1807 sacramenti,
871 1747 933 1796 ut
990 1743 1163 1814 possit
1207 1743 1501 1814 expellere
1553 1757 1658 1798 ve-

286 1819 493 1875 nialia.

360 1892 470 1950 Sed
518 1897 758 1965 utraque
807 1894 1100 1966 responsio
1150 1896 1382 1952 videtur
1431 1893 1656 1951 insuffi-

284 1975 459 2041 ciens,
526 1981 580 2031 et
643 1974 932 2030 refellitur
998 1977 1346 2034 authoritate
1402 1974 1656 2049 ejusdem

285 2058 339 2113 S.
372 2058 525 2114 Doct.
560 2065 744 2134 quaest.
770 2061 825 2122 7,
857 2057 921 2110 de
944 2056 1116 2123 Male,
1143 2066 1256 2115 art.
1290 2061 1344 2115 ll
1375 2060 1450 2113 ad
1471 2060 1524 2125 9,
1560 2055 1655 2113 ubi

288 2139 643 2212 investigans
670 2138 1075 2206 mutationem,
1111 2155 1211 2212 per
1232 2155 1405 2211 quam
1438 2142 1658 2211 peecata

287 2219 562 2285 venialia,
595 2235 724 2274 cum
748 2217 957 2291 quibus
978 2220 1158 2292 aliqui
1182 2236 1255 2277 ex
1281 2220 1386 2277 hac
1413 2221 1530 2276 vita
1556 2217 1657 2275 de-

287 2299 510 2368 cedunt,
563 2301 944 2357 remittuntur
1004 2301 1068 2358 in
1128 2302 1463 2376 purgatorio
1508 2303 1657 2373 (quae

228 2437 236 2446 ,
287 2380 589 2438 difficultas
629 2381 952 2455 plurimum
983 2384 1195 2457 negotii
1221 2382 1509 2439 facessivit
1535 2386 1658 2437 An-

289 2461 483 2533 tiquis‚
518 2464 573 2518 et
610 2460 806 2516 varias
842 2461 1115 2518 excitavit
1153 2463 1490 2533 sententias)
1517 2477 1657 2519 con-

289 2540 471 2597 cludit
497 2541 560 2598 in
590 2541 741 2597 hunc
769 2542 1006 2598 modum
1032 2559 1044 2593 :
1083 2565 1108 2595 α
1139 2542 1476 2609 Dicendum,
1508 2542 1658 2615 quod

296 2644 323 2676 «
369 2622 631 2680 remissio
650 2622 898 2679 venialis
919 2625 983 2680 in
1007 2624 1357 2698 purgatorio,
1378 2629 1657 2697 quantum

296 2728 322 2759 «
365 2705 436 2762 ad
472 2721 699 2778 poenam
726 2711 808 2763 est
848 2723 920 2765 ex
949 2712 1108 2779 parte
1138 2708 1491 2782 purgatorii;
1523 2706 1658 2779 quia

293 2808 321 2839 (ι
362 2787 536 2844 homo
578 2787 846 2859 patiendo
873 2788 1120 2845 exsolvit
1146 2787 1295 2860 quod
1333 2787 1513 2845 debet.
1548 2786 1658 2844 Sed

292 2891 317 2923 α
359 2874 639 2944 quantum
668 2869 740 2927 ad
779 2870 1008 2943 culpam
1050 2885 1168 2927 non
1215 2870 1529 2927 remittitur
1558 2886 1659 2943 per

291 2973 317 3004 α
361 2967 623 3024 poenam;
655 2967 759 3007 nec
784 2950 1102 3008 secundum
1138 2950 1286 3023 quod
1315 2956 1439 3007 actu
1481 2950 1658 3006 susti-

291 3052 319 3084 α
360 3035 549 3098 netur,
593 3031 729 3104 quia
770 3048 889 3088 non
930 3037 1017 3087 est
1055 3031 1390 3097 meritoria;
1423 3046 1527 3088 nec
1563 3046 1658 3086 se-

291 3135 316 3164 «
359 3111 614 3168 cundum
666 3111 816 3183 quod
884 3112 1248 3185 recogitatur.
1306 3114 1433 3168 Non
1497 3111 1657 3168 enim

288 3213 315 3244 «
358 3198 505 3249 esset
536 3197 728 3249 motus
768 3192 1083 3258 charitatiS,
1116 3190 1264 3266 quod
1307 3191 1515 3264 aliquis
1554 3190 1659 3247 de·-

289 3297 316 3326 ι(
358 3279 667 3331 testaretur
696 3279 987 3347 peccatum
1019 3275 1251 3332 veniale
1277 3279 1510 3347 propter
1537 3290 1657 3347 poe-

293 3377 319 3408 «
360 3372 496 3412 nam
519 3379 534 3423 ;
559 3354 660 3412 sed
687 3357 874 3431 magis
897 3361 1043 3412 esset
1068 3361 1257 3412 motus
1283 3354 1512 3410 timoris
1534 3370 1657 3411 ser-

294 3458 321 3490 «
360 3436 516 3502 vilis,
564 3437 658 3493 vel
699 3436 1006 3493 naturalis.
1040 3435 1379 3492 Remittitur
1419 3451 1557 3509 ergo
1595 3436 1658 3492 in

295 3538 321 3569 α
364 3517 696 3591 purgatorio
734 3518 966 3575 veniale
997 3523 1278 3589 quantum
1320 3517 1390 3574 ad
1430 3519 1658 3589 culpam

295 3619 321 3651 «
364 3600 576 3658 virtute
590 3601 811 3675 gratiae.
833 3617 951 3658 non
966 3602 1155 3656 solum
1177 3599 1491 3657 secundum
1509 3596 1657 3673 quod
1687 3602 1698 3609 '

293 3701 317 3732 a
360 3685 447 3737 est
471 3681 534 3736 in
556 3681 775 3746 habitu,
801 3682 937 3755 quia
958 3682 1040 3737 sic
1059 3682 1403 3754 compatitur
1428 3680 1658 3737 veniale

291 3782 317 3813 α
361 3766 680 3834 peccatum;
703 3760 801 3818 sed
831 3766 1001 3834 prout
1023 3762 1143 3818 exit
1166 3761 1228 3816 in
1256 3767 1441 3818 actum
1466 3759 1660 3816 chari-

293 3862 319 3894 «
361 3842 498 3897 tatis
522 3841 859 3900 detestantis
886 3842 1114 3899 veniale
1144 3848 1454 3915 peccatum.
1491 3862 1517 3893 n
1545 3839 1658 3896 Ubi

293 3922 590 3996 perspicue
618 3924 836 3993 asserit,
870 3922 1306 3981 detestationem
1337 3925 1545 3996 peccati
1568 3939 1661 3980 ve-

291 4005 471 4062 nialis
511 4012 742 4078 propter
780 4020 1008 4079 posnam
1057 4021 1179 4062 esse
1219 4005 1659 4063 insufficientem

288 4085 365 4144 ad
390 4085 802 4144 destruendum
831 4088 1052 4161 ipsum;
1083 4091 1139 4143 et
1179 4087 1436 4158 loquitur
1462 4087 1531 4144 de
1557 4086 1660 4145 de-

289 4167 595 4226 testatione
620 4168 813 4225 elicita
839 4168 910 4225 ab
952 4166 1257 4224 animabus
1282 4167 1661 4226 existentibus

290 4249 357 4305 in
382 4249 588 4324 gratia,
635 4255 696 4304 ut
720 4264 794 4306 ex
820 4264 881 4305 se
908 4249 1086 4321 liquet
1112 4268 1125 4303 :
1156 4247 1313 4319 atqui
1352 4250 1545 4306 omnis
1573 4254 1661 4306 at-

288 4331 455 4389 tritio
475 4332 645 4406 hujus
671 4331 804 4387 vitae
823 4334 909 4388 est
932 4329 1230 4386 detestatio
1252 4331 1461 4403 peccati
1485 4348 1661 4406 prop-

291 4415 381 4468 ter
422 4427 671 4485 poenam,
722 4412 814 4467 vel
857 4409 1016 4467 aliud
1056 4410 1306 4466 inferius
1347 4413 1655 4480 motivum,

295 4499 360 4550 nt
389 4494 595 4552 docent
619 4493 1007 4550 communiter
1034 4508 1237 4549 omnes
1275 4494 1582 4568 Theologi;
1611 4495 1659 4551 si

294 4576 457 4634 enim
496 4573 874 4632 excellentius
913 4574 1198 4630 motivum
1239 4576 1499 4649 attingat,
1539 4577 1661 4650 jam

296 4673 416 4715 non
445 4657 684 4724 attritio,
710 4654 810 4712 sed
831 4656 1101 4714 contritio
1121 4662 1205 4714 est
1224 4672 1394 4730 :ergo
1421 4658 1656 4725 attriti0,

294 4737 565 4812 quamvis
606 4735 874 4810 procedat
902 4752 934 4792 a
961 4738 1166 4811 gratia,
1198 4740 1253 4793 et
1281 4751 1381 4808 per
1413 4752 1538 4793 eam
1566 4737 1662 4793 in-

295 4819 601 4885 formetur,
633 4816 987 4874 insufficiens
1011 4823 1096 4874 est
1117 4818 1281 4891 juxta
1317 4818 1662 4873 sententiam

297 4903 363 4957 D.
390 4900 599 4957 Thom.
621 4899 690 4957 ad
712 4899 1126 4958 destruendum
1146 4904 1368 4973 peccata
1389 4900 1659 4957 venialia.

293 4979 578 5055 Alioquin
598 4981 799 5039 eadem
826 4982 1060 5051 attriti0,
1084 4986 1141 5038 et
1161 4980 1232 5038 ab
1252 4980 1451 5038 eadem
1477 4980 1665 5056 gratia

1785 523 2094 596 procedens
2120 523 2399 582 sufficeret
2424 526 2487 582 in
2529 527 2859 600 purgatorio
2893 527 2964 582 ad
2993 542 3147 599 prae-

1784 604 2000 662 dictum
2022 605 2286 662 effectum
2309 631 2323 674 3
2345 607 2493 679 quod
2517 614 2707 665 tamen
2740 608 2797 663 S.
2823 609 3022 664 Doctor
3042 624 3146 664 ex-

1787 702 1979 759 presse
2007 692 2194 760 negat.
2241 687 2460 744 Deinde
2499 687 2627 745 ideo
2667 688 2868 745 asserit
2896 688 3145 744 attritio-

1787 784 1920 825 nem
1968 768 2032 824 in
2073 771 2402 843 purgatorio
2435 769 2686 827 elicitam
2728 786 2846 827 non
2891 770 3146 827 sufficere

1786 849 1856 904 ad
1883 851 2280 922 expulsionem
2304 851 2570 916 venialis,
2595 851 2730 923 quia
2753 852 2882 907 licet
2901 853 3146 925 conjun-

1785 935 1952 1002 gatur
1979 947 2106 987 cum
2127 931 2312 1005 gratia
2333 930 2739 995 sanctificante,
2760 932 3145 988 nihilominus

1785 1016 1871 1066 est
1899 1017 2086 1069 motus
2125 1013 2352 1068 timoris
2389 1012 2660 1068 servilis:
2698 1012 2796 1069 sed
2837 1013 2953 1068 haec
2999 1013 3145 1069 ratio

1785 1109 1943 1165 aeque
1966 1093 2167 1166 probat
2188 1095 2250 1150 in
2271 1095 2585 1161 attritione,
2617 1111 2741 1167 quae
2767 1095 2831 1150 in
2859 1095 2961 1151 hoc
2998 1100 3143 1150 statu

1786 1176 2153 1250 conjungitur
2175 1193 2302 1232 cum
2331 1177 2517 1250 gratia
2545 1198 2558 1232 :
2588 1193 2722 1250 ergo
2750 1177 2968 1234 attritio
2994 1178 3088 1234 vel
3116 1193 3147 1232 a

1786 1257 1975 1330 gratia
1997 1255 2325 1329 procedens,
2358 1259 2449 1313 vel
2475 1259 2673 1331 gratiae
2701 1259 3017 1330 conjuncta,
3051 1258 3148 1313 in-

1786 1336 2070 1393 sufficiens
2098 1336 2167 1393 de
2195 1337 2339 1395 facto
2377 1344 2460 1394 est
2487 1338 2556 1393 ad
2588 1339 2987 1395 remissionem
3017 1354 3148 1411 pec-

1786 1424 2045 1475 catorum
2087 1420 2431 1475 venialium.
2465 1418 2722 1475 Tandem
2747 1418 2930 1493 gratia
2956 1436 3149 1475 sacra-

1787 1499 2061 1555 mentalis
2104 1515 2221 1556 non
2262 1504 2489 1572 praestat
2535 1500 2817 1556 attritioni
2870 1500 3149 1572 maj0rem

1789 1581 2205 1654 oppositionem
2224 1598 2352 1655 cum
2373 1582 2609 1655 peccatis
2624 1580 3149 1654 venialibus‚quam

1787 1662 1974 1736 gratia
2023 1662 2275 1718 existens
2329 1662 2391 1717 in
2439 1661 2741 1718 animabus
2783 1664 3146 1736 purgatorii3

1788 1742 2071 1816 siquidem
2103 1745 2218 1800 haec
2242 1761 2418 1816 supra
2442 1746 2710 1818 gratiam,
2742 1750 2797 1801 et
2822 1762 2995 1819 supra
3022 1762 3150 1803 om-

1790 1840 1892 1880 nes
1933 1823 2131 1882 modos
2170 1827 2612 1881 sacramentales
2640 1824 2797 1881 addit
2837 1824 3149 1883 confirma-

1790 1907 2008 1973 tionem
2037 1909 2098 1963 in
2140 1906 2307 1973 bono,
2352 1912 2408 1963 et
2447 1908 2846 1980 impotentiam
2882 1908 3149 1982 peccandi

1790 1989 2101 2045 venialiter
2130 2010 2143 2044 ε
2173 2004 2306 2061 ergo
2333 1988 2382 2043 si
2422 2003 2491 2043 ex
2518 1989 2803 2045 sententia
2843 1991 2910 2044 D.
2941 1990 3145 2047 Thom.

1790 2069 2027 2135 attritio,
2059 2068 2181 2124 sive
2221 2067 2515 2125 detestatio
2555 2071 2764 2141 peccati
2806 2069 3054 2126 venialis
3080 2070 3152 2127 ob

1790 2155 2008 2205 metum
2050 2164 2226 2221 poenae
2264 2149 2455 2205 elicita
2498 2166 2532 2205 a
2576 2151 2762 2222 gratia
2808 2152 3146 2224 purgatorii,

1793 2247 1910 2287 non
1937 2230 2138 2286 sufficit
2167 2228 2236 2285 ad
2266 2229 2609 2287 destruenda
2632 2236 2854 2304 peccata
2874 2232 3147 2299 venialia,

1792 2311 1962 2383 plane
2013 2310 2283 2377 infertur,
2342 2311 2489 2384 quod
2534 2311 2846 2368 secundum
2897 2317 3150 2368 mentem
3183 2336 3190 2345 ·

1791 2391 1850 2445 S.
1881 2391 2135 2448 Doctoris
2163 2391 2381 2448 attritio
2408 2393 2707 2466 conjuncta
2733 2392 2934 2466 gratias
2959 2408 3151 2449 sacra—

1791 2470 2033 2525 mentali
2062 2470 2136 2525 sit
2176 2471 2524 2528 insufficiens
2551 2472 2620 2528 ad
2660 2470 2981 2529 tollendum
3022 2487 3152 2544 pec-

1791 2555 1914 2607 cata
1936 2551 2206 2608 venialia.

1865 2623 1951 2679 Ad
1991 2624 2109 2681 haec
2153 2647 2166 2680 ε
2213 2626 2526 2682 secundum
2576 2627 2639 2682 D.
2689 2626 2894 2683 Thom.
2946 2641 3048 2717 per
3092 2625 3149 2681 id
3181 2628 3341 2679 Imeus-

1791 2706 1983 2780 ipsum
2011 2706 2353 2763 auferuntur
2399 2711 2619 2779 peccata
2674 2708 2929 2764 venialia
2957 2708 3018 2762 in
3049 2681 3358 2779 hacaffl’ffiissss.

1795 2789 1930 2854 vita,
1972 2803 2072 2860 per
2116 2788 2262 2861 quod
2304 2787 2647 2844 auferuntur
2676 2788 2739 2843 in
2781 2788 3151 2861 purgatorio:

1792 2870 1948 2944 atqui
1972 2870 2135 2943 juxta
2161 2867 2406 2926 eundem
2429 2869 2484 2925 S.
2506 2868 2870 2935 Doctorem,
2856 2886 2918 2925 in
2942 2886 3155 2943 purga-

1791 2953 1942 3009 torio
1971 2967 2088 3008 non
2132 2951 2475 3008 auferuntur
2521 2966 2622 3022 per
2651 2951 3027 3018 attritionem,
3059 2948 3154 3006 sed

1792 3049 1896 3104 per
1921 3031 2349 3097 contritionem,
2382 3032 2475 3087 vel
2518 3045 2777 3086 amorem
2818 3030 3154 3086 charitatis:

1791 3130 1927 3187 ergo
1946 3129 2018 3170 ex
2045 3115 2095 3185 ej
2104 3130 2166 3169 us
2193 3113 2479 3170 sententia
2498 3118 2720 3184 peccata
2739 3112 2999 3169 venialia
3015 3125 3160 3167 nun-

1791 3210 1965 3267 quam
2014 3193 2077 3249 in
2128 3193 2231 3249 hac
2275 3194 2394 3249 vita
2432 3193 2774 3249 auferuntur
2821 3208 2924 3263 per
2970 3192 3156 3247 solum

1792 3280 2015 3331 motum
2044 3275 2358 3334 attritionis
2379 3290 2605 3347 quoquo
2645 3273 2816 3330 modo
2845 3277 3154 3345 acceptum,

1790 3355 1890 3412 sed
1920 3372 2021 3429 per
2048 3360 2234 3411 actum
2276 3355 2661 3420 contritionis,
2706 3355 2798 3410 vel
2838 3352 3153 3409 charitatis.

1793 3437 2204 3509 Consequentia
2228 3441 2398 3509 patet.
2426 3437 2619 3491 Minor
2642 3436 2818 3492 etiam
2842 3440 3063 3490 constat
3087 3449 3157 3491 ex

1794 3518 2057 3591 proxime
2078 3518 2260 3574 dictis.
2306 3518 2493 3590 Maj0r
2536 3522 2727 3573 autem
2755 3517 2934 3590 liquet
2960 3533 3031 3573 ex
3059 3533 3157 3573 ar-

1793 3599 1967 3655 ticulo
2018 3599 2187 3655 citato
2233 3598 2296 3655 in
2342 3613 2597 3672 corpore,
2629 3596 2726 3652 ubi
2770 3602 3065 3670 postquam
3096 3599 3150 3654 S.

1793 3682 1997 3736 Doctor
2049 3677 2437 3734 difficultatem
2467 3677 2602 3733 hinc
2650 3675 2784 3733 inde
2831 3676 3150 3751 perpendit,
3167 3706 3220 3747 Ι),
3243 3705 3344 3748 Tho.

1792 3762 2073 3819 conclusit
2106 3782 2118 3817 ι
2156 3782 2181 3813 α
2225 3762 2294 3815 Et
2340 3759 2468 3816 ideo
2512 3764 2735 3832 oportet
2770 3759 2977 3826 dicere,
3008 3758 3158 3832 quod

1800 3867 1827 3898 α
1868 3833 2123 3900 x³enialia
2140 3841 2518 3898 remittuntur
2533 3841 2615 3896 eis
2632 3845 2755 3913 post
2776 3840 2924 3896 hanc
2949 3841 3152 3909 vitam,

1798 3947 1825 3980 α
1868 3926 2043 3982 etiam
2065 3929 2343 3997 quantum
2375 3923 2445 3979 ad
2470 3922 2717 3995 culpam,
2743 3939 2809 3980 eo
2830 3922 3021 3991 modo,
3046 3940 3158 3997 quo

1799 4028 1826 4059 α
1871 4007 2247 4063 remittuntur
2275 4006 2340 4061 in
2381 4005 2485 4061 hac
2528 4004 2664 4070 vita,
2696 4005 2912 4061 scilicet
2936 4021 3037 4077 per
3063 4022 3158 4062 ac-

1800 4111 1827 4142 α
1870 4095 1993 4145 tum
2047 4089 2344 4147 charitatis
2389 4089 2453 4144 in
2500 4089 2679 4144 Deum
2737 4093 3159 4162 repugnantem

1800 4192 1828 4223 (ε
1869 4170 2197 4227 venialibus
2235 4170 2300 4226 in
2337 4170 2442 4226 hac
2468 4169 2589 4225 vita
2615 4169 2957 4226 commissis.
3010 4189 3035 4220 2>
3093 4170 3162 4223 Et

1795 4251 2036 4307 articulo
2075 4251 2365 4324 sequenti,
2417 4249 2576 4321 cujus
2628 4250 2833 4304 titulus
2858 4251 2960 4316 est,
3018 4269 3044 4301 «
3090 4246 3163 4304 de

1801 4355 1828 4387 α
1872 4333 2213 4390 remissione
2240 4337 2595 4405 peccatorum
2619 4330 2941 4387 venialium
2969 4330 3033 4385 in
3054 4330 3159 4386 hac

1801 4436 1828 4468 «
1871 4414 2009 4481 vita,
2043 4436 2068 4467 »
2103 4413 2338 4472 resolvit
2370 4435 2383 4469 ε
2420 4435 2447 4467 α
2479 4412 2818 4477 Dicendum,
2843 4410 2993 4485 quod
3013 4412 3159 4469 sicut

1802 4516 1829 4547 «
1869 4511 2042 4567 supra
2063 4495 2277 4551 dictum
2313 4498 2397 4550 est
2425 4510 2526 4565 per
2553 4494 2840 4551 fervorem
2866 4492 3162 4549 charitatis

1801 4597 1829 4628 α
1871 4579 2095 4647 peccata
2121 4573 2374 4631 venialia
2401 4573 2796 4629 remittuntur.
2852 4593 2878 4624 »
2924 4574 3158 4629 Dixerat

1795 4661 1989 4712 autem
2019 4660 2240 4727 peccata
2284 4653 2541 4709 venialia
2587 4670 2705 4710 non
2736 4653 2955 4710 remitti
2987 4654 3157 4727 justis

1797 4753 1899 4808 per
1932 4741 2153 4791 motum
2179 4733 2428 4798 timoris,
2459 4737 2515 4788 et
2541 4731 2934 4790 detestationis
2954 4748 3156 4790 eorum

1794 4817 2108 4876 obmetum
2151 4832 2363 4889 poenae3
2391 4815 2534 4880 sive,
2559 4815 2708 4888 quod
2736 4815 2890 4872 idem
2916 4818 3020 4881 est,
3056 4832 3157 4888 per

1795 4897 2170 4955 attritionem.
2205 4899 2352 4971 Ergo
2378 4912 2449 4953 ex
2478 4903 2670 4953 mente
2708 4896 2967 4970 Angelici
2995 4898 3155 4952 Prae-

1792 4979 2038 5053 ceptoris
2081 4978 2151 5036 ad
2199 4978 2601 5037 remissionem
2648 4982 3006 5053 peccatorum
3052 4994 3158 5036 ve-
