3647 5753
515 462 617 517 170
1529 435 1623 492 DE
1661 429 1935 488 GRATIA
1972 424 2314 483 EFFICACI.

508 630 573 685 in
600 632 746 684 statu
777 620 1141 684 innocentiae,
1167 630 1285 673 non
1314 610 1489 669 fuisse
1520 623 1592 665 ex
1610 620 1690 671 se,
1720 608 1777 659 et
1797 600 1868 658 ab

510 709 821 768 intrinseco
872 702 1177 765 efficacem,
1227 694 1325 753 sed
1364 684 1869 750 determinabilem

510 806 611 865 per
632 787 886 845 liberum
915 780 1248 843 arbitrium,
1280 779 1344 832 ut
1363 774 1566 846 aperte
1584 765 1873 841 colligitur

509 887 581 928 ex
605 867 754 925 libro
772 865 842 922 de
864 865 1107 935 corrept.
1139 864 1194 916 et
1213 854 1418 931 gratia,
1448 868 1570 923 cap.
1611 849 1666 904 ll
1700 852 1748 901 et
1783 845 1870 900 12.

511 950 785 1007 Rationes
813 951 1025 1009 autem,
1043 938 1250 1014 quibus
1274 932 1585 992 Thomistae
1606 924 1869 1001 probant,

513 1030 760 1106 gratiam
804 1040 925 1083 esse
967 1022 1038 1079 ab
1083 1017 1403 1076 intrinseco
1441 1010 1742 1072 efficacem,
1781 1002 1877 1061 vel

517 1111 669 1169 nihil
714 1109 1009 1171 evincunt,
1035 1103 1129 1160 vel
1156 1097 1398 1157 suadent
1423 1093 1588 1149 illam
1615 1102 1878 1145 necessa-

519 1193 669 1249 riam
697 1203 817 1246 esse
838 1202 943 1260 pro
988 1181 1151 1241 omni
1178 1182 1348 1236 statu.
1387 1177 1521 1240 Quae
1542 1168 1760 1226 motiva
1784 1165 1880 1223 vi-

337 1291 454 1334 suar.
518 1272 729 1330 dentur
746 1267 950 1324 Suario
972 1263 1111 1321 adeo
1128 1257 1413 1335 urgentia,
1445 1258 1508 1310 ut
1533 1247 1834 1310 concludat
1865 1266 1878 1302 :

519 1352 725 1418 Multa,
757 1355 819 1405 ut
843 1347 1119 1410 existimo,
1146 1340 1476 1397 convincunt
1496 1332 1738 1407 posuisse
1764 1326 1883 1385 Au-

516 1435 802 1507 9ustinum
877 1426 1164 1485 auxilium
1211 1421 1411 1496 efficaoe
1440 1415 1775 1489 praeveniens
1821 1411 1883 1464 in

521 1515 801 1570 vocatione
828 1523 1088 1578 conqrua,
1122 1519 1230 1558 non
1252 1488 1882 1573 prvdeterminante,scd

521 1593 680 1649 modo
700 1588 1102 1647 accommodato
1123 1583 1407 1640 inducente
1427 1578 1700 1633 hominem
1714 1570 1885 1643 infal-

524 1673 751 1730 libiliter
780 1689 853 1727 esc
876 1666 1215 1743 praescientia
1247 1660 1349 1719 Dei
1374 1678 1395 1727 ;
1420 1665 1470 1714 et
1496 1656 1684 1712 omnia
1711 1650 1884 1709 simul

522 1761 743 1827 sumpta
790 1754 935 1808 hanc
962 1751 1136 1824 fuisse
1161 1749 1398 1800 mentem
1431 1735 1736 1817 Augustini
1749 1733 1890 1790 satis

524 1836 833 1893 ostendunt.

326 1945 488 2003 mag.
581 1920 712 1976 247.
732 1921 1012 1974 Caeterum
1029 1906 1483 1985 D.Augustinum
1498 1900 1753 1960 docuisse
1767 1913 1894 1976 nos·

336 1995 507 2088 dffiffi,
532 2003 682 2056 tram
704 1997 1070 2059 sententiam,
1094 1991 1234 2048 satis
1255 1985 1563 2044 manifeste
1581 1983 1800 2039 constat
1825 1992 1898 2034 ex

314 2106 341 2141 e
382 2079 698 2138 caccmdictis
719 2087 836 2137 tam
860 2079 924 2135 in
952 2077 1056 2132 hoc
1076 2071 1270 2137 dubio,
1300 2083 1472 2142 quam
1497 2066 1560 2121 in
1587 2061 1772 2121 tribus
1799 2074 1899 2116 an·

316 2143 917 2239 gssflffepffl‘tecedentibus
950 2161 1043 2213 :et
1067 2153 1165 2227 qui
1209 2150 1401 2224 primo
1436 2145 1630 2202 docuit
1663 2139 1898 2215 opposi-

327 2243 505 2338 Sggffla
535 2251 651 2303 tam
706 2240 1062 2314 opinionem,
1122 2246 1344 2304 nempe·
1374 2226 1596 2284 Molina
1640 2220 1897 2278 scientiae

484 2324 493 2336 '
533 2324 738 2383 mediae
764 2320 1004 2383 Author,
1049 2314 1146 2372 vel
1200 2312 1512 2384 reparator,
1568 2302 1748 2361 sensit
1796 2315 1902 2357 sua

533 2405 819 2482 principia
870 2396 1177 2474 peregrina
1221 2392 1398 2449 fuisse
1452 2384 1802 2461 Augustino,
1841 2385 1903 2438 ut

531 2492 711 2563 liquet
737 2503 810 2544 ex
835 2482 1002 2539 dictis
1024 2477 1151 2533 dub.
1170 2472 1395 2548 praeccd.
1427 2473 1459 2541 9
1484 2473 1540 2536 7,
1571 2472 1626 2525 et
1661 2483 1733 2524 ex
1766 2481 1904 2538 pro-

530 2571 678 2629 fesso
729 2562 1087 2625 ostendimus
1107 2557 1235 2613 dub.
1289 2557 1335 2619 l,
1380 2555 1411 2622 9
1456 2552 1511 2617 2,
1561 2556 1611 2604 et
1651 2549 1793 2620 disp.
1853 2548 1897 2613 1,

533 2670 655 2726 cap.
682 2654 736 2718 4,
768 2649 877 2717 96.
909 2645 990 2699 Ea
1016 2653 1155 2697 vero
1199 2651 1325 2709 quae
1368 2630 1607 2687 Suarius
1649 2627 1898 2694 adducit,

531 2733 670 2789 satis
688 2731 906 2787 remote
924 2722 1214 2794 attingunt
1229 2719 1485 2774 nostram
1505 2709 1900 2773 assertionem,

536 2829 641 2870 nec
681 2804 913 2882 aliquod
959 2799 1306 2878 particulare
1350 2791 1589 2867 Augusti
1641 2789 1905 2846 testimo-

550 2894 716 2950 nium
744 2887 1010 2951 refertur,
1044 2882 1106 2938 in
1133 2894 1244 2952 quo
1265 2880 1431 2950 neget
1456 2870 1741 2930 auxilium
1784 2883 1908 2926 esse

543 2976 741 3035 efficax
765 2988 836 3029 ex
860 2984 940 3035 se,
972 2970 1029 3024 et
1057 2962 1127 3021 ab
1154 2960 1487 3019 intrinseco.
1520 2958 1705 3012 Immo
1733 2968 1908 3027 argu-

542 3060 827 3118 mentum,
857 3066 954 3107 seu
985 3043 1203 3101 motiva
1242 3039 1365 3107 illa,
1397 3053 1520 3112 quae
1559 3035 1798 3091 Suarius
1836 3046 1908 3088 ex

539 3134 803 3194 doctrina
831 3123 1134 3202 Augustini
1164 3125 1425 3177 autumat
1450 3117 1597 3183 erui,
1627 3116 1910 3189 prostrata

542 3219 785 3274 manent
823 3227 894 3268 ex
928 3206 1094 3263 dictis
1139 3201 1279 3261 locis
1299 3197 1507 3264 citatis,
1556 3201 1613 3253 et
1661 3192 1913 3268 amplius

543 3296 842 3353 diluentur
870 3305 940 3347 ex
962 3281 1239 3342 dicendis.
1265 3277 1433 3336 Unde
1454 3277 1518 3333 in
1538 3291 1740 3334 eorum
1767 3272 1911 3331 eno'-

545 3378 778 3436 datione
802 3386 1006 3447 parum
1030 3361 1506 3425 immorabimur,
1548 3356 1647 3415 sed
1685 3359 1910 3413 tantum

542 3456 976 3534 designabimus
997 3452 1141 3516 loca,
1167 3447 1230 3503 in
1256 3442 1463 3519 quibus
1484 3442 1723 3499 illorum
1750 3439 1912 3497 solu-

545 3542 627 3600 tio
649 3538 915 3596 habetur.

348 3653 392 3696 Μ
424 3651 505 3695 „va
621 3612 708 3670 Ad
743 3613 993 3686 primum
1018 3604 1237 3663 constat
1262 3614 1336 3656 ex
1362 3596 1528 3654 dictis
1553 3595 1684 3652 dub.
1712 3596 1768 3661 2,
1810 3591 1913 3650 ubi

328 3713 383 3747 cx
430 3701 533 3793 123⁰·
546 3715 619 3757 ex
640 3699 704 3752 D.
738 3689 1062 3767 Augustino
1088 3680 1469 3750 ostendimus,
1513 3677 1759 3753 gratiam
1794 3689 1914 3732 non

350 3760 519 3845 δ”ῗιὲἷω
550 3778 661 3836 dici
672 3774 972 3835 efficacem,
992 3766 1090 3824 vel
1101 3776 1411 3838 congruam
1425 3775 1497 3817 ex
1512 3758 1703 3831 aliqua
1717 3756 1917 3823 attenti

356 3854 522 3945 {2322
554 3859 850 3935 peratione
877 3851 947 3909 ad
996 3850 1199 3913 locum,
1256 3849 1501 3915 tempus,
1550 3841 1643 3898 vel
1695 3837 1917 3911 aliquas

353 3951 509 3994 tantur.
555 3937 845 3997 naturales
889 3924 1291 4001 dispositiones
1336 3922 1458 3995 ejus
1495 3920 1594 3993 qui
1635 3920 1872 3975 vocatur
1897 3937 1911 3973 ε

334 3999 534 4045 P‘¹¹¹¹¹¹¹¹¹'
550 4026 606 4081 et
623 4014 950 4078 testimonia
975 4023 1099 4083 quae
1110 4007 1172 4063 in
1186 4002 1546 4062 contrarium
1558 4000 1911 4066 referuntur,

551 4101 913 4176 explicantur
939 4107 1011 4149 ex
1032 4087 1285 4163 professo
1310 4082 1526 4140 ibidem
1555 4083 1666 4153 94.

362 4223 515 4267 swm,
627 4182 714 4238 Ad
739 4174 1034 4236 secundum
1054 4164 1360 4225 dicendum
1393 4168 1497 4231 est,
1529 4160 1915 4237 Augustinum

375 4272 486 4317 aum.
553 4268 761 4338 praeter
780 4255 1027 4334 gratiam
1050 4244 1366 4306 vocationis
1392 4256 1697 4318 agnoscere
1737 4240 1916 4313 aliam

553 4345 819 4423 gratiam,
844 4353 957 4413 qua
975 4328 1275 4390 efficaciter
1295 4325 1603 4391 trahimur,
1634 4328 1692 4382 et
1714 4336 1919 4380 move-

555 4441 710 4491 mur,
743 4427 811 4478 ut
836 4417 1056 4477 constat
1080 4425 1152 4469 ex
1183 4409 1307 4483 ejus
1347 4404 1700 4464 testimoniis
1742 4417 1920 4475 supra

555 4505 753 4564 relatis
778 4505 809 4573 9
838 4503 884 4566 1,
909 4505 963 4555 et
989 4493 1119 4551 dub.
1143 4490 1198 4556 3,
1229 4491 1261 4559 9
1287 4489 1323 4545 2
1342 4494 1392 4543 et
1419 4490 1450 4557 9
1476 4488 1531 4543 4.
1578 4489 1692 4542 Nec
1736 4498 1919 4557 oppo-

553 4585 729 4646 situm
756 4577 1043 4657 significat
1068 4572 1130 4629 in
1178 4569 1335 4635 locis,
1378 4583 1504 4640 quae
1531 4565 1916 4643 objiciuntur;

551 4662 818 4743 quamvis
845 4675 948 4717 nec
966 4666 1194 4726 semper
1218 4647 1388 4723 (quod
1414 4646 1542 4704 fieri
1583 4648 1712 4704 sine
1751 4644 1920 4701 iasti-

553 4747 648 4804 dio
670 4757 787 4801 non
817 4737 1056 4814 poterat)
1077 4747 1180 4789 nec
1199 4726 1470 4787 omnibus
1496 4727 1560 4782 in
1583 4726 1722 4784 locis
1741 4723 1923 4797 expli-

556 4830 645 4884 cat
664 4821 812 4882 illud
836 4815 1141 4877 auxilium.

343 4955 402 4998 Τ,
446 4955 454 4964 .
583 4896 717 4960 ρἈιὶ
744 4901 966 4958 tertium
992 4891 1257 4956 dicimus
1289 4884 1672 4963 Augustinum
1716 4887 1925 4957 praeter

378 4961 540 5000 “¹¹⁰³'‘
557 4985 873 5041 motionem
917 4974 1204 5035 moralem
1231 4968 1535 5027 admittere
1575 4965 1753 5022 aliam
1779 4979 1922 5040 gra-

555 5066 700 5122 tiam
721 5060 953 5136 physice
982 5054 1326 5120 trahentem,
1351 5054 1408 5108 et
1427 5046 1830 5122 applicantem,
1862 5048 1924 5102 ut

2001 597 2179 671 liquet
2224 610 2296 652 ex
2333 589 2595 666 pluribus
2639 588 2760 662 ejus
2798 584 3147 643 testimoniis
3185 598 3358 655 supra

2003 676 2199 736 relatis
2225 679 2257 747 9
2292 678 2334 743 1,
2357 678 2416 731 et
2442 670 2721 746 praecipue
2746 684 2817 726 ex
2839 665 2993 723 libro
3019 665 3090 724 de
3112 667 3356 735 corrept.

2002 765 2060 818 et
2076 757 2280 835 gratia,
2306 773 2426 828 cap.
2465 755 2550 819 12,
2582 749 2681 807 ubi
2710 748 2789 807 ait
2822 769 2836 804 ι
2866 770 2891 802 α
2909 748 2968 804 Si
2989 743 3367 816 sicrelinque-
3395 744 3449 787 D·
3470 743 3575 797 aug.

2012 863 2039 895 α
2082 845 2239 899 retur
2268 836 2387 894 illis
2412 834 2677 892 voluntas
2702 845 2823 897 sua,
2867 833 2930 885 ut
2974 828 3037 883 in
3084 824 3368 901 adjutorio

2014 942 2040 975 α
2082 920 2182 977 Dei
2203 918 2329 974 sine
2354 930 2467 988 quo
2495 926 2864 986 perseverare
2906 925 3024 967 non
3072 910 3308 981 possunt
3336 908 3362 955 ἡ»

2008 998 2178 1075 (quod
2232 1001 2319 1055 est
2379 992 2666 1052 auxilium
2712 990 2999 1047 sufficiens
3063 984 3371 1045 includens

2010 1078 2387 1141 vocationem,
2418 1079 2475 1131 et
2500 1069 2819 1146 quamlibet
2847 1070 3024 1127 aliam
3058 1068 3375 1124 motionem

2011 1158 2316 1227 moralem)
2361 1175 2387 1207 α
2409 1156 2733 1220 manerent,
2757 1149 2807 1206 si
2829 1150 3080 1216 vellent3
3107 1163 3211 1204 nec
3229 1148 3377 1203 Deus

2020 1263 2048 1314 ᾳ
2088 1240 2152 1295 in
2191 1236 2275 1294 eis
2320 1237 2674 1306 operaretur,
2700 1235 2763 1286 ut
2789 1230 3048 1287 vellent:
3088 1227 3243 1283 inter
3270 1227 3371 1293 tot,

2022 1344 2049 1377 α
2087 1326 2146 1379 et
2173 1321 2360 1376 tantas
2403 1314 2746 1373 tentationes
2796 1314 3060 1370 voluntas
3084 1363 3087 1368 ,
3110 1308 3236 1380 ipsa
3272 1322 3377 1365 sua

2023 1423 2050 1456 α
2091 1397 2434 1457 infirmitate
2477 1393 2889 1452 succumberet.
2915 1389 3271 1447 subventum
3292 1391 3379 1445 est

2024 1506 2051 1536 α
2090 1495 2227 1554 ergo
2252 1474 2580 1534 infirmitati
2621 1472 2934 1532 voluntatis
2980 1471 3268 1535 humanae,
3318 1472 3383 1525 ut

2026 1586 2053 1618 α
2092 1560 2294 1619 divina
2319 1557 2503 1633 gratia
2529 1552 3039 1618 indeclinabiliter,
3069 1555 3128 1607 et
3155 1550 3385 1623 insupe-

2026 1669 2054 1701 α
2097 1642 2360 1701 rabiliter
2386 1643 2683 1713 ageretur-3
2711 1641 2768 1693 et
2808 1633 2937 1692 ideo
2980 1631 3244 1707 quamvis
3283 1631 3385 1686 in-

2028 1750 2055 1781 «
2095 1724 2288 1790 firma,
2333 1737 2451 1780 non
2476 1717 2762 1776 deficeret.
2788 1737 2815 1769 »
2844 1718 2914 1771 Et
2933 1714 3085 1772 libro
3106 1713 3177 1770 de
3211 1712 3384 1788 gestis

2023 1806 2262 1881 Pelagii,
2292 1819 2414 1876 cap.
2482 1801 2537 1869 3,
2593 1799 2693 1856 ubi
2734 1799 2814 1856 ait
2864 1818 2879 1854 ε
2927 1819 2953 1850 α
3002 1791 3386 1855 Proculdubio

2032 1911 2059 1942 α
2100 1888 2228 1961 plus
2265 1890 2351 1943 est
2392 1881 2502 1957 agi,
2534 1896 2708 1954 quam
2738 1878 2860 1953 regi
2892 1902 2905 1933 ι
2946 1876 3044 1949 qui
3097 1874 3256 1932 enim
3292 1887 3391 1928 re-

2033 1991 2059 2023 α
2099 1962 2498 2042 gitur,aliquid
2520 1962 2638 2036 agit
2650 1984 2665 2029 3
2678 1959 2777 2033 qui
2792 1973 2931 2015 vero
2942 1955 3151 2031 agitur,
3168 1951 3392 2026 aliquid

2034 2070 2061 2102 t(
2102 2061 2269 2121 agere
2284 2045 2404 2118 ipse
2422 2043 2523 2099 vix
2537 2038 2905 2114 intelligitur.
2931 2037 3152 2093 Tamen
3163 2040 3389 2092 tantum

2035 2152 2062 2184 α
2104 2131 2328 2203 praestat
2348 2121 2743 2182 voluntatibus
2764 2117 2976 2177 nostris
2995 2117 3183 2192 gratia
3198 2117 3398 2174 Salva-

2037 2234 2064 2267 «
2100 2210 2332 2276 toris,ut
2376 2222 2494 2263 non
2540 2203 2762 2262 dubitet
2807 2201 3111 2273 Apostolus
3168 2198 3393 2255 dicere:

2038 2317 2065 2349 α
2094 2294 2377 2364 Quotquot
2389 2286 2609 2361 Spiritu
2631 2284 2732 2342 Dei
2750 2286 3017 2357 aguntur,
3045 2281 3107 2338 hi
3127 2283 3262 2337 sunt
3281 2278 3395 2336 filii

2040 2397 2066 2428 «
2096 2372 2251 2430 Dei.»
2280 2370 2624 2427 Recolantur
2651 2364 2799 2421 dicta
2817 2364 2962 2435 disp.
2984 2364 3037 2429 5,
3054 2361 3181 2417 dub.
3205 2363 3261 2427 6,
3285 2363 3317 2429 9
3333 2360 3390 2425 5,

2036 2454 2132 2512 ubi
2148 2453 2340 2512 varias
2355 2449 2546 2506 Suarii
2560 2447 2856 2505 evasiones
2868 2440 3398 2516 praeclusimus.Ad-

2035 2535 2228 2592 dimus
2237 2531 2308 2589 ad
2323 2528 2622 2605 praesentis
2637 2523 2968 2584 assertionis
2978 2522 3394 2589 defensionem,

2035 2614 2292 2671 sufficere
2315 2610 2566 2685 gratiam
2598 2622 2721 2663 esse
2765 2602 3045 2661 efficacem
3097 2618 3170 2660 ex
3212 2616 3292 2667 se,
3346 2605 3402 2658 et

2037 2693 2490 2768 independenter
2513 2707 2545 2747 a
2570 2688 2809 2746 scientia
2836 2686 3029 2743 media
3061 2703 3074 2741 :
3110 2683 3261 2741 unde
3288 2682 3397 2757 ipsi

2039 2792 2157 2834 non
2185 2775 2541 2837 adversatur,
2573 2768 2722 2843 quod
2749 2772 2814 2825 D.
2845 2766 3197 2841 Augustinus
3222 2778 3400 2836 expo-

2037 2856 2220 2915 suerit
2241 2853 2438 2931 gvatiae
2457 2849 2765 2909 efficaciam
2794 2864 2897 2922 per
2922 2845 3158 2905 modum
3186 2843 3399 2902 motio-

2039 2939 2133 2994 nis
2151 2935 2391 2994 moralis
2410 2957 2424 3002 ;
2448 2932 2518 2989 de
2536 2946 2649 3005 quo
2669 2945 2902 3003 agemus
2921 2926 3094 2985 dubio
3113 2923 3393 2998 sequenti.

2114 3018 2198 3075 Ad
2221 3023 2483 3096 quartum
2509 3009 2905 3085 respondetur,
2936 3006 3220 3065 auxilium
3248 3019 3319 3061 ex
3337 3018 3399 3061 se
3440 3020 3581 3070 Quar-

2041 3098 2236 3156 efficax
2262 3097 2333 3155 ad
2360 3100 2548 3153 actum
2571 3091 2821 3148 liberum
2869 3084 3399 3160 Indispensabiliter
3473 3074 3579 3113 “¹¹¹¹-

2042 3193 2364 3255 supponere
2422 3175 2738 3232 motionem
2806 3170 3120 3227 moralem:
3162 3172 3219 3225 et
3264 3164 3401 3221 hinc

2045 3260 2373 3336 provenire,
2418 3253 2585 3333 quod·
2616 3255 2766 3311 Deus
2803 3250 3003 3316 variis,
3052 3253 3110 3306 et
3158 3245 3405 3303 diversis

2044 3341 2231 3399 modis
2252 3338 2518 3396 homines
2545 3338 2702 3392 vocet
2722 3331 3040 3398 efficaciter,
3077 3332 3245 3403 prout
3281 3326 3423 3400 ipse.

2045 3422 2210 3480 novit
2272 3418 2414 3493 ipsis
2474 3428 2809 3489 congruere,
2870 3427 2987 3469 non
3052 3406 3408 3483 congruitate

2047 3501 2286 3560 fundata
2319 3501 2384 3557 in
2411 3503 2638 3563 natura,
2669 3492 2768 3551 sed
2820 3493 2884 3548 in
2928 3491 3051 3564 ipsa
3090 3488 3291 3565 gratia,
3350 3492 3409 3544 et

2047 3584 2148 3641 Dei
2203 3580 2510 3657 proposito,
2556 3582 2617 3633 ut
2664 3591 2734 3633 ex
2785 3572 3104 3648 Augustino
3150 3567 3403 3626 vidimus

2045 3666 2176 3723 dub.
2204 3666 2258 3732 2,
2290 3663 2398 3734 94.
2424 3661 2532 3719 Sed
2561 3660 2664 3716 ille
2701 3655 2906 3714 modus
2938 3651 3252 3712 vocationis
3287 3664 3406 3706 non

2047 3745 2269 3805 inducit
2305 3740 2702 3799 infallibiliter
2739 3736 3023 3798 effectum.
3065 3733 3178 3790 nisi
3207 3733 3410 3804 quate-

2049 3843 2158 3884 nus
2186 3822 2358 3882 habet
2374 3821 2485 3878 sibi
2507 3820 2837 3896 adjunctum
2885 3814 3170 3872 auxilium
3192 3810 3402 3877 efficax,

2049 3913 2114 3963 ut
2133 3920 2318 3979 nuper
2342 3903 2598 3960 vidimus
2624 3916 2696 3957 ex
2720 3895 2922 3955 eodem
2949 3896 3005 3951 S.
3037 3897 3291 3950 Doctore.

2124 3991 2195 4045 Et
2221 3987 2358 4045 hinc
2398 3989 2547 4060 patet
2593 3982 2665 4040 ad
2711 3983 3010 4057 quintum:
3038 3991 3174 4032 nam
3228 3970 3414 4030 motio
3451 4000 3605 4053 Qum,

2049 4073 2260 4140 efficax,
2292 4085 2403 4142 qua
2430 4070 2575 4123 Deus
2609 4060 2858 4135 applicat
2894 4071 3090 4114 causas
3131 4051 3415 4111 secundas
3483 4057 3591 4096 tum.

2051 4156 2122 4215 ad
2175 4150 2477 4230 agendum,
2529 4146 2660 4202 licet
2711 4138 2983 4197 fundetur
3037 4136 3101 4192 in
3151 4133 3415 4210 generali

2050 4252 2251 4297 earum
2278 4224 2750 4289 subordinatione
2770 4218 2841 4277 ad
2868 4220 3071 4283 Deum,
3104 4219 3167 4270 ut
3191 4231 3263 4272 ex
3292 4215 3420 4288 plu·

2053 4316 2215 4375 ribus
2235 4317 2300 4370 D.
2331 4302 2635 4384 Augustini
2670 4297 3021 4359 testimoniis
3060 4294 3252 4353 docuit
3283 4295 3419 4351 Cle-

2051 4413 2221 4455 mens
2246 4395 2390 4457 VIII,
2416 4405 2538 4461 cap.
2568 4387 2624 4451 5,
2649 4380 2897 4456 opusculi
2922 4380 3072 4434 circa
3101 4378 3266 4433 istam
3288 4393 3417 4432 ma-
3429 4366 3628 4435 clarens

2052 4483 2269 4547 teriam
2294 4473 2394 4532 ubi
2422 4471 2504 4529 ait
2529 4488 2542 4526 ε
2572 4465 2697 4524 Haec
2718 4464 2906 4535 qratia
2933 4459 3092 4517 habet
3115 4458 3421 4532 efficaciam
3460 4442 3593 4485 vm·

2051 4561 2122 4617 ab
2141 4552 2533 4630 omnipotentia
2562 4549 2679 4613 Dei,
2703 4552 2751 4601 et
2778 4561 2814 4599 a
2834 4540 3098 4605 dominio,
3139 4536 3281 4616 quod
3312 4553 3420 4594 sua

2053 4640 2250 4697 divina
2274 4635 2536 4707 majestas
2574 4627 2733 4684 habet
2778 4627 2840 4680 in
2884 4622 3191 4679 voluntates
3235 4617 3424 4672 homi-

2055 4732 2210 4780 uum,
2234 4713 2378 4769 sicut
2402 4714 2452 4763 et
2478 4708 2541 4761 in
2559 4709 2748 4761 catera
2764 4698 2974 4764 omnia,
3020 4709 3134 4769 quae
3169 4690 3269 4747 sub
3289 4692 3423 4748 coelo

2053 4800 2183 4853 sunt
2234 4810 2252 4846 :
2302 4785 2691 4848 nihilominus
2736 4781 2931 4836 movet
2974 4786 3425 4845 unamquanque

2055 4886 2285 4934 causam
2307 4871 2473 4946 juxta
2497 4870 2768 4924 naturam
2791 4872 2989 4924 suam3
3030 4859 3087 4912 et
3132 4851 3262 4909 ideo
3312 4851 3425 4910 ho-

2055 4957 2278 5016 minem
2306 4952 2499 5009 movet
2522 4945 2589 5003 ad
2612 4940 2901 5019 agendum
2928 4950 3059 4994 cum
3087 4930 3425 4991 indifferen-

2056 5038 2136 5096 tia
2154 5032 2376 5111 judicii,
2415 5034 2472 5087 et
2502 5027 2773 5101 potestate
2807 5017 2879 5078 ad
2918 5012 3242 5090 oppositum
3276 5032 3290 5068 :
3321 5026 3426 5150 pea-

3267 5108 3383 5166 quo
