3647 5753
516 378 589 433 86
1521 378 1610 432 DE
1650 378 1921 432 GRATIA
1960 375 2301 431 EFFICACI.

520 549 668 604 ritur
706 546 854 621 quod
897 548 1196 621 proveniat
1228 548 1374 604 illud
1403 554 1773 623 augmentum
1800 563 1872 603 ex

515 629 748 701 speciali
799 628 1117 684 intentione
1154 627 1462 695 donantis;
1506 631 1652 684 Deus
1678 633 1871 683 autem

520 712 851 783 priusquam
878 709 1184 783 praevideat
1199 726 1537 767 consensum
1559 707 1665 765 sub
1685 709 1872 784 gratia

519 791 799 860 futurum,
827 806 941 846 non
966 789 1215 846 intendit
1236 788 1617 847 determinate
1637 804 1873 846 consen-

515 887 665 937 sum,
710 869 808 926 sed
848 868 1248 926 indifferenter
1273 885 1334 926 se
1360 869 1529 925 habet
1562 890 1575 924 :
1603 884 1740 942 erg.»
1769 868 1873 924 illa

518 952 894 1025 inaequalitaS,
927 967 1036 1023 qua
1058 952 1242 1025 gratia
1271 952 1333 1007 in
1360 967 1478 1008 uno
1503 950 1872 1025 conjungitur

515 1051 644 1093 cum
685 1049 983 1098 consensu,
1015 1038 1069 1088 et
1100 1049 1215 1090 non
1256 1034 1317 1089 in
1359 1033 1492 1098 ali0,
1539 1048 1655 1089 non
1685 1032 1871 1088 variat

518 1116 682 1172 illam
713 1115 775 1169 in
803 1114 1027 1170 ratione
1055 1111 1345 1179 beneficii;
1376 1112 1472 1170 sed
1500 1117 1584 1168 est
1603 1128 1636 1169 a
1661 1118 1871 1180 casu‚et

518 1197 783 1270 provenit
805 1195 1092 1267 adaequate
1108 1194 1177 1252 ab
1197 1194 1415 1252 ellectu.
1436 1196 1582 1249 Tum
1604 1193 1865 1266 denique,

514 1278 648 1350 quia
691 1277 793 1332 illa
841 1274 1321 1332 Adversariorum
1372 1273 1632 1331 doctrina
1677 1279 1869 1346 aperte

314 1354 485 1406 ⁸⁰*ssss-
516 1360 826 1434 opponitur
866 1361 928 1414 D.
961 1361 1195 1432 August.
1230 1357 1321 1413 lib.
1365 1357 1429 1412 de
1462 1356 1704 1428 praedest.
1748 1354 1866 1413 SS.

514 1459 633 1514 cap.
668 1441 769 1496 ult.
803 1439 900 1495 ubi
944 1440 1021 1495 ait
1059 1461 1071 1494 :
1114 1437 1386 1515 Nunq'uid
1421 1454 1517 1510 per
1554 1436 1660 1492 hmo
1699 1437 1863 1501 dona,

514 1539 628 1597 quoe
639 1520 888 1576 omnibus
908 1519 1218 1575 communia
1236 1524 1363 1572 sunt
1376 1516 1686 1572 hominibus
1705 1515 1868 1584 (talia

513 1607 647 1657 sunt
690 1600 908 1656 auxilia
952 1598 1256 1656 contrariae
1297 1595 1606 1670 opinionis,
1655 1611 1862 1667 nempe

510 1700 583 1741 ex
600 1699 660 1739 se
685 1681 1039 1748 sufficientia,
1071 1696 1141 1736 ex
1168 1697 1228 1737 se
1249 1696 1366 1736 non
1393 1678 1638 1736 efficacia
1663 1684 1719 1734 et
1743 1693 1867 1750 quae

511 1771 629 1822 tam
676 1778 804 1819 curn
858 1775 1155 1825 consensu,
1207 1775 1380 1832 quam
1426 1775 1556 1816 cum
1605 1758 1865 1815 dissensu

509 1843 776 1919 conjungi
816 1843 1051 1914 queunt)
1095 1842 1481 1896 discernuntur
1517 1840 1759 1893 homines
1796 1839 1866 1894 ab

501 1926 865 1984 hominibus?
890 1922 1000 1980 Hic
1025 1931 1209 1978 autem
1249 1924 1476 1994 (nempe
1510 1924 1700 1992 Apost.
1741 1921 1758 1974 l
1794 1919 1865 1975 ad

513 2008 860 2076 Corinth.4),
881 2007 1042 2078 prius
1060 2005 1210 2060 dixit
1231 2025 1244 2059 :
1269 2002 1407 2075 Quis
1427 2004 1570 2057 enim
1591 2009 1640 2055 te
1662 2001 1866 2056 discer-

503 2091 638 2146 nit?
675 2088 749 2145 Et
775 2088 968 2142 deinde
1004 2087 1220 2141 addidit
1240 2104 1259 2138 .·
1299 2083 1449 2157 Quid
1472 2091 1654 2139 autem
1679 2083 1859 2148 habes,

501 2172 653 2249 quod
702 2187 811 2224 non
860 2168 1160 2239 accepisti?
1212 2164 1395 2222 Posset
1449 2166 1645 2242 quippe
1692 2163 1866 2218 dicere

500 2253 667 2308 homo
706 2251 938 2322 inflatus
958 2269 976 2302 .·
1012 2248 1285 2305 Discernit
1310 2264 1394 2301 me
1418 2248 1548 2317 fidos
1573 2263 1712 2310 mea,
1735 2247 1866 2316 jus-

504 2336 637 2390 titia
657 2352 796 2398 mea,
828 2333 911 2387 vel
935 2334 986 2387 si
1007 2331 1141 2408 quid
1164 2329 1326 2385 aliud
1350 2330 1569 2399 (utputa
1597 2325 1866 2382 determi-

508 2416 665 2472 natio
693 2415 938 2488 propriae
977 2412 1329 2480 voluntatis).
1390 2407 1615 2464 Talibus
1652 2410 1867 2478 copita-

506 2499 746 2554 tionibus
780 2511 1065 2553 occurrens
1102 2494 1272 2549 bonus
1311 2491 1510 2547 Doctor
1535 2509 1554 2542 .·
1583 2491 1730 2546 Ouid
1754 2508 1865 2545 au-

506 2584 612 2632 tem
632 2578 811 2642 habes,
832 2577 1031 2652 inquit,
1057 2572 1198 2650 quod
1218 2588 1326 2626 non
1345 2571 1645 2642 accepisti?
1664 2570 1712 2626 A
1734 2587 1858 2646 que,

508 2660 620 2714 nisi
657 2658 725 2712 ab
752 2658 850 2712 illo
878 2657 973 2733 qui
1014 2661 1062 2708 te
1087 2653 1346 2708 discernit
1367 2651 1434 2705 ab
1460 2651 1590 2714 alio,
1635 2652 1727 2705 cui
1754 2667 1864 2704 non

505 2740 735 2796 donavit
776 2738 918 2814 quod
942 2736 1171 2790 donavit
1204 2732 1351 2787 tibi?
1377 2729 1447 2788 Si
1485 2738 1666 2786 autem
1707 2749 1864 2786 acce-

502 2822 656 2893 pisti,
682 2820 783 2884 ait,
812 2816 945 2894 quid
960 2815 1223 2886 qloriaris
1245 2814 1405 2890 quasi
1425 2828 1533 2866 non
1555 2811 1866 2885 acceperis?

505 2902 573 2954 Et
601 2903 791 2971 postea
816 2894 1101 2951 subinfert
1129 2914 1141 2948 :
1173 2891 1375 2949 Gratia
1400 2892 1661 2947 discernit
1701 2892 1865 2946 bonos

501 2996 538 3033 a
565 2979 749 3040 malie,
769 2992 877 3029 non
905 2990 1017 3047 quae
1042 2973 1345 3027 connmunis
1370 2978 1445 3026 est
1466 2971 1634 3037 boniS,
1665 2978 1715 3025 et
1737 2989 1864 3025 ma·-

505 3060 594 3115 lis.
623 3056 942 3112 videantur
980 3069 1154 3125 supra
1182 3052 1329 3109 dicta
1355 3053 1483 3108 dub.
1523 3055 1568 3120 l,
1593 3056 1624 3121 ἕ
1650 3054 1686 3107 4
1725 3058 1776 3107 et
1801 3055 1857 3121 5,

505 3138 601 3195 ubi
623 3135 964 3211 quibusdam
987 3134 1398 3209 objectionibus
1419 3132 1693 3190 adversus
1710 3135 1859 3192 hanc

506 3219 826 3277 doctrinam
856 3219 1228 3275 occurrimus,

321 3318 400 3363 vig
411 3329 475 3361 ar·
581 3295 664 3349 Ex
693 3292 784 3347 his
808 3291 944 3348 satis
971 3291 1149 3364 liquet
1170 3289 1240 3346 ad
1268 3293 1671 3364 argumentum
1694 3308 1850 3347 num.

289 3368 482 3462 fflffii
516 3375 608 3429 121
659 3372 887 3438 factum,
930 3377 987 3429 et
1031 3376 1224 3444 aperte
1262 3374 1497 3432 constat,
1542 3385 1714 3441 quam
1758 3388 1862 3444 pa-

347 3471 427 3511 mr.
509 3471 639 3511 rum
669 3454 848 3526 prosit
878 3470 1009 3508 usus
1048 3453 1296 3509 scientiae
1336 3449 1540 3506 mediae
1576 3449 1646 3506 ad
1673 3453 1864 3524 expli-

507 3537 747 3595 candam
777 3535 1080 3593 efficaciam
1113 3535 1345 3608 gratiae3
1376 3538 1432 3589 et
1456 3533 1740 3604 quomodo
1768 3550 1864 3590 re-

507 3618 730 3690 linquat
753 3616 1027 3673 insolutas
1042 3630 1138 3673 eas
1153 3614 1524 3677 difficultates,
1542 3629 1645 3685 pro
1657 3612 1864 3686 quibus

505 3695 849 3772 superandis
876 3694 947 3752 ab
971 3695 1093 3769 ejus
1121 3694 1376 3768 patronis
1406 3693 1727 3751 introducta
1753 3700 1858 3761 est,

503 3784 561 3836 et
603 3794 744 3852 quas
793 3777 1048 3833 suaviter
1099 3775 1341 3833 credunt
1387 3791 1449 3832 se
1496 3790 1858 3848 componere.

503 3858 837 3915 omittimus
880 3872 1175 3929 superesse
1213 3856 1328 3912 alia
1356 3856 1540 3929 plura,
1571 3870 1695 3927 quae
1732 3872 1861 3911 cum

502 3940 688 4012 gratia
715 3938 920 3995 efficaci
949 3935 1337 4009 dependenter
1359 3952 1390 3992 a
1415 3935 1651 3991 scientia
1673 3933 1865 3992 media

502 4018 802 4075 conciliari
831 4032 949 4074 non
967 4016 1159 4073 valent
1178 4039 1192 4083 ;
1214 4014 1537 4098 'cujusmodi
1557 4020 1658 4081 est,
1682 4017 1860 4071 Deum

505 4100 691 4157 facere
719 4104 779 4155 ut
805 4098 1101 4162 faciamus,
1146 4102 1207 4152 ut
1240 4101 1434 4168 aperte
1473 4095 1632 4153 docet
1668 4097 1864 4170 Scrip-

505 4185 656 4245 tura,
680 4185 737 4235 et
759 4176 1203 4251 ponder-avimus
1228 4176 1368 4248 disp.
1396 4178 1449 4240 5,
1480 4176 1608 4231 dub.
1631 4177 1667 4231 6
1686 4180 1786 4245 etg
1802 4179 1859 4231 2.

505 4259 823 4316 Efficaciam
851 4258 1050 4331 gratiae
1088 4256 1310 4314 desumi
1346 4254 1417 4311 ab
1443 4255 1863 4328 omnipotentia

502 4339 727 4404 divina,
760 4342 821 4392 ut
864 4352 1038 4408 supra
1079 4335 1458 4409 expendimus
1497 4340 1528 4405 g
1573 4336 1628 4399 4,
1681 4337 1860 4391 Deum

507 4435 666 4492 posse
693 4417 1007 4491 quamlibet
1028 4418 1402 4485 voluntatem,
1433 4422 1489 4473 et
1518 4417 1579 4472 in
1609 4414 1864 4488 quolibet

504 4506 762 4573 tempore
790 4500 859 4557 ad
898 4517 958 4557 se
996 4504 1348 4565 convertere,
1383 4504 1444 4553 ut
1468 4500 1780 4571 Scriptura,
1807 4504 1862 4555 et

505 4583 740 4655 August.
773 4583 1076 4640 manifeste
1104 4580 1355 4646 tradunt,
1386 4584 1443 4636 et
1477 4579 1862 4654 argumentati

504 4658 724 4716 fuimus
767 4666 798 4731 g
838 4666 895 4718 5.
945 4661 1391 4721 conversionem
1440 4659 1693 4716 hominis
1741 4674 1862 4715 esse

501 4739 765 4796 effectum
804 4741 1001 4813 gratiae
1030 4739 1417 4814 dependenter
1443 4738 1514 4794 ab
1541 4737 1863 4795 intentione

506 4820 607 4876 Dei
636 4820 886 4892 speciali,
905 4827 963 4877 et
980 4820 1381 4885 determinata,
1405 4823 1464 4873 ut
1485 4817 1857 4887 vidimusgss.

505 4902 644 4964 Quae
668 4900 883 4963 omnia,
905 4906 963 4957 et
981 4901 1095 4956 alia
1115 4904 1380 4973 sexcenta
1405 4914 1533 4954 cum
1558 4897 1861 4970 principiis

503 4980 760 5036 scientiae
800 4979 1001 5037 mediae
1026 4979 1294 5053 componi
1335 4984 1657 5051 nequeunt;
1686 4984 1743 5034 et
1769 4984 1861 5034 ta-

2003 570 2138 610 men
2165 553 2484 611 necessario
2524 551 2595 608 ab
2629 552 2790 610 omni
2832 550 2931 624 qui
2974 549 3202 625 Pelagio
3244 566 3362 607 non

2003 633 2168 691 offert
2188 650 2414 699 manus,
2442 631 2795 689 admittenda
2822 636 2975 686 sunt.

2086 718 2207 772 128.
2249 716 2335 772 Ad
2380 713 2878 773 confirmationem
2930 712 3358 784 respondemus,
3376 741 3558 791 Respon-

2004 814 2107 855 nos
2137 814 2253 854 non
2277 813 2548 857 asserere.
2573 794 2723 868 quod
2747 793 3223 851 Adversariorum
3245 796 3366 868 opi·
3400 788 3546 882 {¹3¹2ss-

2005 878 2102 934 nio
2153 878 2228 932 sit
2274 874 2703 950 improbabilis;
2759 872 2855 930 sed
2906 872 3055 945 quod
3106 875 3362 946 opposita
3405 887 3548 931 nauo-

2003 960 2066 1013 D.
2112 957 2436 1032 Augustini,
2480 963 2537 1012 et
2578 957 2641 1011 D.
2680 954 2913 1009 Thomas
2958 955 3255 1011 sententia
3277 961 3362 1034 est
3412 946 3519 981 Μ·

2005 1036 2375 1110 probabilior,
2426 1037 2677 1111 gravior,
2722 1035 3032 1106 antiquior,
3081 1035 3356 1098 securior,

2002 1119 2324 1191 Scripturae,
2354 1125 2410 1176 et
2430 1119 2718 1184 Conciliis,
2749 1116 3029 1183 PatribuS,
3060 1133 3122 1172 ac
3148 1116 3359 1173 rationi

2002 1202 2406 1274 congruentior
2440 1221 2453 1256 ε
2483 1201 2572 1256 cui
2603 1197 2844 1271 proinde
2873 1203 2986 1253 toto
3017 1197 3145 1252 nisu
3175 1197 3359 1252 inhae·

2004 1297 2215 1337 remuS.
2242 1284 2305 1336 In
2327 1296 2393 1338 eo
2416 1287 2624 1343 autem,
2656 1277 2806 1351 quod
2830 1276 3195 1334 confirmatio
3223 1283 3356 1333 tan-

1999 1363 2082 1434 git
2109 1361 2177 1418 de
2205 1360 2633 1433 approbatione,
2659 1361 2750 1415 vel
2782 1358 3157 1431 permissione
3177 1359 3358 1415 scien-

2001 1442 2119 1498 tiae·
2145 1441 2345 1498 mediae
2392 1448 2514 1516 post
2565 1441 2910 1499 delationem
2953 1437 3023 1494 ad
3060 1455 3357 1495 summum

2002 1524 2355 1593 Pontificem,
2400 1541 2517 1582 non
2563 1529 2646 1580 est
2688 1539 2789 1580 cur
2836 1521 2926 1578 hic
2970 1520 3351 1587 detineamur,

1999 1607 2302 1677 suppositis
2324 1607 2413 1661 his
2434 1622 2558 1678 quae
2580 1604 2833 1660 diximus
2855 1602 3351 1676 §praced.ctd1‘sp.

2008 1686 2053 1749 1,
2078 1688 2412 1758 prooemiali,
2443 1704 2565 1759 cap.
2595 1687 2649 1749 6,
2675 1688 2706 1756 ξ
2733 1686 2785 1750 4,
2812 1690 2860 1738 et
2881 1690 3008 1738 tom.
3044 1685 3089 1747 l,
3116 1691 3276 1739 tract.
3298 1685 3351 1747 3,

1998 1767 2137 1840 disp.
2191 1771 2271 1825 lO.
2304 1768 2621 1825 videantur
2647 1774 2841 1823 tamen
2878 1766 3210 1822 Vincentius
3244 1769 3356 1823 Ba—

1999 1850 2217 1912 ronius,
2248 1855 2303 1907 et
2329 1854 2396 1907 N.
2425 1850 2726 1923 Philippus
2754 1865 2785 1905 a
2812 1850 2904 1904 SS.
2956 1848 3170 1905 Trinit.
3212 1866 3356 1922 quo-

1999 1947 2129 1988 rum
2151 1932 2327 1990 verba
2354 1931 2616 1990 dedimus
2643 1933 2754 1987 loco
2780 1934 2873 1987 cit.

2469 2125 2749 2179 DL'BiUM
2790 2125 2886 2178 IV.

2004 2275 2200 2332 Utrum
2223 2277 2410 2345 qratia
2435 2274 2637 2346 efficax
2660 2272 2852 2327 habeat
2872 2273 3168 2345 efficaciam
3191 2291 3261 2327 ea·
3274 2291 3344 2339 sc,

2445 2354 2493 2402 et
2509 2347 2578 2402 ab
2596 2349 2906 2401 intrinsece.

2044 2521 2051 2528 ·
2070 2499 2375 2568 Postquam
2396 2493 2776 2566 explicuimus
2798 2493 3227 2567 modOS,quibus
3249 2495 3349 2550 alii

1994 2582 2290 2650 exponunt
2315 2575 2512 2650 gratiae
2550 2574 2874 2638 efficaciam,
2908 2580 2961 2630 et
2999 2573 3353 2631 ostendimus

1995 2664 2272 2731 quantum
2315 2672 2348 2711 a
2392 2656 2651 2719 veritate,
2706 2660 2761 2713 et
2803 2656 3105 2729 Augustini
3159 2662 3353 2712 mente

1995 2737 2293 2802 deficiant;
2324 2739 2580 2806 superest
2596 2734 2737 2807 J‘am,
2767 2740 2827 2789 ut
2854 2734 3206 2791 auxiliorum
3237 2735 3350 2790 effi·

1994 2819 2205 2875 caciam
2259 2814 2510 2878 veritati,
2562 2818 2619 2866 et
2662 2813 2979 2887 Augustino
3038 2829 3349 2870 consonam

1995 2899 2346 2956 declaremus
2380 2893 2569 2968 :quod
2609 2895 2736 2962 isto,
2782 2900 2837 2950 et
2875 2896 3130 2967 sequenti
3174 2892 3349 2949 dubio

1997 2977 2410 3053 praestabimuS.
2456 2974 2702 3031 Nomine
2729 2980 2917 3030 autem
2947 2975 3143 3048 gratiae
3169 2991 3240 3031 ex
3267 2991 3346 3037 se,

1994 3065 2048 3118 et
2065 3060 2135 3117 ab
2159 3059 2468 3115 intrinseco
2492 3055 3346 3123 efficaciS,illanrefficacitatem‚

1994 3142 2116 3197 sive
2162 3137 2532 3196 infallibilem
2580 3136 2998 3192 connexionem
3044 3152 3175 3192 cum
3222 3141 3346 3192 actu

1994 3221 2192 3297 gratiae
2241 3215 2707 3290 correspondenti
2757 3216 3159 3290 intelligimus,
3221 3234 3348 3290 quae

1995 3318 2098 3359 nec
2123 3314 2460 3357 consensum
2501 3295 2886 3354 conditionate
2924 3297 3181 3354 futurum
3209 3316 3348 3371 sup-

1996 3386 2188 3453 ponat,
2235 3395 2335 3435 nec
2374 3378 2562 3450 ipsum
2594 3376 2653 3431 in
2681 3382 2828 3432 statu
2858 3378 3115 3434 absoluto
3140 3394 3349 3451 expec-

1994 3469 2101 3528 tet;
2155 3460 2252 3517 sed
2301 3461 2486 3532 potius
2534 3459 2701 3513 illum
2762 3458 2901 3515 adeo
2961 3459 3351 3517 infallibiliter

1995 3544 2227 3606 inferat,
2268 3546 2329 3597 ut
2356 3543 2596 3612 nequeat
2641 3539 2894 3596 absolute
2938 3542 3032 3595 vel
3072 3557 3199 3595 cum
3228 3540 3350 3613 ejus

1994 3623 2268 3687 carentia,
2300 3622 2392 3678 vel
2414 3637 2541 3677 cum
2569 3621 2829 3676 dissensu
2850 3621 3134 3693 componi,
3168 3620 3348 3678 illaesa

1996 3710 2189 3762 tamen
2216 3689 2398 3759 no’stri
2428 3701 2658 3757 arbitrii
2697 3700 2974 3763 libertate,
3018 3705 3073 3755 et
3100 3700 3204 3757 hoc
3240 3707 3343 3764 est,

1994 3784 2144 3860 quod
2180 3782 2458 3857 praecipue
2499 3782 2561 3836 in
2608 3780 2873 3853 praesenti
2913 3778 3088 3837 dubio
3118 3782 3350 3839 investi·

1993 3883 2195 3942 gamus
2228 3887 2241 3921 ι
2271 3880 2347 3921 an
2387 3869 2578 3920 autern
2605 3863 2681 3917 sit
2713 3863 2957 3935 qualitas
2979 3862 3207 3934 physice
3230 3878 3349 3919 mo·

1996 3963 2155 4013 vem,
2189 3963 2262 4003 an
2303 3961 2441 4002 vero
2479 3944 2553 3999 sit
2592 3944 2848 4015 operatio
2888 3942 3188 3997 moraliter
3216 3946 3350 3998 tan-

1994 4033 2136 4091 turn,
2158 4026 2262 4082 etsi
2279 4024 2595 4087 efficaciter,
2616 4021 2681 4077 ad
2706 4036 3044 4078 consensum
3067 4021 3344 4085 alliciens,

1995 4108 2168 4165 dubio
2194 4106 2453 4180 sequenti
2480 4102 2826 4162 videbimus·

2611 4279 2727 4347 gl.

2082 4428 2217 4485 Vera
2239 4430 2504 4483 sententia
2524 4426 2919 4499 proponitur,et
2939 4426 3275 4482 authoritate

2528 4508 2807 4579 firmatur.

2078 4658 2199 4712 129.
2244 4653 2556 4711 Dicendum
2610 4658 2710 4716 est,
2772 4654 3017 4727 gratiam
3068 4654 3347 4711 efficacem
3391 4682 3584 4729 concin-

1992 4751 2114 4793 esse
2135 4738 2306 4792 talem
2332 4752 2402 4792 ex
2424 4751 2502 4800 se,
2527 4741 2584 4790 et
2610 4733 2683 4790 ab
2703 4733 3131 4791 intrinseco.Sic
3149 4734 3353 4791 docent
3418 4732 3508 4777 ⁸³0-

1994 4817 2057 4871 D.
2106 4815 2477 4890 AugustinuS,
2533 4821 2590 4872 et
2636 4815 2700 4871 D.
2749 4814 2956 4870 Thom.
3008 4815 3144 4871 locis
3191 4815 3350 4871 infra

1994 4895 2312 4953 referendis
2346 4912 2527 4967 :quos
2578 4899 2895 4968 sequuntur
2946 4894 3088 4953 adeo
3133 4899 3351 4953 unani-

1992 4975 2167 5033 miter
2194 4975 2521 5041 Thornistae,
2554 4980 2615 5032 ut
2640 4990 3129 5048 supervacaneum
3160 4975 3351 5033 videa·

3256 5061 3352 5112 tur
