3647 5753
499 353 612 410 662

502 525 601 600 qui
632 526 954 596 reparatur,
986 524 1039 576 et
1068 518 1183 575 alia
1220 513 1547 591 hujusmodi
1578 512 1869 585 pertinent

505 604 788 681 primario
817 600 886 658 ad
911 600 1235 658 facultatem
1266 603 1506 654 naturae.
1543 592 1706 650 Unde
1730 592 1868 649 satis

504 690 686 761 liquet
706 683 778 742 ad
807 686 973 758 plura
994 683 1276 756 exempla,
1302 696 1425 753 quae
1447 682 1675 752 possent
1695 674 1870 732 addu-

501 769 553 827 ci
594 767 665 825 ad
708 764 1089 839 probandum,
1120 762 1269 836 quod
1317 761 1534 818 infusio
1561 757 1781 832 gratiae,
1813 761 1871 812 et

503 849 753 907 aliorum
779 846 1065 903 donorum
1095 842 1628 918 supernaturalium
1649 838 1725 893 sit
1752 836 1869 892 mi-

507 931 784 988 raculosa.

302 1016 475 1077 pimita·
581 1006 673 1059 59.
722 1002 1002 1059 Addimus
1054 1001 1117 1056 in
1158 999 1492 1061 assertione,
1539 995 1776 1067 proprie,
1818 998 1870 1047 et

286 1074 494 1162 uffiffgr·
508 1088 691 1143 stricte
737 1087 975 1150 (lictant,-
1011 1083 1146 1155 quia
1202 1081 1252 1137 si
1299 1079 1647 1135 miraculum
1714 1076 1870 1148 large

514 1173 823 1240 usurpetur
852 1182 954 1239 pro
977 1164 1137 1221 omni
1159 1179 1244 1227 e0,
1270 1160 1418 1234 quod
1448 1164 1668 1215 naturae
1697 1157 1870 1213 facul-

507 1257 683 1307 tatem
711 1250 953 1316 excedit,
987 1247 1348 1321 perspicuum
1376 1248 1476 1310 est,
1507 1239 1869 1316 justificatio-

508 1347 643 1388 nem
710 1331 877 1403 impii
946 1343 1106 1402 posse
1152 1325 1502 1382 miraculum
1557 1319 1866 1394 appellari;

505 1413 841 1488 producitur
887 1412 1048 1469 enim
1096 1410 1160 1466 in
1220 1409 1322 1465 illa
1374 1404 1633 1480 quaedam
1681 1404 1871 1460 forma

506 1494 999 1569 praestantissima,
1032 1506 1240 1562 nempe
1278 1488 1495 1563 gratiae,
1534 1503 1660 1560 quae
1685 1488 1870 1543 totum

506 1583 726 1633 naturae
755 1574 1021 1632 ordinem
1062 1571 1304 1630 excedit.
1336 1572 1521 1626 Immo
1548 1583 1687 1625 vero
1718 1566 1871 1621 inter

504 1659 733 1717 effectus
759 1655 1226 1731 supernaturales
1256 1652 1397 1709 adeo
1440 1651 1751 1706 sublimem
1781 1648 1870 1704 lo·

507 1758 636 1798 cum
693 1740 949 1798 vindicat
993 1738 1161 1810 impii
1209 1733 1559 1810 justificatio,
1605 1737 1668 1787 ut
1719 1729 1870 1787 nulli

506 1822 683 1888 cedat,
728 1822 842 1877 nisi
870 1820 959 1876 his
986 1825 1230 1884 tantum,
1263 1832 1387 1889 quaa
1430 1816 1767 1887 important,
1814 1816 1872 1867 et

507 1904 962 1976 complectuntur
1009 1898 1417 1972 perfectionem
1466 1896 1719 1967 aliquam
1775 1893 1873 1948 in-

506 1992 778 2050 creatam,
800 1991 859 2040 ut
884 1988 1104 2040 constat
1122 1997 1193 2038 ex
1213 1979 1379 2037 dictis
1395 1984 1511 2035 toto
1525 1976 1700 2032 dubio
1722 1992 1872 2048 prae-

508 2065 749 2124 cedenti.
785 2069 853 2120 Et
878 2065 942 2119 in
977 2064 1081 2120 hoc
1101 2078 1272 2118 sensu
1300 2059 1648 2116 miraculum
1672 2057 1872 2130 appel-

510 2146 683 2205 landa
711 2152 812 2213 est,
849 2161 1056 2217 nempe
1100 2159 1242 2216 opus
1287 2139 1454 2197 valde
1483 2136 1773 2206 mirabile,
1815 2143 1874 2195 et

510 2231 784 2286 virtutem
825 2228 924 2284 Dei
969 2239 1316 2301 magnopere
1362 2221 1758 2278 manifestans
1804 2221 1874 2274 Et

295 2333 346 2373 ι),
371 2331 472 2375 Tho.
512 2310 589 2367 ita
608 2307 982 2382 exponendus
1003 2313 1087 2363 est
1116 2309 1181 2361 D.
1213 2303 1419 2359 Thom.
1448 2303 1503 2366 3,
1527 2309 1717 2357 contra
1739 2318 1873 2369 yen-

509 2398 602 2458 teS,
661 2408 780 2462 cap.
822 2389 915 2443 161
967 2389 987 2457 (
1006 2385 1102 2458 qui
1135 2385 1286 2440 locus
1313 2382 1456 2438 solet
1483 2381 1554 2436 ab
1582 2379 1873 2453 aliquibus

508 2471 675 2545 objici
733 2475 939 2526 nostrae
997 2464 1299 2523 assertioni
1326 2467 1366 2535 ),
1419 2462 1518 2519 ubi
1580 2468 1875 2535 comparat

503 2548 967 2624 Justificationem
998 2546 1164 2618 impii
1202 2543 1622 2600 illuminationi
1644 2543 1793 2608 caeci,
1818 2548 1875 2599 et

510 2626 929 2688 resuscitationi
958 2625 1193 2682 mortui.
1227 2627 1372 2680 Nam
1401 2624 1589 2680 solum
1625 2621 1876 2678 intendit

508 2718 813 2783 utramque
839 2707 1236 2781 operationem
1263 2720 1384 2761 esse
1413 2702 1767 2769 mirabilem,
1818 2709 1876 2760 et

507 2791 840 2867 gratuitam,
856 2792 913 2844 et
932 2802 1105 2859 supra
1132 2785 1497 2858 capacitatem
1521 2784 1870 2850 naturalem,

508 2880 565 2931 et
585 2869 1022 2945 dispositionem
1049 2865 1286 2940 subJecti
1322 2887 1334 2921 :
1364 2865 1549 2922 immo
1572 2869 1774 2922 contra
1792 2863 1872 2931 id,

509 2952 658 3027 quod
686 2968 861 3015 morS,
893 2948 1126 3011 caecitas,
1153 2953 1208 3003 et
1231 2950 1520 3017 peccatum
1547 2946 1786 3021 exigunt
1804 2962 1878 3003 ex

513 3039 674 3108 parte
701 3049 822 3088 sua.
857 3028 1018 3095 Quod
1038 3028 1176 3084 satis
1198 3027 1376 3099 liquet
1401 3043 1471 3083 ex
1493 3033 1648 3084 textu
1677 3048 1690 3083 ε
1727 3048 1752 3081 «
1777 3026 1877 3082 Li-

518 3139 544 3171 «
571 3119 657 3174 cet
686 3119 875 3170 autem
902 3112 1020 3171 ille,
1042 3109 1138 3182 qui
1164 3114 1367 3180 peccat,
1393 3108 1877 3181 impedimentum

516 3222 541 3253 «
569 3198 767 3274 gratiae
789 3198 1033 3268 praestet,
1052 3196 1107 3248 et
1134 3191 1197 3246 in
1215 3194 1496 3263 quantum
1517 3189 1656 3248 ordo
1679 3207 1876 3247 rerum

515 3306 539 3335 «
571 3281 748 3355 exigit
775 3324 786 3346 ,
837 3275 1084 3353 gratiam
1132 3290 1250 3332 non
1294 3272 1526 3330 deberet
1589 3274 1875 3347 recipere;

514 3386 539 3417 «
569 3369 764 3421 tamen
811 3360 948 3433 quia
994 3360 1141 3414 Deus
1167 3360 1374 3430 praeter
1414 3355 1678 3413 ordinem
1711 3355 1880 3413 rebus

517 3467 542 3497 α
572 3442 829 3500 inditum
857 3438 1087 3513 operari
1112 3440 1310 3509 potest,
1342 3435 1486 3492 sicut
1512 3452 1643 3492 cum
1670 3451 1879 3492 caecum

520 3521 894 3586 «illuminat,
946 3517 1041 3575 vel
1069 3521 1363 3587 mortuum
1402 3515 1733 3582 resuscitat;
1782 3516 1881 3572 in-

518 3629 544 3660 «
574 3605 803 3663 terdum
821 3620 893 3660 ex
912 3599 1264 3659 abundantia
1281 3598 1553 3656 bonitatis
1571 3614 1689 3655 suae
1703 3599 1879 3655 etiam

520 3712 545 3743 «
578 3704 675 3746 eos
702 3686 799 3760 qui
840 3683 1326 3756 impedimentum
1359 3681 1558 3756 gratiae
1578 3687 1876 3754 praestant,

522 3792 548 3823 «
578 3770 801 3826 auxilio
815 3784 918 3824 suo
935 3766 1232 3840 praevenit,
1253 3769 1518 3821 avertens
1537 3778 1633 3820 eos
1649 3780 1682 3820 a
1702 3766 1876 3833 ma10,

523 3872 550 3903 α
579 3855 634 3907 et
663 3853 1001 3905 convertens
1031 3845 1100 3902 ad
1130 3843 1365 3901 bonum.
1403 3864 1427 3895 ι)

591 3931 683 3985 60.
731 3926 1045 3985 Dicendum
1087 3931 1170 3982 est
1207 3922 1489 3992 secundo,
1518 3924 1883 3999 justificatio·

519 4026 653 4067 nem
683 4010 851 4083 impii
880 4024 1001 4065 esse
1029 4007 1339 4079 aliquando
1367 4007 1715 4064 miraculum
1746 4023 1884 4080 pro-

521 4092 664 4165 prie,
697 4097 753 4149 et
777 4090 974 4146 stricte
994 4087 1232 4144 dictum.
1265 4089 1393 4145 Haec
1412 4090 1699 4146 conclusio
1721 4089 1883 4146 desu-

299 4204 337 4247 D
381 4204 487 4246 Tuo.
519 4174 701 4230 mitur
730 4190 800 4230 ex
823 4174 886 4229 D.
907 4172 1113 4228 Thom.
1131 4170 1195 4226 in
1218 4173 1501 4244 praesenti,
1529 4172 1687 4245 cujus
1707 4171 1883 4229 verba

518 4254 712 4311 statim
729 4252 1116 4328 subjiciemus
1142 4259 1199 4308 et
1219 4251 1544 4309 admittitur
1564 4251 1885 4309 communi-

520 4341 607 4393 ter
656 4351 688 4391 a
740 4334 1064 4409 Theologis.
1123 4332 1409 4391 Probatur
1446 4332 1700 4400 ratione;
1747 4332 1885 4406 quia

519 4422 654 4479 tunc
684 4413 916 4488 aliquod
942 4431 1085 4487 opus
1125 4419 1211 4470 est
1249 4412 1599 4469 miraculum
1627 4414 1880 4487 proprie,

518 4501 576 4553 et
595 4498 790 4553 stricte
810 4495 1048 4561 dictum,
1074 4492 1303 4568 quando
1330 4492 1395 4549 fit
1420 4500 1627 4568 praeter
1648 4494 1885 4553 modum

338 4628 466 4673 Ratio
520 4593 692 4651 quem
720 4576 953 4633 effectus
993 4575 1149 4631 intra
1187 4590 1355 4632 suum
1390 4575 1655 4633 ordinem
1678 4592 1887 4651 expos-

324 4678 471 4722 mnda-
520 4658 616 4727 cit,
644 4659 770 4714 sive
819 4656 1005 4728 (etin
1048 4654 1201 4712 idem
1232 4655 1472 4729 recidit)
1499 4675 1629 4715 cum
1658 4657 1887 4715 effectus

325 4733 485 4829 Ψῇξξῗ·
522 4740 860 4816 producitur
886 4739 1074 4805 aliter,
1100 4736 1277 4811 quam
1315 4740 1456 4812 petit
1484 4740 1717 4814 produci
1746 4762 1759 4796 ε
1787 4741 1887 4799 sed

515 4820 846 4897 justificatio
874 4819 1044 4893 impii
1073 4819 1383 4891 aliquando
1428 4818 1493 4877 fit
1522 4826 1731 4895 praeter
1758 4839 1889 4881 mo-

520 4905 682 4970 dum,
712 4918 881 4974 quem
909 4917 981 4958 ex
1018 4908 1217 4975 suapte
1245 4902 1577 4961 conditione
1604 4907 1852 4979 postulat
1869 4930 1885 4975 ;

518 4990 579 5043 et
640 4983 829 5058 gratia
873 4982 1125 5057 impium
1174 4982 1493 5058 justificans
1546 4986 1889 5066 quandoque

298 3953 488 3999 Secunda

298 4004 466 4063 conplu-

350 4064 429 4098 sio.

816 5294 835 5321 't

1211 346 1302 401 DE
1343 342 1786 409 QL‘IDDITATE
1822 339 2429 394 JUSTIFICATIONIS
2469 339 2674 395 IMPII.

2003 508 2339 583 producitur
2363 510 2553 577 aliter,
2574 525 2746 582 quam
2771 509 2911 581 petit
2932 506 3164 581 produci
3189 527 3203 562 :
3229 519 3367 580 ergo

1996 591 2328 667 justificatio
2355 592 2524 664 impii
2563 598 2648 649 est
2676 590 2987 665 aliquando
3015 588 3366 645 miraculum

2003 674 2253 747 proprie,
2279 680 2333 731 et
2352 674 2548 730 stricte
2576 674 2814 730 dictum.
2845 673 3029 747 Major
3056 674 3277 728 constat
3294 684 3372 725 ex

2003 754 2095 820 iis,
2144 771 2267 828 quae
2310 758 2342 825 g
2394 756 2614 827 praeced.
2671 749 3142 827 praenotavimus,
3169 751 3368 806 Minor

2004 841 2195 892 autem
2243 835 2534 901 suadetur,
2565 836 2701 908 quia
2749 836 3036 908 proprius.
3067 839 3124 890 et
3147 847 3370 890 conna-

2003 917 2209 972 turalis
2241 916 2462 984 moduS,
2494 932 2664 990 quem
2694 916 2864 988 impii
2904 914 3239 988 justificatio
3263 928 3370 969 ex-

2005 997 2200 1070 poscit,
2243 997 2500 1054 consistit
2541 998 2603 1053 in
2634 1012 2720 1059 eo,
2751 995 2900 1068 quod
2931 995 3164 1068 impius,
3210 1010 3266 1050 v.
3310 1009 3365 1066 g.

2004 1078 2251 1136 adultus,
2284 1076 2623 1150 disponatur
2649 1076 2719 1132 ad
2747 1077 2995 1152 gratiam
3045 1074 3374 1150 Justifiean-

2003 1167 2119 1218 tem
2170 1160 2523 1234 procedendo
2570 1176 2602 1215 a
2654 1159 3129 1233 dispositionibus
3175 1159 3376 1214 minus

2004 1243 2271 1317 perfectis
2299 1243 2369 1299 ad
2399 1242 2778 1316 perfectiores,
2815 1242 2894 1297 ita
2923 1248 2985 1298 ut
3027 1242 3187 1314 prius
3233 1256 3379 1297 con·
3411 1259 3414 1260 ⁷

2003 1326 2178 1399 cipiat
2201 1323 2396 1389 fidem,
2428 1329 2483 1380 et
2520 1340 2588 1380 ea
2639 1323 2889 1379 directus
2929 1321 3250 1380 consideret
3280 1337 3379 1378 ne-

2002 1406 2221 1481 gotium
2248 1422 2365 1462 suze
2410 1406 2632 1472 salutis,
2664 1412 2720 1461 et
2761 1405 2973 1477 praevia
3001 1404 3372 1477 cogitatione.

2004 1504 2069 1543 ac
2087 1487 2623 1559 supernaturalium
2669 1502 2867 1542 rerum
2902 1486 3206 1542 collatione
3232 1485 3377 1541 velit

2006 1568 2269 1626 recedere
2292 1586 2325 1625 a
2344 1573 2493 1624 statu
2523 1569 2751 1641 peccati,
2782 1572 2839 1624 et
2870 1567 3190 1623 amicitiam
3218 1567 3375 1624 inire

2004 1668 2134 1708 cum
2166 1654 2298 1716 Deo,
2332 1657 2392 1707 ut
2438 1655 2659 1710 constat
2702 1667 2772 1707 ex
2820 1647 3243 1726 justificationis
3270 1665 3373 1706 or-

2004 1733 2160 1800 dine,
2197 1749 2370 1806 quam
2415 1732 2686 1790 describit
2736 1732 3062 1788 Concilium
3105 1730 3366 1788 Trident.
3410 1743 3550 1801 cunei.

2003 1831 2138 1871 ses-S.
2164 1817 2219 1877 6,
2245 1832 2365 1886 cap.
2391 1815 2445 1877 5,
2479 1832 2602 1869 cum
2647 1812 3011 1889 sequentibus,
3045 1816 3102 1868 et
3137 1813 3210 1869 ex
3257 1794 3562 1877 his]rndffik

2005 1910 2130 1968 quae
2180 1894 2436 1950 diximus
2479 1894 2622 1966 disp.
2671 1895 2897 1966 praeced.
2929 1900 2985 1949 et
3012 1893 3165 1948 hunc
3191 1894 3374 1950 etiam

2007 1977 2392 2051 productionis
2422 1976 2657 2034 modum
2687 1976 2932 2049 postulat
2971 1975 3379 2032 connaturali-

2006 2064 2094 2115 ter
2157 2058 2343 2132 gratia
2402 2055 2724 2131 justificans
2776 2056 3022 2128 impium
3089 2054 3375 2113 adultum.

2007 2142 2237 2196 Constat
2263 2145 2473 2204 autem,
2496 2139 2743 2210 impium
2772 2135 3033 2193 adultum
3066 2136 3383 2209 aliquando

2001 2217 2302 2295 justificari
2326 2221 2536 2294 absque
2577 2220 2668 2274 his
2706 2218 3155 2282 conditionibus
3191 2217 3381 2276 immo

2007 2320 2145 2361 vero
2165 2308 2370 2361 etcum
2406 2300 2835 2377 conditionibus
2863 2300 3156 2373 oppositis,
3193 2307 3253 2356 ut
3283 2300 3383 2356 vi-

2008 2386 2144 2444 dere
2181 2392 2265 2443 est
2304 2387 2368 2442 in
2416 2388 2478 2444 D.
2525 2385 2724 2449 Paulo,
2750 2384 2848 2456 qui
2879 2383 3214 2440 immediate
3241 2383 3382 2440 ante

2007 2484 2171 2523 suam
2188 2465 2653 2542 justificationem
2684 2463 3063 2539 impugnabat
3098 2462 3299 2531 fidem,
3323 2470 3383 2522 et

2010 2547 2451 2622 persequebatur
2503 2546 2901 2612 Christianos3
2943 2545 3134 2601 subito
3181 2552 3382 2603 autem

2010 2628 2218 2700 absque
2245 2634 2483 2685 externo
2507 2627 2891 2699 praedicatore,
2918 2631 2974 2681 et
2994 2626 3123 2681 sine
3153 2625 3376 2698 praevia

2010 2710 2353 2784 cogitatione
2390 2707 2461 2765 ad
2502 2707 2676 2766 fidem
2729 2724 3038 2764 conversus
3077 2711 3180 2763 est.
3228 2708 3382 2780 Ergo

2011 2791 2178 2864 impii
2199 2790 2528 2865 justificatio
2556 2789 2620 2846 fit
2648 2789 2957 2863 aliquando
2993 2796 3200 2862 praeter
3248 2804 3384 2845 mo-

2010 2875 2170 2938 dum,
2201 2890 2371 2947 quem
2400 2889 2473 2930 ex
2499 2879 2696 2947 suapte
2722 2871 3048 2931 conditione
3079 2872 3254 2945 poscit
3279 2915 3293 2939 ,
3324 2878 3385 2928 et

2009 2956 2194 3030 gratia
2221 2954 2469 3025 impium
2506 2952 2824 3030 Justificans
2869 2952 3211 3025 quandoque
3241 2967 3383 3025 pro-

2011 3037 2238 3114 ducitur
2278 3037 2465 3106 aliter,
2516 3053 2686 3109 quam
2734 3037 2873 3109 petit
2918 3034 3170 3108 produci,
3218 3032 3382 3099 Quod

2010 3118 2454 3175 fundamentum
2484 3117 2751 3192 proponit
2778 3120 2843 3173 D.
2878 3114 3084 3174 Thom.
3117 3118 3180 3173 in
3227 3131 3381 3190 prze-

2010 3200 2179 3264 senti,
2212 3197 2452 3256 dicendo
2485 3220 2497 3254 :
2532 3220 2557 3252 α
2602 3198 2796 3254 Tertio
2824 3197 2992 3255 modo
3015 3198 3079 3254 in
3106 3196 3381 3268 operibus

2019 3302 2046 3335 «
2086 3279 2448 3337 miraculosis
2469 3279 2769 3337 invenitur
2797 3277 3030 3351 aliquod
3055 3284 3262 3351 praeter
3288 3292 3377 3333 so·

2020 3388 2047 3420 α
2089 3365 2279 3430 litum,
2310 3370 2368 3420 et
2400 3369 2737 3419 consuetum
2787 3359 3055 3418 ordinem
3105 3356 3380 3416 causandi

2021 3466 2047 3500 «
2089 3443 2351 3500 effectum
2386 3442 2568 3499 :sicut
2595 3458 2726 3498 cum
2757 3441 2966 3513 aliquis
2994 3438 3266 3496 infirmus
3285 3454 3381 3494 sa-

2019 3546 2045 3579 «
2091 3525 2334 3581 nitatem
2358 3523 2667 3596 perfectam
2693 3522 3013 3594 assequitur
3033 3520 3222 3577 subito
3243 3534 3384 3593 prae-

2020 3629 2045 3660 α
2091 3613 2177 3664 ter
2203 3607 2439 3663 solitum
2474 3621 2706 3662 cursum
2735 3604 3076 3670 sanationis,
3108 3620 3233 3677 quae
3259 3601 3325 3658 fit
3350 3618 3386 3658 a

2022 3711 2049 3743 α
2092 3693 2319 3757 natura,
2347 3689 2438 3744 vel
2466 3693 2608 3743 arte.
2636 3688 2706 3741 Et
2724 3695 3010 3759 quantum
3042 3686 3112 3742 ad
3140 3687 3243 3742 hoc
3256 3685 3387 3758 jus-

2023 3794 2050 3824 «
2091 3769 2326 3827 tificatio
2350 3767 2517 3840 impii
2540 3765 2882 3841 quandoque
2904 3774 2988 3824 est
3016 3767 3380 3831 miraculosa,

2020 3876 2047 3907 α
2089 3851 2503 3926 etquandoque
2531 3864 2670 3907 non.
2700 3851 2796 3905 Est
2822 3850 2982 3906 enim
3008 3851 3114 3906 iste
3133 3864 3389 3906 commu-

2022 3956 2048 3989 «
2091 3935 2181 3990 nis
2208 3938 2262 3991 et
2288 3937 2589 3989 consuetus
2616 3948 2817 3987 cursus
2838 3930 3285 4006 justificationis,
3320 3935 3389 3985 ut

2023 4037 2049 4069 α
2093 4017 2205 4072 Deo
2244 4019 2509 4072 movente
2556 4012 2805 4069 interius
2876 4014 3158 4077 animam,
3209 4011 3389 4067 homo

2023 4119 2050 4150 α
2090 4100 2458 4152 convertatur
2511 4093 2583 4150 ad
2629 4096 2809 4150 Deum
2844 4115 2857 4151 ε
2913 4095 3104 4167 primo
3147 4091 3388 4164 quidem

2024 4199 2050 4231 α
2090 4174 2465 4232 conversione
2524 4174 2881 4246 imperfecta,
2916 4179 2978 4230 ut
3019 4170 3388 4246 postmodum

2024 4280 2051 4312 α
2093 4255 2165 4316 ad
2210 4255 2516 4329 perfectam
2570 4254 2879 4323 deveniat;
2934 4255 3071 4327 quia
3129 4252 3388 4310 charitas

2023 4361 2050 4393 «
2092 4337 2359 4395 inchoata
2378 4342 2634 4393 meretur
2654 4337 2872 4411 augeri.
2894 4343 2955 4392 ut
2970 4341 3130 4392 aucta
3153 4350 3375 4392 merea·

2025 4440 2051 4472 α
2093 4424 2189 4475 tur
2218 4417 2431 4492 perfici,
2460 4423 2521 4472 ut
2548 4421 2785 4492 August.
2831 4417 2991 4473 dicit.
3034 4414 3394 4489 Quandoque

2026 4522 2053 4554 α
2100 4515 2239 4556 vero
2260 4505 2377 4555 tam
2402 4498 2772 4557 vehementer
2799 4501 2946 4556 Deus
2967 4498 3228 4554 animam
3257 4513 3398 4555 mo—

2027 4604 2053 4636 «
2098 4587 2221 4648 vet,
2276 4587 2338 4637 ut
2387 4583 2583 4639 statim
2635 4580 2927 4654 quandam
2975 4574 3400 4652 perfectionem

2027 4686 2054 4719 α
2097 4663 2334 4737 justitia}
2355 4670 2705 4738 assequatur,
2731 4665 2877 4720 sicut
2898 4662 3031 4720 fecit
3052 4662 3116 4717 in
3141 4677 3404 4719 conver-—

2028 4767 2055 4800 α
2095 4746 2258 4804 sione
2286 4747 2471 4812 Pauli,
2498 4744 2756 4803 adhibita
2776 4746 2954 4802 etiam
2980 4744 3238 4801 exterius
3268 4744 3405 4801 mi—

2029 4849 2055 4881 α
2100 4827 2356 4885 raculosa
2397 4826 2803 4901 prostratione.
2835 4827 2903 4881 Et
2931 4825 3060 4883 ideo
3087 4824 3410 4882 conversio

2030 4933 2055 4965 α
2098 4910 2263 4966 Pauli
2311 4916 2606 4983 tamquam
2652 4910 2999 4967 miraculosa
3039 4907 3104 4963 in
3141 4908 3414 4965 Ecclesia

2029 5011 2056 5044 α
2099 4999 2589 5050 commemoratur
2615 4988 2936 5049 celebriter.
2986 5009 3012 5041 »

2998 5066 3417 5128 confirmatur

3605 3504 3635 4235 l
