3647 5753
486 351 595 406 298
1455 349 1547 403 DE
1587 349 2073 405 CERTITUDINE
2112 350 2425 406 GRATIAE.

489 530 604 577 parte
620 530 733 569 actus
753 526 903 577 divini
920 530 983 569 est
1001 531 1172 577 aeterna.
1190 531 1232 571 et
1250 524 1541 577 immutabilis·
1560 526 1635 570 sed
1653 530 1846 579 quantum

487 587 552 625 est
570 581 622 623 ad
641 582 842 632 effectum
861 590 981 634 quem
1001 579 1122 624 nobis
1141 580 1352 634 imprimit
1369 581 1612 636 quandoque
1630 581 1848 626 Interrum-

491 634 617 686 pitur
637 614 1002 686 oroutsoi'licetab
1029 637 1119 689 ipso
1146 636 1388 689 quaudoque
1407 636 1645 687 deneimns;
1664 641 1706 680 et
1723 645 1847 690 qnan-

490 692 625 758 doque
645 693 791 737 iterum
822 698 1097 758 recuperatur.
1118 695 1297 737 Effectus
1311 697 1446 737 antem
1478 692 1633 737 divina>
1658 692 1849 737 dilectio·

490 747 556 790 nis
594 749 636 791 in
673 749 806 799 nobis.
834 750 904 801 nui
932 759 1004 802 per
1040 754 1249 802 peecatum
1286 749 1459 800 tollitur.
1493 754 1558 794 aet
1588 750 1734 803 gratia.
1769 759 1846 801 oua

491 804 612 846 nomo
632 804 845 857 indignus
863 803 946 849 vita
967 809 1135 854 aeterna.
1153 815 1175 847 a
1204 815 1279 856 (ιιιιι
1299 809 1505 857 peccatum
1523 804 1695 849 mortale
1709 804 1850 848 exclu-

492 858 568 902 dit.
608 862 660 903 Et
697 860 792 903 ideo
824 870 905 903 non
941 864 1080 913 posset
1114 858 1292 912 intelligi
1329 859 1520 904 remissio
1545 859 1744 913 cutpae.si
1764 870 1848 904 non

491 917 660 962 adesset
679 918 832 962 infusio
849 917 1007 971 gratiae.

545 976 610 1019 Ad
630 975 801 1028 primum
820 986 919 1029 ergo
938 974 1174 1025 dicendum
1195 973 1304 1028 quod
1331 974 1421 1027 plus
1439 974 1662 1028 requiritur
1676 974 1729 1017 nd
1756 973 1848 1027 hoc,

491 1032 601 1086 quod
620 1031 844 1076 offendenti
865 1032 1096 1076 remittatur
1113 1009 1281 1080 offensa.
1300 1041 1420 1084 quam
1437 1030 1489 1074 ad
1517 1031 1606 1081 hoo,
1626 1029 1735 1084 quod
1752 1030 1851 1074 sim·

491 1089 656 1143 pliciter
690 1088 843 1142 aliquis
879 1098 960 1131 non
996 1087 1212 1133 offendens
1239 1098 1321 1131 non
1351 1087 1549 1132 habentur
1576 1087 1690 1131 odio.
1707 1088 1850 1131 Potest

490 1146 603 1190 enim
637 1145 744 1198 apud
769 1145 955 1190 homines
978 1144 1235 1198 contingere.
1254 1144 1362 1207 quod
1394 1154 1497 1188 unus
1524 1144 1643 1188 homo
1667 1144 1849 1208 aliquem

490 1202 617 1245 alium
649 1211 725 1244 neo
754 1200 917 1253 diligat
948 1211 1025 1245 nec
1041 1200 1180 1252 odiat,
1201 1199 1276 1244 sed
1293 1198 1328 1242 si
1347 1208 1440 1243 enm
1458 1200 1653 1249 offendat
1679 1199 1790 1252 quod
1807 1199 1848 1243 ei

493 1259 673 1303 dimittat
690 1260 900 1309 offensam.
919 1259 996 1302 hoo
1009 1267 1091 1301 non
1103 1262 1238 1312 potest
1250 1256 1489 1309 contingere
1506 1254 1661 1310 absque
1677 1255 1850 1321 speciali

496 1314 798 1361 benevolentia.
817 1314 1115 1360 Benevolentia
1131 1320 1267 1357 autem
1280 1313 1361 1358 Dei
1379 1313 1432 1357 ad
1447 1313 1651 1357 hominem
1665 1311 1850 1367 reparari

493 1372 647 1416 (licitur
666 1381 739 1424 per
753 1370 904 1415 donum
921 1370 1093 1423 gratiae·
1113 1375 1155 1414 et
1169 1369 1265 1414 ideo
1279 1370 1379 1415 lieet
1390 1370 1509 1413 homo
1525 1374 1742 1419 antequam
1758 1378 1851 1422 pee-

492 1437 558 1475 cet
583 1428 759 1483 potuerit
781 1438 875 1473 esse
893 1428 984 1472 sine
1002 1426 1149 1480 gratia.
1169 1432 1209 1472 et
1237 1428 1328 1471 sine
1346 1428 1480 1481 culpa
1498 1433 1634 1471 tamen
1652 1430 1743 1480 post
1759 1436 1852 1480 pec·

493 1492 627 1530 catum
646 1494 728 1529 non
747 1489 879 1537 potest
897 1494 990 1529 esse
1008 1482 1101 1528 sine
1119 1484 1252 1535 cnlno.
1273 1484 1354 1527 nisi
1373 1483 1546 1548 gratiam
1563 1482 1725 1527 liabent.

545 1541 608 1584 Ad
624 1540 846 1584 secundum
861 1538 1096 1589 dicendum.
1086 1539 1244 1637 ,guod
1230 1539 1336 1582 sicut
1349 1537 1611 1583 dilectioDei
1626 1548 1707 1582 non
1716 1537 1849 1583 solum

493 1596 683 1640 consistit
703 1607 744 1639 ιιι
756 1599 849 1639 actu
869 1594 1091 1640 voluntatis
1134 1605 1273 1645 ivinae.
1287 1594 1364 1639 sed
1381 1594 1506 1639 etiam
1525 1594 1851 1647 importatquen-

1971 526 2065 570 dam
2082 526 2225 579 gratiae
2244 525 2431 570 effectum
2447 526 2510 589 (ιιι
2525 535 2647 578 supra
2666 524 2820 568 dictum
2837 524 2919 575 est)
2940 522 2996 567 ita
3013 522 3136 567 etiam
3166 526 3209 566 et
3236 522 3327 570 hoc-

1971 582 2083 636 quod
2110 587 2175 627 est
2204 583 2337 626 Deum
2371 591 2451 625 non
2480 580 2681 634 imputare
2711 585 2918 634 peceatum
2946 578 3118 629 homini.
3137 579 3332 633 importat

1970 637 2171 690 quendam
2182 638 2395 681 effectum
2384 647 2429 681 ιιι
2442 646 2547 689 ipso
2556 637 2620 680 cni
2641 641 2852 690 peccatum
2866 635 3206 687 nonimputatur.
3219 636 3331 689 quod

1967 696 2081 740 enim
2093 695 2218 739 alicui
2227 705 2320 794 ἆιίοιι
2336 694 2446 748 impu
2451 700 2559 739 etur
2576 700 2787 747 peomtum
2802 703 2827 736 a
2844 693 2952 744 Deo,
2970 702 3024 737 ex
3040 692 3183 737 divina
3201 693 3329 739 dilec-

1969 751 2083 796 tione
2101 761 2224 804 proce
2273 757 2288 794 t

2019 808 2085 851 Ad
2103 808 2270 852 tertium
2283 807 2522 860 dicendum,
2533 807 2645 861 qnod
2662 807 2769 851 sicut
2780 805 3035 868 Augustinus
3046 805 3205 849 dicitin
3220 805 3330 851 libro

1971 864 2024 909 de
2043 863 2212 917 nuptiis.
2231 869 2274 908 et
2292 863 2643 917 concupiscentia
2661 863 2700 909 si
2719 873 2740 906 a
2759 867 2927 914 peccato
2946 860 3153 913 desinere,
3174 862 3249 905 noc
3265 872 3329 907 es-

1969 925 2034 964 set
2070 929 2149 963 non
2170 919 2322 963 habere
2351 925 2574 972 peceatum.
2592 918 2797 961 sufficeret
2825 922 2870 961 ιιι
2887 917 2963 960 hoc
2987 923 3171 961 moneret
3194 918 3328 971 Scrip-

1970 982 2092 1020 tura.
2127 974 2213 1018 Fili
2243 974 2454 1028 peccasti·
2475 985 2555 1018 non
2572 972 2750 1025 adjicias
2775 972 2939 1017 iterum.
2971 975 3061 1016 Hoc
3093 978 3328 1017 autemnon

1970 1031 2137 1083 suffieit,
2164 1031 2241 1076 sed
2256 1031 2469 1075 additur:
2500 1034 2554 1075 Et
2571 1030 2624 1074 de
2643 1028 2832 1084 pristinis
2850 1029 3088 1083 deprecare.
3109 1035 3150 1074 ut
3170 1029 3247 1074 tibi
3266 1040 3330 1075 re-

1972 1089 2212 1139 mittantun
2233 1088 2379 1132 transit
2394 1088 2507 1133 enim
2527 1093 2735 1141 peccatum
2752 1091 2860 1137 actu.
2877 1091 2920 1132 et
2939 1091 3122 1130 remanet
3138 1091 3266 1149 reatu,
3285 1092 3330 1130 ut

1972 1155 2094 1198 supra
2112 1121 2266 1187 dictum
2284 1149 2378 1187 est.
2397 1149 2440 1188 et
2465 1142 2561 1187 ideo
2579 1153 2670 1186 cum
2695 1141 2848 1206 aliquis
2863 1152 2887 1185 a
2906 1145 3072 1194 peceato
3098 1140 3219 1185 unius
3237 1141 3329 1185 vitii

1971 1201 2121 1244 transit
2151 1199 2195 1243 in
2223 1204 2433 1251 peccatum
2463 1197 2660 1243 contrarii
2691 1197 2801 1250 vitii,
2824 1197 3164 1252 desinitquidem
3179 1198 3330 1242 habere

1971 1263 2107 1301 actum
2124 1254 2339 1309 praeteriti
2356 1255 2434 1299 sed
2451 1265 2532 1298 non
2551 1253 2707 1299 desinit
2722 1253 2874 1298 habere
2888 1258 3056 1298 reatuin.
3073 1252 3194 1298 Unde
3205 1253 3327 1298 simut

1974 1315 2096 1359 habet
2109 1317 2267 1358 reatum
2284 1311 2499 1365 utriusque
2520 1309 2690 1365 poeonii,
2712 1320 2794 1354 non
2823 1309 2937 1354 enim
2955 1315 3119 1364 peecata
3136 1317 3230 1355 sunt
3244 1311 3327 1356 sibi

1973 1370 2180 1415 contraria
2196 1378 2251 1413 ex
2268 1373 2382 1421 porte
2398 1367 2631 1413 aversionis
2645 1376 2669 1410 a
2692 1367 2798 1416 Deo.
2815 1376 2868 1411 ex
2886 1377 2963 1419 ona
2990 1373 3102 1421 parte
3120 1374 3329 1421 peccatum

2052 1564 2341 1625 Conclusio
2367 1566 2454 1620 est
2477 1560 2838 1619 affirmativa.

2748 5023 3174 5080 TRACTATUS
3215 5029 3332 5082 XV.

3614 1658 3633 1705 1¹!
