3647 5753
288 724 418 770 Ratio

286 774 430 819 runda-

274 828 432 882 menta·

316 873 388 918 lis.

225 4424 385 4469 conflr-

238 4475 382 4520 matio.

474 382 587 438 798

473 553 610 627 quia
633 559 937 628 Apostolus
964 560 1155 635 inquit
1179 584 1193 619 ε
1221 563 1666 623 Misericordiam
1705 586 1837 625 con-

470 642 729 711 sequutus
746 656 886 708 sum,
910 650 972 698 ut
996 640 1175 705 fidelis
1200 663 1385 704 essem.

551 727 639 782 ll.
662 728 919 787 Secundo
946 732 1221 805 probatur
1247 737 1446 794 eadem
1474 738 1714 796 assertio
1736 756 1835 797 ra-

469 805 627 864 tione
647 824 718 866 ex
748 811 943 869 relatis
970 816 1339 884 testimoniis,
1371 824 1427 875 et
1444 834 1515 875 ex
1538 821 1600 876 D.
1622 821 1828 878 Thom.

470 889 530 944 in
549 890 649 947 hoc
673 901 781 950 art.
813 896 868 961 5,
894 894 1217 972 desumpta,
1248 917 1372 973 quae
1398 907 1580 974 potest
1599 903 1679 959 ita
1709 905 1832 962 sor—

465 973 616 1028 mari
641 994 653 1028 :
677 976 952 1047 quoniam
976 986 1255 1054 repugnat
1273 982 1626 1056 principium
1641 999 1831 1042 essen-

464 1051 604 1109 tiale
646 1056 841 1112 meriti
894 1058 965 1115 de
1015 1059 1300 1136 condigno
1350 1079 1472 1121 esse
1514 1066 1828 1137 praemium

462 1132 626 1190 illius
653 1158 665 1191 :
692 1136 792 1193 sed
815 1139 1004 1211 prima
1023 1143 1209 1216 gratia
1229 1143 1541 1201 habitualis
1562 1153 1647 1202 est
1667 1148 1827 1220 prin-

460 1214 677 1288 cipium
699 1221 1002 1279 essentiale
1030 1224 1223 1280 meriti
1247 1224 1317 1281 de
1335 1225 1619 1302 condigno
1645 1249 1660 1283 ε
1688 1243 1825 1303 ergo

464 1305 743 1372 repugnat
772 1303 1021 1373 primam
1047 1306 1295 1378 gratiam
1320 1306 1675 1365 habitualem
1701 1325 1826 1367 esse

459 1379 766 1449 praemium
817 1384 1013 1439 meriti
1066 1384 1135 1442 de
1172 1385 1472 1460 condigno,
1521 1393 1577 1445 et
1621 1404 1823 1447 conse-

456 1464 697 1531 quenter
727 1470 1024 1538 repugnat,
1055 1466 1204 1539 quod
1232 1466 1502 1540 praedicta
1520 1470 1705 1544 gratia
1735 1488 1822 1528 ca·

457 1537 556 1595 dat
574 1540 680 1597 sub
701 1546 909 1603 merito
937 1545 1007 1602 de
1026 1547 1308 1622 condigno
1329 1564 1569 1622 operum
1592 1549 1661 1606 ad
1690 1566 1819 1608 eam

457 1625 945 1695 consequentium.
974 1629 1225 1702 Utraque
1249 1632 1654 1703 consequentia
1683 1632 1820 1708 legi-

453 1702 597 1760 time
622 1705 873 1764 infertur
911 1724 982 1766 ex
1029 1711 1357 1783 praemissis.
1407 1713 1602 1772 Minor
1641 1715 1816 1772 etiam

453 1788 607 1857 patet
642 1803 714 1843 ex
758 1805 932 1863 supra
976 1791 1142 1849 dictis
1168 1793 1308 1866 disp.
1340 1794 1394 1860 3,
1438 1794 1565 1851 dub.
1625 1797 1669 1863 1,
1718 1795 1815 1853 ubi

452 1866 810 1925 ostendimus
830 1871 1132 1945 implicare
1146 1875 1422 1932 meritum
1443 1875 1514 1932 de
1533 1876 1816 1951 condigno

453 1948 587 2005 vitae
633 1957 877 2020 aeternae,
925 1954 1075 2027 quod
1123 1972 1157 2011 a
1193 1957 1380 2031 gratia
1425 1957 1816 2016 sanctificante

452 2044 572 2087 non
597 2034 956 2105 procederet3
989 2053 1126 2094 nam
1150 2044 1350 2095 cuncta
1372 2038 1453 2096 ibi
1477 2038 1687 2096 tradita
1711 2056 1814 2113 pa-

451 2110 595 2168 riter
634 2115 926 2182 evincunt,
976 2132 1299 2192 repugnare
1353 2119 1629 2176 meritum
1673 2135 1815 2178 con-

447 2189 687 2266 dignum
725 2197 925 2272 gratiae
964 2197 1306 2267 habitualis,
1354 2199 1503 2272 quod
1549 2216 1582 2256 a
1625 2202 1812 2274 gratia

448 2274 730 2334 habituali
778 2294 897 2336 non
943 2281 1052 2350 sit3
1085 2283 1405 2354 praesertim
1451 2299 1580 2340 cum
1625 2282 1813 2357 gratia

447 2372 567 2415 non
594 2360 670 2415 sit
696 2360 946 2418 minoris
971 2364 1206 2429 valoris,
1238 2369 1295 2421 et
1321 2364 1805 2431 aestimabilitatis,

445 2453 507 2494 ac
531 2439 647 2495 vita
669 2444 905 2498 aeterna.
929 2445 1114 2519 Major
1135 2450 1327 2501 autem
1359 2444 1649 2517 probatur,
1674 2445 1809 2518 quia

445 2518 577 2575 licet
604 2535 721 2577 non
748 2528 895 2579 esset
937 2523 1010 2581 de
1052 2525 1299 2582 essentia
1344 2526 1540 2582 meriti
1581 2531 1809 2583 antece-

440 2598 578 2657 dere
597 2601 660 2657 in
688 2606 1070 2677 exequutione
1095 2624 1264 2664 suum
1295 2610 1625 2681 praemium,
1652 2614 1708 2666 et
1727 2608 1807 2664 ita

438 2678 566 2738 fieri
590 2682 876 2741 divinitus
903 2694 1107 2760 posset,
1139 2689 1289 2762 quod
1317 2691 1625 2762 praemium
1650 2689 1807 2745 anti-

437 2763 622 2835 cipata
648 2766 936 2825 solutione
955 2770 1314 2828 conferretur
1339 2777 1471 2829 ante
1491 2772 1801 2840 meritum;

439 2843 830 2905 nihilominus
892 2852 1269 2909 connaturale
1320 2852 1530 2910 merito
1580 2856 1684 2921 est,
1740 2858 1804 2909 ut

437 2929 746 2998 praemium
810 2930 872 2986 in
930 2933 1311 3003 exequutione
1371 2934 1683 3001 antecedat,
1741 2941 1804 2990 ut

436 3014 617 3081 potest
637 3012 860 3070 ostendi
890 3019 1012 3070 tum
1036 3013 1388 3084 inductione,
1414 3023 1537 3074 tum
1560 3033 1632 3075 ex
1651 3034 1802 3074 com·

434 3090 603 3147 muni
643 3093 813 3152 modo
853 3096 1236 3169 concipiendi.
1268 3097 1432 3156 Unde
1473 3099 1800 3171 implicato-

435 3173 611 3241 rium,
638 3182 694 3232 et
735 3177 1131 3237 chimaericum
1185 3181 1461 3237 meritum
1503 3186 1605 3251 est,
1649 3181 1799 3253 quod

431 3257 815 3316 essentialiter
842 3262 1116 3335 supponit
1143 3263 1472 3335 praemium,
1511 3268 1567 3320 et
1594 3262 1685 3319 cui
1727 3263 1798 3321 ab

431 3334 753 3397 intrinseco
782 3350 1062 3418 repugnat
1103 3345 1409 3418 praemium
1451 3347 1513 3401 in
1540 3360 1796 3419 exequu-

430 3416 586 3475 tione
626 3422 868 3480 anteire.
914 3426 1032 3482 Etsi
1079 3425 1239 3482 enim
1287 3426 1570 3483 divinitus
1623 3427 1797 3498 possit

429 3498 648 3571 aliquid
677 3502 901 3574 privari
935 3520 1003 3564 eo
1030 3505 1179 3579 quod
1208 3508 1554 3564 naturaliter
1594 3507 1789 3583 exigit,

426 3577 556 3636 fieri
581 3587 775 3640 tamen
803 3601 921 3644 non
951 3591 1148 3660 potest,
1178 3593 1238 3645 ut
1260 3588 1633 3662 praedicatum
1654 3605 1794 3647 con-

427 3664 693 3722 naturale
743 3666 854 3738 ipsi
906 3670 1292 3729 essentialiter
1342 3675 1649 3746 repugnet,
1700 3673 1793 3728 vel

424 3745 574 3819 quod
602 3751 927 3823 oppositum
967 3754 1351 3810 essentialiter
1378 3754 1586 3830 exigat.
1620 3756 1791 3827 Atqui

425 3830 702 3888 meritum
725 3832 788 3889 in
814 3838 1193 3909 exequutione
1217 3840 1492 3910 supponit
1510 3838 1791 3896 essentia-

425 3910 559 3969 liter
597 3930 766 3972 suum
797 3917 1153 3991 principium
1182 3923 1605 3992 essentialebet
1643 3925 1792 3982 hanc

424 3996 877 4055 antecedentiam
912 4003 1299 4061 essentialiter
1337 4004 1529 4080 exigit,
1572 4007 1788 4080 alioqui

424 4075 762 4149 praedictum
786 4081 1136 4157 principium
1152 4088 1456 4144 essentiale
1478 4104 1594 4145 non
1615 4088 1783 4157 foret,

427 4163 487 4215 ut
511 4163 872 4235 supponitur.
903 4166 1202 4243 Repugnat
1230 4170 1424 4245 igitur,
1458 4171 1608 4245 quod
1630 4173 1788 4247 prin-

423 4238 640 4312 cipium
675 4245 982 4302 essentiale
1027 4249 1224 4305 meriti
1275 4249 1346 4308 de
1389 4250 1673 4327 condigno
1711 4254 1787 4309 sit

421 4322 676 4395 ejusdem
705 4327 902 4384 meriti
934 4331 1259 4401 praemium.

497 4410 884 4471 confirmatur
917 4437 930 4472 :
963 4415 1035 4474 de
1059 4419 1309 4476 essentia
1340 4421 1535 4478 meriti
1564 4427 1649 4479 est
1675 4439 1784 4481 an-

421 4490 677 4550 tecedere
720 4497 1048 4568 praemium,
1080 4501 1285 4557 saltem
1313 4501 1375 4558 in
1404 4503 1776 4574 praescientia,

421 4575 477 4627 et
516 4571 839 4635 intentione
882 4580 1238 4653 praemiantis
1288 4604 1301 4640 :
1344 4584 1444 4642 sed
1504 4587 1780 4645 meritum

421 4654 623 4726 nequit
647 4657 982 4718 antecedere
1019 4679 1188 4719 suum
1229 4666 1583 4740 principium
1611 4668 1781 4726 effec-

419 4734 606 4794 tivum
647 4742 969 4810 essentiale,
1005 4744 1191 4804 adhuc
1229 4748 1292 4804 in
1315 4750 1690 4822 praescientia,
1722 4758 1779 4809 et

417 4817 740 4880 intentione
763 4825 1119 4896 praemiantis
1147 4850 1160 4885 :
1188 4845 1325 4906 ergo
1352 4837 1551 4890 contra
1577 4848 1777 4890 essen-

413 4898 557 4956 tiam
573 4902 766 4958 meriti
786 4909 869 4961 est
892 4906 1174 4978 respicere
1195 4918 1256 4966 ut
1273 4913 1583 4985 praemium
1604 4930 1777 4971 suum

415 4981 768 5056 principium
784 4989 1087 5047 essentiale
1108 5007 1198 5060 ;ac
1219 4993 1460 5066 proinde
1478 5003 1770 5070 repugnat,

1518 393 1612 448 DE
1651 395 1957 454 PRAEMIO
1994 375 2274 458 Mamm.

1965 572 2118 644 quod
2141 572 2495 647 principium
2534 570 2840 630 essentiale
2873 568 3069 625 meriti
3096 564 3208 622 sub
3237 581 3348 657 eo-

1966 652 2098 711 dem
2146 656 2356 713 merito
2401 654 2585 712 cadat.
2623 656 2878 724 Utraque
2921 653 3348 721 consequentia

1967 735 2167 808 liquet.
2195 738 2380 812 Major
2420 742 2613 793 autem
2659 733 2951 797 suadetur,
2982 737 3038 787 et
3065 729 3346 821 declara—

1962 821 2079 885 tur,
2111 821 2246 892 quia
2274 820 2548 891 meritum
2593 824 2790 875 causat
2835 815 3141 888 praemium
3187 811 3337 867 alli-

1962 900 2184 970 ciend0,
2216 908 2272 960 et
2300 902 2584 961 movendo
2625 899 3022 974 praemiantem
3071 894 3143 952 ad
3172 909 3334 968 prae-

1962 980 2149 1038 mium
2194 983 2639 1051 decernendum,
2689 988 2746 1039 et
2790 974 3244 1043 conserendum5
3274 982 3348 1033 et

1959 1059 2089 1119 ideo
2133 1062 2299 1121 debet
2344 1071 2477 1123 ante
2525 1063 2829 1138 praemium
2878 1057 3206 1132 praevideri‚
3260 1071 3342 1114 eo

1961 1142 2133 1214 plane
2159 1144 2348 1210 modo,
2380 1163 2490 1220 quo
2518 1144 2653 1202 finis
2681 1141 3043 1217 praevidetur,
3072 1144 3130 1196 et
3157 1155 3336 1196 ama-

1957 1228 2053 1280 tur
2080 1234 2213 1281 ante
2234 1226 2444 1294 media,
2478 1227 2549 1284 ad
2576 1241 2823 1300 quorum
2850 1222 3189 1279 electionem
3236 1222 3334 1277 al-

1958 1304 2100 1372 licit,
2124 1311 2180 1362 et
2209 1308 2460 1364 solicitat
2484 1308 2842 1366 voluntatem
2872 1304 2996 1359 :cui
3041 1301 3340 1359 motionis

1955 1386 2126 1445 modo
2146 1390 2470 1462 plurimum
2493 1391 2849 1447 assimilatur
2869 1386 3174 1443 causalitas
3189 1400 3329 1457 pro·

1955 1469 2084 1540 pria
2108 1471 2322 1539 meriti,
2354 1478 2417 1527 ut
2436 1470 2822 1529 consideranti
2844 1465 3142 1526 constabit.
3169 1468 3324 1522 Cum

1953 1549 2059 1606 hac
2080 1555 2276 1609 tamen
2304 1551 2649 1620 differentia,
2679 1550 2826 1625 quod
2850 1549 2983 1606 finis
3012 1552 3229 1612 movet,
3262 1554 3338 1602 ut

1951 1631 2027 1686 sit
2054 1652 2067 1688 ε
2096 1631 2250 1690 unde
2271 1649 2388 1691 non
2418 1633 2584 1691 debet
2624 1638 2756 1690 ante
2783 1629 2973 1689 media
3001 1628 3324 1702 praevideri

1951 1716 2197 1773 exercite
2215 1716 2486 1784 existenS,
2513 1721 2611 1773 aut
2630 1716 2909 1787 complete
2931 1712 3192 1777 futurus3
3216 1711 3327 1768 sed

1949 1798 2089 1853 satis
2114 1805 2216 1866 est,
2249 1799 2398 1873 quod
2442 1799 2761 1858 secundum
2789 1813 2953 1853 suam
2994 1794 3324 1852 bonitatem

1952 1883 2013 1932 ut
2055 1881 2425 1953 exequutioni
2478 1878 2874 1937 mandabilem
2935 1881 3330 1949 praesentetur

1950 1961 2251 2020 voluntati.
2296 1964 2570 2021 Meritum
2631 1968 2824 2019 autem
2872 1964 3097 2017 exercet
3141 1974 3323 2014 suam

1948 2042 2338 2101 causalitatem
2385 2045 2449 2101 in
2506 2058 2716 2118 genere
2760 2057 2942 2099 causae
2986 2038 3312 2105 efficientiS,

1946 2124 2150 2181 saltem
2197 2127 2457 2193 moralis,
2489 2143 2551 2182 ac
2580 2124 2823 2198 proinde
2851 2128 2912 2179 ut
2944 2122 3228 2182 existens;
3257 2129 3328 2177 et

1947 2205 2075 2262 ideo
2095 2205 2262 2263 debet
2284 2213 2345 2262 ut
2369 2208 2640 2274 existenS,
2671 2212 2725 2262 et
2756 2203 3011 2262 absolute
3040 2202 3314 2257 futurum

1947 2288 2366 2359 repraesentari,
2400 2296 2463 2343 ut
2510 2287 2821 2361 praemians
2858 2302 2925 2343 eo
2965 2285 3220 2351 allectus,
3256 2292 3322 2340 et

1944 2372 2133 2424 motus
2158 2373 2368 2425 statuat
2408 2368 2519 2442 ipsi
2547 2367 2850 2442 praemium
2881 2365 3216 2438 rependere.
3245 2382 3324 2421 ac

1945 2449 2284 2507 retribuere.
2309 2450 2369 2506 Si
2394 2450 2554 2506 enim
2583 2450 2736 2506 hunc
2764 2448 3035 2505 motionis
3064 2446 3314 2503 modum

1941 2529 2321 2597 secludamus,
2353 2531 2549 2588 meriti
2589 2530 2897 2588 essentiam
2923 2526 3308 2592 destruimus,

1940 2617 1996 2669 et
2023 2628 2153 2669 cum
2194 2613 2416 2669 ratione
2442 2611 2580 2668 finis
2598 2610 3026 2668 confundimus,
3050 2608 3324 2665 Aliunde

1940 2694 2116 2750 etiam
2144 2692 2215 2751 de
2241 2693 2432 2751 medio
2461 2693 2720 2750 tollimus
2742 2691 3042 2764 proprium
3069 2705 3317 2763 concep-

1938 2783 2062 2833 tum
2093 2778 2336 2850 praemii,
2381 2775 2453 2833 de
2478 2777 2639 2850 cujus
2676 2777 2898 2834 ratione
2922 2780 3006 2829 est
3045 2773 3307 2837 decerni,

1936 2864 1993 2915 et
2011 2858 2261 2915 conferri
2287 2872 2402 2915 non
2424 2873 2583 2915 mere
2602 2856 2798 2930 gratis,
2817 2853 2914 2912 sed
2937 2869 3036 2927 per
3058 2852 3314 2911 modum

1936 2940 2217 2998 mercedis
2242 2939 2446 2997 debitae
2472 2939 2740 3013 operibus
2775 2936 3306 3011 praeexistentibus,

1935 3022 2140 3078 saltem
2177 3023 2241 3078 in
2270 3020 2627 3096 praescientia
2655 3018 3033 3092 praemiantiS.
3059 3019 3158 3072 Est
3184 3020 3308 3093 igi-

1934 3106 2030 3158 tur
2073 3102 2143 3160 de
2168 3102 2414 3160 essentia
2455 3102 2672 3168 meriti,
2703 3099 2852 3174 quod
2881 3100 3190 3173 praemium
3234 3103 3308 3157 in

1935 3183 2315 3257 praescientia,
2349 3189 2404 3239 et
2438 3183 2761 3240 intentione
2801 3181 3160 3255 praemiantis
3188 3198 3308 3238 an-

1936 3264 2166 3323 tecedat.
2227 3269 2424 3324 Minor
2473 3265 2719 3339 denique
2767 3265 2943 3337 primi
2988 3264 3305 3338 syllogisni

1931 3348 2272 3416 ostenditur,
2299 3348 2574 3421 quoniam
2601 3346 2864 3419 implicat
2902 3344 3116 3417 aliquid
3149 3361 3300 3411 esse,

1929 3434 1985 3486 et
2011 3428 2199 3486 videri
2246 3431 2515 3495 existen3‚
2549 3429 2639 3485 vel
2673 3427 2935 3483 futurum
2981 3430 3300 3498 antequam

1929 3512 2217 3585 principia
2235 3512 2515 3578 effectiva,
2536 3527 2569 3567 a
2589 3509 2797 3583 quibus
2822 3508 2886 3564 in
2906 3525 3009 3564 sua
3034 3508 3313 3566 existen-v

1929 3595 2028 3661 tia,
2077 3600 2134 3653 et
2172 3595 2514 3652 futuritione
2560 3592 2943 3649 essentialiter
2982 3589 3296 3661 dependet,

1925 3673 2062 3742 sint,
2107 3681 2164 3733 et
2210 3675 2518 3732 videantur
2543 3671 2868 3736 existentia,
2916 3673 3008 3727 vel
3048 3670 3250 3728 futura
3281 3695 3306 3727 :a

1925 3756 2023 3814 sed
2047 3759 2321 3815 meritum
2343 3755 2728 3812 essentialiter
2750 3751 3104 3827 dependetin
3128 3755 3298 3809 exis-

1924 3839 2125 3905 tentia,
2152 3843 2208 3893 et
2234 3836 2574 3893 futuritione
2602 3851 2633 3892 a
2660 3851 2762 3892 suo
2792 3834 3076 3907 principio
3095 3850 3302 3890 essen-

1924 3918 2050 3974 tiali
2077 3918 2354 3975 effectivo.
2387 3916 2661 3990 Alioquin
2700 3916 3053 3989 principium
3082 3931 3294 3972 essen—

1922 4001 2060 4058 tiale
2081 4017 2199 4059 non
2224 4007 2390 4068 esset,
2421 4002 2470 4056 si
2492 4000 2766 4057 meritum
2789 4003 3190 4055 antecezaenter
3210 3998 3288 4055 ad

1923 4081 2070 4138 illud
2114 4087 2262 4140 esset
2306 4083 2576 4148 existens,
2606 4081 2699 4137 vel
2745 4081 3019 4142 futurum.
3054 4085 3113 4134 ut
3142 4080 3296 4136 satis

1922 4162 2101 4236 liquet
2126 4180 2197 4220 ex
2231 4164 2371 4238 ipsis
2399 4163 2689 4228 terminis,
2718 4167 2776 4219 et
2811 4161 3075 4232 exemplo
3104 4161 3291 4218 intel-

1920 4245 2182 4303 lectionis
2197 4252 2418 4313 creatae,
2438 4261 2562 4319 quae
2583 4243 2782 4316 nequit
2803 4242 2987 4298 videri
3003 4242 3285 4304 existens,

1920 4331 2018 4382 aut
2076 4325 2268 4385 futura
2329 4324 2726 4384 antecedenter
2790 4322 2860 4380 ad
2920 4324 3288 4381 intellectum

1916 4414 2190 4477 creatum,
2222 4426 2254 4467 a
2281 4425 2393 4483 quo
2431 4406 2711 4480 dependet
2730 4405 3114 4463 essentialiter
3141 4411 3288 4463 tan—

1915 4506 2087 4564 quam
2122 4508 2155 4549 a
2184 4492 2469 4567 principio
2494 4488 2775 4546 effectivo,
2807 4489 2955 4561 Ergo
2996 4487 3289 4545 meritum

1915 4573 2114 4647 nequit
2159 4573 2491 4631 antecedere
2525 4587 2693 4626 suum
2723 4569 3074 4642 principium
3102 4567 3286 4627 effec—

1913 4654 2100 4714 tivum
2144 4656 2466 4722 essentiale,
2498 4654 2591 4711 vel
2640 4653 2703 4710 in
2733 4667 2812 4718 re,
2843 4651 2935 4707 vel
2978 4650 3041 4707 in
3091 4667 3288 4725 prass—

1913 4738 2144 4806 cientia,
2170 4743 2227 4796 et
2248 4736 2569 4795 intentione
2597 4732 2978 4808 praemiantis.

3115 5088 3148 5156 §
3173 5088 3279 5146 111.
