3647 5753
1435 426 1614 482 DISP.
1659 424 1756 491 111,
1800 424 1970 479 DUB.
2013 423 2055 480 1.
3001 416 3110 472 547

250 613 276 646 α
323 594 745 667 poenitentiam‚
778 604 834 656 et
866 599 1199 658 custodierit
1228 600 1426 660 omnia
1458 615 1610 673 prae-

251 698 278 728 α
324 682 483 749 cepta
509 693 655 743 mea,
682 679 800 736 vita
821 681 995 748 vivet,
1028 689 1085 738 et
1106 699 1222 739 non
1251 682 1551 739 morietur.
1578 701 1603 731 »

254 759 509 829 Cumque
536 773 653 815 non
674 762 870 817 omnia
914 771 1189 837 praecepta
1234 764 1615 820 observentur

254 841 320 896 in
347 855 427 906 re,
459 840 687 912 quando
732 843 948 917 impius
987 845 1351 917 justificatur,
1407 842 1616 900 debent

251 922 475 977 servari
503 923 706 980 saltem
737 924 801 980 in
855 928 1165 999 proposito,
1197 932 1254 983 et
1303 922 1608 982 desiderio·

44 982 237 1027 amun·
251 1002 321 1056 Et
344 1001 500 1058 idem
526 1003 882 1077 significatur
911 1008 1117 1063 Matth.
1146 1008 1252 1063 ult.
1280 1028 1293 1064 ε
1325 1028 1351 1059 «
1396 1006 1612 1061 Euntes

252 1103 280 1135 α
323 1099 459 1158 ergo
503 1085 694 1143 docete
744 1103 947 1145 omnes
991 1096 1207 1164 genteS,
1258 1087 1612 1160 baptizantes

254 1186 281 1218 α
321 1180 417 1222 eos
438 1165 499 1221 in
523 1169 760 1225 nomine
790 1172 993 1237 Patris,
1020 1178 1076 1228 et
1097 1171 1248 1238 Filii,
1286 1177 1341 1228 et
1362 1171 1611 1244 Spiritus

253 1267 280 1299 α
322 1248 520 1315 sancti,
553 1248 817 1306 docentes
861 1268 957 1310 eos
976 1269 1212 1310 servare
1231 1255 1431 1310 omnia
1452 1267 1611 1325 quae-

250 1347 277 1378 a
320 1342 560 1400 cumque
587 1329 860 1387 mandavi
885 1332 1069 1390 vobis.
1096 1354 1123 1385 2>
1152 1335 1219 1389 Et
1245 1333 1305 1389 in
1335 1332 1611 1390 omnibus

247 1405 368 1461 illis
389 1407 698 1480 Scripturae
728 1411 882 1476 locis,
914 1412 976 1467 in
1003 1412 1216 1484 quibus
1262 1411 1475 1469 dicitur
1514 1427 1609 1467 sa-

247 1493 542 1546 cramenta
567 1505 690 1548 esse
716 1490 908 1548 media
937 1493 1257 1549 necessaria
1298 1491 1369 1548 ad
1408 1507 1610 1550 eonse-

246 1570 534 1642 quendam
585 1574 829 1630 salutem
870 1599 883 1641 ;
928 1590 1065 1630 nam
1124 1575 1207 1631 eis
1260 1575 1397 1631 locis
1460 1578 1609 1632 recte

249 1650 557 1724 colligitur,
592 1654 887 1711 neminem
905 1654 1227 1728 justificari,
1257 1655 1371 1710 nisi
1401 1655 1505 1711 illa
1524 1671 1611 1711 sa-

248 1740 542 1790 cramenta
570 1736 807 1808 recipiat
852 1738 913 1792 in
945 1752 1023 1801 re,
1060 1738 1149 1793 vel
1197 1738 1257 1792 in
1298 1742 1448 1798 voto,
1487 1737 1611 1794 sive

251 1813 316 1869 in
345 1816 633 1888 proposito
678 1817 984 1873 inchoandi
1037 1834 1247 1874 novam
1290 1818 1489 1884 vitam,
1550 1824 1610 1873 ut

251 1895 472 1951 ostendi
516 1898 659 1952 solet
686 1899 721 1950 3
742 1905 891 1969 part.
921 1906 1101 1977 quaest.
1147 1900 1238 1962 68,
1271 1906 1383 1954 art.
1422 1901 1441 1955 l
1473 1907 1524 1954 et
1549 1901 1604 1967 2,

57 2002 219 2046 D.'rho.
254 1976 351 2032 ubi
379 1979 436 2034 D.
471 1979 673 2037 Thom.
718 1983 778 2034 in
803 1999 945 2054 resp.
992 1983 1066 2036 ad
1093 1983 1127 2036 3
1169 1982 1357 2055 inquit
1390 2002 1403 2038 ε
1437 2003 1463 2035 α
1509 1982 1612 2037 Di-

260 2081 285 2110 «
326 2058 589 2126 cendum,
631 2061 779 2132 quod
824 2079 924 2134 pro
966 2068 1121 2119 tanto
1160 2063 1371 2119 dicitur
1418 2079 1611 2120 sacra-

257 2162 282 2194 «
326 2147 588 2198 mentum
644 2145 920 2216 Baptismi
981 2160 1102 2201 esse
1151 2145 1221 2202 de
1280 2148 1611 2203 necessitate

254 2243 280 2273 α
322 2224 542 2287 salutis,
568 2226 703 2297 quia
748 2242 864 2281 non
893 2232 1073 2298 potest
1099 2243 1220 2284 esse
1248 2227 1474 2284 homini
1516 2243 1610 2284 sa-

251 2327 277 2356 «
322 2305 426 2370 lus,
460 2306 574 2361 nisi
604 2308 805 2363 saltem
850 2308 912 2363 in
966 2310 1262 2365 voluntate
1308 2309 1605 2376 habeatur,

250 2407 275 2436 ι(
321 2402 446 2459 quae
475 2387 624 2458 apud
658 2391 832 2443 Deum
888 2396 1185 2462 reputatur
1216 2406 1319 2462 pro
1366 2390 1528 2446 facto,
1580 2412 1605 2442 n

250 2469 316 2522 Et
357 2467 509 2525 idem
560 2471 1126 2541 proportionabiliter
1169 2472 1237 2528 de
1286 2472 1611 2529 intentione

251 2548 565 2620 recipiendi
599 2551 712 2604 alia
738 2557 1114 2618 sacramenta,
1148 2559 1203 2608 et
1228 2551 1298 2609 de
1324 2554 1611 2626 proposito

246 2630 517 2687 servandi
534 2630 734 2688 divina
757 2631 1027 2689 mandata
1045 2633 1483 2708 intelligendum
1503 2642 1606 2692 est.

248 2715 462 2768 Praeter
483 2713 585 2768 hos
609 2719 762 2768 actus
788 2714 975 2769 solent
1003 2716 1198 2770 Patres
1226 2717 1372 2772 alios
1418 2718 1609 2789 plures

244 2792 683 2856 commendare,
734 2793 833 2865 qui
881 2792 1203 2851 conducunt
1252 2793 1321 2849 ad
1375 2796 1608 2852 veniam

245 2880 601 2946 peccatorum
649 2872 1021 2931 obtinendam
1063 2874 1424 2951 :cujusmodi
1474 2883 1611 2933 sunt

244 2955 446 3018 oratio,
473 2955 779 3027 jejunium,
825 2957 1221 3014 misericordia
1269 2957 1331 3013 in
1376 2974 1602 3032 egenos„

247 3035 634 3105 continentia,
686 3037 1039 3110 injuriarum
1084 3037 1334 3105 oblivio,
1393 3039 1608 3112 aliique

247 3118 456 3190 plureS,
488 3134 627 3191 quos
655 3120 946 3191 prolixum
969 3125 1114 3177 esset
1154 3136 1468 3178 recensere.
1498 3122 1602 3176 Vi-

29 3195 488 3290 gfiigsssssdeamur
534 3199 807 3273 Origenes
851 3203 1041 3258 homil.
1091 3203 1126 3256 2
1174 3205 1233 3257 in
1272 3202 1600 3267 Leviticum,

30 3297 81 3339 D.
145 3307 212 3349 ug.
245 3281 635 3354 Chrysostom.
660 3282 803 3337 hom.
829 3283 902 3337 42
931 3285 992 3337 in
1043 3283 1243 3341 Mami.
1292 3290 1341 3337 et
1362 3284 1507 3339 hom.
1533 3284 1607 3338 22

244 3362 318 3417 ad
338 3362 624 3435 populum.
659 3365 721 3419 D.
756 3365 991 3438 August.
1020 3364 1111 3421 lib.
1143 3366 1180 3421 2
1224 3372 1415 3420 contra
1442 3362 1608 3421 Cres-

245 3462 363 3500 con.
387 3461 508 3517 cap.
543 3446 607 3500 12
633 3454 687 3501 et
714 3445 837 3502 alii.

838 3622 869 3688 ς
910 3618 1003 3674 IV.

467 3771 652 3829 Dubia
694 3774 995 3829 incidentia
1033 3773 1377 3830 deciduntur.

44 3956 195 4001 Prima
332 3920 415 3975 18.
461 3922 620 3977 Circa
661 3922 932 3979 hactenus
961 3920 1109 3977 dicta
1138 3927 1443 3979 occurrunt
1490 3919 1606 3977 ali-

17 4014 362 4099 quffisumqua
387 3998 579 4067 dubia,
625 4019 749 4074 quai
775 4006 995 4075 oportet
1022 4002 1112 4057 hic
1139 4001 1393 4061 breviter
1423 4002 1605 4060 resol-

63 4066 208 4158 reqnffi.
248 4096 403 4146 vere,
432 4082 521 4137 vel
544 4081 615 4138 ad
637 4084 896 4155 proprias
910 4082 1071 4140 sedes
1087 4083 1605 4141 remittere.Primo

0 4240 7 4249 Β
38 4160 197 4249 5ξῶξὲ
248 4164 424 4237 igitur
447 4166 724 4237 inquire5‚
752 4183 826 4222 an
854 4182 1055 4223 omnes
1082 4173 1236 4223 actus
1262 4166 1598 4231 voluntatis,

16 4262 149 4299 acius
165 4267 229 4300 su·
244 4261 383 4317 quos
436 4246 721 4323 hucusque
767 4249 1177 4314 recensuimuS,
1228 4248 1472 4306 debeant
1510 4264 1602 4304 se-

12 4305 494 4397 pmtfi‘ffh'cundum
548 4330 730 4404 legem
783 4332 883 4387 Dei
936 4329 1297 4387 ordinariam
1356 4329 1604 4387 existere

243 4405 587 4477 formaliter,
618 4417 673 4467 et
699 4427 962 4483 expresse
987 4427 1118 4467 cum
1173 4412 1387 4484 impius
1428 4411 1604 4485 justi-

237 4488 441 4547 ficatur
462 4494 489 4548 P
511 4493 923 4567 Respondetur,
949 4494 1098 4567 quod
1141 4495 1268 4551 licet
1287 4493 1601 4551 secundum

237 4574 603 4631 ordinarium
641 4574 896 4643 modum,
947 4593 1116 4649 quem
1146 4576 1471 4632 communis
1497 4576 1601 4633 Dei

235 4654 874 4728 providentiaobservat
891 4656 951 4713 in
974 4656 1142 4728 impii
1159 4653 1593 4729 justificatione,

234 4738 457 4795 soleant
505 4754 706 4794 omnes
744 4736 997 4810 praedicti
1039 4743 1193 4793 actus
1239 4737 1592 4804 formaliter,

234 4824 290 4875 et
310 4833 575 4892 expresse
597 4819 933 4890 intempore
948 4816 1371 4891 justificationis
1386 4818 1600 4874 coexis-

236 4905 390 4967 tere;
424 4900 810 4957 nihilominus
839 4899 1021 4955 adhuc
1047 4903 1273 4955 servata
1301 4899 1597 4955 communi

236 4983 601 5058 providentia
626 4998 742 5039 non
778 4997 980 5040 omnes
1005 4996 1231 5054 semper
1275 4980 1600 5037 formaliter

232 5065 462 5132 adsunt,
482 5065 581 5123 sed
609 5068 845 5137 possunt
867 5080 967 5138 per
989 5062 1246 5120 accidens
1269 5077 1386 5119 non
1402 5077 1601 5119 occur-

1744 610 1906 666 rere;
1949 609 2178 667 semper
2217 598 2415 650 tamen
2460 590 2783 665 requiritur
2831 585 3115 653 formalis,

1742 684 1799 735 et
1823 694 2126 751 expressus
2153 682 2310 734 actus
2329 675 2649 741 charitatiS,
2684 673 2747 728 in
2769 687 2879 744 quo
2907 667 3116 741 reliqui

1744 765 1901 817 actus
1927 758 2260 816 virtualiter
2299 756 2608 814 habentur.
2645 754 2845 809 Prima
2894 749 3122 806 resolu-

1744 840 1920 897 tionis
1949 855 2079 914 pars
2097 840 2235 895 satis
2260 841 2480 897 constat
2499 852 2571 893 ex
2622 834 2786 890 dictis
2832 836 2862 902 ξ
2889 830 3109 904 praeced.

1742 938 1871 995 quae
1933 922 2100 978 illam
2149 920 2220 979 ad
2266 921 2465 977 minus
2510 916 2805 975 evincunt.
2855 911 3118 970 Secunda

1742 1019 1883 1061 vero
1895 1002 2169 1075 probatur
2189 999 2565 1059 discurrendo
2588 997 2958 1072 persingulos
2977 995 3114 1051 illos

1743 1089 1919 1141 actus„
1967 1086 2037 1139 Et
2073 1083 2304 1157 quidem
2353 1083 2624 1138 timorem
2653 1093 2956 1153 poenarum
2993 1090 3116 1132 non

1741 1182 1971 1239 semper
2017 1166 2212 1225 adesse
2239 1165 2565 1224 formaliter
2601 1162 2663 1218 in
2703 1159 3115 1236 justificatione

1743 1247 1933 1320 impii,
1965 1248 2168 1306 docent
2190 1247 2578 1306 communiter
2600 1243 2895 1317 Theologi,
2923 1241 3114 1298 facile·

1742 1344 1852 1402 que
1878 1329 2182 1397 suadetur;
2210 1329 2344 1402 quia
2396 1327 2524 1385 fieri
2573 1327 2749 1392 valet,
2802 1330 2863 1379 ut
2903 1338 3111 1380 seeun-

1742 1409 1884 1466 dum
1917 1427 2286 1468 communem
2316 1407 2742 1483 providentiam
2799 1406 2971 1462 homo
3015 1420 3111 1462 co-

1741 1498 1974 1567 gnoscat
1994 1497 2174 1550 Deum
2197 1510 2297 1567 per
2318 1492 2490 1550 fidem
2520 1490 2731 1563 absque
2767 1483 2890 1544 ulla
2918 1501 3114 1544 recor-

1743 1573 1977 1630 datione
2021 1590 2324 1647 poenarum
2370 1595 2384 1630 ε
2427 1587 2566 1647 ergo
2618 1569 2829 1642 poterit
2873 1582 3110 1641 sperare

1743 1655 1998 1720 veniam,
2031 1662 2088 1712 et
2108 1657 2286 1713 Deum
2315 1654 2492 1711 finem
2524 1653 2797 1708 ultimum
2825 1649 3068 1724 diligere
3094 1672 3108 1709 z

1744 1737 1837 1793 his
1863 1752 2003 1792 vero
2030 1733 2505 1809 dispositionibus
2551 1730 2945 1789 infallibiliter
2970 1746 3111 1788 con-

1743 1817 2004 1890 sequitur
2042 1817 2290 1889 gratiam
2333 1813 2777 1890 justificationiS,
2823 1813 2952 1868 licet
2993 1827 3109 1869 non

1730 1898 1891 1955 ¹adsit
1914 1897 2237 1955 formaliter
2265 1898 2464 1953 timor.

1829 1980 1910 2034 19.
1956 1977 2116 2042 Quod
2156 1982 2346 2033 autem
2394 1992 2512 2033 non
2554 1973 2883 2048 requiratur
2923 1971 3109 2028 indis·
3141 1976 3310 2068 cuffia-

1747 2058 2119 2131 pensabiliter
2162 2057 2476 2115 secundum
2513 2057 2696 2131 legem
2746 2053 3107 2110 ordinariam
3189 2076 3256 2116 A„

1745 2149 1901 2196 actus
1929 2139 2192 2197 formalis
2236 2139 2378 2212 spei,
2404 2138 2607 2196 docent
2653 2139 2808 2208 Vega
2862 2134 2954 2191 lib.
2985 2138 3020 2189 6
3049 2137 3108 2189 in
3123 2121 3332 2217 {3222ssss

1753 2221 1799 2279 T
1796 2223 1994 2279 rident.
2050 2239 2170 2294 cap.
2214 2224 2307 2288 27,
2356 2224 2588 2276 Arauxo
2617 2221 2676 2273 in
2704 2235 2863 2290 praes,
2910 2223 3018 2273 art.
3048 2217 3102 2284 5,
3153 2222 3270 2314 θβεῑ.

1744 2303 1873 2359 dub.
1917 2307 1960 2369 l,
1992 2305 2226 2376 Gregor.
2258 2304 2429 2359 Mart.
2454 2301 2579 2356 dub.
2611 2302 2667 2364 4,
2693 2301 2943 2354 Gonetus
2962 2298 3101 2369 disp.
3122 2281 3306 2364 Δτξξξὸ,

1754 2385 1863 2440 lde
1884 2385 2180 2455 justificat.
2223 2383 2353 2439 dub.
2380 2388 2415 2439 7
2456 2387 2512 2438 et
2563 2381 2953 2437 communiter
3003 2372 3296 2463 aliiGffissgf·

1744 2465 2041 2538 Theologi.
2078 2467 2143 2519 Et
2173 2464 2447 2536 probatur
2474 2485 2486 2518 ε
2513 2469 2635 2518 tum
2682 2463 2818 2533 quia
2841 2458 2982 2515 fides
3005 2475 3108 2532 po-
3137 2470 3288 2513 Gonct.

1746 2550 1854 2601 test
1874 2544 2206 2601 immediate
2236 2559 2554 2616 proponere
2602 2541 2878 2614 peccatori
2927 2542 3106 2595 Deum

1744 2624 1849 2680 sub
1874 2626 2096 2682 ratione
2124 2623 2392 2681 amabilis
2431 2640 2601 2696 super
2648 2622 2866 2687 omnia,
2916 2620 3108 2694 prius-

1743 2722 1916 2778 quam
1939 2705 2424 2779 proponatipsum
2461 2711 2522 2760 ut
2562 2704 2778 2761 bonum
2809 2703 3109 2775 proprium

1743 2785 1924 2858 ipsius
1951 2786 2260 2859 peccatoris
2293 2807 2305 2840 ε
2338 2791 2516 2858 potest
2562 2786 2739 2841 etiam
2790 2796 3112 2855 proponere

1745 2872 2032 2940 peccatum
2064 2874 2123 2925 ut
2146 2869 2367 2925 malum
2391 2869 2512 2934 Dei,
2546 2873 2853 2940 antequam
2899 2880 3112 2938 propo-

1743 2955 1842 3006 nat
1865 2949 2012 3006 illud
2041 2955 2101 3005 ut
2129 2952 2351 3007 malum
2377 2950 2685 3024 peccatoris
2712 2970 2724 3004 :
2749 2963 2884 3022 ergo
2906 2947 3111 3004 volun·

1739 3038 1828 3089 tas
1856 3039 2033 3106 potest
2078 3034 2211 3090 huic
2264 3033 2599 3090 invitationi
2652 3028 3108 3101 correspondens

1740 3113 1947 3169 elicere
1967 3112 2165 3170 odium
2211 3113 2437 3185 peccati,
2465 3118 2521 3168 et
2547 3127 2804 3168 amorem
2849 3108 2967 3173 Dei,
3002 3124 3109 3163 an-

1743 3199 1968 3264 tequam
1998 3198 2186 3249 actum
2202 3193 2323 3266 spei
2351 3193 2543 3249 eliciat
2571 3214 2583 3247 ε
2610 3190 2709 3247 sed
2751 3190 2948 3246 odium
2980 3204 3076 3260 pec
3103 3223 3111 3230 -

1741 3275 1867 3341 cati,
1892 3291 2003 3348 quo
2030 3274 2268 3331 offendit
2295 3279 2494 3341 Deum,
2540 3279 2596 3331 et
2630 3289 2793 3329 amor
2847 3271 2948 3326 Dei
3002 3271 3109 3327 sub

1743 3355 1966 3411 ratione
1993 3353 2127 3411 finis
2151 3355 2364 3422 ultimi,
2391 3358 2525 3410 sunt
2546 3352 2949 3426 dispositiones
2979 3350 3109 3408 affe-

1742 3439 1934 3493 rentes
1961 3435 2353 3492 infallibiliter
2368 3435 2652 3508 justitiam
2683 3456 2694 3489 z
2720 3449 2855 3506 ergo
2879 3448 2996 3488 non
3023 3448 3109 3488 re·

1740 3516 1993 3587 quiritur
2037 3515 2570 3588 indispensabiliter
2620 3520 2774 3571 actus
2818 3512 3102 3577 formaliS,

1740 3600 1797 3653 et
1821 3611 2125 3669 expressus
2146 3597 2288 3669 spei.
2322 3597 2470 3651 Tum
2516 3596 2692 3652 etiam
2720 3618 2732 3658 ;
2766 3609 2903 3649 nam
2954 3599 3109 3649 actus

1739 3677 1861 3750 spei
1888 3678 2075 3734 solum
2106 3683 2291 3751 posset
2334 3674 2870 3748 indispensabiliter
2897 3689 3108 3731 secun-

1739 3756 1882 3814 dum
1912 3759 2094 3833 legem
2116 3756 2476 3814 ordinariam
2500 3756 2819 3812 desiderari
2844 3754 2914 3811 ad
2939 3755 3108 3828 impii

1734 3836 2225 3913 justificationem,
2252 3838 2387 3911 quia
2411 3836 2726 3894 secundum
2749 3841 3070 3893 connatura
3087 3870 3104 3879 -

1740 3921 1856 3976 lem
1880 3918 2145 3976 ordinem
2161 3917 2511 3976 servandum
2543 3919 2696 3974 inter
2719 3923 2875 3972 actus
2902 3933 2966 3972 su
2974 3931 3108 3989 per-

1739 4003 2034 4058 naturales
2060 4001 2295 4058 deberet
2312 4000 2634 4056 formaliter
2674 3999 2897 4055 anteire
2919 4003 3107 4054 actum

1737 4083 2052 4148 charitatis,
2072 4082 2169 4155 qui
2199 4081 2520 4153 proximius
2541 4079 2610 4136 ad
2629 4077 3106 4154 justificationem

1737 4161 1992 4235 disponit
2019 4184 2031 4218 :
2062 4163 2218 4235 atqui
2262 4160 2561 4234 praedictus
2587 4159 2728 4217 ordo
2769 4158 2825 4214 id
2857 4174 2974 4216 non
3002 4172 3107 4213 ex·-

1738 4243 1918 4316 poscit
1948 4264 1960 4299 :
1990 4236 2143 4318 ergo,
2175 4249 2279 4300 etc.
2305 4241 2585 4298 Suadetur
2615 4242 2829 4306 minor,
2855 4239 2993 4313 quia
3012 4254 3106 4294 se-

1736 4324 1989 4381 cundum
2012 4327 2077 4381 D.
2108 4325 2312 4380 Thom.
2336 4324 2392 4389 2,
2413 4325 2466 4392 2,
2489 4341 2541 4400 q.
2584 4325 2665 4387 17,
2691 4329 2800 4377 art.
2827 4321 2882 4385 8,
2899 4327 2947 4375 et
2969 4338 3024 4399 q.
3046 4322 3100 4386 4,
3121 4334 3177 4378 ι).
3194 4334 3306 4380 Tho.

1734 4406 1799 4461 de
1836 4405 2156 4474 i’irtutibuS,
2183 4406 2353 4469 art.3,
2378 4403 2581 4461 eodem
2607 4402 2778 4460 modo
2801 4408 2956 4459 actus
2982 4402 3103 4475 spei

1737 4489 2003 4561 praecedit
2024 4495 2210 4545 actum
2237 4488 2553 4552 charitatis,
2580 4502 2692 4559 quo
2739 4491 2895 4541 actus
2921 4487 3103 4543 timo-

1736 4569 1817 4626 ris
1839 4570 1911 4628 ad
1940 4585 2198 4628 amorem
2226 4569 2570 4642 supponitur
2607 4564 2737 4623 :sed
2763 4583 2880 4623 non
2905 4568 3100 4641 requi-

1734 4651 1904 4719 ritur,
1936 4652 2086 4727 quod
2106 4668 2333 4725 semper
2353 4648 2669 4708 seeundum
2714 4649 2897 4723 legem
2944 4649 3100 4706 ordi·

1732 4736 1969 4793 nariam
2036 4737 2213 4792 timor
2276 4735 2542 4792 formalis
2611 4739 2967 4807 supponatur
3030 4733 3101 4790 ad

1732 4833 2010 4883 amorem,
2038 4823 2099 4873 ut
2142 4833 2273 4875 cum
2325 4816 2623 4875 communi
2676 4815 3102 4889 'l'heologorum

1730 4900 2015 4956 sententia
2034 4917 2090 4956 n.
2109 4899 2334 4972 praeced.
2362 4897 2620 4955 diximus
2653 4919 2666 4954 ε
2696 4913 2833 4971 ergo
2873 4912 3094 4953 conna-

1731 4978 1936 5034 turalis
1962 4977 2102 5035 ordo
2138 4977 2457 5036 servandus
2483 4979 2640 5035 inter
2682 4982 2838 5033 actus
2889 4992 3096 5048 super-

1731 5059 2025 5115 naturales
2070 5074 2188 5115 non
2238 5059 2488 5133 exposcit
2539 5056 3097 5130 indispensabiliter.
