3647 5753
26 2020 77 2060 0.
95 2016 206 2061 Tho.

26 3593 43 3627 ἐ
60 3592 238 3638 onurm.

1395 451 1574 507 DISP.
1616 451 1712 519 IV,
1757 452 1921 509 DUB.
1969 455 2011 510 Ι.

230 635 294 691 in
325 635 504 689 Deum
534 630 712 688 finem
753 630 1028 687 ultimum
1067 625 1590 701 supernaturalem.

229 716 358 770 Haec
376 711 623 786 secunda
645 710 1046 784 consequentia
1068 709 1377 766 manifeste
1397 708 1595 781 sequi-

230 800 325 852 tur
348 811 420 851 ex
437 794 638 867 priori,
664 799 728 849 ut
744 792 994 849 intuenti
1014 789 1315 850 constabit.
1350 791 1419 846 Et
1436 789 1598 862 prior

229 893 302 936 ex
327 882 567 950 utraque
609 873 926 948 praemissa,
958 889 1083 945 quae
1108 872 1285 929 etiam
1311 886 1384 928 ex
1428 870 1600 927 modo

233 958 561 1034 praenotatis
579 961 716 1012 sunt
735 953 1076 1012 manifestae.
1102 957 1285 1019 Quam
1314 951 1600 1008 rationem

233 1042 409 1102 simul
435 1056 564 1097 cum
593 1038 702 1104 his,
735 1054 859 1111 quae
886 1036 956 1094 ad
984 1037 1152 1092 illam
1184 1034 1595 1109 praemisimus,

236 1123 428 1199 paucis
454 1120 784 1192 complexus
810 1124 893 1175 est
944 1120 1007 1174 D.
1039 1117 1248 1173 Thom.
1301 1116 1367 1171 de
1428 1114 1599 1173 Verit.

237 1212 419 1286 quast.
454 1205 536 1270 14,
562 1209 671 1259 art.
696 1204 732 1257 5
751 1201 826 1257 ad
852 1201 1132 1265 ultimum,
1160 1198 1260 1254 ubi
1281 1214 1414 1255 cum
1456 1201 1604 1255 esset

239 1289 644 1362 argumentum
671 1281 741 1338 ad
769 1279 1152 1354 probandum,
1184 1278 1334 1352 quod
1358 1283 1421 1335 ut
1448 1282 1605 1334 actus

237 1366 371 1425 fidei
398 1366 475 1421 sit
517 1362 870 1437 meritorius,
903 1376 1022 1418 non
1068 1360 1393 1417 necessario
1439 1357 1607 1416 debet

239 1446 543 1509 informari
595 1446 890 1510 charitate,
934 1442 1069 1516 quia
1114 1443 1253 1499 satis
1301 1446 1404 1508 est,
1454 1437 1606 1515 quod

242 1529 563 1608 procedata
606 1528 810 1602 gratia,
861 1533 917 1583 et
963 1526 1066 1582 illa
1110 1524 1482 1591 informetur,
1525 1522 1607 1579 sic

245 1610 549 1687 respondet
574 1629 585 1662 :
613 1607 743 1666 Non
758 1615 929 1681 potest
956 1624 1085 1674 esse,
1117 1607 1260 1684 qnod
1279 1613 1438 1662 actus
1480 1604 1609 1677 fidei

243 1700 315 1755 sit
339 1698 612 1771 formatus
633 1693 841 1763 qratia,
878 1699 929 1746 et
956 1709 1066 1746 non
1104 1691 1377 1745 charitate
1404 1707 1424 1756 ;
1473 1691 1609 1765 quia

241 1780 429 1849 qratia
450 1793 557 1831 non
571 1775 728 1830 habet
753 1773 1001 1829 ordinem
1021 1772 1097 1827 ad
1117 1777 1324 1852 actum,
1350 1771 1464 1826 nisi
1483 1771 1611 1825 cha·

241 1862 406 1916 ritate
430 1856 724 1912 mediante.
752 1855 933 1926 Atque
969 1854 1050 1909 ita
1101 1847 1502 1925 intelligenda,
1551 1854 1609 1906 et

242 1937 581 2012 explicanda
626 1940 712 1992 est
753 1933 1014 1990 doctrina
1057 1931 1228 2005 hujus
1265 1932 1301 1985 4
1356 1929 1604 1994 articuli,

245 2020 343 2076 ubi
370 2035 438 2076 ea
490 2016 714 2073 ratione
762 2014 963 2088 probat
1017 2015 1083 2069 D.
1112 2013 1319 2068 Thom.
1361 2011 1610 2086 gratiam

244 2117 367 2161 esse
395 2100 747 2174 principium
788 2095 1053 2153 merendi
1101 2096 1285 2152 vitam
1331 2100 1610 2151 aeternam

246 2183 621 2258 principalius
644 2198 744 2254 per
765 2179 1125 2244 charitatem,
1145 2193 1319 2250 quam
1344 2192 1443 2249 per
1466 2175 1612 2233 alias

242 2266 504 2329 virtutes,
538 2264 672 2337 quia
693 2262 814 2318 sola
858 2260 1110 2316 charitas
1140 2259 1370 2331 respicit
1418 2273 1521 2330 per
1552 2272 1613 2313 se

244 2348 435 2421 primo
457 2345 632 2402 finem
675 2345 737 2400 in
789 2343 994 2400 ordine
1043 2341 1113 2397 ad
1159 2357 1330 2414 quem
1384 2354 1614 2412 semper

239 2429 428 2504 gratia
482 2433 775 2500 operatur,
833 2440 1041 2496 nempe
1093 2423 1273 2480 finem
1334 2422 1610 2479 ultimum

241 2510 762 2584 supernaturalem,
792 2506 853 2562 in
888 2508 1047 2580 cujus
1074 2504 1500 2577 assequutione,
1555 2507 1612 2559 et

243 2590 522 2650 fruitione
550 2588 837 2646 beatitudo
865 2586 1145 2645 consistit.
1177 2588 1246 2641 Et
1271 2585 1362 2642 hic
1412 2600 1615 2641 sensus

245 2675 484 2731 illorum
518 2669 851 2734 verborum,
885 2684 1009 2742 quae
1037 2669 1101 2723 in
1129 2682 1366 2739 corpore
1389 2664 1615 2722 haben-

248 2761 341 2811 tur
374 2776 385 2810 :
429 2753 554 2811 Vita
574 2760 772 2808 :eterna
803 2753 861 2805 in
914 2750 1014 2806 Dei
1038 2751 1308 2823 fruitione
1333 2750 1610 2813 consistit,

248 2844 426 2895 motus
444 2842 628 2892 autem
649 2834 899 2889 humana
934 2832 1132 2887 mentis
1179 2828 1254 2886 ad
1293 2830 1616 2901 fruitionem

248 2923 431 2978 divini
455 2920 581 2975 boni
601 2924 678 2972 est
698 2917 960 2989 proprius
987 2920 1145 2970 actus
1173 2914 1487 2981 charitatis,
1516 2930 1617 2986 per

249 3020 406 3082 quem
455 3018 637 3057 omncs
687 3004 844 3054 actus
909 2996 1159 3051 alia-rum
1214 2996 1491 3051 virtutum
1553 2999 1615 3051 in

249 3087 394 3142 hunc
419 3085 576 3155 finem
600 3080 952 3145 ordinantur,
984 3076 1279 3135 secundum
1316 3077 1459 3151 quod
1497 3077 1620 3133 alte

250 3169 481 3235 virtutes
506 3167 851 3237 imperantur
878 3180 915 3217 a
936 3161 1227 3216 charitate.
1257 3160 1405 3214 Nam
1427 3156 1619 3215 omnis

252 3253 457 3313 motus,
483 3250 539 3303 et
561 3243 813 3300 influxus
833 3240 1051 3317 gratiae,
1084 3239 1387 3312 omnisque
1410 3238 1617 3310 proin-

253 3329 323 3388 de
343 3335 495 3386 actus
522 3326 855 3383 meritorius
885 3321 1069 3379 tendit
1097 3321 1168 3379 ad
1197 3320 1471 3376 divinum
1517 3320 1622 3378 bo-

255 3429 417 3480 num,
440 3411 584 3467 sicut
604 3408 675 3465 ad
698 3407 896 3472 finem,
924 3406 988 3462 in
1011 3406 1096 3480 cuj
1107 3422 1170 3461 us
1194 3402 1614 3477 assequutione,

255 3500 312 3552 et
332 3492 605 3549 fruitione
634 3488 938 3560 praemium
966 3487 1244 3543 consistit.

331 3570 779 3629 8.Confirmatur
801 3568 991 3640 primo
1010 3583 1081 3624 ex
1094 3565 1456 3625 discrimine.
1471 3561 1623 3636 quod

259 3651 560 3712 intercedit
605 3650 756 3706 inter
807 3650 1051 3705 virtutes
1102 3648 1493 3721 TheologicaS,
1562 3651 1626 3701 ut

256 3741 389 3793 sunt
411 3750 465 3791 v.
489 3750 545 3807 g.
574 3731 841 3793 charitas,
867 3735 922 3786 et
944 3727 1083 3785 fides
1104 3744 1177 3785 ex
1208 3744 1323 3784 una
1353 3733 1532 3801 parte.
1567 3731 1624 3784 et

257 3816 505 3875 morales
533 3812 751 3868 infusas
776 3826 847 3868 ex
887 3809 1036 3876 alia;
1071 3826 1205 3865 nam
1232 3810 1352 3866 illae
1380 3809 1621 3882 priores,

256 3901 392 3977 quia
415 3895 745 3953 immediate
774 3893 1086 3965 respiciunt
1116 3893 1308 3964 prima
1337 3890 1629 3965 principia

259 3980 482 4042 ordinis
507 3974 984 4051 supernaturalis,
1005 3973 1222 4030 scilicet
1247 3973 1505 4045 prImum
1531 3986 1625 4028 ve-

265 4078 416 4128 rum,
447 4066 502 4117 et
531 4058 801 4115 ultimum
831 4055 1027 4115 finem.
1062 4053 1274 4110 habent
1301 4070 1362 4110 se
1390 4052 1460 4110 ad
1486 4067 1625 4125 gra-

264 4146 405 4203 tiam
431 4158 548 4200 non
592 4157 691 4213 per
721 4137 958 4195 modum
1001 4135 1329 4203 habituum,
1364 4139 1462 4192 aut
1487 4142 1626 4191 tan-

265 4241 438 4301 quam
464 4224 706 4280 virtutes
732 4221 852 4293 eJus
894 4218 1291 4292 particulares,
1340 4216 1439 4274 sed
1484 4215 1632 4272 sicut

268 4307 597 4369 rationales,
623 4310 679 4360 et
704 4301 1171 4375 supernaturales
1192 4301 1240 4375 ej
1251 4317 1314 4356 us
1337 4298 1626 4373 potentiae,

265 4406 334 4448 eo
384 4386 798 4462 proportionali
852 4382 1041 4450 m0d0,
1094 4399 1208 4457 quo
1261 4383 1530 4440 voluntas
1578 4385 1635 4437 et

269 4471 592 4527 intellectus
629 4483 689 4524 se
717 4465 929 4522 habent
954 4462 1024 4520 ad
1053 4468 1322 4520 naturam
1372 4461 1635 4518 rationa-

269 4554 405 4610 lem.
436 4549 709 4616 Quinimo
730 4549 874 4603 sicut
894 4545 1082 4619 gratia
1104 4545 1170 4601 in
1195 4543 1402 4601 ordine
1427 4558 1636 4615 super-

270 4631 524 4690 naturali
551 4636 739 4687 creato
770 4626 937 4684 habet
971 4626 1260 4682 rationem
1292 4630 1512 4682 naturae
1538 4624 1637 4680 in-

269 4711 626 4779 tellectualis,
660 4714 715 4767 et
738 4725 837 4782 per
863 4706 1361 4781 participationem
1384 4703 1633 4774 divinam

268 4795 353 4853 sic
378 4799 435 4852 et
485 4793 736 4849 charitas
777 4791 839 4846 in
869 4789 974 4846 hoc
1023 4786 1231 4845 ordine
1268 4792 1354 4843 est
1403 4785 1640 4859 propria

268 4876 435 4933 istius
463 4880 682 4930 naturae
709 4873 991 4936 voluntaS,
1019 4875 1073 4925 et
1101 4867 1243 4925 fides
1278 4868 1345 4923 in
1392 4867 1639 4923 viatori-

269 4957 393 5025 bus,
462 4955 607 5011 sicut
653 4953 995 5010 intellectus,
1059 4953 1342 5005 Caeterum
1396 4948 1640 5007 virtutes

268 5037 517 5096 morales
556 5033 761 5091 infusae
808 5050 924 5090 non
963 5032 1047 5088 sic
1095 5034 1515 5102 comparantur
1568 5028 1638 5086 ad

265 5119 535 5197 gratiam,
560 5114 656 5173 sed
685 5116 867 5190 magis
901 5132 968 5174 eo
996 5112 1186 5180 modo,
1242 5126 1356 5186 quo
1400 5109 1635 5169 habitus

2981 459 3086 514 721

1727 626 2036 700 acquisitus
2052 627 2120 685 ad
2138 629 2398 686 animam
2423 630 2791 697 rationalem,
2810 634 3092 701 quatenus

1726 707 1873 763 sicut
1890 707 2220 783 hujusmodi
2238 711 2466 767 habitus
2486 709 2803 768 secundum
2822 726 2883 767 se
2903 710 3094 767 solum

1731 791 2048 863 respiciunt
2090 793 2364 864 specialia
2390 791 2625 868 objecta,
2657 799 2714 849 et
2741 791 2885 848 fines
2907 791 3097 865 parti-

1730 871 1971 938 culares,
1999 873 2198 929 nullus
2220 890 2358 931 vero
2380 889 2582 931 eorum
2606 880 2870 932 versatur
2897 874 3098 930 imme-

1731 950 1885 1008 diate
1912 953 2061 1010 circa
2090 953 2281 1026 prima
2304 955 2589 1029 principia
2610 954 2834 1013 ordinis
2857 960 3099 1011 natura-

1733 1034 1806 1090 lis
1840 1035 1958 1092 :sic
2008 1036 2185 1093 etiam
2240 1037 2523 1109 praedictae
2561 1039 2808 1094 virtutes
2848 1037 3098 1093 morales

1732 1117 1943 1174 infusae
1973 1124 2200 1175 tantum
2246 1126 2383 1177 sunt
2409 1120 2559 1176 circa
2587 1118 2960 1192 particularia
2996 1117 3100 1174 ob-

1728 1199 1876 1273 jecta
1902 1200 2126 1257 ordinis
2174 1202 2652 1273 sapei-naturam,
2704 1201 2979 1272 nullaque
3003 1214 3104 1256 ea·-

1736 1296 1869 1337 rum
1899 1280 2131 1354 respicit
2156 1287 2218 1336 ut
2239 1282 2520 1356 obJectum
2566 1282 2866 1355 proprium
2914 1281 3105 1353 prima

1736 1362 2024 1437 principia
2052 1363 2218 1419 istius
2265 1362 2490 1422 ordinis
2537 1364 2822 1435 (quamvis
2869 1362 3006 1435 quia
3042 1361 3105 1418 in

1736 1442 1943 1501 ordine
1964 1442 2034 1500 ad
2061 1444 2326 1518 proprios
2345 1449 2500 1501 actus
2522 1450 2657 1499 sunt
2678 1449 2792 1501 tota
2815 1443 3108 1518 quantitas

1738 1527 1974 1584 virtutis
2001 1528 2223 1602 agendi,
2256 1526 2505 1585 habeant
2535 1528 2914 1601 aliquomodo
2938 1526 3110 1582 ratio-

1744 1625 1879 1666 nem
1912 1610 2220 1682 potentiae).
2255 1612 2339 1666 Ex
2366 1609 2469 1666 hac
2510 1626 2646 1686 ergo
2673 1609 2953 1676 doctrina,
2985 1623 3111 1682 quae

1740 1691 1954 1765 majori
1982 1707 2054 1748 ex
2079 1699 2241 1765 parte
2263 1707 2379 1749 non
2407 1692 2644 1749 obscure
2671 1691 2915 1749 habetur
2961 1686 3112 1763 apud

1743 1776 1808 1831 D.
1841 1774 2048 1831 Thom.
2091 1778 2135 1840 l,
2166 1777 2220 1843 2,
2254 1782 2437 1853 quaest.
2469 1777 2562 1841 62,
2612 1783 2723 1830 art.
2759 1777 2805 1840 l,
2837 1782 2885 1830 et
2931 1774 2985 1838 3,
3032 1772 3113 1827 ita

1743 1853 2129 1914 confirmatur
2175 1858 2322 1913 ratio
2372 1856 2534 1913 facta.
2587 1856 2873 1920 Quoniam
2928 1855 3009 1910 sic
3052 1868 3115 1910 se

1741 1935 1913 1993 habet
1962 1936 2211 1993 charitas
2257 1936 2328 1994 ad
2352 1937 2623 2011 gratiam,
2655 1937 2802 1993 sicut
2846 1936 3114 1993 voluntas

1742 2016 1814 2075 ad
1843 2022 2115 2073 naturam
2139 2017 2507 2082 rationalem,
2550 2023 2831 2090 quatenus
2859 2021 2943 2074 est
2964 2014 3117 2071 libe-

1743 2113 1809 2155 ra
1838 2119 1850 2154 :
1878 2096 1975 2154 sed
2013 2103 2220 2155 natura
2268 2098 2590 2166 rationalis,
2649 2104 2711 2155 ut
2756 2097 2957 2162 libera,
3014 2111 3118 2168 per

1745 2182 1975 2237 nullam
2000 2180 2330 2238 facultatem
2359 2186 2538 2254 potest
2564 2180 2813 2254 operari,
2841 2195 3024 2252 neque
3052 2179 3117 2235 in

1746 2261 2001 2334 aliquam
2028 2263 2422 2335 operationem
2441 2262 2686 2319 liberam
2709 2261 2972 2328 influere,
3000 2260 3116 2317 nisi

1749 2343 1945 2400 media
1975 2344 2309 2416 operatione
2335 2343 2669 2410 voluntatis,
2708 2349 2764 2400 et
2805 2343 2868 2398 in
2909 2342 3116 2400 ordine

1745 2423 1817 2480 ad
1835 2423 2120 2499 objectum
2143 2424 2323 2496 ipsius
2343 2424 2675 2488 voluntatis,
2703 2423 2853 2495 quod
2873 2428 2958 2479 est
2977 2421 3114 2479 finis

1746 2503 1881 2561 talis
1914 2510 2136 2561 naturae
2169 2526 2183 2560 ε
2212 2520 2350 2578 ergo
2394 2519 2498 2560 nec
2521 2506 2709 2578 gratia
2758 2503 2967 2575 poterit
3012 2517 3116 2575 per

1746 2587 2001 2660 aliquam
2030 2589 2304 2645 virtutem
2356 2587 2610 2642 infusam
2652 2587 2880 2659 operari
2913 2585 3111 2650 libere,

1747 2676 1847 2725 aut
1872 2669 1936 2725 in
1989 2670 2241 2742 aliquem
2288 2668 2410 2741 ejus
2449 2672 2637 2724 actum
2687 2665 2949 2733 influere,
3002 2664 3117 2721 nisi

1746 2751 1939 2808 media
1966 2752 2319 2825 operatione,
2346 2756 2403 2807 et
2428 2749 2653 2806 influxu
2683 2750 2826 2819 (sive
2854 2749 3111 2815 formali,

1746 2832 1872 2889 sive
1892 2832 2097 2890 saltem
2127 2831 2385 2903 virtuali)
2412 2830 2726 2896 charitatis,
2749 2834 2806 2888 et
2828 2831 2891 2887 in
2908 2828 3118 2889 ordine

1748 2915 1818 2973 ad
1842 2914 2124 2989 objectum
2146 2916 2330 2989 ipsius
2350 2915 2665 2984 charitatis,
2697 2914 2846 2988 quod
2869 2921 2953 2972 est
2974 2915 3117 2970 ulti-

1748 3013 1879 3053 mus
1907 2996 2041 3053 finis
2063 2997 2286 3054 ordinis
2313 2998 2535 3071 gratiae.

1827 3079 2216 3136 confirmatur
2259 3078 2507 3136 secundo
2533 3095 2603 3135 ex
2650 3078 2740 3134 his
2780 3077 2957 3135 etiam
2993 3093 3119 3149 quae

1750 3160 2045 3216 cernimus
2072 3161 2137 3215 in
2175 3159 2394 3216 divinis
2423 3180 2436 3213 ε
2467 3159 2682 3215 etenim
2711 3157 2916 3214 divina
2945 3164 3121 3214 natu-

1752 3257 1819 3298 ra
1847 3242 1910 3297 in
1937 3242 2161 3298 nullam
2191 3241 2587 3314 operationem
2613 3239 2858 3297 liberam
2902 3240 3115 3309 influit,

1760 3324 1878 3381 nisi
1900 3322 2094 3380 media
2120 3322 2455 3394 operatione
2474 3339 2592 3378 suae
2618 3322 2931 3378 voluntatis
2953 3347 2970 3389 3
3003 3338 3121 3379 non

1756 3406 1919 3463 enim
1963 3405 2290 3469 miseretur,
2325 3408 2424 3458 aut
2469 3403 2654 3476 punit,
2689 3404 2804 3460 nisi
2857 3405 3126 3460 voluntas

1754 3485 1955 3544 divina
1976 3485 2044 3542 ad
2074 3485 2191 3541 haec
2211 3484 2476 3558 applicet,
2506 3490 2562 3542 et
2590 3490 2835 3550 moveat,
2858 3489 2912 3542 et
2935 3486 2998 3541 in
3026 3501 3125 3542 or-

1756 3570 1894 3626 dine
1947 3568 2017 3625 ad
2063 3569 2365 3641 proprium
2394 3569 2537 3642 ejuS,
2588 3568 2739 3640 quod
2780 3575 2862 3625 est
2902 3568 3127 3625 bonitas

1757 3653 1961 3709 divina
1989 3666 2159 3725 :ergo
2181 3666 2283 3707 nec
2302 3651 2490 3725 gratia
2513 3650 2721 3707 influet
2750 3652 2813 3707 in
2867 3652 3021 3724 aliqu
3033 3667 3127 3707 am

3181 3093 3278 3137 Alia

3158 3143 3305 3200 contir-

3159 3197 3300 3236 matio.

1757 3734 2169 3809 operationem,
2204 3734 2318 3789 nisi
2341 3732 2533 3790 media
2577 3733 2888 3801 charitate;
2947 3748 3129 3805 neque
3163 3768 3166 3771 π

1758 3815 2094 3892 operabitur
2143 3832 2243 3888 per
2290 3816 2775 3881 misericordiam,
2816 3815 3124 3888 justitiam,

1763 3907 1864 3958 aut
1893 3898 2232 3973 religionem
2263 3897 2536 3967 infusam,
2569 3904 2672 3955 etc.
2725 3898 2839 3954 nisi
2880 3899 3131 3955 charitas

1763 3986 2013 4047 moveat,
2039 3985 2096 4037 et
2135 3981 2379 4054 applicet
2420 3981 2489 4038 ad
2530 3979 2890 4055 operandum
2929 3982 3133 4055 hujus-

1766 4063 1925 4121 modi
1958 4064 2198 4119 virtutes
2238 4063 2301 4119 in
2354 4062 2559 4121 ordine
2604 4061 2674 4118 ad
2719 4062 3023 4136 objectum,
3076 4068 3134 4120 et

1762 4145 1944 4203 finem
1963 4145 2143 4219 ipsius
2159 4145 2475 4203 charitatis.
2505 4146 2667 4201 Patet
2704 4145 3129 4216 consequentia,

1705 4245 1709 4248 ’
1761 4227 2037 4303 quoniam
2053 4227 2257 4301 gratia,
2283 4232 2340 4284 et
2378 4226 2630 4283 charitas
2676 4232 2811 4282 sunt
2859 4225 3135 4283 formales

1768 4310 2231 4383 participationes
2265 4331 2278 4366 ε
2309 4311 2425 4365 haec
2445 4308 2661 4365 divinae
2694 4309 3029 4376 voluntatis,
3081 4313 3138 4365 et

1765 4392 1872 4447 illa
1889 4390 2109 4447 divinas
2139 4395 2366 4447 naturae
2394 4415 2407 4458 ;
2437 4390 2582 4447 sicut
2611 4391 2788 4447 etiam
2806 4390 3050 4465 justitia,
3082 4395 3139 4447 et

1765 4470 2164 4529 misericordia
2231 4472 2424 4527 infusa
2476 4475 2613 4526 sunt
2671 4471 3139 4543 participationes

1767 4553 2043 4611 formales
2063 4552 2284 4610 divinae
2302 4553 2561 4627 justitiae,
2588 4557 2643 4610 et
2668 4553 2881 4610 divinae
2903 4554 3139 4610 miseri-

1766 4636 1976 4695 cordiae
2002 4659 2014 4694 ε
2043 4636 2112 4694 de
2153 4637 2244 4692 his
2286 4642 2497 4702 autem,
2530 4653 2656 4709 quae
2694 4643 2831 4693 sunt
2863 4638 3138 4695 formales

1768 4716 2237 4790 participationes
2283 4716 2641 4781 divinorum,
2675 4715 2947 4774 debemus
2994 4719 3139 4774 sicut

1774 4796 1847 4854 de
1863 4797 2083 4854 divinis
2112 4798 2270 4871 ipsis,
2303 4815 2432 4855 cum
2482 4798 2852 4872 proportione
2880 4800 3136 4872 philoso-

1771 4879 1962 4953 phari.
