3647 5753
249 1235 429 1278 Praeclu-

279 1285 407 1329 ditur.

457 407 571 463 246
1494 389 1585 443 DE
1625 382 1898 441 GRATIA
1937 377 2279 434 EFFICACI.

467 583 525 632 ut
541 568 928 644 nihilominus
951 570 1298 642 relinqueret
1322 565 1384 621 in
1410 563 1706 620 voluntate
1727 572 1832 629 po-

464 662 724 714 testatem
748 652 817 710 ad
855 658 1043 709 actum
1068 651 1131 705 in
1159 664 1331 705 sensu
1353 644 1561 701 diviso.
1605 642 1690 695 Ex
1719 652 1833 710 quo

462 737 709 793 minime
757 733 1008 790 infertur
1032 775 1045 800 ,
1102 731 1460 787 voluntatem
1508 737 1625 779 non
1671 734 1833 793 posse

461 833 648 891 agere,
676 817 766 873 vel
782 815 1048 873 omittere
1065 810 1247 868 libere
1267 807 1392 876 ;sed
1409 810 1635 863 tantum
1650 805 1832 859 Deum

464 897 786 955 necessario
810 894 1176 969 praemovere'
1188 890 1541 946 voluntatem
1564 883 1634 941 ad
1652 882 1835 939 libere

465 980 772 1056 agendum,
816 978 904 1034 vel
953 970 1337 1032 omittendum
1370 992 1383 1027 :
1414 984 1539 1043 quae
1583 982 1704 1024 non
1748 968 1835 1021 est

467 1060 772 1118 necessitas
820 1056 1096 1122 absoluta,
1147 1051 1245 1110 sed
1296 1046 1734 1122 consequentiae,
1777 1049 1835 1101 et

467 1138 928 1198 infallibilitatis.

543 1223 689 1287 Haec,
710 1219 968 1291 inquam,
989 1212 1286 1290 responsio
1315 1226 1434 1269 non
1456 1208 1630 1266 diluit
1657 1221 1835 1280 argu-

467 1308 748 1365 mentum,
779 1297 877 1355 sed
899 1295 1187 1354 refellitur
1207 1310 1278 1351 ex
1306 1292 1492 1349 dictis.
1523 1290 1672 1344 Tum
1700 1286 1837 1359 quia

466 1400 595 1442 cum
618 1381 828 1438 dicitur
850 1378 1136 1436 auxilium
1163 1377 1225 1431 in
1252 1391 1320 1432 eo
1345 1378 1556 1431 eventu
1586 1384 1835 1442 praemo-

467 1481 627 1529 vens,
655 1463 785 1519 licet
806 1459 952 1516 foret
970 1457 1357 1514 necessarium
1394 1458 1458 1510 ut
1481 1452 1640 1526 quod,
1670 1453 1728 1506 et
1771 1448 1836 1504 in

464 1544 855 1611 essendo‚fore
878 1539 1206 1600 liberum'ut
1230 1555 1352 1611 quo,
1372 1536 1506 1593 etin
1526 1531 1832 1596 movendo,

465 1626 602 1699 quia
629 1622 940 1696 applicaret
981 1618 1049 1675 ad
1078 1623 1266 1674 actum
1312 1614 1586 1678 liberum,
1633 1617 1688 1669 et
1719 1625 1836 1667 non

467 1707 693 1765 tolleret
713 1707 1045 1777 potestatem
1068 1698 1140 1756 ad
1160 1695 1505 1772 oppositum,
1527 1691 1838 1750 manifeste

396 1799 399 1800 ’
469 1785 789 1844 incurritur
813 1781 1013 1856 petitio
1043 1778 1318 1852 principii
1347 1799 1361 1834 ε
1395 1775 1455 1832 id
1495 1775 1706 1849 quippe
1729 1777 1832 1839 est,

468 1867 619 1943 quod
651 1863 1060 1923 controversiae
1113 1860 1380 1934 praesenti
1434 1856 1754 1931 subjicitur,
1783 1859 1841 1911 et

447 1948 618 2025 ⁸quod
652 1948 995 2020 argumento
1044 1942 1192 1999 facto
1240 1942 1639 2014 impugnatur.
1689 1935 1838 1991 Tum

468 2031 662 2097 etiam,
694 2028 830 2102 quia
854 2031 919 2081 ut
946 2024 1232 2080 auxilium
1255 2022 1331 2078 sit
1359 2021 1609 2078 liberum
1633 2021 1834 2090 utque,

466 2116 525 2168 et
545 2110 609 2167 in
637 2106 942 2172 movend0,
967 2103 1134 2161 debet
1159 2107 1471 2160 connotare
1500 2102 1567 2156 in
1597 2101 1709 2155 Deo
1737 2112 1840 2169 po-

470 2194 731 2248 testatem
755 2185 823 2242 ad
849 2182 1177 2257 negandum
1198 2180 1535 2254 praedictum
1553 2176 1840 2235 auxilium

465 2276 526 2328 et
553 2267 877 2342 ponendam
902 2262 1107 2322 auxilii
1151 2259 1469 2319 carentiam
1488 2284 1503 2328 ;
1547 2274 1684 2316 nam
1710 2271 1840 2313 cum

469 2353 739 2410 voluntas
764 2353 971 2411 creata,
1021 2350 1079 2402 et
1121 2344 1320 2401 omnia
1362 2343 1450 2399 illi
1499 2338 1843 2399 inhaerentia

472 2430 930 2487 subordinentur
957 2430 1089 2492 Deo,
1111 2439 1228 2480 non
1252 2426 1491 2497 possunt
1516 2421 1724 2487 facere,
1749 2419 1844 2475 vel

475 2511 765 2574 omittere,
793 2508 907 2563 nisi
961 2503 1355 2578 dependenter
1395 2519 1428 2559 a
1477 2503 1589 2557 Deo
1617 2504 1844 2573 potente

470 2581 652 2649 etiam
683 2590 887 2654 facere,
921 2587 1015 2643 vel
1044 2585 1351 2642 omittere:
1384 2582 1540 2655 atqui
1589 2584 1735 2637 Deus
1780 2581 1844 2636 in

474 2672 734 2739 instanti,
781 2671 846 2725 in
873 2685 983 2741 quo
1005 2666 1167 2723 daret
1220 2665 1526 2732 auxilium,
1583 2662 1848 2736 nequiret

476 2752 622 2809 illud
662 2765 779 2808 non
827 2749 1087 2806 conferre
1105 2768 1120 2812 3
1168 2744 1452 2818 siquidem
1503 2742 1846 2816 supponitur

480 2848 648 2908 agere
673 2847 744 2889 ex
772 2828 1104 2887 necessitate
1131 2832 1352 2883 naturae
1373 2845 1386 2881 :
1410 2840 1545 2899 ergo
1561 2822 1846 2881 auxilium

475 2913 629 2987 quod
650 2929 681 2969 a
705 2915 817 2968 Deo
838 2911 900 2966 in
950 2906 1218 2982 praedicta
1263 2905 1567 2981 hypothesi
1620 2903 1848 2961 descen-

473 2996 656 3062 deret,
685 3009 802 3051 non
831 2997 977 3048 esset
1002 2989 1253 3047 liberum
1292 2994 1355 3044 ut
1380 3006 1501 3061 quo,
1527 2991 1583 3044 et
1627 2987 1690 3043 in
1717 3003 1849 3044 mo-

479 3074 667 3132 vendo
692 3096 705 3130 ε
736 3071 1003 3144 idemque
1033 3066 1609 3141 proportionabiliter
1647 3065 1847 3123 dicen-

472 3155 620 3211 dum
648 3157 733 3210 est
758 3151 829 3209 de
852 3149 1058 3207 auxilii
1075 3149 1353 3206 carentia.
1378 3149 1527 3203 Tum
1550 3150 1842 3220 praeterea,

475 3234 616 3309 quia
630 3240 866 3291 eatenus
886 3229 1196 3287 Thomistae
1215 3228 1603 3286 communiter
1622 3227 1852 3283 salvant

477 3318 837 3374 voluntatem
899 3315 1192 3369 carentem
1250 3310 1469 3366 auxilio
1518 3308 1726 3366 efficaci
1778 3305 1850 3363 ad

478 3409 740 3453 amorem
790 3406 953 3465 posse
1005 3388 1263 3446 absolute
1314 3403 1572 3446 amorem
1617 3387 1846 3452 elicere,

478 3482 759 3551 quatenus
784 3475 1050 3531 voluntas
1080 3472 1211 3529 licet
1255 3476 1499 3544 nequeat
1533 3469 1851 3527 carentiam

480 3557 689 3618 auxilii
720 3573 754 3613 a
772 3571 832 3612 se
852 3553 1172 3617 excludere,
1190 3553 1283 3609 vel
1303 3568 1435 3609 cum
1462 3552 1565 3608 tali
1593 3549 1853 3608 carentia

484 3652 747 3696 amorem
790 3648 1154 3707 componere,
1188 3631 1418 3705 respicit
1463 3629 1854 3695 nihilominus

485 3734 743 3779 amorem
806 3721 867 3772 ut
914 3713 1245 3788 possibilem
1289 3712 1424 3786 poni
1467 3711 1854 3785 dependenter

486 3799 559 3859 ab
599 3796 817 3856 auxilio
869 3795 969 3853 Dei
1013 3792 1241 3857 efficaci,
1285 3790 1435 3864 quod
1477 3794 1624 3849 Deus
1676 3793 1856 3864 potest

488 3880 743 3939 absolute
761 3875 1043 3933 voluntati
1071 3873 1353 3930 conferre.
1384 3874 1527 3929 Cum
1553 3872 1714 3929 enim
1750 3885 1855 3927 vo-

488 3963 681 4017 luntas
704 3956 969 4030 respiciat
992 3969 1251 4012 amorem
1281 3957 1556 4026 tanquam
1580 3968 1753 4027 agens
1771 3966 1856 4008 se-

484 4039 740 4099 cundum
769 4039 882 4094 Deo
907 4034 972 4091 in
995 4033 1213 4108 agendo
1234 4031 1698 4099 subordinatum,
1717 4031 1857 4089 satis

484 4128 590 4189 est,
607 4125 668 4177 ut
690 4120 955 4177 voluntas
971 4115 1193 4172 dicatur
1217 4115 1499 4186 potensin
1525 4120 1649 4172 actu
1667 4113 1858 4186 primo

486 4217 746 4262 amorem
774 4200 999 4265 elicere,
1030 4196 1180 4268 quod
1209 4190 1417 4253 habeat
1441 4211 1514 4254 ex
1542 4210 1603 4253 se
1655 4200 1858 4268 poten-

488 4286 632 4341 tiam
655 4280 726 4338 ad
755 4285 945 4337 actum
971 4275 1287 4334 secundum
1312 4275 1564 4334 rationes
1587 4275 1700 4332 sibi
1727 4291 1859 4334 cor-

488 4361 898 4438 respondentes
919 4402 932 4427 ,
976 4361 1033 4415 et
1095 4355 1245 4429 quod
1297 4354 1556 4413 aliunde·
1593 4361 1861 4415 connotet

489 4451 669 4505 Deum
693 4449 754 4499 ut
776 4445 1063 4516 potentem
1110 4437 1221 4495 sibi
1244 4439 1507 4496 conferre
1546 4438 1854 4504 auxilium,

483 4528 635 4605 quod
657 4524 727 4583 ad
749 4522 1096 4582 eliciendum
1114 4525 1302 4578 actum
1331 4519 1666 4594 requiritur,
1692 4525 1754 4575 ut
1783 4520 1860 4576 la—

490 4612 606 4668 tius
644 4603 1025 4680 expendimus
1071 4617 1246 4676 supra
1289 4601 1417 4658 dub.
1466 4602 1501 4656 4
1547 4606 1603 4657 et
1627 4600 1768 4673 disp.
1799 4601 1855 4667 5,

486 4690 615 4748 dub.
647 4691 703 4744 6.
740 4688 970 4742 Constat
998 4687 1210 4748 autem,
1261 4679 1412 4753 quod
1451 4680 1515 4737 in
1558 4678 1859 4754 hypothesi

497 4766 803 4845 praesentis
851 4762 1033 4829 dubii,
1084 4763 1351 4819 voluntas
1394 4775 1596 4817 carens
1642 4759 1862 4816 auxilio

489 4849 705 4908 efficaci
756 4861 872 4903 non
915 4846 1098 4916 posset
1143 4842 1309 4897 illam
1359 4840 1678 4897 carentiam
1724 4854 1757 4895 a
1800 4853 1864 4896 se

490 4929 815 4993 excludere,
842 4940 945 4982 nec
964 4940 1093 4981 cum
1125 4923 1227 4980 illa
1269 4937 1613 4994 componere
1637 4924 1859 4988 actum;

496 5016 553 5069 et
573 5008 724 5084 quod
752 5004 988 5064 aliunde
1032 5007 1181 5061 Deus
1221 5018 1339 5059 non
1365 5002 1586 5061 valeret
1629 5001 1692 5057 in
1739 5001 1862 5058 ins-

1962 550 2127 616 tanti,
2156 549 2219 604 in
2243 562 2354 620 quo
2402 544 2688 602 auxilium
2736 542 2987 614 negaret,
3039 535 3326 592 auxilium

1963 628 2272 704 impertiri,
2298 628 2421 682 sive
2446 626 2566 700 ejus
2616 622 2934 679 carentiam
2980 617 3242 680 auferre3
3273 620 3330 669 et

1963 709 2111 785 quod
2136 709 2256 764 haec
2283 704 2621 779 impotentia
2652 702 2750 759 Dei
2780 715 2897 757 non
2923 701 3068 762 esset
3095 712 3167 753 ex
3187 710 3328 766 sup-

1966 790 2268 864 positione,
2294 786 2392 844 sed
2412 802 2485 842 ex
2511 783 2767 840 absoluta
2797 779 3164 837 necessitate:
3192 788 3329 847 ergo

1964 871 2232 927 voluntas
2288 882 2490 924 carens
2543 864 2763 921 auxilio
2825 858 3032 916 efficaci
3088 856 3158 913 ad
3215 855 3329 911 ali-

1963 967 2132 1024 quem
2156 955 2343 1006 actum
2372 962 2489 1004 non
2519 949 2702 1019 posset
2726 941 2981 999 absolute
3008 944 3195 995 actum
3217 935 3332 992 eli—

1963 1048 2125 1099 cere;
2154 1038 2209 1088 et
2227 1033 2639 1101 consequenter
2665 1024 2923 1081 carentia
2945 1019 3149 1078 auxilii
3179 1024 3326 1075 esset

1967 1107 2304 1179 necessaria,
2332 1116 2447 1165 tam
2497 1112 2558 1163 ut
2577 1124 2702 1184 quo,
2750 1119 2923 1177 quam
2970 1106 3030 1158 ut
3075 1099 3216 1177 quod
3239 1117 3257 1151 .·
3276 1104 3329 1155 et

1967 1194 2122 1252 idem
2138 1191 2446 1248 dicendum
2468 1193 2552 1245 est
2576 1188 2646 1244 de
2673 1186 2890 1243 auxilio
2919 1181 3150 1247 efficaci,
3178 1178 3329 1253 quod

1967 1276 2031 1332 in
2057 1292 2124 1332 ea
2145 1273 2441 1348 hypothesi
2464 1267 2843 1338 conferretur.

2042 1358 2169 1411 340.
2197 1358 2309 1411 Nec
2328 1346 2882 1412 satisfacitsecundo,
2907 1345 2956 1401 si
2978 1360 3109 1400 cum
3129 1341 3328 1399 eodem
3394 1371 3492 1414 Μή,

1965 1436 2393 1510 sapientissimo
2419 1432 2693 1508 Magistro
2740 1429 2837 1485 uhi
2883 1442 3059 1500 supra
3080 1443 3231 1481 num.
3256 1424 3330 1479 29
3356 1422 3515 1466 evasio.

1968 1524 2201 1576 etnam.
2248 1518 2320 1572 64
2362 1517 2573 1572 iterum
2606 1508 2967 1583 respondeas,
3017 1503 3167 1578 quod
3203 1505 3332 1561 licet

1968 1603 2116 1657 Deus
2136 1599 2198 1655 in
2221 1596 2489 1671 praedicta
2508 1592 2808 1669 hypothesi
2858 1587 3175 1646 necessario
3194 1603 3336 1644 cou-

1970 1680 2148 1737 serret
2172 1678 2478 1742 auxilium,
2522 1676 2626 1731 hoc
2659 1679 2763 1740 est,
2810 1670 3020 1743 absque
3058 1667 3334 1725 electione

1969 1767 2027 1819 et
2052 1761 2313 1819 libertate
2341 1758 2410 1815 ad
2433 1757 2756 1831 oppositum
2777 1778 2792 1822 ;
2815 1750 3202 1809 nihilominus
3221 1765 3334 1806 non

1968 1858 2196 1914 semper
2237 1838 2385 1897 illud
2423 1837 2728 1902 conferret,
2764 1849 2868 1890 nec
2910 1845 3140 1902 semper
3188 1827 3335 1885 illud

1972 1925 2207 1996 negaret
2236 1944 2250 1987 ;
2280 1917 2378 1976 sed
2412 1915 2750 1990 quandoque
2777 1929 2894 1970 uno
2924 1909 3094 1968 modo
3120 1909 3182 1967 se
3229 1909 3337 1965 ha·-

1974 2001 2149 2067 beret,
2180 2006 2236 2058 et
2253 1998 2595 2073 quandoque
2638 1993 2810 2052 modo
2852 1990 3166 2050 contrario,
3194 1991 3334 2044 Cum

1972 2083 2128 2140 enim
2167 2085 2311 2139 Deus
2333 2078 2650 2138 necessario
2678 2091 2852 2150 agens
2878 2074 3152 2130 influeret
3173 2071 3337 2144 juxta

1972 2164 2406 2238 dispositionem
2461 2175 2766 2226 causarum
2822 2154 3229 2218 secundarum,
3283 2156 3337 2208 et

1973 2261 2141 2302 causa
2162 2242 2344 2301 libera
2373 2242 2617 2316 postulet
2640 2254 2760 2295 non
2781 2252 3010 2309 semper
3034 2248 3220 2307 agere,
3238 2245 3340 2287 nec

1973 2340 2200 2398 semper
2227 2324 2531 2389 omittere;
2570 2323 2716 2376 Deus
2760 2316 2959 2375 eodem
3004 2313 3173 2371 modo
3217 2312 3338 2376 dis-

1976 2410 2241 2480 pensaret
2302 2420 2470 2460 suum
2517 2415 2856 2459 concursum
2921 2395 3220 2454 efficacem.
3274 2394 3338 2448 Et

1974 2493 2386 2560 consequenter
2432 2487 2579 2541 Deus
2623 2483 2703 2537 ita
2761 2481 3050 2537 omitteret
3094 2490 3339 2550 praemo-

1978 2584 2132 2634 vere,
2164 2566 2314 2641 quod
2343 2564 2733 2622 nihilominus
2760 2574 3112 2634 praemovere
3133 2561 3335 2630 posset,

1975 2654 2032 2707 et
2050 2653 2328 2722 quantum
2355 2652 2439 2703 est
2468 2644 2539 2702 de
2565 2659 2625 2700 se
2648 2645 3045 2715 praemoveret,
3076 2639 3126 2694 si
3173 2653 3339 2694 causa

1977 2728 2226 2788 secunda
2284 2725 2614 2804 hujusmodi
2678 2739 3021 2781 concursum
3054 2719 3334 2793 exigeret.

1980 2812 2144 2869 Unde
2166 2826 2283 2868 non
2335 2811 2615 2883 sequitur,
2662 2804 2812 2880 quod
2852 2804 3118 2862 voluntas
3156 2803 3341 2858 creata

1979 2909 2098 2950 non
2146 2896 2329 2965 posset
2380 2891 2588 2947 elicere
2638 2893 2826 2945 actum
2874 2885 2936 2940 in
2976 2882 3238 2948 instanti,
3268 2880 3341 2936 ⁴in

1978 2990 2090 3048 quo
2117 2974 2288 3030 illum
2311 2972 2618 3035 omitteret,
2651 2969 2741 3025 vel
2786 2964 2937 3040 quod
2965 2971 3119 3022 actus
3147 2965 3210 3020 in
3238 2963 3341 3019 illo

1981 3056 2218 3112 instanti
2246 3059 2509 3111 maneret
2528 3051 2803 3125 obJective
2830 3046 3225 3121 impossibilis.

2056 3139 2206 3203 Haec,
2239 3137 2500 3209 inquam,
2535 3132 2830 3206 responsio
2882 3146 3000 3188 non
3045 3126 3550 3195 satisfacitqueffi.

1982 3217 2191 3284 Primo,
2224 3216 2358 3288 quia
2408 3216 2457 3271 si
2486 3217 2632 3271 Deus
2682 3228 2855 3287 agens
2900 3227 2971 3268 ex
3018 3209 3346 3267 necessitate
3409 3207 3500 3245 ωτ-

1984 3303 2203 3356 naturae
2223 3297 2454 3354 deberet
2490 3313 2660 3352 suum
2689 3308 3030 3352 concursum
3067 3290 3348 3348 efficacem

1980 3379 2324 3437 distribuere
2355 3379 2519 3453 juxta
2562 3376 3000 3449 'dispositionem
3045 3372 3342 3447 agentium

1981 3458 2366 3517 secundorum
2390 3479 2403 3514 ε
2425 3473 2561 3532 ergo
2582 3458 2769 3514 solum
2792 3461 2976 3530 posset
2991 3466 3349 3527 praemovere

1984 3542 2361 3604 voluntatem,
2393 3538 2621 3613 quando
2673 3539 2939 3595 voluntas
2981 3540 3128 3593 esset
3153 3534 3353 3607 dispo-

1982 3622 2095 3679 sita
2115 3622 2185 3679 ad
2208 3623 2356 3680 hanc
2378 3620 2849 3695 praemotionem:
2877 3616 3061 3674 sedin
3083 3615 3348 3679 instanti,

1986 3705 2050 3762 in
2076 3721 2189 3779 quo
2211 3706 2479 3762 voluntas
2506 3708 2694 3760 actum
2716 3702 3024 3767 omitteret,
3045 3714 3164 3756 non
3200 3698 3348 3755 esset

1986 3787 2274 3860 disposita,
2306 3792 2365 3841 ut
2386 3789 2836 3859 praemoveretur
2858 3781 2927 3839 ad
2956 3787 3165 3845 actum,
3210 3778 3356 3835 alias

1987 3870 2135 3925 Deus
2161 3884 2280 3926 non
2306 3868 2595 3925 omitteret
2624 3880 2976 3939 praemovere
2998 3887 3012 3930 ;
3040 3862 3138 3919 sed
3167 3862 3355 3937 potius

1986 3966 2115 4007 eam
2143 3949 2213 4006 ad
2236 3950 2519 4025 agendum
2542 3950 2872 4023 applicaret,
2892 3953 2952 4003 ut
2969 3948 3087 4003 haec
3114 3959 3357 4019 respon-

1987 4032 2073 4088 sio
2096 4031 2367 4104 supponit
2400 4046 2579 4105 :ergo
2623 4030 2769 4087 Deus
2809 4030 2872 4086 in
2917 4027 3188 4102 praedicto
3239 4026 3360 4083 ins-

1989 4112 2134 4169 tanti
2165 4128 2281 4169 non
2309 4118 2491 4186 posset
2515 4127 2868 4184 praemovere
2907 4111 3280 4174 voluntatem,
3301 4116 3360 4166 et

1988 4200 2398 4267 consequenter
2426 4195 2517 4251 vel
2541 4195 2655 4251 haec
2702 4209 2820 4250 non
2875 4194 3064 4266 posse't
3102 4188 3362 4248 absolute

1990 4281 2124 4333 tunc
2170 4292 2337 4350 agere
2362 4319 2376 4343 ,
2412 4275 2561 4349 quod
2616 4274 2999 4341 intendimus3
3030 4273 3122 4329 vel
3174 4279 3361 4345 posset

1991 4371 2157 4431 agere
2185 4354 2395 4429 absque
2438 4355 2911 4413 subordinatione
2957 4351 3027 4409 ad
3070 4354 3248 4409 Deum
3295 4358 3360 4407 ut

1992 4442 2280 4509 potentem
2308 4452 2680 4510 praemovere,
2700 4433 2849 4509 quod
2869 4440 2954 4491 est
2976 4432 3353 4505 impossibile.

1988 4517 2258 4583 Secundo,
2289 4518 2424 4592 quia
2452 4518 2585 4575 licet
2611 4518 2728 4575 haec
2749 4516 2944 4574 evasio
2978 4515 3179 4579 salvet,
3204 4513 3357 4586 quod

1992 4600 2139 4655 Deus
2176 4614 2293 4656 non
2314 4614 2544 4671 semper
2568 4600 2962 4670 praemoveret,
2984 4608 3087 4650 nec
3129 4608 3362 4666 semper

1994 4695 2344 4752 praemovere
2364 4680 2671 4747 omitteret,
2701 4676 2800 4736 sed
2844 4674 3185 4751 quandoque
3223 4690 3362 4749 age-

1994 4765 2098 4824 ret,
2130 4766 2186 4817 et
2212 4758 2552 4833 quandoque
2574 4775 2712 4823 non,
2734 4759 2898 4833 juxta
2924 4757 3150 4813 variam
3171 4755 3363 4828 dispo·

1992 4838 2263 4897 sitionem
2276 4855 2577 4896 causarum
2606 4837 2987 4896 secundarum
3017 4858 3029 4892 z
3063 4835 3381 4894 nihilomi-

1996 4937 2103 4977 nus
2128 4922 2355 4979 salvare
2382 4937 2497 4978 non
2522 4926 2718 4994 potest,
2751 4919 2901 4993 quod
2942 4920 3089 4975 Deus
3130 4919 3366 4976 attentis

1994 5002 2263 5061 omnibus
2309 5001 2627 5077 principiis,
2671 5006 2729 5060 et
2774 4999 3218 5059 circumstantiis
3260 5016 3370 5075 per

3307 5097 3373 5140 se
