3647 5753
160 3073 319 3117 confir·

161 3129 298 3181 matur

161 3180 309 3225 primo.

1424 465 1603 522 D1SP.
1647 466 1716 532 11,
1761 464 1927 521 DUB.
1970 464 2038 520 V.

308 634 731 729 jus-principii,
766 652 800 693 a
825 653 936 709 quo
962 636 1246 711 dependet
1271 660 1284 694 ε
1314 640 1468 712 atqui
1510 639 1680 712 prin-

312 734 485 791 cipia,
531 732 565 774 a
602 716 811 789 quibus
851 719 1137 792 praedictae
1180 720 1680 779 denominationes

314 798 659 871 dependent,
703 799 891 856 solum
936 807 1171 874 possunt
1195 817 1318 859 esse
1344 808 1500 860 actus
1528 820 1680 876 prae-

314 879 539 947 teritus,
585 894 702 936 non
724 885 1079 950 retractatus,
1112 883 1209 955 qui
1254 882 1386 940 illas
1410 883 1680 942 denomi-

310 963 583 1056 nationes
608 968 819 1034 causat,
852 970 907 1022 et
926 966 1231 1025 moraliter
1254 972 1594 1035 conservat3
1625 972 1682 1025 et

318 1060 442 1119 ipse
480 1043 676 1111 homo,
720 1045 785 1101 in
830 1060 941 1118 quo
982 1051 1241 1116 manent,
1284 1052 1340 1105 et
1364 1048 1455 1104 cui
1482 1048 1681 1106 confe-

319 1134 558 1196 runtur;
589 1131 647 1186 et
664 1130 922 1187 carentia
946 1130 1166 1205 gratiae,
1198 1132 1292 1188 vel
1321 1130 1682 1189 rectitudinis

318 1224 391 1267 ex
430 1213 556 1266 actu
584 1207 976 1284 peccaminoso
1012 1210 1240 1278 relicta;
1269 1215 1326 1268 et
1352 1206 1681 1285 hujusmodi

320 1290 612 1365 principia
653 1306 873 1348 cessare
901 1296 1201 1377 ‚nequeunt
1240 1293 1452 1367 absque
1489 1298 1684 1351 muta-

322 1373 483 1430 tione
510 1372 825 1431 intrinseca
852 1375 1159 1447 peccatoris
1183 1398 1199 1431 ι
1228 1391 1364 1449 ergo
1404 1375 1679 1448 implicat,

322 1452 476 1528 quod
521 1453 693 1512 homo
734 1455 1042 1527 relinquat,
1082 1461 1139 1513 et
1175 1459 1349 1513 exuat
1387 1456 1687 1530 praedictas

322 1535 832 1595 denominationes
858 1537 1069 1611 absque
1094 1538 1411 1596 intrinseca
1436 1539 1526 1595 sui
1552 1554 1688 1596 mu-

324 1619 564 1677 tatione.
589 1618 786 1677 Minor
809 1619 979 1695 hujus
1006 1620 1341 1695 posterioris
1366 1620 1687 1696 syllogismi

326 1699 512 1776 quoad
557 1701 811 1774 primam
864 1707 1085 1776 partem
1124 1702 1262 1758 satis
1302 1702 1504 1775 liquet;
1551 1718 1689 1759 nam

327 1788 476 1842 Deus
501 1783 608 1839 sub
635 1783 798 1840 nulla
821 1784 1043 1841 ratione
1063 1788 1146 1841 est
1176 1784 1530 1857 principium
1552 1800 1692 1841 con-

327 1881 568 1924 servans
585 1863 1518 1937 praedictasdenominationes‚nec
1534 1864 1692 1923 aliud

330 1945 684 2020 principium
726 1944 1065 2011 desiderari,
1109 1947 1201 2003 vel
1243 1946 1553 2020 excogitari
1589 1962 1695 2019 po-

329 2031 457 2094 test,
508 2041 541 2081 a
579 2041 692 2098 quo
735 2025 1110 2098 dependeant,
1158 2033 1364 2100 praeter
1404 2027 1527 2097 illa,
1571 2043 1696 2099 quae

333 2107 749 2165 recensuimus,
781 2106 1039 2164 Secunda
1063 2108 1240 2164 etiam
1269 2106 1518 2165 minoris
1540 2124 1691 2180 parS,

335 2192 398 2248 in
419 2206 532 2263 qua
552 2194 636 2246 est
654 2187 976 2255 difficultaS,
1003 2189 1324 2246 ostenditur
1342 2213 1356 2256 ς
1385 2206 1520 2246 nam
1543 2197 1699 2248 actus

336 2271 680 2346 praeteritus,
713 2275 776 2325 ut
802 2285 918 2327 non
947 2276 1301 2338 retractatus,
1337 2273 1535 2345 nequit
1576 2289 1699 2329 ces-

336 2370 465 2413 sare
486 2353 600 2410 nisi
624 2368 726 2424 per
755 2355 1215 2411 retractationem
1241 2357 1332 2412 vel
1353 2355 1606 2413 elicitam
1630 2354 1701 2412 ab

339 2436 596 2500 homine,
629 2435 721 2490 vel
761 2433 1015 2490 habitam
1044 2437 1374 2494 eminenter
1418 2437 1481 2493 in
1509 2438 1702 2510 aliqua

344 2520 532 2576 forma
560 2515 671 2588 ipsi
697 2515 888 2573 infusa
912 2538 925 2572 ε
951 2517 1122 2575 homo
1147 2519 1323 2576 etiam
1350 2535 1569 2576 cessare
1597 2535 1702 2575 ne-

345 2601 487 2675 quit,
519 2598 631 2654 nisi
675 2613 775 2671 per
800 2598 887 2652 sui
925 2597 1368 2659 destructionem
1404 2623 1416 2658 :
1447 2601 1704 2658 carentia

345 2681 591 2754 denique
616 2680 830 2754 gratiae,
863 2682 950 2737 vel
976 2682 1340 2740 rectitudinis
1363 2683 1562 2756 nequit
1581 2698 1705 2739 ces-

345 2778 490 2830 sare,
528 2762 653 2855 ,nisi
700 2777 801 2835 per
842 2764 1110 2836 gratiam,
1164 2766 1256 2822 vel
1299 2763 1704 2823 rectitudinem

348 2849 698 2919 oppositam:
721 2860 846 2917 quae
864 2847 1062 2903 omnia
1084 2848 1220 2904 satis
1246 2847 1424 2920 liquet
1439 2844 1564 2902 fieri
1589 2859 1706 2901 non

348 2941 509 3062 posse
554 2924 763 2997 absque
809 2925 1125 2984 intrinseca
1173 2926 1480 3002 peccatoris
1526 2930 1708 2982 muta-

373 3021 523 3063 ione.

425 3078 811 3137 confirmatur
828 3082 1035 3153 primo,
1050 3082 1188 3155 quia
1206 3081 1403 3154 nequit
1420 3084 1708 3154 peccatum

352 3161 589 3226 destrui,
628 3161 770 3233 quin
807 3162 978 3219 homo
1004 3167 1259 3218 transeat
1286 3161 1355 3218 de
1381 3178 1502 3218 esse
1542 3175 1712 3217 aver-

352 3257 481 3298 sum
523 3258 557 3298 a
583 3244 698 3299 Deo
725 3240 796 3297 ad
826 3257 944 3300 non
982 3259 1105 3301 esse
1144 3258 1441 3305 aversum;
1483 3241 1554 3297 de
1590 3255 1713 3298 esse

307 3363 313 3370 -
354 3323 703 3380 maculatum
727 3320 798 3378 ad
820 3337 937 3378 non
957 3339 1077 3380 esse
1098 3324 1448 3380 maculatum
1469 3338 1482 3385 ;
1503 3321 1574 3378 de
1592 3336 1715 3379 esse

354 3403 595 3478 dignum
635 3401 771 3459 odio,
795 3402 914 3469 Dei,
940 3409 998 3459 et
1024 3420 1191 3477 poena
1231 3408 1464 3468 aeterna,
1498 3401 1568 3459 ad
1598 3416 1715 3458 non

354 3499 477 3542 esse
502 3482 744 3558 dignum
771 3484 874 3540 tali
901 3483 1050 3551 odio,
1077 3491 1132 3541 et
1153 3500 1318 3558 poena
1344 3504 1357 3540 z
1386 3483 1486 3541 sed
1514 3483 1717 3557 impli-

357 3569 445 3622 cat
483 3563 611 3622 fieri
642 3565 795 3620 hunc
826 3565 1135 3622 transitum
1168 3564 1376 3638 absque
1404 3563 1719 3620 intrinseca

360 3647 682 3704 mutatione
704 3647 1009 3719 peccatoris
1034 3668 1048 3703 ε
1077 3655 1212 3721 ergo
1242 3647 1503 3720 implicat
1524 3659 1720 3718 pecca-

361 3735 484 3785 tum
500 3727 738 3793 destrui,
756 3732 812 3785 et
832 3726 982 3801 quod
1004 3732 1259 3800 peccator
1276 3728 1587 3783 intrinsece
1604 3739 1721 3781 non

362 3816 637 3868 mutetur.
662 3810 846 3884 Major
866 3814 921 3865 et
940 3810 1344 3883 consequentia
1368 3811 1580 3881 patent.
1606 3805 1722 3861 Mi-

365 3909 474 3950 nor
500 3890 847 3958 ostenditur;
888 3891 1163 3963 quoniam
1206 3890 1465 3963 implicat
1504 3887 1723 3945 variari

365 3973 897 4033 denominationem
928 3974 1141 4029 realem
1170 3972 1378 4044 absque
1409 3970 1726 4026 mutatione

369 4056 514 4114 reali
544 4055 781 4128 alicujus
806 4054 1073 4120 extremi,
1106 4059 1203 4110 aut
1231 4052 1492 4125 requisiti
1518 4067 1589 4107 ex
1611 4050 1721 4116 his,

367 4151 495 4211 quae
534 4134 603 4192 ad
633 4135 804 4191 talem
831 4133 1361 4192 denominationem
1391 4131 1729 4189 desiderati*

372 4225 497 4279 tur;
524 4231 661 4272 nam
686 4215 780 4271 ubi
805 4222 1022 4281 cuncta,
1047 4232 1171 4289 quae
1192 4214 1260 4273 ad
1289 4212 1731 4272 determinatio-

375 4313 509 4355 nem
552 4298 764 4353 realem
786 4295 1206 4363 desiderantur,
1238 4299 1477 4351 manent
1498 4308 1733 4366 prorsus

374 4381 633 4444 immota,
659 4384 714 4435 et
735 4378 1041 4444 invariata,
1068 4394 1208 4450 opus
1228 4380 1330 4441 est,
1350 4375 1511 4449 ¹quod
1532 4373 1732 4432 eadem

372 4457 768 4517 denominatio
789 4458 1050 4523 immota,
1075 4463 1133 4514 et
1152 4456 1444 4513 invariata
1466 4468 1735 4529 perseve-

375 4549 480 4610 ret,
509 4544 671 4617 juxta
699 4540 846 4597 illud
872 4561 886 4596 ε
918 4539 1071 4597 Idem
1098 4557 1324 4596 manens
1350 4539 1493 4594 idem
1531 4554 1738 4611 semper

375 4627 516 4698 facit
554 4623 699 4680 idem
728 4641 746 4677 :
786 4622 942 4694 atqui
984 4620 1252 4695 praedicta
1291 4620 1535 4678 mutatio
1564 4618 1740 4676 realis

377 4704 578 4778 nequit
594 4702 731 4777 poni
752 4717 823 4759 ex
846 4705 1005 4775 parte
1025 4701 1146 4767 Dei,
1172 4701 1383 4774 quippe
1400 4701 1498 4773 qui
1517 4700 1740 4756 immu-

376 4785 574 4843 tabilis
611 4788 697 4840 est
736 4783 799 4838 in
838 4781 1025 4854 seipso
1069 4802 1082 4837 ε
1123 4796 1226 4838 nec
1259 4780 1462 4836 sufficit
1503 4779 1640 4852 poni
1668 4794 1740 4835 ex

380 4870 545 4938 parte
572 4863 815 4936 alicujus
840 4860 1167 4928 extrinseci,
1193 4876 1323 4916 cum
1347 4859 1498 4915 istud
1522 4860 1741 4933 imper-

381 4947 658 5007 tinenter,
690 4947 747 4999 et
773 4956 875 5014 per
896 4940 1155 4998 accidens
1181 4956 1241 4997 se
1268 4938 1474 4996 habeat
1496 4939 1570 4996 ad
1594 4956 1744 5013 prae-

382 5025 565 5082 dictas
605 5021 1147 5079 denominationes:
1175 5035 1310 5094 ergo
1349 5021 1536 5077 solum
1566 5026 1747 5093 potest

385 5107 525 5181 poni
565 5120 638 5162 ex
678 5107 842 5177 parte
879 5102 1062 5176 ipsius
1088 5100 1414 5178 peccatoriS,
1456 5106 1513 5158 et
1548 5116 1746 5159 conse—
1804 5098 1815 5149 1

3059 451 3168 506 399

1810 644 2052 712 quenter
2092 634 2348 709 implicat
2386 632 2513 690 fieri
2553 629 2864 687 transitum
2911 624 3168 682 hominis

1813 719 1885 776 ab
1914 719 2033 775 illis
2054 712 2622 774 denominationibus
2650 710 2718 767 ab
2739 704 3167 765 denominatio-

1814 817 1916 858 nes
1936 799 2239 874 oppositas,
2264 802 2321 854 et
2344 793 2494 870 quod
2522 794 2694 851 homo
2715 790 3027 847 intrinsece
3051 801 3165 842 non

1815 884 2174 940 immutetur.

1889 962 2278 1022 confirmatur
2315 957 2580 1024 secundo,
2611 960 2669 1013 et
2693 954 3014 1011 declaratur
3043 966 3171 1007 am-

3267 960 3340 1003 Se.

1816 1045 1971 1118 plius
2011 1044 2187 1101 robur
2227 1039 2469 1099 rationis
2509 1041 2746 1102 nostrae3
2795 1033 2931 1107 quia
2977 1028 3176 1103 nequit
3212 1008 3362 1054 ⁰¹¹¹¹‘¹⁰·

1816 1128 1965 1184 Deus
2004 1124 2299 1182 destruere
2340 1117 2839 1178 denominationes
2879 1110 3171 1178 maculati,

1817 1206 2007 1265 aversi
2034 1222 2068 1267 a
2095 1208 2229 1272 Deo,
2255 1210 2309 1261 et
2349 1201 2509 1277 digni
2533 1214 2700 1274 poena
2720 1202 2954 1259 aeterna,
2982 1207 3178 1265 pecca-

1817 1287 1929 1346 tori
1971 1286 2284 1363 intrinsece
2320 1281 2746 1357 convenientes,
2778 1276 2890 1332 nisi
2929 1274 3021 1331 vel
3049 1289 3177 1328 sus-

1819 1369 2120 1444 pendendo
2166 1367 2467 1439 antiquum
2515 1362 2766 1435 aliquem
2812 1371 3173 1420 concursum,

1818 1456 1914 1512 vel
1937 1450 2261 1510 exhibendo
2286 1460 2625 1506 concursum
2654 1455 2871 1500 novum
2903 1460 2916 1495 ε
2945 1437 3090 1494 sicut
3117 1436 3178 1493 in

1822 1534 2184 1595 naturalibus
2212 1531 2408 1606 nequit
2436 1533 2583 1587 Deus
2603 1526 2895 1583 destruere
2922 1521 3177 1593 aliquam

1822 1615 2354 1677 denominationem
2371 1611 2584 1669 realem
2600 1606 2848 1681 subjecto
2870 1601 3182 1659 intrinsece

1823 1698 2282 1761 convenientem,
2315 1694 2428 1750 nisi
2472 1692 2563 1748 vel
2602 1682 3002 1760 suspendendo
3040 1696 3180 1737 con-

1825 1797 2056 1839 cursum
2078 1777 2538 1836 conservativum
2564 1772 2780 1835 formae,
2796 1772 2850 1825 et
2873 1764 3184 1841 principio-

1828 1878 1959 1919 rum
1983 1856 2536 1918 communicantium
2560 1852 2887 1926 praedictam
2917 1844 3186 1903 denomi-

1828 1942 2146 2010 nationem;
2178 1940 2268 1996 vel
2297 1932 2658 2010 producendo
2697 1928 2916 2003 aliquid
2959 1928 3186 1983 incom-

1831 2024 2099 2100 possibile
2119 2037 2247 2079 cum
2272 2017 2536 2093 praedicta
2558 2016 2826 2080 forma,et
2850 2008 3182 2084 principiis;

1830 2106 1999 2162 aliter
2024 2103 2183 2161 enim
2214 2099 2490 2172 relinquit
2518 2097 2746 2160 intacta,
2782 2097 2838 2150 et
2878 2092 3184 2146 immutata

1831 2190 2032 2244 cuncta
2061 2181 2365 2258 principia,
2395 2195 2519 2252 quae
2548 2175 2618 2234 ad
2644 2176 2818 2231 talem
2840 2169 3190 2227 denomina-

1833 2270 2049 2325 tionem
2065 2265 2442 2323 concurrunt;
2464 2263 2518 2315 et
2533 2258 2613 2314 sic
2635 2272 2774 2329 opus
2789 2258 2887 2318 est,
2902 2248 3050 2323 quod
3068 2250 3186 2323 ipsa

1834 2344 2229 2405 denominatio
2255 2340 2543 2397 invariata
2572 2337 2852 2411 persistat,
2881 2337 2942 2387 ut
2962 2331 3100 2386 satis
3120 2346 3188 2386 ex

1835 2444 1895 2485 se
1942 2429 2134 2499 liquet.
2181 2427 2327 2479 Deus
2367 2424 2556 2476 autem
2605 2416 2802 2487 nequit
2841 2409 3190 2483 suspendere

1835 2523 2174 2568 concursum
2190 2503 2650 2576 conservativum
2670 2494 3069 2570 praedictarum
3092 2491 3194 2547 de-

1839 2587 2327 2651 nominationum,
2378 2595 2585 2652 nempe
2641 2576 2929 2640 maculati,
2987 2575 3188 2635 auersi,

1837 2672 1991 2742 diyni
2007 2685 2187 2742 paena,
2217 2670 2323 2722 etc.
2353 2663 2473 2735 ipse
2493 2660 2652 2717 enim
2685 2658 2847 2714 nullo
2869 2653 3038 2711 modo
3059 2668 3195 2708 cau-

1839 2758 1943 2817 sat,
1975 2749 2066 2806 vel
2095 2748 2391 2804 conservat
2432 2739 2724 2814 praedictas
2764 2733 3194 2793 denominatio-

1842 2847 1971 2891 nes;
2010 2828 2107 2887 sed
2148 2827 2269 2884 sola
2307 2828 2569 2882 creatura
2599 2834 2699 2893 per
2738 2816 2972 2873 modum
3017 2813 3229 2888 primi'

1843 2910 2114 2986 principii
2141 2905 2404 2964 defectivi
2427 2919 2520 2960 eas
2545 2904 2754 2965 causat,
2780 2903 2836 2954 et
2856 2902 3156 2954 conservat
3182 2918 3195 2951 ·.

1841 2992 2103 3067 quocirca
2121 2989 2314 3061 nequit
2343 2989 2488 3042 Deus
2506 2984 2634 3040 illas
2651 2980 2943 3037 destruere
2963 2992 3060 3048 per
3082 2992 3200 3030 sus-

1845 3073 2178 3149 pensionem
2198 3068 2416 3142 proprii
2439 3078 2766 3122 concursus.
2787 3062 2979 3116 Posset
3007 3062 3199 3113 tamen

1844 3173 1939 3213 eas
1983 3153 2277 3210 destruere
2322 3147 2602 3204 indirecte
2637 3137 3036 3215 suspendendo
3062 3154 3201 3194 con-

1845 3252 2077 3296 cursum
2104 3230 2565 3291 conservativum
2594 3224 2848 3299 subjecti,
2881 3220 2970 3278 cui
2998 3235 3203 3276 conve·

1848 3321 2037 3384 niunt,
2063 3320 2118 3372 et
2138 3313 2208 3370 de
2233 3328 2344 3385 quo
2372 3308 2755 3385 praedicantur
2783 3326 2795 3360 z
2824 3302 2921 3360 sed
2945 3302 3048 3358 hoc
3075 3300 3200 3358 fieri

1850 3417 1968 3459 non
2007 3401 2193 3472 posset
2231 3394 2439 3465 absque
2477 3388 2809 3450 intrinseca,
2853 3389 2909 3441 et
2947 3385 3204 3440 maxima

1852 3478 2157 3557 peccatoris
2182 3474 2518 3538 mutatione,
2551 3475 2614 3525 ut
2639 3485 2709 3525 ex
2736 3484 2796 3523 se
2828 3465 3026 3539 liquet.
3065 3466 3206 3530 Res-

1853 3568 1932 3620 tat
1972 3560 2167 3635 igitur,
2193 3554 2343 3630 quod
2382 3554 2473 3610 vel
2504 3555 2651 3607 Deus
2680 3550 2920 3619 nequeat
2946 3546 3080 3601 illas
3106 3543 3209 3602 de-

1854 3642 2280 3702 nominationes
2319 3638 2629 3701 destruere,
2673 3629 2821 3705 quod
2867 3634 2952 3687 est
3004 3627 3209 3684 absur-

1856 3726 2028 3792 dum;
2078 3721 2166 3779 vel
2207 3719 2354 3792 quod
2383 3734 2477 3774 eas
2504 3715 2798 3770 destruere
2827 3711 3014 3768 valeat
3040 3708 3210 3765 exhi-

1858 3804 2042 3864 bendo
2088 3817 2303 3859 novum
2352 3799 2601 3871 aliquem
2649 3809 3007 3851 concursum.
3053 3791 3213 3844 'runc

1858 3888 2011 3943 ultra
2037 3905 2050 3940 ε
2076 3884 2179 3939 Vel
2207 3882 2307 3937 ille
2327 3894 2634 3937 concursus
2664 3875 2762 3931 Dei
2807 3874 2969 3946 ponit
2998 3870 3212 3942 aliquid

1861 3969 1923 4024 in
1951 3969 2259 4040 peccatore,
2291 3962 2382 4017 vel
2411 3959 2562 4016 nihil
2606 3958 2667 4012 in
2700 3972 2766 4012 eo
2809 3951 3086 4028 producit,
3119 3949 3214 4006 sed

1860 4053 2087 4105 tantum
2130 4044 2191 4100 in
2233 4043 2424 4115 aliquo
2462 4039 2819 4100 extrinseco?
2846 4034 2903 4090 Si
2936 4033 3213 4107 primum.

1864 4130 2139 4187 habemus
2168 4127 2475 4188 intentum,
2506 4121 2642 4195 quia
2682 4122 2957 4192 repugnat
3000 4113 3216 4187 aliquid

1865 4215 1927 4270 in
1957 4216 2243 4287 peccatore
2272 4205 2405 4278 poni
2433 4204 2504 4260 de
2527 4217 2689 4268 novo,
2721 4206 2776 4257 et
2802 4197 2949 4273 quod
2973 4197 3096 4269 ipse
3123 4195 3220 4252 in-

1865 4293 2112 4350 trinsece
2129 4304 2248 4346 non
2264 4289 2535 4340 mutetur.
2553 4285 2687 4338 Secu
2697 4280 2872 4337 ndum
2890 4284 3081 4335 autem
3104 4291 3221 4332 non

1866 4373 2093 4443 sufficit;
2139 4368 2413 4444 quoniam
2467 4363 2614 4422 illud
2663 4362 3052 4419 extrinsecum
3107 4373 3222 4414 non

1869 4456 2038 4513 habet
2061 4454 2241 4510 ullam
2272 4446 2732 4523 repugnantiam,
2778 4445 2871 4500 vel
2900 4444 3226 4514 incompos-

1870 4536 2207 4593 sibilitatem
2226 4548 2354 4589 cum
2376 4534 2523 4586 statu
2548 4527 2861 4583 intrinseco
2890 4519 3224 4596 peccatoris;

1872 4623 1927 4674 et
1973 4616 2183 4673 idcirco
2224 4612 2406 4686 posita
2444 4607 2699 4683 qualibet
2744 4604 3079 4670 mutatione,
3132 4604 3229 4656 aut

1872 4696 2196 4754 variatione
2237 4691 2569 4757 intrinseca,
2602 4687 2784 4746 adhuc
2823 4685 2996 4740 homa
3022 4695 3227 4737 mane-

1874 4778 1960 4834 bit
1994 4777 2056 4831 in
2100 4778 2321 4848 peccato
2354 4793 2366 4828 :
2396 4772 2540 4827 sicut
2579 4769 2677 4842 qui
2717 4766 3021 4824 caecitatem
3050 4760 3230 4817 semel

1877 4856 2181 4921 contraxit,
2222 4867 2349 4910 eam
2391 4851 2639 4907 minime
2677 4847 2919 4920 deponet
2962 4858 3061 4916 per
3102 4840 3231 4904 hoc,

1876 4936 2026 5013 quod
2054 4936 2154 4993 fiat
2180 4934 2420 4990 mutatio
2447 4933 2510 4988 in
2551 4930 2744 5003 aliquo
2768 4926 3107 4989 extrinsece,
3138 4919 3234 4978 sed

1879 5022 2069 5079 solum
2098 5034 2201 5091 per
2230 5014 2653 5089 reparationem
2680 5012 2856 5068 visus.
