3647 5753
571 383 604 436 4
1597 380 1688 434 DE
1728 379 1998 435 GRATIA
2037 378 2376 434 EFFICACI.

576 582 600 611 «
635 559 730 616 Dei
757 559 1003 633 gratiam
1027 558 1087 615 in
1111 558 1259 615 bono
1282 556 1629 631 recipiendo,
1659 563 1716 615 et
1739 572 1927 630 perse·

575 663 598 692 «
637 645 901 697 veranter
927 639 1193 707 tenende,
1227 656 1344 698 non
1373 641 1562 697 solum
1592 655 1751 712 posse
1772 638 1923 712 quod

579 745 601 772 «
637 721 1132 786 volumus‚verum
1160 721 1334 778 etiam
1361 722 1511 777 velle
1537 719 1685 792 quod
1716 736 1923 792 possu-

573 823 596 853 «
630 817 775 857 mus.
826 802 987 866 Quod
1029 819 1147 860 non
1190 802 1299 858 fuit
1326 803 1388 859 iu
1417 803 1653 860 homine
1681 803 1873 874 primo
1908 822 1922 857 ε

573 904 595 934 «
631 898 812 939 unum
834 884 993 940 enim
1022 885 1232 941 horum
1276 884 1341 939 in
1371 883 1474 940 illo
1514 882 1643 948 fuit,
1674 883 1924 939 alterum

575 984 599 1015 «
635 979 748 1019 non
797 964 927 1020 fuit.
986 986 1011 1015 η
1046 965 1299 1037 Denique
1337 982 1461 1036 cap.
1495 981 1603 1041 seq.
1667 965 1750 1031 12,
1800 964 1921 1020 ait:

573 1065 596 1096 (ι
632 1045 882 1115 Itemque
905 1045 1024 1116 ipsa
1041 1044 1324 1119 adjutoria
1339 1043 1744 1118 distinguenda
1763 1061 1830 1100 su
1839 1049 1922 1099 nt.

572 1151 597 1183 «
630 1126 801 1185 Aliud
840 1132 926 1183 est
970 1125 1338 1198 adjutorium,
1388 1124 1515 1181 sine
1565 1141 1678 1197 quo
1704 1123 1924 1196 aliquid

572 1231 594 1261 «
627 1223 745 1265 non
774 1205 839 1261 fit
865 1227 878 1261 :
916 1210 973 1262 et
986 1203 1142 1260 aliud
1169 1209 1253 1261 est
1275 1202 1643 1277 adjutorium,
1677 1220 1789 1276 quo
1811 1204 1925 1260 ali-

572 1310 595 1342 «
627 1286 763 1361 quid
812 1284 895 1342 fit.
941 1306 966 1336 n
1002 1285 1069 1341 Et
1107 1284 1344 1341 statim:
1404 1306 1430 1337 «
1480 1286 1680 1342 Primo
1708 1284 1917 1356 itaque,

572 1389 597 1421 «
629 1369 827 1445 inquit,
861 1365 1088 1421 homini
1109 1364 1208 1437 qui
1230 1365 1371 1422 ineo
1390 1362 1560 1429 bono,
1581 1365 1644 1420 in
1666 1380 1777 1437 quo
1800 1368 1923 1422 fac-

572 1470 595 1499 «
628 1453 717 1502 tus
733 1445 917 1502 fuerat
939 1449 1140 1511 rectus,
1167 1450 1453 1517 acceperat
1475 1460 1635 1518 posse
1657 1460 1779 1521 ’non
1802 1461 1924 1517 pec·

571 1542 773 1593 «care,
822 1541 980 1598 posse
1020 1541 1134 1582 non
1159 1525 1331 1592 mori,
1380 1540 1539 1597 posse
1585 1525 1775 1596 ipsum
1817 1523 1922 1582 bo-

570 1630 595 1660 «
628 1624 769 1664 num
818 1623 936 1665 non
980 1606 1273 1672 deserere,
1318 1606 1514 1663 datum
1566 1612 1651 1663 est
1695 1606 1921 1679 adjuto-

569 1710 593 1741 «
627 1690 780 1745 rium
831 1689 1292 1761 perseverantiae,
1349 1704 1467 1745 non
1506 1704 1618 1760 quo
1663 1687 1831 1743 fieret
1861 1693 1920 1744 ut

568 1790 591 1820 «
627 1772 1036 1840 perseveraret,
1066 1766 1166 1825 sed
1198 1768 1325 1824 sine
1361 1783 1473 1839 quo
1515 1782 1614 1840 per
1667 1766 1919 1823 liberum

569 1874 591 1901 υ
624 1849 933 1905 arbitrium
970 1864 1348 1922 perseverare
1376 1864 1492 1905 non
1516 1853 1721 1920 posset.
1753 1851 1920 1904 Nunc

569 1950 593 1981 «
625 1944 761 1985 vero
788 1930 1005 1986 Sanctis
1052 1929 1116 1985 in
1145 1944 1386 2002 regnum
1414 1928 1514 1984 Dei
1543 1943 1642 2000 per
1667 1928 1916 2002 gratiam

568 2032 591 2062 «
627 2011 723 2066 Dei
754 2010 1181 2083 praedestinatis,
1214 2025 1332 2066 non
1358 2015 1578 2066 tantum
1609 2010 1722 2066 tale
1748 2009 1918 2085 adju-

567 2112 590 2142 «
623 2092 836 2148 terium
868 2091 1307 2164 perseverantiae
1335 2090 1521 2155 datur,
1567 2090 1665 2147 sed
1692 2091 1823 2159 tale,
1859 2097 1918 2147 ut

566 2194 587 2224 «
622 2173 1049 2244 perseverantia
1077 2173 1200 2245 ipsa
1245 2171 1529 2229 donetur:
1582 2187 1699 2228 non
1726 2173 1914 2228 solum

564 2274 587 2305 α
623 2255 827 2309 utsine
855 2253 962 2310 isto
1002 2252 1152 2310 dono
1195 2259 1621 2324 perseverantes
1647 2267 1768 2308 esse
1797 2268 1914 2309 non

565 2356 587 2384 «
627 2332 843 2404 possint
869 2357 882 2400 ;
928 2349 1130 2389 verum
1159 2333 1334 2388 etiam
1367 2338 1422 2386 ut
1453 2348 1550 2404 per
1573 2333 1675 2388 hoc
1696 2331 1914 2388 donum

566 2433 589 2464 «
622 2428 738 2469 non
767 2414 880 2469 nisi
906 2419 1333 2485 perseverantes
1351 2413 1486 2468 sint.
1521 2433 1547 2464 »

360 2509 527 2565 piscor·
632 2493 689 2546 G.
708 2494 843 2555 Quae
870 2492 1559 2567 D.Augustinisententiae
1579 2492 1627 2547 si
1645 2509 1772 2549 cum
1788 2508 1915 2565 pro·

343 2559 535 2605 d¹²¹¹¹¹⁰f
565 2570 941 2643 positionibus
982 2574 1214 2629 Molinae
1265 2590 1417 2627 num.
1453 2572 1471 2627 l
1501 2572 1695 2628 relatis
1716 2573 1913 2629 conse-

366 2610 506 2749 ξιὶὲιιῖἶ
565 2656 784 2717 rantur,
819 2652 1035 2724 pluries
1057 2651 1430 2708 invenientur
1455 2652 1665 2724 opponi
1680 2656 1910 2709 contra-

352 2718 527 2801 mfflji.
557 2731 812 2789 dictorie.
845 2736 990 2788 Nam
1026 2733 1088 2789 in
1119 2732 1323 2806 primis
1344 2733 1562 2789 Molina
1589 2732 1743 2797 dicit,
1776 2749 1912 2807 gra-

378 2816 491 2850 nam.
557 2813 697 2868 tiam
724 2812 1003 2869 efficacem
1029 2829 1187 2886 posse
1205 2829 1326 2870 esse
1347 2813 1634 2870 minorem
1660 2815 1775 2870 alia
1792 2831 1909 2872 non

553 2893 758 2949 efficaci
788 2914 801 2948 :
843 2894 1194 2968 Augustinus
1238 2908 1375 2950 vero
1394 2910 1659 2967 expresse
1682 2898 1904 2962 asserit,

552 2975 835 3031 auxilium
863 2973 1056 3030 efficax
1086 2990 1208 3032 esse
1235 2973 1419 3047 majus
1446 2974 1661 3032 donum
1690 2976 1908 3034 auxilio

551 3071 667 3112 non
689 3054 921 3111 efficaci.
944 3056 1163 3111 Molina
1185 3055 1285 3122 ait,
1310 3057 1555 3129 gratiam
1583 3055 1694 3112 dici
1717 3057 1907 3114 effica-

546 3151 670 3192 cem
700 3134 770 3192 ab
796 3134 993 3192 effectu
1025 3156 1039 3189 :
1085 3138 1434 3209 Augustinus
1475 3137 1683 3209 inquit,
1715 3136 1844 3192 dari
1873 3154 1904 3194 a

550 3217 662 3271 Deo
693 3215 940 3287 gratiam
960 3213 1258 3279 efficacem,
1287 3220 1346 3269 ut
1364 3220 1633 3288 sequatur
1652 3215 1899 3275 effectus

548 3296 767 3353 Molina
814 3301 1091 3360 autumat,
1141 3312 1271 3351 cum
1310 3296 1562 3369 quolibet
1606 3297 1826 3354 auxilio
1872 3314 1905 3355 a

522 3379 662 3433 ,Deo
687 3382 914 3432 causato
960 3390 1121 3448 posse
1162 3378 1433 3452 conjungi
1480 3376 1822 3444 dissensum,
1850 3385 1904 3437 et

549 3457 932 3515 resistentiam
952 3480 964 3514 :
990 3462 1047 3515 at
1067 3461 1415 3532 Augustinus
1435 3458 1593 3516 docet
1616 3461 1901 3517 auxilium

544 3537 741 3596 efficax
766 3555 887 3597 esse
933 3544 1064 3611 tale,
1113 3548 1173 3598 ut
1218 3558 1345 3598 cum
1387 3556 1454 3597 eo
1483 3541 1746 3598 homines
1783 3559 1900 3599 non

547 3619 656 3675 nisi
685 3630 1112 3693 perseverantes
1138 3623 1272 3678 sint.
1306 3623 1521 3680 Molina
1536 3623 1899 3696 censet‚quod

542 3701 727 3772 gratia
768 3701 1130 3775 inquantum
1176 3701 1387 3771 efficax,
1431 3719 1546 3759 non
1570 3702 1702 3758 facit
1724 3709 1783 3759 ut
1811 3704 1899 3760 fa-

542 3781 776 3849 ciamus,
822 3782 918 3839 sed
951 3785 1136 3856 potius
1157 3782 1228 3839 ab
1249 3782 1478 3856 eoquod
1508 3783 1762 3850 facimus,
1795 3783 1899 3842 de-

544 3863 879 3919 nominetur
906 3864 1136 3923 efficax:
1186 3866 1535 3939 Augustinus
1562 3872 1750 3923 autem
1777 3872 1898 3923 sta-

546 3941 652 3995 tuit
691 3943 939 3999 conl'erri
993 3945 1156 4002 nobis
1181 3944 1396 4002 donum
1427 3945 1617 4002 efficax
1640 3961 1897 4018 perseve-

546 4023 766 4087 rantiae‚
817 4031 878 4079 ut
934 4024 1101 4082 faciat
1130 4042 1233 4082 nos
1282 4026 1451 4091 velle,
1498 4031 1558 4080 ut
1598 4025 1765 4082 faciat
1793 4042 1895 4083 nos

541 4107 1177 4175 perseverare.·Molina
1206 4107 1431 4162 nullum
1456 4105 1705 4162 admittit
1732 4108 1895 4163 auxi-

541 4185 686 4240 lium
734 4185 949 4249 efficax,
991 4187 1141 4260 quod
1197 4186 1597 4244 antecedenter
1651 4185 1721 4243 ad
1771 4203 1895 4245 coo·

537 4267 894 4337 perationem
943 4267 1112 4325 liberi
1160 4266 1387 4323 arbitrii
1441 4266 1590 4323 dicat
1627 4268 1890 4325 ordinem

536 4345 872 4403 infallibilis
909 4347 1286 4405 connexionis
1331 4345 1403 4403 ad
1443 4346 1608 4402 illam
1642 4368 1655 4402 ε
1686 4353 1744 4404 at
1768 4351 1891 4405 Au-

533 4427 798 4497 gustinus
825 4427 1071 4484 adstruit
1111 4427 1458 4499 adjutorium
1494 4426 1687 4483 efficax
1739 4446 1890 4501 prae-

533 4502 831 4563 destinatis
879 4508 1148 4565 collatum
1175 4507 1486 4579 importare
1513 4508 1887 4567 infallibilem

530 4585 796 4644 ordinem
840 4588 911 4646 ad
930 4589 1194 4647 effectum
1239 4590 1649 4656 conversionis,
1674 4597 1730 4648 et
1753 4609 1887 4664 per·-

529 4668 890 4734 severantiae,
917 4676 977 4725 ut
1015 4672 1153 4728 satis
1173 4670 1507 4743 exprimunt
1533 4671 1634 4728 illa
1663 4673 1841 4731 verba
1868 4698 1882 4733 ε

542 4752 738 4807 Verum
756 4751 923 4804 etiam
950 4759 1187 4820 tantum,
1211 4771 1278 4809 ac
1298 4751 1404 4807 tale
1428 4754 1519 4820 sit,
1552 4759 1611 4808 ut
1633 4753 1886 4824 velimus,-

525 4840 581 4891 et
609 4834 713 4890 illa
748 4850 760 4884 ε
802 4828 997 4888 Verum
1015 4837 1202 4900 etiam,
1233 4844 1294 4891 ut
1310 4852 1409 4907 per
1428 4835 1527 4891 hoc
1544 4835 1747 4891 donum
1770 4856 1880 4898 non

524 4917 637 4970 nisi
650 4922 1051 4985 perseverantes
1072 4919 1201 4971 sint.
1229 4917 1449 4975 Melina
1469 4918 1716 4993 denique
1746 4922 1882 4976 nul-

525 4999 641 5054 lam
705 4995 956 5053 concedit
1013 4996 1399 5058 differentiam
1466 5002 1617 5060 inter
1659 5005 1877 5062 auxilia
1939 5031 1951 5050 ·

2055 548 2317 616 efficacia,
2338 554 2393 606 et
2414 547 2742 615 inefficacia,
2761 554 2822 605 ut
2852 547 3171 620 praecedunt
3195 563 3400 621 opera-

2056 630 2274 687 tionem
2304 653 2318 696 ,
2351 645 2452 687 nec
2480 645 2582 702 pro
2603 629 2707 686 illo
2742 629 2921 702 priori
2954 629 3133 686 ullam
3151 628 3411 686 attribuit

2056 712 2455 769 excellentiam
2481 710 2699 769 auxilio
2739 710 2965 777 efficaci,
2987 710 3050 768 in
3077 727 3186 782 qua
3215 708 3406 766 ineffi-

2055 792 2170 850 caci
2196 792 2567 867 praeemineat
2591 814 2605 848 :
2629 794 2979 868 Augustinus
3007 808 3144 849 vero
3167 791 3404 865 praedic-

2057 877 2173 929 tam
2240 872 2649 940 differentiam,
2699 879 2755 931 et
2798 873 3178 931 eminentiam
3241 874 3410 930 unius

2057 970 2174 1028 prae
2195 954 2329 1021 alio,
2376 962 2436 1011 ut
2477 954 2815 1013 antecedunt
2855 955 3262 1028 operationem,
3305 960 3411 1011 sta-

2058 1037 2166 1092 tuit
2196 1058 2209 1092 :
2236 1037 2378 1093 alias
2407 1053 2523 1095 non
2545 1037 2758 1094 diceret
2776 1038 3058 1095 auxilium
3086 1036 3281 1094 efficax
3306 1054 3410 1093 esse

2056 1124 2293 1184 tantum,
2320 1136 2385 1173 ac
2408 1119 2536 1184 tale,
2566 1124 2621 1175 et
2650 1123 2806 1175 tanto
2846 1117 3114 1191 amplius,
3143 1122 3199 1175 et
3226 1118 3409 1191 majo-

2053 1213 2180 1275 rem
2227 1200 2494 1274 gratiam,
2530 1205 2593 1256 ut
2620 1215 2735 1256 non
2761 1200 2947 1257 solum
2975 1215 3104 1255 cum
3134 1215 3202 1256 eo
3230 1201 3409 1273 possi·

2055 1296 2186 1337 mus
2230 1282 2395 1346 velle,
2423 1297 2626 1340 verum
2671 1282 2845 1340 etiam
2877 1287 2937 1337 ut
2964 1297 3030 1338 eo
3059 1282 3240 1354 posito
3263 1283 3407 1338 veli—

2055 1376 2223 1428 mus;
2260 1361 2359 1417 sed
2406 1360 2638 1418 deberet
2676 1361 2863 1419 dicere
2896 1383 2909 1417 ι
2939 1359 3089 1433 Quia
3133 1361 3401 1425 volumus,

2051 1447 2101 1495 et
2127 1444 2509 1507 consentimus,
2538 1443 2821 1498 auan'lium
2848 1442 2990 1520 quod
3008 1460 3117 1497 non
3142 1450 3262 1497 erat
3284 1460 3406 1496 ma-

2042 1524 2158 1593 jus,
2183 1528 2246 1593 fit
2272 1523 2456 1594 majus
2475 1523 2697 1586 donum,
2733 1529 2782 1577 et
2816 1524 2994 1593 major
3010 1525 3220 1592 qratia.
3264 1524 3408 1579 Sen-

2054 1603 2233 1659 tentia
2254 1603 2429 1677 igitur
2443 1606 2678 1662 Molinae
2696 1604 2956 1668 dicentis,
2993 1604 3243 1679 gratiam
3270 1603 3403 1668 dici,

2052 1686 2108 1737 et
2132 1697 2252 1738 esse
2271 1682 2547 1741 efficacem
2576 1682 2647 1740 ab
2667 1682 2887 1749 effectu,
2917 1689 2973 1740 et
3020 1684 3170 1740 nihil
3194 1682 3406 1740 habere

2053 1762 2451 1820 antecedenter.
2502 1763 2569 1821 ad
2600 1764 2788 1830 illum,
2820 1780 2920 1837 per
2945 1762 3096 1836 quod
3137 1780 3169 1820 a
3222 1763 3408 1838 gratia

2051 1843 2322 1900 inefficaci
2344 1844 2747 1919 distinguatur,
2773 1851 2858 1902 est
2882 1843 3094 1902 directe
3114 1846 3406 1903 contraria

2053 1925 2117 1980 D.
2143 1925 2479 1999 Augustino,
2510 1930 2566 1982 et
2583 1941 2682 1999 per
2701 1941 3052 1998 consequens
3067 1924 3401 1998 rejicienda.

2121 2008 2178 2062 7.
2222 2004 2609 2063 Confirmatur
2643 2007 2852 2080 prime,
2883 2007 3017 2078 quia
3050 2006 3407 2064 conditiones
3443 2020 3570 2076 nanim

2047 2086 2247 2158 gratiae
2280 2087 2517 2144 efficacis
2562 2093 2789 2145 assertae
2817 2089 2887 2145 ab
2924 2089 3243 2162 Augustino
3269 2095 3407 2145 sunt
3440 2069 3572 2161 ζῖζᾞῖ

2048 2164 2259 2225 directe
2296 2168 2596 2225 contrariae
2621 2168 3066 2235 conditionibus,
3110 2186 3251 2241 quas
3279 2170 3586 2245 Mo-cnstmqs

2050 2246 2169 2302 lina
2192 2248 2441 2323 assignat
2461 2248 2741 2321 praedictae
2764 2250 2961 2324 gratim
2991 2270 3003 2304 :
3046 2247 3406 2307 conditiones
3435 2228 3556 2310 ”33:1¹1
3585 2322 3586 2329 ἵ

2049 2341 2186 2384 vero
2219 2344 2251 2384 a
2277 2329 2496 2385 Molina
2519 2334 2740 2385 statutae
2770 2334 2905 2385 sunt
2930 2329 3173 2385 omnino
3199 2345 3406 2386 conso-
3430 2327 3586 2410 ξ’ξζζζῑ,

2048 2422 2135 2462 nae
2159 2407 2600 2481 conditionibus,
2624 2425 2763 2482 quas
2789 2410 3234 2483 Semipelagiani
3255 2426 3404 2482 prae-
3418 2408 3586 2474 eclesia?

2044 2486 2208 2543 dictae
2228 2489 2426 2563 gratiae
2453 2488 2779 2547 tribuerunt
2811 2514 2824 2557 ;
2872 2506 3008 2565 ergo
3043 2489 3242 2563 opinio
3271 2475 3582 2558 Μο-ωἷιὲἷῗ

2047 2569 2179 2626 linae
2205 2572 2353 2627 circa
2373 2571 2675 2628 efficaciam
2696 2571 2895 2646 gratiae
2912 2588 3027 2627 non
3050 2578 3133 2629 est
3152 2587 3405 2629 consona

2044 2650 2318 2710 doctrinae
2362 2654 2666 2729 Augustini
2713 2653 2784 2709 ab
2829 2655 3076 2712 Ecclesia
3105 2653 3353 2711 laudatae
3382 2678 3397 2721 ;

2041 2730 2139 2787 sed
2193 2733 2420 2791 videtur
2447 2735 2628 2809 magis
2672 2734 2986 2791 conformis
3029 2733 3283 2807 dogmati
3312 2736 3405 2791 Se·

2043 2812 2562 2889 mipelagianorum
2626 2813 2698 2870 ab
2743 2814 2991 2871 Ecclesia
3057 2814 3400 2889 proscripto.

2040 2891 2392 2950 Antecedens
2447 2893 2632 2966 quoad
2687 2895 2937 2967 primam
2985 2901 3205 2967 partem
3258 2896 3402 2952 satis
3587 2883 3588 2944 l

2039 2980 2258 3032 constat
2282 2991 2354 3033 ex
2374 2975 2557 3042 dictis,
2609 2975 2706 3033 sed
2734 2974 3059 3033 evidentius
3083 2976 3270 3033 adhuc
3300 2993 3401 3034 os-
3587 2961 3588 3038 f

2040 3054 2294 3111 tenditur
2336 3071 2407 3112 ex
2433 3056 2507 3111 iis
2543 3073 2668 3129 quae
2720 3059 2784 3114 D.
2835 3060 3069 3132 August.
3102 3055 3259 3113 addit
3291 3057 3400 3114 illo
3440 3060 3588 3126 ⁰⁴4⁸*

2036 3152 2157 3208 cap.
2192 3138 2256 3191 12
2281 3157 2294 3191 :
2348 3135 2417 3194 Si
2438 3139 2497 3193 in
2517 3146 2695 3205 tanta,
2722 3138 2932 3212 inquit,
2957 3141 3281 3211 infirmitate
3303 3142 3400 3196 vi·
3411 3116 3588 3160 smum

2037 3222 2100 3271 tta
2122 3216 2289 3288 hujus
2315 3218 2449 3289 ipsis
2486 3220 2884 3297 relinqueretur
2904 3219 3157 3275 voluntas
3178 3237 3304 3283 sua,
3333 3229 3395 3275 ut

2038 3298 2096 3351 in
2110 3298 2387 3368 adjutorio
2419 3297 2520 3355 Dei
2539 3303 2770 3374 (nempe
2782 3301 3101 3368 sufficienti,
3125 3306 3182 3357 et
3205 3301 3398 3359 indit-

2037 3375 2267 3449 ferenti)
2286 3380 2403 3434 εἰπε
2424 3397 2527 3456 quo
2542 3398 2888 3454 perseverare
2908 3399 3016 3437 non
3034 3389 3399 3455 possentmia-

2035 3469 2240 3528 nerent,
2265 3464 2316 3516 si
2337 3463 2547 3529 vellent,
2580 3480 2673 3518 nec
2701 3462 2843 3531 Deus
2869 3466 2930 3518 in
2948 3467 3027 3519 eis
3050 3473 3390 3536 operaretur,

2032 3548 2093 3595 ut
2129 3543 2321 3598 vellent
2345 3559 2364 3608 ,·
2408 3544 2550 3600 iuter
2591 3552 2686 3612 tot,
2734 3555 2783 3601 et
2831 3552 3019 3601 tantas
3068 3548 3398 3604 tenta-tiones

2033 3621 2359 3687 infirmitate
2389 3641 2493 3679 sua
2539 3626 2795 3682 voluntas
2846 3628 2966 3700 ipsa
2998 3627 3390 3684 succumbere1.

2033 3700 2100 3757 Et
2125 3704 2317 3759 statim
2359 3725 2372 3759 :
2411 3703 2750 3763 Subventum
2794 3715 2870 3762 est
2915 3723 3039 3777 erqo
3069 3710 3394 3780 infirmitati

2030 3784 2333 3839 voluntatis
2355 3785 2626 3854 humanat,
2657 3795 2717 3842 ut
2735 3788 2930 3842 diuina
2947 3791 3135 3858 qratia
3164 3788 3395 3844 indecli-

2030 3864 2306 3929 nabiliter,
2335 3872 2384 3919 ct
2415 3866 2854 3938 inseparabiliter
2878 3875 3126 3940 aye-retur
3153 3888 3170 3930 ,·
3196 3875 3244 3922 et
3267 3870 3393 3924 ideo

2027 3949 2282 4022 quamvis
2310 3948 2553 4020 infirma,
2572 3965 2680 4003 non
2699 3950 2959 4020 deficeret,
2991 3966 3157 4024 neque
3179 3949 3393 4005 aduer-

2026 4028 2188 4082 sitate
2232 4028 2425 4106 aliqua
2453 4031 2778 4086 vinceretur.
2823 4033 2891 4085 Et
2914 4031 3069 4087 infra
3102 4051 3115 4086 ε
3163 4028 3392 4088 Fortis-

2024 4107 2163 4176 simo
2189 4110 2403 4185 quippe,
2430 4125 2637 4182 nempe
2664 4109 2899 4179 Adamo,
2925 4113 3017 4167 cui
3036 4111 3180 4167 dedit
3206 4115 3394 4167 auvi-

2025 4185 2163 4242 lium
2182 4190 2474 4262 sufficiam,
2499 4190 2730 4254 dimisit,
2751 4197 2912 4267 atque
2937 4193 3182 4261 permisit
3205 4193 3393 4259 facere

2023 4269 2166 4345 quod
2192 4271 2344 4326 vellet
2364 4291 2382 4325 .·
2406 4274 2661 4344 infirmi-3,
2695 4271 2978 4328 nimirum
3002 4272 3388 4345 praedestina—

2024 4351 2113 4419 tis,
2146 4353 2559 4429 quibusconscrt
2586 4354 2872 4410 auxilium
2897 4357 3111 4429 efficax,
3135 4361 3386 4414 servavit

2021 4441 2083 4491 ut
2103 4436 2218 4506 ipso
2244 4435 2494 4505 donante,
2515 4438 2868 4492 invictissime
2895 4437 3039 4513 quod
3057 4438 3252 4495 bonum
3272 4453 3378 4508 est,

2019 4515 2218 4574 vellent
2233 4534 2253 4584 ,·
2277 4534 2371 4572 nec
2391 4518 2488 4574 hoc
2507 4519 2740 4574 deserere
2766 4518 3123 4576 invictissime
3149 4522 3374 4582 nollent.

2020 4603 2107 4658 En
2132 4599 2380 4672 qualiter
2400 4598 2749 4673 Augustinus
2776 4614 2895 4656 non
2941 4599 3154 4657 reducit
3182 4601 3379 4660 effica-

2016 4682 2166 4739 ciam
2183 4679 2384 4755 gratiae
2399 4678 2469 4736 ad
2483 4678 2743 4736 effectum
2768 4695 2870 4751 pro
2886 4681 3196 4738 voluntatis
3224 4688 3372 4742 nutu

2014 4762 2443 4834 subsequutum,
2505 4766 2562 4817 et
2606 4777 2640 4818 a
2682 4762 2803 4819 sola
2839 4762 3023 4836 gratia
3068 4763 3374 4826 sufficienti

2013 4851 2203 4904 ortum
2231 4869 2245 4912 3
2268 4843 2365 4902 sed
2389 4844 2574 4917 potius
2594 4844 2796 4901 asserit
2818 4845 3065 4918 gratiam
3086 4846 3369 4907 efficacem

2011 4926 2530 4993 indeclinabiliter,
2585 4933 2642 4984 et
2688 4926 3151 5000 inseparabiliter
3198 4946 3369 5005 agere

2013 5010 2386 5075 voluntatem,
2431 5015 2493 5068 ut
2545 5010 2923 5068 invictissime
2970 5013 3107 5069 velit
3135 5037 3146 5066 :
3196 5019 3366 5086 atque

3236 5094 3373 5154 ideo
