3647 5753
1349 425 1524 500 msP.
1567 424 1689 490 vn,
1735 425 1899 482 nun.
1944 426 2011 482 11.
3021 426 3105 479 :rs

223 594 557 663 obscurum,
584 606 640 655 et
665 599 738 656 ob
758 600 850 654 sui
879 598 1291 657 inevidentiam
1316 611 1432 654 non
1453 610 1594 652 eon·

228 675 414 731 vincat
437 678 820 744 intellectum,
850 695 950 736 nec
976 678 1046 735 ad
1069 693 1369 735 assensum
1398 692 1594 733 neces-

222 756 371 822 sitet,
406 765 633 831 oportet
657 760 809 833 quod
839 761 933 818 hic
968 761 1216 817 defectus
1261 759 1594 833 suppleatur

227 852 325 908 per
351 838 802 910 applicationem
848 841 1173 906 voluntatiS,
1205 856 1328 912 quse
1354 839 1442 912 pie
1469 838 1595 895 affi-

224 918 408 973 ciatur
436 917 509 974 ad
550 920 769 992 objecta
813 924 1077 979 revelata.
1129 920 1290 977 Unde
1317 919 1398 986 fit,
1443 917 1592 992 quod

225 1002 490 1070 quamvis
531 1003 812 1076 mysteria
850 1002 1132 1060 credenda
1172 1002 1345 1058 alicui
1383 1017 1595 1074 propo-

229 1088 441 1139 nantur
485 1085 578 1140 vel
609 1099 710 1156 per
756 1093 1057 1143 externam
1105 1084 1588 1157 praedicationem,

230 1162 318 1219 vel
339 1180 439 1236 per
467 1164 767 1222 internam
796 1166 1258 1239 inspirationem,
1286 1165 1595 1222 nihilomi-

229 1259 335 1299 nus
351 1260 450 1301 nec
470 1245 685 1312 credet,
720 1262 823 1303 nec
839 1248 1046 1320 poterit
1063 1248 1326 1320 proxime
1339 1245 1590 1314 credere,

229 1324 340 1380 nisi
359 1326 629 1383 voluntas
643 1327 718 1383 sit
732 1327 930 1384 allecta
948 1327 1018 1384 ad
1034 1328 1249 1402 objecta
1271 1326 1592 1384 credibilia.

231 1407 318 1462 Fit
329 1408 526 1473 etiam,
547 1407 621 1464 ad
643 1424 940 1465 assensum
959 1408 1116 1466 Fidei
1137 1408 1596 1481 supernaturalis

226 1501 344 1541 aese
383 1487 776 1543 necessarium
817 1488 1105 1544 auxilium
1154 1488 1595 1560 supernaturale

223 1582 292 1621 ex
317 1574 476 1637 parte
498 1567 833 1633 voluntatis,
859 1584 1031 1640 quam
1056 1569 1212 1639 piam
1237 1568 1595 1625 allectionem

228 1661 517 1701 vocamus,
563 1649 749 1704 Porro
788 1648 889 1704 hoc
916 1648 1205 1704 auxilium
1232 1648 1442 1721 duplex
1469 1654 1553 1703 est
1580 1668 1592 1701 ε

226 1726 380 1783 aliud
439 1728 751 1795 sufficiens,
826 1729 975 1801 quod
1029 1736 1256 1802 praestat
1312 1729 1595 1787 voluntati

229 1825 384 1880 posse
422 1810 719 1883 imperare
758 1816 946 1866 actum
987 1810 1275 1880 credendi,
1311 1811 1460 1884 quod
1490 1826 1597 1866 au-

228 1889 433 1944 xilium
455 1893 607 1945 solet
635 1891 987 1963 Augustinus
1034 1892 1327 1962 appellare
1363 1892 1596 1947 delecta-

230 1973 419 2025 tionem
439 1992 457 2024 .·
493 1972 657 2027 aliud
679 1972 891 2040 efficax,
919 1973 1067 2045 quod
1098 1978 1343 2045 praestat,
1397 1979 1455 2028 ut
1501 1975 1597 2030 in-

234 2052 558 2109 fallibiliter
584 2054 848 2126 imperet,
875 2062 929 2110 et
953 2054 1195 2126 applicet
1242 2056 1595 2111 intellectum

110 2133 299 2237 &1in
362 2134 740 2199 credendum,
803 2135 953 2207 quod
1023 2137 1376 2210 Augustinus
1417 2143 1592 2203 vocat,

234 2217 514 2280 invictam,
539 2222 590 2269 et
619 2216 957 2270 invictricem
979 2216 1405 2273 delectationem.
1429 2215 1595 2272 Unde

235 2299 290 2349 in
318 2295 410 2351 tib.
441 2298 504 2349 de
531 2298 760 2368 spiritu,
811 2306 859 2351 et
890 2298 1074 2352 littera
1115 2316 1236 2370 cap.
1268 2299 1322 2357 3.
1370 2299 1555 2371 inquit
1581 2320 1594 2353 :

241 2403 264 2429 u
288 2382 426 2433 Cum
452 2378 527 2443 id,
553 2377 710 2450 quod
738 2377 1042 2451 agendum,
1075 2387 1130 2435 et
1150 2396 1262 2453 quo
1292 2379 1596 2437 nitendum

239 2484 262 2510 «
291 2467 392 2525 est,
442 2462 684 2532 coeperit
713 2475 829 2516 non
856 2463 1049 2526 latere,
1079 2462 1189 2517 nisi
1210 2462 1387 2518 etiam
1411 2462 1598 2519 delec-

240 2566 264 2595 α
292 2548 382 2607 tet,
402 2547 457 2598 et
478 2547 730 2605 ametur,
754 2557 871 2598 non
894 2542 1100 2616 agitur,
1124 2558 1240 2598 non
1262 2543 1591 2615 suscipitur,

241 2646 264 2673 «ι
293 2640 403 2681 non
453 2623 608 2679 bene
651 2623 889 2679 vivitur.
952 2626 1020 2678 [t
1064 2631 1256 2680 autem
1297 2625 1591 2699 diligatur,

242 2727 264 2754 ιι
291 2705 535 2760 charitas
588 2704 691 2760 Dei
719 2702 1065 2759 diffunditur
1095 2705 1156 2759 in
1179 2703 1446 2761 cordibus
1461 2723 1597 2763 nos-

241 2808 263 2835 «
293 2786 411 2851 tri5‚
452 2799 574 2840 non
615 2799 714 2856 per
762 2784 1012 2840 liberum
1066 2783 1395 2851 arbitrium,
1447 2787 1596 2860 quod

241 2892 263 2916 u
288 2868 464 2942 surgit
492 2884 566 2923 ex
615 2865 797 2931 nobiS,
832 2866 930 2924 sed
972 2885 1071 2939 per
1125 2868 1408 2940 Spiritum
1430 2887 1597 2927 sanc-

239 2972 262 2998 a
293 2955 410 3004 tum
438 2948 537 3020 qui
568 2946 738 3002 datus
757 2954 842 3002 est
868 2947 1051 3004 nobis,
1083 2969 1108 2999 1>
1173 2947 1278 3004 Ubi
1299 2950 1597 3007 charitatis

236 3030 463 3084 nomine
494 3042 617 3083 non
666 3027 942 3101 intelligit
967 3027 1228 3083 habitum
1275 3030 1590 3098 charitatis,

232 3109 322 3165 sed
350 3110 642 3166 auxilium
669 3110 1110 3180 supernaturale
1137 3112 1208 3166 ad
1240 3112 1595 3168 voluntatem

231 3195 501 3262 spectans,
547 3189 703 3261 quod
745 3190 1073 3263 frequenter
1112 3192 1450 3249 charitatem
1491 3209 1597 3266 ap-

233 3271 413 3340 pellat,
444 3277 503 3324 ut
531 3270 633 3324 lib.
675 3271 718 3332 l,
766 3277 956 3324 contra
1007 3270 1318 3337 lulianum,
1347 3289 1469 3344 cap.
1507 3275 1589 3341 11,

229 3358 276 3406 et
317 3352 409 3408 lib.
465 3354 528 3406 de
573 3353 765 3420 qratia
816 3351 1046 3420 Christi,
1105 3369 1224 3426 cap.
1260 3355 1324 3409 13
1350 3360 1397 3407 e!
1427 3355 1517 3420 35,
1540 3360 1596 3411 et

232 3434 361 3488 alibi
390 3449 556 3506 saepe.

299 3508 534 3572 Quando
575 3521 715 3579 ergo
739 3507 796 3561 S.
824 3508 1024 3562 Doctor
1051 3509 1276 3575 asserit,
1319 3507 1594 3581 quosdam

232 3591 487 3645 assentiri
518 3588 805 3644 vocationi
836 3586 904 3643 ad
936 3587 1130 3655 fidem,
1158 3591 1292 3662 quia
1319 3597 1593 3648 vocantur

231 3684 294 3725 eo
319 3669 504 3735 mod0‚
534 3683 651 3742 quo
679 3673 874 3740 aptum
917 3676 1001 3724 est
1039 3671 1145 3737 eiS,
1180 3677 1238 3726 ut
1281 3679 1593 3744 sequantur

235 3750 608 3814 vocationem,
658 3749 748 3803 vel
788 3750 923 3821 quia
980 3751 1264 3807 vocationi
1308 3752 1593 3825 capiendae

239 3832 595 3902 reperiuntur
619 3828 844 3897 idonei3
874 3832 1069 3887 sicute
1109 3848 1384 3890 converso
1421 3851 1593 3908 quos-

237 3909 357 3967 dam
381 3927 495 3968 non
518 3911 809 3974 assentiri,
854 3912 951 3982 qui
983 3928 1098 3967 non
1125 3920 1465 3987 congruunt,
1499 3917 1592 3972 vel

235 3996 729 4063 contemperantur
747 3991 1306 4056 vocationi,minime
1321 3995 1585 4062 intendit,

234 4071 370 4143 quod
386 4072 805 4145 attemperatiO,
837 4074 1186 4146 congruitas,
1219 4077 1308 4132 vel
1334 4077 1592 4148 aptitudo

235 4154 489 4210 consistat
510 4155 574 4209 in
598 4154 791 4225 aliqua
820 4155 1073 4210 naturali
1113 4154 1486 4228 dispositione
1516 4160 1592 4214 li-

238 4229 348 4288 beri
376 4233 627 4300 arbitrii,
656 4235 749 4289 vel
771 4234 835 4288 in
864 4234 1056 4306 aliquo
1080 4234 1229 4307 quod
1260 4253 1375 4294 non
1403 4239 1476 4294 sit
1502 4239 1579 4295 ef-

238 4313 399 4369 tectus
422 4316 626 4388 gratiae
669 4317 1159 4386 supernaturalis;
1212 4317 1309 4372 sed
1365 4324 1588 4375 tantum

238 4392 442 4461 intulit,
468 4396 851 4452 necessariam
878 4411 998 4451 esse
1050 4399 1588 4469 attemperationem

239 4476 555 4541 voluntatis,
587 4491 700 4548 qua
726 4476 867 4532 velit
892 4478 1249 4534 vocationem
1275 4480 1544 4551 amplecti
1573 4502 1585 4536 ε

235 4571 352 4627 quae
378 4557 774 4630 attemperatio
789 4556 852 4612 fit
872 4574 971 4630 per
987 4560 1202 4616 auxilia
1225 4560 1582 4629 sufficientia,

237 4639 536 4697 eteilicacia
547 4638 770 4696 ordinis
790 4644 1265 4713 supernaturalis
1295 4645 1414 4699 lllis
1429 4660 1582 4719 erge,

237 4736 365 4792 quos
389 4725 530 4779 Deus
555 4721 853 4780 efficaciter
882 4724 1175 4780 voluntate
1219 4728 1586 4798 consequenti

238 4803 353 4856 vult
371 4803 616 4869 credere,
636 4802 857 4860 confert
879 4805 1147 4875 praedicta
1162 4807 1399 4872 auxilia,
1421 4812 1588 4881 atque

241 4880 358 4938 ideo
377 4898 469 4939 eos
494 4890 657 4940 vocat
684 4884 791 4939 illo
811 4883 996 4952 modo,
1029 4902 1140 4958 quo
1168 4892 1467 4943 vocantem
1494 4903 1587 4944 se-

238 4966 491 5031 quantur,
517 4977 727 5036 eosque
753 4962 991 5033 preinde
1028 4963 1214 5022 reddit
1240 4970 1417 5038 aptos,
1448 4982 1586 5023 con-

238 5054 416 5111 grues,
447 5048 500 5099 et
528 5047 928 5113 attemperatos
958 5043 1238 5116 praedictae
1275 5044 1581 5103 vocationi.

1731 602 1830 657 Eis
1852 606 2064 670 autem,
2084 618 2224 675 quos
2238 601 2532 659 voluntate
2551 605 2931 672 consequente
2973 615 3099 656 noni

1727 682 1854 738 vult
1904 680 2152 749 credere,
2183 681 2511 756 hujusmodi
2557 680 3100 752 attemperationem,

1727 760 1937 817 mediis
1960 762 2214 829 auxiliis,
2231 763 2434 819 saltem
2456 758 2790 826 efficacibus,
2812 775 2927 816 non
2945 775 3094 816 com-

1726 842 1986 897 municat
2017 847 2113 899 :et
2135 841 2264 899 ideo
2291 841 2421 898 licet
2447 857 2544 897 eos
2581 845 2759 907 vocet,
2787 837 3093 895 nihilomi-

1728 935 1838 976 nus
1861 936 1976 977 non
1997 926 2159 978 vocat
2183 937 2250 978 eo
2271 920 2459 985 mod0‚
2485 919 2582 992 qui
2612 924 2774 992 aptus
2800 923 2947 974 esset
2984 916 3086 983 eis,

1728 1002 2206 1074 utjsequerentur:
2225 1001 2597 1075 quamobrem
2616 1016 2732 1056 non
2744 1003 3085 1073 congruunt,

1727 1098 1832 1139 nec
1852 1087 2309 1155 attemperantur
2337 1080 2640 1138 vocationi.

1800 1164 1893 1218 52.
1939 1164 2008 1216 Et
2052 1162 2199 1235 quod
2251 1163 2369 1219 haec
2412 1163 2488 1218 sit
2533 1159 2768 1234 propria
2814 1172 2977 1213 mens
3028 1157 3081 1212 S.

1736 1504 1760 1535 α
1804 1483 1981 1555 pitur‚
2010 1489 2071 1539 ut
2090 1483 2406 1544 credamus.
2433 1489 2495 1539 ut
2520 1482 2671 1539 dono
2715 1484 2938 1550 accepto
2958 1479 3090 1550 Spi-

1735 1586 1760 1617 «
1805 1565 1949 1620 ritus
1982 1565 2181 1632 sancti,
2199 1581 2299 1638 per
2320 1563 2685 1621 dilectionem
2705 1560 2850 1617 bene
2865 1559 3089 1636 operari

1736 1672 1761 1703 α
1806 1648 2109 1721 possimus.
2139 1647 2244 1703 Sed
2271 1648 2399 1720 quis
2417 1651 2594 1719 potest
2620 1643 2850 1701 credere
2875 1641 2968 1715 (de
2990 1642 3095 1697 hoc

1736 1753 1761 1785 «
1803 1735 1927 1787 erat
1954 1734 2068 1786 tota
2102 1729 2359 1802 quaestio)
2388 1728 2500 1786 nisi
2543 1728 2735 1800 aliqua
2778 1725 3089 1789 vocatione,

1737 1834 1762 1864 «
1805 1813 1910 1868 hoc
1936 1816 2036 1877 est,
2071 1812 2261 1883 aliqua
2293 1826 2487 1867 rerum
2525 1807 2918 1866 testificatione
2963 1812 3097 1862 tan-

1737 1917 1763 1947 «
1801 1894 2172 1969 gatur?Quis
2218 1892 2388 1950 habet
2416 1893 2477 1948 in
2502 1896 2791 1964 potestate,
2826 1888 2926 1945 tali
2974 1889 3098 1943 viso

1738 1996 1764 2028 «
1807 1974 2014 2047 attingi
2042 1976 2296 2029 mentem
2318 1988 2502 2038 suam,
2534 1987 2648 2044 quo
2681 1969 2803 2043 ejus
2830 1970 3096 2025 voluntas

1738 2077 1762 2106 «
1806 2058 2107 2109 moveatur
2137 2051 2205 2108 ad
2234 2051 2406 2108 sidem
2429 2054 2455 2107 Ρ
2482 2051 2619 2115 Quis
2667 2055 2856 2105 autem
2900 2047 3097 2103 animo

1738 2157 1763 2186 «
1807 2133 2176 2205 amplectitur
2212 2130 2451 2205 aliquid,
2477 2130 2626 2205 quod
2672 2145 2806 2186 eum
2831 2144 2950 2185 non
2994 2127 3097 2183 de-

1738 2234 1764 2265 «
1807 2214 1975 2269 lectat
1995 2216 2021 2267 ¹?
2051 2216 2162 2267 Aut
2181 2213 2309 2284 quis
2331 2210 2497 2268 habet
2528 2213 2880 2282 potestatem,
2914 2212 2978 2262 ut
3002 2208 3095 2263 vel

1738 2314 1764 2345 «
1806 2297 2079 2358 occurrat,
2110 2292 2259 2365 quod
2286 2308 2420 2348 eum
2469 2289 2748 2346 delectare
2771 2287 2978 2360 possit;
3002 2286 3095 2342 vel

1738 2395 1764 2425 «
1805 2371 2063 2438 delectet,
2090 2389 2220 2428 cum
2250 2372 2561 2429 occurrerit
2590 2373 2616 2425 Ρ
2662 2371 2803 2424 Cum
2831 2382 2967 2440 ergo
2993 2381 3097 2423 nos

1738 2477 1763 2505 «
1804 2469 1872 2510 ea
1888 2453 2185 2518 delectant,
2207 2452 2413 2526 quibus
2429 2450 2793 2525 proficiamus
2805 2447 2875 2503 ad
2892 2450 3090 2509 Deum,

1739 2559 1762 2587 «
1809 2536 2127 2608 inspiratur
2157 2534 2278 2603 hoc,
2328 2539 2384 2592 et
2423 2532 2707 2606 praebetur
2758 2530 2944 2604 gratia
2972 2528 3093 2587 Dei.

1739 2636 1763 2666 α
1808 2630 1924 2671 non
1956 2620 2095 2670 nutu
2128 2620 2340 2679 nostro,
2387 2619 2442 2670 et
2469 2610 2773 2676 industria,
2808 2615 2917 2683 ¹aut
2960 2622 3098 2679 ope-

1738 2716 1762 2747 «
1809 2711 1940 2750 rum
1964 2695 2189 2751 meritis
2210 2694 2384 2766 (idem
2428 2693 2686 2766 intellige
2711 2689 2782 2746 de
2813 2686 3097 2744 naturali-

1738 2797 1763 2829 «
1807 2774 1910 2831 bus
1939 2775 2153 2831 artitrii
2173 2772 2662 2847 dispositionibus)
2689 2773 3056 2841 comparatur
3083 2791 3096 2831 ;

1737 2880 1763 2911 «
1803 2857 1939 2930 quia
1969 2862 2028 2913 ut
2054 2857 2127 2913 sit
2156 2862 2327 2914 nutus
2356 2854 2683 2919 voluntatis„
2712 2856 2773 2908 ut
2792 2851 2867 2906 sit
2894 2847 3100 2905 indus-
3144 2913 3151 2920 ,

1738 2960 1762 2989 «
1806 2938 1918 2994 tria
1937 2938 2131 3004 studii,
2166 2944 2225 2994 ut
2252 2938 2558 3010 sintopera
2576 2934 2851 2992 charitate
2871 2930 3097 2987 ferven-

1738 3041 1762 3071 «
1806 3020 1908 3086 tia,
1933 3020 2034 3076 ille
2062 3017 2283 3085 tribuit,
2329 3019 2429 3074 ille
2456 3017 2716 3090 largitur.
2745 3035 2770 3064 »
2799 3014 2868 3067 Et
2890 3010 3045 3067 infra
3079 3034 3090 3065 :

1737 3122 1762 3152 α
1806 3099 1986 3173 Igitur
2015 3116 2131 3156 non
2158 3100 2423 3164 volentiS,
2451 3112 2632 3169 neque
2659 3091 2965 3157 currentis,
2995 3088 3094 3146 sed

1737 3203 1762 3233 «
1805 3181 2135 3237 miserentis
2180 3187 2264 3238 est
2310 3181 2408 3237 Dei
2439 3174 2945 3252 :quandoquidem
2993 3186 3096 3228 nec

1737 3284 1760 3314 α
1805 3262 1973 3327 velle,
1993 3278 2094 3319 nec
2120 3278 2369 3328 currere,
2389 3261 2502 3317 nisi
2529 3275 2596 3316 eo
2625 3262 2909 3320 movente,
2931 3259 3097 3326 atque

1736 3363 1761 3392 «
1803 3342 2083 3398 excitante
2105 3343 2441 3414 poterimus,
2469 3362 2494 3392 »
2523 3338 2739 3405 Quibus
2755 3334 2945 3392 verbis
2966 3350 3097 3390 om—

1732 3421 1831 3477 nia
1855 3427 2021 3478 antea
2042 3422 2190 3479 dicta
2217 3422 2288 3479 de
2315 3421 2686 3494 congruitate,
2712 3423 2767 3475 et
2814 3421 3095 3485 attempe-

1731 3503 1956 3560 ratione
1982 3521 2200 3572 eorum,
2225 3505 2321 3577 qui
2372 3510 2665 3566 vocantur,
2699 3498 2768 3555 ad
2816 3496 3093 3553 brevissi-

1729 3599 1887 3639 mam
1926 3586 2271 3641 sententiam
2305 3583 2550 3647 reduxit,
2605 3580 2871 3652 inquiens
2905 3598 2915 3631 :
2949 3574 3091 3632 Cum

1726 3682 1849 3733 εει-90
1894 3683 1990 3720 nos
2014 3683 2077 3720 ea
2110 3665 2389 3728 delectant,
2423 3663 2617 3740 quibus
2641 3661 2993 3733 proficiamus
3019 3655 3092 3708 ad

1726 3743 1923 3811 Deum,
1950 3750 2258 3818 inspiratur
2277 3749 2304 3802 Ιι
2313 3765 2392 3812 oc,
2406 3753 2454 3800 et
2464 3744 2734 3817 'pra-betur
2748 3741 2935 3810 ,qratia
2962 3735 3068 3792 Dei
3078 3779 3092 3791 .

1731 3829 1842 3886 Ubi
1872 3846 1988 3886 non
2017 3829 2204 3885 solum
2235 3835 2424 3885 actum
2450 3823 2745 3898 sequendi,
2776 3820 2874 3878 sed
2915 3820 3091 3877 etiam

1729 3911 2266 3985 attemperationem
2312 3907 2383 3965 ad
2430 3904 2782 3979 sequendum
2833 3918 3095 3959 necessa-

1731 3994 1900 4058 riam,
1923 4008 2044 4049 esse
2080 3990 2339 4049 effectum
2381 3988 2596 4045 divinae
2621 3986 2820 4068 gratia}
2861 3984 3088 4040 fatetur.

1727 4075 1955 4131 Similia
1978 4073 2137 4130 docet
2166 4076 2222 4128 in
2251 4073 2343 4129 lib.
2369 4071 2431 4126 de
2465 4069 2714 4142 proedest.
2743 4065 2851 4124 SS.
2885 4082 3005 4136 cup.
3032 4066 3087 4128 G,

1729 4155 1825 4211 ubi
1854 4154 2097 4212 eandem
2146 4155 2515 4227 quaestionem
2570 4155 2794 4208 versat:
2831 4171 2855 4201 «
2898 4149 3089 4212 Multi,

1732 4260 1757 4291 c<
1789 4238 1998 4310 inquit,
2024 4237 2267 4294 audiunt
2280 4236 2521 4293 verbum
2547 4232 2804 4290 veritatis
2829 4256 2842 4298 ;
2867 4230 2965 4287 sed
2988 4230 3090 4286 alii

1731 4341 1756 4371 «
1783 4318 2043 4386 credunt,
2097 4318 2198 4374 alii
2226 4316 2640 4375 contradicunt.
2693 4315 2907 4370 Volunt
2956 4327 3098 4384 ergo

1729 4421 1755 4451 «
1784 4400 1878 4455 isti
1901 4398 2149 4465 credere,
2202 4401 2408 4455 nolunt
2433 4402 2622 4455 autem
2656 4396 2763 4452 illi.
2809 4394 2947 4459 Quis
2988 4392 3092 4449 hoc

1728 4500 1753 4532 «
1785 4480 2055 4554 ignoret?
2080 4479 2210 4550 quis
2237 4478 2340 4535 hoc
2385 4479 2593 4552 neget?
2620 4474 2725 4532 Sed
2777 4491 2907 4530 cum
2956 4475 3089 4530 aliis

1727 4579 1753 4611 «
1785 4565 2159 4632 praeparetur,
2184 4558 2315 4614 aliis
2344 4574 2460 4615 non
2491 4559 2842 4630 praeparetur
2876 4556 3090 4611 volun-

1727 4666 1752 4696 «
1784 4647 1867 4697 tas
1909 4656 1941 4696 a
1970 4640 2232 4707 Domino,
2265 4637 2707 4695 discernendum
2736 4642 2822 4693 est
2867 4637 3081 4708 utique,

1726 4745 1751 4775 «
1781 4721 1916 4795 quid
1948 4722 2143 4777 veniat
2162 4718 2232 4776 de
2259 4717 2653 4776 misericordia
2678 4720 2818 4793 ejuS,
2852 4716 2991 4790 quid
3017 4716 3090 4774 de

1724 4826 1749 4856 «
1775 4801 2011 4878 J‘udicio.
2039 4823 2064 4854 »
2101 4800 2211 4856 Ubi
2239 4805 2435 4873 aperte
2461 4799 2735 4871 supponit
2762 4802 2940 4855 totam
2967 4796 3089 4855 dis-

1716 4886 2032 4943 cretionem
2054 4882 2336 4941 credentis
2376 4897 2406 4937 a
2435 4896 2552 4937 non
2604 4879 2870 4937 credente
2913 4878 3087 4935 redu-

1720 4965 1958 5024 cendam
1990 4963 2250 5037 proxime
2295 4976 2417 5018 esse
2444 4960 2512 5017 ad
2564 4959 2685 5027 hoc,
2740 4960 2890 5032 quod
2936 4975 3088 5014 unus

1722 5048 1850 5104 vult
1894 5045 2146 5112 credere,
2198 5044 2377 5100 altero
2436 5040 2700 5106 nolente;
2759 5039 3088 5096 radicaliter

3126 1152 3295 1195 Praeoe·

1727 1241 2000 1310 DoctoriS,
2025 1248 2242 1299 constat
2284 1258 2356 1299 ex
2396 1242 2518 1314 ipso
2562 1244 2716 1296 textu
2738 1262 2752 1304 ;
2777 1253 2911 1293 nam
2966 1200 3305 1308 ροεῐῖἔξίἱεηιέἷδ

1729 1320 1905 1378 verba
1923 1338 2049 1394 quae
2079 1321 2243 1380 nobis
2268 1321 2637 1396 objiciuntur,
2682 1318 2863 1392 magis
2899 1299 3291 1392 expli-‘'3⁰3⁶'’

1728 1419 1863 1460 cans
1888 1419 2052 1459 suam
2083 1404 2508 1469 resolutionem,
2549 1401 2735 1475 inquit
2766 1421 2779 1456 ε
2817 1422 2843 1451 «
2875 1398 3304 1499 praecff‘gffs‘ffiffs.
