<?xml version="1.0" encoding="UTF-8"?>
<!DOCTYPE html PUBLIC "-//W3C//DTD XHTML 1.0 Transitional//EN"
    "http://www.w3.org/TR/xhtml1/DTD/xhtml1-transitional.dtd">
<html xmlns="http://www.w3.org/1999/xhtml" xml:lang="en" lang="en">
 <head>
  <title>
</title>
<meta http-equiv="Content-Type" content="text/html;charset=utf-8" />
  <meta name='ocr-system' content='tesseract 3.04.00' />
  <meta name='ocr-capabilities' content='ocr_page ocr_carea ocr_par ocr_line ocrx_word'/>
</head>
<body>
  <div class='ocr_page' id='page_1' title='image "./collegiisalmant00carmgoog_0319.png"; bbox 0 0 3647 5753; ppageno 0'>
   <div class='ocr_carea' id='block_1_1' title="bbox 1487 334 3191 398">
    <p class='ocr_par' dir='ltr' id='par_1_1' title="bbox 1487 334 3191 398">
     <span class='ocr_line' id='line_1_1' title="bbox 1487 334 3191 398; baseline 0.002 -10"><span class='ocrx_word' id='word_1_1' title='bbox 1487 334 1819 398; x_wconf 88' lang='lat' dir='ltr'><strong>QUAESTIO</strong></span> <span class='ocrx_word' id='word_1_2' title='bbox 1860 335 2048 391; x_wconf 89' lang='lat' dir='ltr'><strong>CXIII.</strong></span> <span class='ocrx_word' id='word_1_3' title='bbox 2383 361 2385 364; x_wconf 48' lang='lat'><strong>⁴</strong></span> <span class='ocrx_word' id='word_1_4' title='bbox 3082 337 3191 392; x_wconf 81' lang='lat'><strong>297</strong></span> 
     </span>
    </p>
   </div>
   <div class='ocr_carea' id='block_1_2' title="bbox 1162 752 2403 856">
    <p class='ocr_par' dir='ltr' id='par_1_2' title="bbox 1162 752 2403 856">
     <span class='ocr_line' id='line_1_2' title="bbox 1162 752 2403 856; baseline -0.002 -14"><span class='ocrx_word' id='word_1_5' title='bbox 1162 752 1862 856; x_wconf 86' lang='lat' dir='ltr'>QUAESTIO</span> <span class='ocrx_word' id='word_1_6' title='bbox 1983 754 2403 842; x_wconf 89' lang='lat' dir='ltr'><strong>CXIII.</strong></span> 
     </span>
    </p>
   </div>
   <div class='ocr_carea' id='block_1_3' title="bbox 854 1051 2695 1139">
    <p class='ocr_par' dir='ltr' id='par_1_3' title="bbox 854 1051 2695 1139">
     <span class='ocr_line' id='line_1_3' title="bbox 854 1051 2695 1139; baseline 0.002 -22"><span class='ocrx_word' id='word_1_7' title='bbox 854 1052 958 1118; x_wconf 85' lang='lat' dir='ltr'><strong>De</strong></span> <span class='ocrx_word' id='word_1_8' title='bbox 992 1051 1359 1135; x_wconf 76' lang='lat' dir='ltr'><strong>effectibus</strong></span> <span class='ocrx_word' id='word_1_9' title='bbox 1378 1053 1666 1139; x_wconf 72' lang='lat' dir='ltr'><strong>qratiae,</strong></span> <span class='ocrx_word' id='word_1_10' title='bbox 1697 1052 1777 1118; x_wconf 85' lang='lat' dir='ltr'><strong>in</strong></span> <span class='ocrx_word' id='word_1_11' title='bbox 1804 1051 2043 1119; x_wconf 82' lang='lat' dir='ltr'><strong>decem</strong></span> <span class='ocrx_word' id='word_1_12' title='bbox 2073 1054 2412 1125; x_wconf 72' lang='lat' dir='ltr'><em>articulos</em></span> <span class='ocrx_word' id='word_1_13' title='bbox 2439 1054 2695 1122; x_wconf 82' lang='lat' dir='ltr'><strong>divisa.</strong></span> 
     </span>
    </p>
   </div>
   <div class='ocr_carea' id='block_1_4' title="bbox 348 1317 3195 1496">
    <p class='ocr_par' dir='ltr' id='par_1_4' title="bbox 348 1317 3195 1496">
     <span class='ocr_line' id='line_1_4' title="bbox 424 1317 3195 1396; baseline -0.001 -21"><span class='ocrx_word' id='word_1_14' title='bbox 424 1317 635 1375; x_wconf 76' lang='lat' dir='ltr'><strong>Deinde</strong></span> <span class='ocrx_word' id='word_1_15' title='bbox 658 1319 1114 1375; x_wconf 78' lang='lat' dir='ltr'><strong>considerandum</strong></span> <span class='ocrx_word' id='word_1_16' title='bbox 1154 1327 1231 1375; x_wconf 81' lang='lat' dir='ltr'><strong>est</strong></span> <span class='ocrx_word' id='word_1_17' title='bbox 1269 1319 1333 1374; x_wconf 83' lang='lat' dir='ltr'><strong>dc</strong></span> <span class='ocrx_word' id='word_1_18' title='bbox 1352 1319 1623 1393; x_wconf 74' lang='lat' dir='ltr'><strong>effectibus</strong></span> <span class='ocrx_word' id='word_1_19' title='bbox 1652 1319 1865 1391; x_wconf 66' lang='lat' dir='ltr'><strong>qratiae.</strong></span> <span class='ocrx_word' id='word_1_20' title='bbox 1887 1317 1966 1375; x_wconf 77' lang='lat' dir='ltr'><strong>Et</strong></span> <span class='ocrx_word' id='word_1_21' title='bbox 2000 1321 2184 1393; x_wconf 77' lang='lat' dir='ltr'><strong>primo</strong></span> <span class='ocrx_word' id='word_1_22' title='bbox 2228 1319 2292 1375; x_wconf 80' lang='lat' dir='ltr'><strong>de</strong></span> <span class='ocrx_word' id='word_1_23' title='bbox 2326 1319 2720 1391; x_wconf 76' lang='lat' dir='ltr'><strong>justificatione</strong></span> <span class='ocrx_word' id='word_1_24' title='bbox 2760 1321 2937 1393; x_wconf 82' lang='lat' dir='ltr'><strong>impii,</strong></span> <span class='ocrx_word' id='word_1_25' title='bbox 2966 1336 3078 1396; x_wconf 67' lang='lat' dir='ltr'><strong>quar</strong></span> <span class='ocrx_word' id='word_1_26' title='bbox 3121 1326 3195 1374; x_wconf 83' lang='lat' dir='ltr'><strong>est</strong></span> 
     </span>
     <span class='ocr_line' id='line_1_5' title="bbox 348 1414 3194 1496; baseline -0.001 -21"><span class='ocrx_word' id='word_1_27' title='bbox 348 1419 566 1492; x_wconf 76' lang='lat' dir='ltr'><strong>effectus</strong></span> <span class='ocrx_word' id='word_1_28' title='bbox 581 1419 775 1489; x_wconf 69' lang='lat' dir='ltr'><strong>9ratia³</strong></span> <span class='ocrx_word' id='word_1_29' title='bbox 794 1425 1089 1491; x_wconf 73' lang='lat' dir='ltr'><strong>operantis.</strong></span> <span class='ocrx_word' id='word_1_30' title='bbox 1115 1417 1364 1476; x_wconf 77' lang='lat' dir='ltr'><strong>Secundo</strong></span> <span class='ocrx_word' id='word_1_31' title='bbox 1383 1419 1447 1473; x_wconf 84' lang='lat' dir='ltr'><strong>dc</strong></span> <span class='ocrx_word' id='word_1_32' title='bbox 1460 1419 1669 1484; x_wconf 80' lang='lat' dir='ltr'><strong>merito,</strong></span> <span class='ocrx_word' id='word_1_33' title='bbox 1696 1417 1840 1496; x_wconf 78' lang='lat' dir='ltr'><strong>quod</strong></span> <span class='ocrx_word' id='word_1_34' title='bbox 1857 1424 1933 1474; x_wconf 83' lang='lat' dir='ltr'><strong>est</strong></span> <span class='ocrx_word' id='word_1_35' title='bbox 1952 1417 2168 1491; x_wconf 78' lang='lat' dir='ltr'><strong>effectus</strong></span> <span class='ocrx_word' id='word_1_36' title='bbox 2185 1418 2374 1489; x_wconf 72' lang='lat' dir='ltr'><strong>qratiar</strong></span> <span class='ocrx_word' id='word_1_37' title='bbox 2392 1419 2746 1491; x_wconf 74' lang='lat' dir='ltr'><strong>cooperantis.</strong></span> <span class='ocrx_word' id='word_1_38' title='bbox 2762 1414 2928 1475; x_wconf 83' lang='lat' dir='ltr'><strong>Circa</strong></span> <span class='ocrx_word' id='word_1_39' title='bbox 2951 1418 3194 1490; x_wconf 80' lang='lat' dir='ltr'><strong>primum</strong></span> 
     </span>
    </p>
   </div>
   <div class='ocr_carea' id='block_1_5' title="bbox 350 1516 882 1597">
    <p class='ocr_par' dir='ltr' id='par_1_5' title="bbox 350 1516 882 1597">
     <span class='ocr_line' id='line_1_6' title="bbox 350 1516 882 1597; baseline 0.008 -29"><span class='ocrx_word' id='word_1_40' title='bbox 350 1524 669 1597; x_wconf 65' lang='lat' dir='ltr'><strong>qum-untur</strong></span> <span class='ocrx_word' id='word_1_41' title='bbox 686 1516 882 1572; x_wconf 85' lang='lat' dir='ltr'><strong>decem.</strong></span> 
     </span>
    </p>
   </div>
   <div class='ocr_carea' id='block_1_6' title="bbox 452 1735 1613 1933">
    <p class='ocr_par' dir='ltr' id='par_1_6' title="bbox 452 1735 1613 1933">
     <span class='ocr_line' id='line_1_7' title="bbox 842 1735 1209 1779; baseline 0 -1"><span class='ocrx_word' id='word_1_42' title='bbox 842 1735 1155 1779; x_wconf 80' lang='lat' dir='ltr'>ARTICULUS</span> <span class='ocrx_word' id='word_1_43' title='bbox 1175 1736 1209 1778; x_wconf 92' lang='lat'><strong>1.</strong></span> 
     </span>
     <span class='ocr_line' id='line_1_8' title="bbox 452 1877 1613 1933; baseline 0.003 -13"><span class='ocrx_word' id='word_1_44' title='bbox 452 1878 598 1921; x_wconf 63' lang='lat' dir='ltr'><strong>Utrum</strong></span> <span class='ocrx_word' id='word_1_45' title='bbox 613 1877 871 1930; x_wconf 57' lang='lat' dir='ltr'><strong>justitiario</strong></span> <span class='ocrx_word' id='word_1_46' title='bbox 895 1878 1018 1931; x_wconf 73' lang='lat' dir='ltr'><strong>impii</strong></span> <span class='ocrx_word' id='word_1_47' title='bbox 1040 1878 1098 1922; x_wconf 73' lang='lat' dir='ltr'><strong>sit</strong></span> <span class='ocrx_word' id='word_1_48' title='bbox 1124 1878 1319 1923; x_wconf 72' lang='lat' dir='ltr'><strong>remissio</strong></span> <span class='ocrx_word' id='word_1_49' title='bbox 1339 1882 1613 1933; x_wconf 60' lang='lat' dir='ltr'><strong>paratorum.</strong></span> 
     </span>
    </p>
   </div>
   <div class='ocr_carea' id='block_1_7' title="bbox 283 2036 1734 4970">
    <p class='ocr_par' dir='ltr' id='par_1_7' title="bbox 342 2036 1710 2374">
     <span class='ocr_line' id='line_1_9' title="bbox 397 2036 1708 2093; baseline -0.002 -11"><span class='ocrx_word' id='word_1_50' title='bbox 397 2037 465 2082; x_wconf 77' lang='lat' dir='ltr'><strong>Ad</strong></span> <span class='ocrx_word' id='word_1_51' title='bbox 483 2037 660 2092; x_wconf 86' lang='lat' dir='ltr'><strong>primum</strong></span> <span class='ocrx_word' id='word_1_52' title='bbox 676 2038 739 2081; x_wconf 83' lang='lat' dir='ltr'><strong>sic</strong></span> <span class='ocrx_word' id='word_1_53' title='bbox 750 2037 990 2091; x_wconf 75' lang='lat' dir='ltr'>proceditur</span> <span class='ocrx_word' id='word_1_54' title='bbox 1007 2069 1019 2079; x_wconf 91' lang='lat'><strong>.</strong></span> <span class='ocrx_word' id='word_1_55' title='bbox 1039 2037 1228 2091; x_wconf 82' lang='lat' dir='ltr'><strong>Videtur,</strong></span> <span class='ocrx_word' id='word_1_56' title='bbox 1247 2039 1358 2093; x_wconf 88' lang='lat' dir='ltr'><strong>quod</strong></span> <span class='ocrx_word' id='word_1_57' title='bbox 1372 2037 1616 2091; x_wconf 76' lang='lat' dir='ltr'><strong>justificatio</strong></span> <span class='ocrx_word' id='word_1_58' title='bbox 1635 2036 1708 2081; x_wconf 89' lang='lat' dir='ltr'><strong>im·</strong></span> 
     </span>
     <span class='ocr_line' id='line_1_10' title="bbox 348 2095 1708 2150; baseline -0.001 -10"><span class='ocrx_word' id='word_1_59' title='bbox 348 2096 406 2150; x_wconf 89' lang='lat' dir='ltr'><strong>pii</strong></span> <span class='ocrx_word' id='word_1_60' title='bbox 424 2106 511 2140; x_wconf 90' lang='lat' dir='ltr'><strong>non</strong></span> <span class='ocrx_word' id='word_1_61' title='bbox 527 2096 586 2140; x_wconf 88' lang='lat' dir='ltr'><strong>sit</strong></span> <span class='ocrx_word' id='word_1_62' title='bbox 600 2106 794 2141; x_wconf 81' lang='lat' dir='ltr'><strong>remissto</strong></span> <span class='ocrx_word' id='word_1_63' title='bbox 818 2100 1088 2149; x_wconf 85' lang='lat' dir='ltr'><strong>peccatorum.</strong></span> <span class='ocrx_word' id='word_1_64' title='bbox 1116 2098 1334 2141; x_wconf 75' lang='lat' dir='ltr'>Peccatum</span> <span class='ocrx_word' id='word_1_65' title='bbox 1351 2096 1463 2141; x_wconf 89' lang='lat' dir='ltr'><strong>enim</strong></span> <span class='ocrx_word' id='word_1_66' title='bbox 1476 2106 1559 2140; x_wconf 91' lang='lat' dir='ltr'><strong>non</strong></span> <span class='ocrx_word' id='word_1_67' title='bbox 1575 2095 1708 2139; x_wconf 87' lang='lat' dir='ltr'><strong>solum</strong></span> 
     </span>
     <span class='ocr_line' id='line_1_11' title="bbox 342 2150 1710 2206; baseline -0.002 -9"><span class='ocrx_word' id='word_1_68' title='bbox 342 2154 524 2205; x_wconf 78' lang='lat' dir='ltr'><strong>justitiae</strong></span> <span class='ocrx_word' id='word_1_69' title='bbox 540 2152 773 2206; x_wconf 80' lang='lat' dir='ltr'><strong>opponitur,</strong></span> <span class='ocrx_word' id='word_1_70' title='bbox 792 2152 868 2197; x_wconf 87' lang='lat' dir='ltr'><strong>sed</strong></span> <span class='ocrx_word' id='word_1_71' title='bbox 883 2150 1076 2195; x_wconf 87' lang='lat' dir='ltr'><strong>omnibus</strong></span> <span class='ocrx_word' id='word_1_72' title='bbox 1099 2151 1336 2205; x_wconf 72' lang='lat' dir='ltr'><strong>virtutibus,</strong></span> <span class='ocrx_word' id='word_1_73' title='bbox 1356 2158 1400 2196; x_wconf 91' lang='lat' dir='ltr'><strong>ut</strong></span> <span class='ocrx_word' id='word_1_74' title='bbox 1415 2162 1467 2196; x_wconf 88' lang='lat' dir='ltr'><strong>ex</strong></span> <span class='ocrx_word' id='word_1_75' title='bbox 1483 2162 1606 2205; x_wconf 87' lang='lat' dir='ltr'><strong>supra</strong></span> <span class='ocrx_word' id='word_1_76' title='bbox 1624 2150 1710 2194; x_wconf 89' lang='lat' dir='ltr'><strong>dic·</strong></span> 
     </span>
     <span class='ocr_line' id='line_1_12' title="bbox 350 2206 1710 2263; baseline -0.001 -11"><span class='ocrx_word' id='word_1_77' title='bbox 350 2208 408 2252; x_wconf 86' lang='lat' dir='ltr'><strong>tis</strong></span> <span class='ocrx_word' id='word_1_78' title='bbox 422 2213 547 2263; x_wconf 83' lang='lat' dir='ltr'><strong>patet.</strong></span> <span class='ocrx_word' id='word_1_79' title='bbox 566 2209 650 2254; x_wconf 86' lang='lat' dir='ltr'><strong>Sed</strong></span> <span class='ocrx_word' id='word_1_80' title='bbox 664 2207 907 2261; x_wconf 76' lang='lat' dir='ltr'><strong>justificatio</strong></span> <span class='ocrx_word' id='word_1_81' title='bbox 921 2206 1129 2260; x_wconf 71' lang='lat' dir='ltr'><strong>significat</strong></span> <span class='ocrx_word' id='word_1_82' title='bbox 1155 2212 1306 2251; x_wconf 89' lang='lat' dir='ltr'><strong>motum</strong></span> <span class='ocrx_word' id='word_1_83' title='bbox 1334 2207 1539 2261; x_wconf 77' lang='lat' dir='ltr'><strong>quendam</strong></span> <span class='ocrx_word' id='word_1_84' title='bbox 1555 2207 1608 2250; x_wconf 89' lang='lat' dir='ltr'><strong>ad</strong></span> <span class='ocrx_word' id='word_1_85' title='bbox 1623 2206 1710 2260; x_wconf 85' lang='lat' dir='ltr'><strong>jus·</strong></span> 
     </span>
     <span class='ocr_line' id='line_1_13' title="bbox 347 2261 1710 2317; baseline -0.001 -10"><span class='ocrx_word' id='word_1_86' title='bbox 347 2264 510 2309; x_wconf 80' lang='lat' dir='ltr'><strong>titiam:</strong></span> <span class='ocrx_word' id='word_1_87' title='bbox 531 2274 612 2308; x_wconf 88' lang='lat' dir='ltr'><strong>non</strong></span> <span class='ocrx_word' id='word_1_88' title='bbox 628 2274 730 2317; x_wconf 78' lang='lat' dir='ltr'><strong>ergo</strong></span> <span class='ocrx_word' id='word_1_89' title='bbox 747 2263 884 2308; x_wconf 88' lang='lat' dir='ltr'><strong>omnis</strong></span> <span class='ocrx_word' id='word_1_90' title='bbox 900 2262 1056 2316; x_wconf 72' lang='lat' dir='ltr'><strong>peccati</strong></span> <span class='ocrx_word' id='word_1_91' title='bbox 1074 2261 1267 2306; x_wconf 78' lang='lat' dir='ltr'>remissio</span> <span class='ocrx_word' id='word_1_92' title='bbox 1283 2262 1710 2316; x_wconf 83' lang='lat' dir='ltr'><strong>estjustiticatio,cum</strong></span> 
     </span>
     <span class='ocr_line' id='line_1_14' title="bbox 350 2319 1362 2374; baseline -0.002 -8"><span class='ocrx_word' id='word_1_93' title='bbox 350 2322 491 2374; x_wconf 74' lang='lat' dir='ltr'><strong>omnis</strong></span> <span class='ocrx_word' id='word_1_94' title='bbox 507 2327 640 2367; x_wconf 89' lang='lat' dir='ltr'><strong>motus</strong></span> <span class='ocrx_word' id='word_1_95' title='bbox 662 2321 720 2366; x_wconf 90' lang='lat' dir='ltr'><strong>sit</strong></span> <span class='ocrx_word' id='word_1_96' title='bbox 737 2322 789 2366; x_wconf 87' lang='lat' dir='ltr'><strong>de</strong></span> <span class='ocrx_word' id='word_1_97' title='bbox 805 2320 1015 2365; x_wconf 85' lang='lat' dir='ltr'><strong>contrario</strong></span> <span class='ocrx_word' id='word_1_98' title='bbox 1033 2319 1076 2363; x_wconf 91' lang='lat' dir='ltr'><strong>in</strong></span> <span class='ocrx_word' id='word_1_99' title='bbox 1095 2319 1362 2364; x_wconf 89' lang='lat' dir='ltr'><strong>contrarium.</strong></span> 
     </span>
    </p>

    <p class='ocr_par' dir='ltr' id='par_1_8' title="bbox 350 2375 1714 2769">
     <span class='ocr_line' id='line_1_15' title="bbox 401 2375 1712 2431; baseline -0.002 -9"><span class='ocrx_word' id='word_1_100' title='bbox 401 2380 610 2424; x_wconf 72' lang='lat' dir='ltr'><strong>Praeterea</strong></span> <span class='ocrx_word' id='word_1_101' title='bbox 625 2397 638 2422; x_wconf 67' lang='grc' dir='ltr'><strong><em>ε</em></strong></span> <span class='ocrx_word' id='word_1_102' title='bbox 653 2377 980 2431; x_wconf 79' lang='lat' dir='ltr'><strong>Unumquodque</strong></span> <span class='ocrx_word' id='word_1_103' title='bbox 1000 2375 1124 2420; x_wconf 88' lang='lat' dir='ltr'><strong>debet</strong></span> <span class='ocrx_word' id='word_1_104' title='bbox 1141 2375 1347 2419; x_wconf 88' lang='lat' dir='ltr'><strong>nominari</strong></span> <span class='ocrx_word' id='word_1_105' title='bbox 1365 2376 1418 2420; x_wconf 87' lang='lat' dir='ltr'><strong>ab</strong></span> <span class='ocrx_word' id='word_1_106' title='bbox 1436 2385 1500 2425; x_wconf 80' lang='lat' dir='ltr'><strong>eo.</strong></span> <span class='ocrx_word' id='word_1_107' title='bbox 1521 2375 1629 2430; x_wconf 88' lang='lat' dir='ltr'><strong>quod</strong></span> <span class='ocrx_word' id='word_1_108' title='bbox 1646 2380 1712 2421; x_wconf 88' lang='lat' dir='ltr'><strong>est</strong></span> 
     </span>
     <span class='ocr_line' id='line_1_16' title="bbox 351 2432 1712 2491; baseline -0.002 -11"><span class='ocrx_word' id='word_1_109' title='bbox 351 2435 616 2491; x_wconf 86' lang='lat' dir='ltr'><strong>potissimum</strong></span> <span class='ocrx_word' id='word_1_110' title='bbox 645 2434 689 2479; x_wconf 90' lang='lat' dir='ltr'><strong>in</strong></span> <span class='ocrx_word' id='word_1_111' title='bbox 708 2436 812 2488; x_wconf 85' lang='lat' dir='ltr'><strong>ipso,</strong></span> <span class='ocrx_word' id='word_1_112' title='bbox 841 2439 885 2478; x_wconf 92' lang='lat' dir='ltr'><strong>ut</strong></span> <span class='ocrx_word' id='word_1_113' title='bbox 902 2433 1055 2479; x_wconf 89' lang='lat' dir='ltr'><strong>dicitur</strong></span> <span class='ocrx_word' id='word_1_114' title='bbox 1074 2434 1116 2477; x_wconf 89' lang='lat' dir='ltr'><strong>in</strong></span> <span class='ocrx_word' id='word_1_115' title='bbox 1133 2435 1158 2474; x_wconf 81' lang='lat'><strong>2</strong></span> <span class='ocrx_word' id='word_1_116' title='bbox 1178 2432 1230 2477; x_wconf 92' lang='lat' dir='ltr'><strong>de</strong></span> <span class='ocrx_word' id='word_1_117' title='bbox 1247 2432 1398 2477; x_wconf 88' lang='lat' dir='ltr'><strong>anima.</strong></span> <span class='ocrx_word' id='word_1_118' title='bbox 1417 2434 1502 2478; x_wconf 91' lang='lat' dir='ltr'><strong>Sed</strong></span> <span class='ocrx_word' id='word_1_119' title='bbox 1521 2433 1712 2478; x_wconf 80' lang='lat' dir='ltr'><strong>remissio</strong></span> 
     </span>
     <span class='ocr_line' id='line_1_17' title="bbox 353 2490 1712 2546; baseline -0.001 -10"><span class='ocrx_word' id='word_1_120' title='bbox 353 2497 615 2546; x_wconf 80' lang='lat' dir='ltr'><strong>peecatorum</strong></span> <span class='ocrx_word' id='word_1_121' title='bbox 633 2492 836 2546; x_wconf 84' lang='lat' dir='ltr'><strong>praecipue</strong></span> <span class='ocrx_word' id='word_1_122' title='bbox 851 2493 897 2535; x_wconf 84' lang='lat' dir='ltr'><strong>tlt</strong></span> <span class='ocrx_word' id='word_1_123' title='bbox 915 2500 989 2545; x_wconf 88' lang='lat' dir='ltr'><strong>per</strong></span> <span class='ocrx_word' id='word_1_124' title='bbox 1007 2491 1143 2543; x_wconf 84' lang='lat' dir='ltr'><strong>iidem,</strong></span> <span class='ocrx_word' id='word_1_125' title='bbox 1161 2491 1386 2535; x_wconf 87' lang='lat' dir='ltr'><strong>secundum</strong></span> <span class='ocrx_word' id='word_1_126' title='bbox 1405 2490 1510 2535; x_wconf 89' lang='lat' dir='ltr'><strong>illud</strong></span> <span class='ocrx_word' id='word_1_127' title='bbox 1526 2493 1617 2536; x_wconf 78' lang='lat' dir='ltr'><strong>Act.</strong></span> <span class='ocrx_word' id='word_1_128' title='bbox 1645 2492 1712 2535; x_wconf 76' lang='lat'><strong>15:</strong></span> 
     </span>
     <span class='ocr_line' id='line_1_18' title="bbox 354 2547 1712 2601; baseline 0 -9"><span class='ocrx_word' id='word_1_129' title='bbox 354 2548 468 2593; x_wconf 73' lang='lat' dir='ltr'><strong>Fide</strong></span> <span class='ocrx_word' id='word_1_130' title='bbox 485 2547 707 2601; x_wconf 72' lang='lat' dir='ltr'><strong>purificans</strong></span> <span class='ocrx_word' id='word_1_131' title='bbox 730 2548 852 2592; x_wconf 85' lang='lat' dir='ltr'><strong>corda</strong></span> <span class='ocrx_word' id='word_1_132' title='bbox 871 2557 1013 2592; x_wconf 91' lang='lat' dir='ltr'><strong>eorum</strong></span> <span class='ocrx_word' id='word_1_133' title='bbox 1035 2566 1046 2590; x_wconf 66' lang='grc' dir='ltr'><strong>ε</strong></span> <span class='ocrx_word' id='word_1_134' title='bbox 1064 2552 1107 2590; x_wconf 92' lang='lat' dir='ltr'><strong>et</strong></span> <span class='ocrx_word' id='word_1_135' title='bbox 1124 2556 1197 2599; x_wconf 86' lang='lat' dir='ltr'><strong>per</strong></span> <span class='ocrx_word' id='word_1_136' title='bbox 1213 2547 1468 2597; x_wconf 78' lang='lat' dir='ltr'><strong>charitatem.</strong></span> <span class='ocrx_word' id='word_1_137' title='bbox 1486 2548 1712 2592; x_wconf 88' lang='lat' dir='ltr'><strong>secundum</strong></span> 
     </span>
     <span class='ocr_line' id='line_1_19' title="bbox 350 2600 1714 2657; baseline 0.001 -10"><span class='ocrx_word' id='word_1_138' title='bbox 350 2602 466 2647; x_wconf 89' lang='lat' dir='ltr'><strong>illud</strong></span> <span class='ocrx_word' id='word_1_139' title='bbox 495 2603 691 2647; x_wconf 82' lang='lat' dir='ltr'><strong>Proverb.</strong></span> <span class='ocrx_word' id='word_1_140' title='bbox 725 2606 795 2647; x_wconf 84' lang='lat'><strong>10:</strong></span> <span class='ocrx_word' id='word_1_141' title='bbox 815 2605 1017 2648; x_wconf 77' lang='lat' dir='ltr'><strong>Universa</strong></span> <span class='ocrx_word' id='word_1_142' title='bbox 1048 2600 1200 2648; x_wconf 89' lang='lat' dir='ltr'><strong>delicta</strong></span> <span class='ocrx_word' id='word_1_143' title='bbox 1218 2605 1352 2657; x_wconf 89' lang='lat' dir='ltr'><strong>operit</strong></span> <span class='ocrx_word' id='word_1_144' title='bbox 1368 2604 1559 2648; x_wconf 89' lang='lat' dir='ltr'><strong>charitas.</strong></span> <span class='ocrx_word' id='word_1_145' title='bbox 1578 2605 1714 2657; x_wconf 75' lang='lat' dir='ltr'><strong>Magis</strong></span> 
     </span>
     <span class='ocr_line' id='line_1_20' title="bbox 351 2659 1711 2714; baseline 0.002 -11"><span class='ocrx_word' id='word_1_146' title='bbox 351 2669 460 2713; x_wconf 75' lang='lat' dir='ltr'><strong>ergo</strong></span> <span class='ocrx_word' id='word_1_147' title='bbox 490 2659 677 2703; x_wconf 81' lang='lat' dir='ltr'><strong>remissio</strong></span> <span class='ocrx_word' id='word_1_148' title='bbox 701 2664 953 2712; x_wconf 69' lang='lat' dir='ltr'><strong>peccatorum</strong></span> <span class='ocrx_word' id='word_1_149' title='bbox 987 2659 1131 2705; x_wconf 83' lang='lat' dir='ltr'><strong>debuit</strong></span> <span class='ocrx_word' id='word_1_150' title='bbox 1160 2659 1420 2705; x_wconf 87' lang='lat' dir='ltr'><strong>denominari</strong></span> <span class='ocrx_word' id='word_1_151' title='bbox 1441 2671 1466 2704; x_wconf 85' lang='lat' dir='ltr'><strong>a</strong></span> <span class='ocrx_word' id='word_1_152' title='bbox 1492 2661 1589 2714; x_wconf 84' lang='lat' dir='ltr'><strong>ilde,</strong></span> <span class='ocrx_word' id='word_1_153' title='bbox 1607 2662 1675 2706; x_wconf 76' lang='lat' dir='ltr'><strong>vel</strong></span> <span class='ocrx_word' id='word_1_154' title='bbox 1686 2673 1711 2706; x_wconf 82' lang='lat' dir='ltr'><strong>a</strong></span> 
     </span>
     <span class='ocr_line' id='line_1_21' title="bbox 350 2714 944 2769; baseline 0.005 -13"><span class='ocrx_word' id='word_1_155' title='bbox 350 2714 575 2765; x_wconf 80' lang='lat' dir='ltr'><strong>enaritate,</strong></span> <span class='ocrx_word' id='word_1_156' title='bbox 595 2725 711 2769; x_wconf 87' lang='lat' dir='ltr'><strong>quam</strong></span> <span class='ocrx_word' id='word_1_157' title='bbox 729 2727 753 2759; x_wconf 89' lang='lat' dir='ltr'><strong>a</strong></span> <span class='ocrx_word' id='word_1_158' title='bbox 770 2714 944 2767; x_wconf 83' lang='lat' dir='ltr'><strong>justitia.</strong></span> 
     </span>
    </p>

    <p class='ocr_par' dir='ltr' id='par_1_9' title="bbox 347 2772 1715 3053">
     <span class='ocr_line' id='line_1_22' title="bbox 399 2772 1713 2827; baseline 0.002 -11"><span class='ocrx_word' id='word_1_159' title='bbox 399 2772 638 2817; x_wconf 63' lang='lat' dir='ltr'><strong>preterea:</strong></span> <span class='ocrx_word' id='word_1_160' title='bbox 660 2773 869 2817; x_wconf 83' lang='lat' dir='ltr'><strong>Remissio</strong></span> <span class='ocrx_word' id='word_1_161' title='bbox 886 2777 1141 2826; x_wconf 84' lang='lat' dir='ltr'><strong>peccatorum</strong></span> <span class='ocrx_word' id='word_1_162' title='bbox 1159 2772 1271 2817; x_wconf 89' lang='lat' dir='ltr'><strong>idem</strong></span> <span class='ocrx_word' id='word_1_163' title='bbox 1288 2781 1382 2817; x_wconf 83' lang='lat' dir='ltr'><strong>esse</strong></span> <span class='ocrx_word' id='word_1_164' title='bbox 1403 2772 1582 2826; x_wconf 80' lang='lat' dir='ltr'><strong>videtur,</strong></span> <span class='ocrx_word' id='word_1_165' title='bbox 1602 2774 1713 2827; x_wconf 86' lang='lat' dir='ltr'><strong>quod</strong></span> 
     </span>
     <span class='ocr_line' id='line_1_23' title="bbox 347 2828 1715 2884; baseline 0.002 -13"><span class='ocrx_word' id='word_1_166' title='bbox 347 2829 516 2873; x_wconf 79' lang='lat' dir='ltr'><strong>vocatio</strong></span> <span class='ocrx_word' id='word_1_167' title='bbox 529 2847 542 2882; x_wconf 67' lang='grc' dir='ltr'><strong><em>ς</em></strong></span> <span class='ocrx_word' id='word_1_168' title='bbox 559 2834 726 2873; x_wconf 71' lang='lat' dir='ltr'><strong>vomtur</strong></span> <span class='ocrx_word' id='word_1_169' title='bbox 739 2830 867 2881; x_wconf 84' lang='lat' dir='ltr'><strong>enim,</strong></span> <span class='ocrx_word' id='word_1_170' title='bbox 881 2830 952 2884; x_wconf 85' lang='lat' dir='ltr'><strong>qui</strong></span> <span class='ocrx_word' id='word_1_171' title='bbox 966 2829 1106 2873; x_wconf 83' lang='lat' dir='ltr'><strong>distat.</strong></span> <span class='ocrx_word' id='word_1_172' title='bbox 1118 2828 1257 2872; x_wconf 85' lang='lat' dir='ltr'><strong>Distat</strong></span> <span class='ocrx_word' id='word_1_173' title='bbox 1268 2834 1402 2874; x_wconf 88' lang='lat' dir='ltr'><strong>antem</strong></span> <span class='ocrx_word' id='word_1_174' title='bbox 1425 2829 1576 2884; x_wconf 83' lang='lat' dir='ltr'><strong>aliquis</strong></span> <span class='ocrx_word' id='word_1_175' title='bbox 1587 2832 1612 2874; x_wconf 81' lang='lat' dir='ltr'><strong>a</strong></span> <span class='ocrx_word' id='word_1_176' title='bbox 1622 2832 1715 2875; x_wconf 87' lang='lat' dir='ltr'><strong>Deo</strong></span> 
     </span>
     <span class='ocr_line' id='line_1_24' title="bbox 350 2885 1715 2997; baseline 0.007 -11"><span class='ocrx_word' id='word_1_177' title='bbox 350 2886 796 2987; x_wconf 55' lang='lat' dir='ltr'><strong>rimam</strong></span> <span class='ocrx_word' id='word_1_178' title='bbox 809 2885 1715 2997; x_wconf 49' lang='lat' dir='ltr'><strong>aestatuum-²220..</strong></span> 
     </span>
     <span class='ocr_line' id='line_1_25' title="bbox 356 2998 1275 3053; baseline -0.002 -9"><span class='ocrx_word' id='word_1_179' title='bbox 356 3000 601 3053; x_wconf 75' lang='lat' dir='ltr'><strong>justificatio</strong></span> <span class='ocrx_word' id='word_1_180' title='bbox 614 3009 695 3046; x_wconf 86' lang='lat' dir='ltr'><strong>non</strong></span> <span class='ocrx_word' id='word_1_181' title='bbox 713 3003 779 3044; x_wconf 70' lang='lat' dir='ltr'><strong>oet</strong></span> <span class='ocrx_word' id='word_1_182' title='bbox 794 2998 985 3043; x_wconf 61' lang='lat' dir='ltr'><strong>remissio</strong></span> <span class='ocrx_word' id='word_1_183' title='bbox 1001 3005 1275 3053; x_wconf 89' lang='lat' dir='ltr'><strong>peccatorum.</strong></span> 
     </span>
    </p>

    <p class='ocr_par' dir='ltr' id='par_1_10' title="bbox 352 3052 1716 3219">
     <span class='ocr_line' id='line_1_26' title="bbox 407 3052 1713 3108; baseline -0.002 -8"><span class='ocrx_word' id='word_1_184' title='bbox 407 3056 492 3100; x_wconf 85' lang='lat' dir='ltr'><strong>Sed</strong></span> <span class='ocrx_word' id='word_1_185' title='bbox 509 3058 649 3098; x_wconf 88' lang='lat' dir='ltr'><strong>contra</strong></span> <span class='ocrx_word' id='word_1_186' title='bbox 662 3059 742 3104; x_wconf 80' lang='lat' dir='ltr'><strong>est.</strong></span> <span class='ocrx_word' id='word_1_187' title='bbox 761 3052 871 3108; x_wconf 86' lang='lat' dir='ltr'><strong>quod</strong></span> <span class='ocrx_word' id='word_1_188' title='bbox 887 3057 1060 3099; x_wconf 84' lang='lat' dir='ltr'><strong>Roman.</strong></span> <span class='ocrx_word' id='word_1_189' title='bbox 1072 3058 1113 3105; x_wconf 81' lang='lat'><strong>8.</strong></span> <span class='ocrx_word' id='word_1_190' title='bbox 1124 3064 1246 3108; x_wconf 89' lang='lat' dir='ltr'><strong>super</strong></span> <span class='ocrx_word' id='word_1_191' title='bbox 1265 3054 1392 3098; x_wconf 88' lang='lat' dir='ltr'><strong>illud:</strong></span> <span class='ocrx_word' id='word_1_192' title='bbox 1410 3055 1522 3105; x_wconf 83' lang='lat' dir='ltr'><strong>Quos</strong></span> <span class='ocrx_word' id='word_1_193' title='bbox 1537 3055 1713 3107; x_wconf 70' lang='lat' dir='ltr'><strong>vocavit,</strong></span> 
     </span>
     <span class='ocr_line' id='line_1_27' title="bbox 357 3109 1716 3165; baseline -0.001 -9"><span class='ocrx_word' id='word_1_194' title='bbox 357 3111 438 3156; x_wconf 81' lang='lat' dir='ltr'><strong>bos</strong></span> <span class='ocrx_word' id='word_1_195' title='bbox 461 3115 506 3155; x_wconf 91' lang='lat' dir='ltr'><strong>et</strong></span> <span class='ocrx_word' id='word_1_196' title='bbox 529 3109 787 3162; x_wconf 78' lang='lat' dir='ltr'><strong>justificavit.</strong></span> <span class='ocrx_word' id='word_1_197' title='bbox 810 3110 871 3154; x_wconf 87' lang='lat' dir='ltr'><strong>ait</strong></span> <span class='ocrx_word' id='word_1_198' title='bbox 900 3109 1014 3154; x_wconf 81' lang='lat' dir='ltr'><strong>Glos.</strong></span> <span class='ocrx_word' id='word_1_199' title='bbox 1045 3111 1290 3155; x_wconf 59' lang='lat' dir='ltr'><strong>remiaeione</strong></span> <span class='ocrx_word' id='word_1_200' title='bbox 1314 3115 1569 3163; x_wconf 84' lang='lat' dir='ltr'><strong>peccatorum</strong></span> <span class='ocrx_word' id='word_1_201' title='bbox 1587 3130 1599 3155; x_wconf 66' lang='grc' dir='ltr'><strong><em>ε</em></strong></span> <span class='ocrx_word' id='word_1_202' title='bbox 1615 3120 1716 3165; x_wconf 76' lang='lat' dir='ltr'><strong>ergo</strong></span> 
     </span>
     <span class='ocr_line' id='line_1_28' title="bbox 352 3165 1179 3219; baseline -0.004 -7"><span class='ocrx_word' id='word_1_203' title='bbox 352 3166 550 3212; x_wconf 82' lang='lat' dir='ltr'><strong>remissio</strong></span> <span class='ocrx_word' id='word_1_204' title='bbox 574 3170 830 3219; x_wconf 87' lang='lat' dir='ltr'><strong>peccatorum</strong></span> <span class='ocrx_word' id='word_1_205' title='bbox 845 3171 910 3211; x_wconf 82' lang='lat' dir='ltr'><strong>est</strong></span> <span class='ocrx_word' id='word_1_206' title='bbox 923 3165 1179 3218; x_wconf 75' lang='lat' dir='ltr'><strong>justificatio.</strong></span> 
     </span>
    </p>

    <p class='ocr_par' dir='ltr' id='par_1_11' title="bbox 283 3220 1734 4970">
     <span class='ocr_line' id='line_1_29' title="bbox 408 3220 1715 3276; baseline 0.001 -11"><span class='ocrx_word' id='word_1_207' title='bbox 408 3222 657 3276; x_wconf 70' lang='lat' dir='ltr'><strong>Respondeo</strong></span> <span class='ocrx_word' id='word_1_208' title='bbox 688 3220 925 3272; x_wconf 84' lang='lat' dir='ltr'><strong>dicendum.</strong></span> <span class='ocrx_word' id='word_1_209' title='bbox 952 3221 1060 3276; x_wconf 90' lang='lat' dir='ltr'><strong>qnod</strong></span> <span class='ocrx_word' id='word_1_210' title='bbox 1085 3220 1328 3274; x_wconf 75' lang='lat' dir='ltr'><strong>justificatio</strong></span> <span class='ocrx_word' id='word_1_211' title='bbox 1355 3223 1518 3275; x_wconf 76' lang='lat' dir='ltr'><strong>passive</strong></span> <span class='ocrx_word' id='word_1_212' title='bbox 1550 3227 1715 3276; x_wconf 83' lang='lat' dir='ltr'><strong>accepta</strong></span> 
     </span>
     <span class='ocr_line' id='line_1_30' title="bbox 355 3278 1716 3332; baseline 0 -9"><span class='ocrx_word' id='word_1_213' title='bbox 355 3279 552 3332; x_wconf 78' lang='lat' dir='ltr'><strong>importat</strong></span> <span class='ocrx_word' id='word_1_214' title='bbox 585 3284 735 3323; x_wconf 89' lang='lat' dir='ltr'><strong>motum</strong></span> <span class='ocrx_word' id='word_1_215' title='bbox 753 3278 807 3322; x_wconf 85' lang='lat' dir='ltr'><strong>ad</strong></span> <span class='ocrx_word' id='word_1_216' title='bbox 822 3278 1043 3331; x_wconf 82' lang='lat' dir='ltr'><strong>justitiam.</strong></span> <span class='ocrx_word' id='word_1_217' title='bbox 1061 3279 1168 3324; x_wconf 87' lang='lat' dir='ltr'><strong>sicut</strong></span> <span class='ocrx_word' id='word_1_218' title='bbox 1183 3283 1228 3323; x_wconf 91' lang='lat' dir='ltr'><strong>et</strong></span> <span class='ocrx_word' id='word_1_219' title='bbox 1250 3278 1466 3323; x_wconf 72' lang='lat' dir='ltr'><strong>calefactio</strong></span> <span class='ocrx_word' id='word_1_220' title='bbox 1491 3284 1645 3323; x_wconf 88' lang='lat' dir='ltr'><strong>motum</strong></span> <span class='ocrx_word' id='word_1_221' title='bbox 1660 3278 1716 3323; x_wconf 86' lang='lat' dir='ltr'><strong>ad</strong></span> 
     </span>
     <span class='ocr_line' id='line_1_31' title="bbox 354 3334 1716 3390; baseline -0.001 -9"><span class='ocrx_word' id='word_1_222' title='bbox 354 3337 558 3381; x_wconf 75' lang='lat' dir='ltr'><strong>calorem.</strong></span> <span class='ocrx_word' id='word_1_223' title='bbox 582 3337 682 3380; x_wconf 85' lang='lat' dir='ltr'><strong>Cum</strong></span> <span class='ocrx_word' id='word_1_224' title='bbox 697 3342 834 3380; x_wconf 88' lang='lat' dir='ltr'><strong>autem</strong></span> <span class='ocrx_word' id='word_1_225' title='bbox 858 3334 1022 3388; x_wconf 81' lang='lat' dir='ltr'><strong>justitia</strong></span> <span class='ocrx_word' id='word_1_226' title='bbox 1052 3336 1105 3381; x_wconf 88' lang='lat' dir='ltr'><strong>de</strong></span> <span class='ocrx_word' id='word_1_227' title='bbox 1121 3335 1185 3381; x_wconf 87' lang='lat' dir='ltr'><strong>sui</strong></span> <span class='ocrx_word' id='word_1_228' title='bbox 1205 3337 1366 3380; x_wconf 90' lang='lat' dir='ltr'><strong>ratione</strong></span> <span class='ocrx_word' id='word_1_229' title='bbox 1385 3334 1579 3389; x_wconf 81' lang='lat' dir='ltr'><strong>importet</strong></span> <span class='ocrx_word' id='word_1_230' title='bbox 1592 3347 1716 3390; x_wconf 83' lang='lat' dir='ltr'><strong>quan-</strong></span> 
     </span>
     <span class='ocr_line' id='line_1_32' title="bbox 356 3391 1717 3445; baseline -0.001 -7"><span class='ocrx_word' id='word_1_231' title='bbox 356 3394 453 3438; x_wconf 88' lang='lat' dir='ltr'><strong>dam</strong></span> <span class='ocrx_word' id='word_1_232' title='bbox 467 3392 758 3437; x_wconf 77' lang='lat' dir='ltr'><strong>rectitudinem</strong></span> <span class='ocrx_word' id='word_1_233' title='bbox 771 3392 949 3444; x_wconf 87' lang='lat' dir='ltr'><strong>ordinis,</strong></span> <span class='ocrx_word' id='word_1_234' title='bbox 963 3392 1184 3445; x_wconf 79' lang='lat' dir='ltr'><strong>dupliciter</strong></span> <span class='ocrx_word' id='word_1_235' title='bbox 1194 3391 1324 3444; x_wconf 79' lang='lat' dir='ltr'><strong>accipi</strong></span> <span class='ocrx_word' id='word_1_236' title='bbox 1338 3394 1582 3444; x_wconf 85' lang='lat' dir='ltr'><strong>potest.Uno</strong></span> <span class='ocrx_word' id='word_1_237' title='bbox 1593 3393 1717 3438; x_wconf 89' lang='lat' dir='ltr'><strong>modo</strong></span> 
     </span>
     <span class='ocr_line' id='line_1_33' title="bbox 354 3448 1717 3504; baseline -0.001 -9"><span class='ocrx_word' id='word_1_238' title='bbox 354 3450 584 3495; x_wconf 81' lang='lat' dir='ltr'><strong>secundum</strong></span> <span class='ocrx_word' id='word_1_239' title='bbox 601 3450 713 3504; x_wconf 84' lang='lat' dir='ltr'><strong>quod</strong></span> <span class='ocrx_word' id='word_1_240' title='bbox 729 3450 786 3494; x_wconf 89' lang='lat' dir='ltr'><strong>im</strong></span> <span class='ocrx_word' id='word_1_241' title='bbox 843 3455 924 3494; x_wconf 87' lang='lat' dir='ltr'><strong>rtat</strong></span> <span class='ocrx_word' id='word_1_242' title='bbox 940 3449 1127 3494; x_wconf 87' lang='lat' dir='ltr'><strong>ordinem</strong></span> <span class='ocrx_word' id='word_1_243' title='bbox 1142 3454 1296 3494; x_wconf 90' lang='lat' dir='ltr'><strong>rectum</strong></span> <span class='ocrx_word' id='word_1_244' title='bbox 1318 3448 1465 3502; x_wconf 86' lang='lat' dir='ltr'><strong>inipso</strong></span> <span class='ocrx_word' id='word_1_245' title='bbox 1479 3456 1572 3495; x_wconf 87' lang='lat' dir='ltr'><strong>actu</strong></span> <span class='ocrx_word' id='word_1_246' title='bbox 1591 3450 1717 3494; x_wconf 82' lang='lat' dir='ltr'><strong>bomi-</strong></span> 
     </span>
     <span class='ocr_line' id='line_1_34' title="bbox 354 3503 1718 3571; baseline -0.001 -21"><span class='ocrx_word' id='word_1_247' title='bbox 354 3505 439 3569; x_wconf 76' lang='lat' dir='ltr'><strong>nis.</strong></span> <span class='ocrx_word' id='word_1_248' title='bbox 457 3505 765 3570; x_wconf 44' lang='lat' dir='ltr'><strong>Et&#39;secundum</strong></span> <span class='ocrx_word' id='word_1_249' title='bbox 797 3560 807 3571; x_wconf 46' lang='lat'>·</span> <span class='ocrx_word' id='word_1_250' title='bbox 833 3561 842 3569; x_wconf 44' lang='lat'>.</span> <span class='ocrx_word' id='word_1_251' title='bbox 883 3503 1048 3558; x_wconf 84' lang='lat' dir='ltr'><strong>justitia</strong></span> <span class='ocrx_word' id='word_1_252' title='bbox 1065 3505 1230 3569; x_wconf 76' lang='lat' dir='ltr'><strong>ponitur</strong></span> <span class='ocrx_word' id='word_1_253' title='bbox 1258 3504 1391 3548; x_wconf 77' lang='lat' dir='ltr'><strong>virtus</strong></span> <span class='ocrx_word' id='word_1_254' title='bbox 1407 3504 1610 3569; x_wconf 62' lang='lat' dir='ltr'><strong>quaedam,</strong></span> <span class='ocrx_word' id='word_1_255' title='bbox 1627 3504 1718 3549; x_wconf 79' lang='lat' dir='ltr'><strong>sive</strong></span> 
     </span>
     <span class='ocr_line' id='line_1_35' title="bbox 355 3559 1720 3670; baseline 0.001 -10"><span class='ocrx_word' id='word_1_256' title='bbox 355 3559 1370 3670; x_wconf 48' lang='lat' dir='ltr'><strong>{mestitia:iit&#39;aiizsittttsffi</strong></span> <span class='ocrx_word' id='word_1_257' title='bbox 1383 3560 1720 3669; x_wconf 48' lang='lat' dir='ltr'><strong>tisim&amp;</strong></span> 
     </span>
     <span class='ocr_line' id='line_1_36' title="bbox 355 3672 1720 3726; baseline -0.001 -9"><span class='ocrx_word' id='word_1_258' title='bbox 355 3675 537 3726; x_wconf 67' lang='lat' dir='ltr'><strong>minem</strong></span> <span class='ocrx_word' id='word_1_259' title='bbox 556 3674 648 3719; x_wconf 80' lang='lat' dir='ltr'><strong>sive</strong></span> <span class='ocrx_word' id='word_1_260' title='bbox 669 3675 725 3717; x_wconf 86' lang='lat' dir='ltr'><strong>sit</strong></span> <span class='ocrx_word' id='word_1_261' title='bbox 739 3673 903 3725; x_wconf 83' lang='lat' dir='ltr'><strong>justitia</strong></span> <span class='ocrx_word' id='word_1_262' title='bbox 922 3672 1083 3726; x_wconf 73' lang='lat' dir='ltr'><strong>legalis,</strong></span> <span class='ocrx_word' id='word_1_263' title='bbox 1104 3683 1195 3726; x_wconf 81' lang='lat' dir='ltr'><strong>quae</strong></span> <span class='ocrx_word' id='word_1_264' title='bbox 1212 3672 1377 3726; x_wconf 84' lang='lat' dir='ltr'><strong>ordinat</strong></span> <span class='ocrx_word' id='word_1_265' title='bbox 1391 3675 1616 3718; x_wconf 85' lang='lat' dir='ltr'><strong>secundum</strong></span> <span class='ocrx_word' id='word_1_266' title='bbox 1634 3683 1720 3717; x_wconf 88' lang='lat' dir='ltr'><strong>rec-</strong></span> 
     </span>
     <span class='ocr_line' id='line_1_37' title="bbox 356 3728 1720 3783; baseline 0 -10"><span class='ocrx_word' id='word_1_267' title='bbox 356 3730 581 3775; x_wconf 86' lang='lat' dir='ltr'><strong>titudinem</strong></span> <span class='ocrx_word' id='word_1_268' title='bbox 590 3736 706 3775; x_wconf 86' lang='lat' dir='ltr'><strong>actus</strong></span> <span class='ocrx_word' id='word_1_269' title='bbox 719 3729 898 3775; x_wconf 81' lang='lat' dir='ltr'><strong>bominis</strong></span> <span class='ocrx_word' id='word_1_270' title='bbox 907 3740 952 3773; x_wconf 80' lang='lat' dir='ltr'><strong>tn</strong></span> <span class='ocrx_word' id='word_1_271' title='bbox 966 3729 1268 3783; x_wconf 88' lang='lat' dir='ltr'><strong>comparatione</strong></span> <span class='ocrx_word' id='word_1_272' title='bbox 1278 3728 1333 3773; x_wconf 88' lang='lat' dir='ltr'><strong>ad</strong></span> <span class='ocrx_word' id='word_1_273' title='bbox 1343 3730 1494 3774; x_wconf 87' lang='lat' dir='ltr'><strong>bonum</strong></span> <span class='ocrx_word' id='word_1_274' title='bbox 1506 3739 1720 3774; x_wconf 89' lang='lat' dir='ltr'><strong>commune</strong></span> 
     </span>
     <span class='ocr_line' id='line_1_38' title="bbox 357 3784 1720 3840; baseline -0.002 -7"><span class='ocrx_word' id='word_1_275' title='bbox 357 3786 657 3838; x_wconf 79' lang='lat' dir='ltr'><strong>multitudinis,</strong></span> <span class='ocrx_word' id='word_1_276' title='bbox 677 3790 722 3830; x_wconf 89' lang='lat' dir='ltr'><strong>nt</strong></span> <span class='ocrx_word' id='word_1_277' title='bbox 739 3789 848 3840; x_wconf 85' lang='lat' dir='ltr'><strong>patet</strong></span> <span class='ocrx_word' id='word_1_278' title='bbox 864 3785 909 3829; x_wconf 90' lang='lat' dir='ltr'><strong>in</strong></span> <span class='ocrx_word' id='word_1_279' title='bbox 926 3786 953 3828; x_wconf 77' lang='lat'><strong>5</strong></span> <span class='ocrx_word' id='word_1_280' title='bbox 969 3785 1105 3829; x_wconf 80' lang='lat' dir='ltr'><strong>Ethic.</strong></span> <span class='ocrx_word' id='word_1_281' title='bbox 1123 3785 1222 3829; x_wconf 78' lang='lat' dir='ltr'><strong>Alio</strong></span> <span class='ocrx_word' id='word_1_282' title='bbox 1249 3784 1371 3829; x_wconf 91' lang='lat' dir='ltr'><strong>modo</strong></span> <span class='ocrx_word' id='word_1_283' title='bbox 1389 3785 1541 3831; x_wconf 89' lang='lat' dir='ltr'><strong>dicitur</strong></span> <span class='ocrx_word' id='word_1_284' title='bbox 1556 3784 1720 3839; x_wconf 86' lang='lat' dir='ltr'><strong>justitia</strong></span> 
     </span>
     <span class='ocr_line' id='line_1_39' title="bbox 357 3842 1721 3899; baseline -0.001 -9"><span class='ocrx_word' id='word_1_285' title='bbox 357 3848 482 3899; x_wconf 89' lang='lat' dir='ltr'><strong>prout</strong></span> <span class='ocrx_word' id='word_1_286' title='bbox 511 3844 703 3898; x_wconf 83' lang='lat' dir='ltr'><strong>importat</strong></span> <span class='ocrx_word' id='word_1_287' title='bbox 720 3843 1010 3887; x_wconf 88' lang='lat' dir='ltr'><strong>rectitudinem</strong></span> <span class='ocrx_word' id='word_1_288' title='bbox 1028 3842 1229 3897; x_wconf 88' lang='lat' dir='ltr'><strong>quandam</strong></span> <span class='ocrx_word' id='word_1_289' title='bbox 1257 3842 1420 3887; x_wconf 86' lang='lat' dir='ltr'><strong>ordinis</strong></span> <span class='ocrx_word' id='word_1_290' title='bbox 1437 3842 1481 3886; x_wconf 91' lang='lat' dir='ltr'><strong>in</strong></span> <span class='ocrx_word' id='word_1_291' title='bbox 1512 3843 1599 3896; x_wconf 86' lang='lat' dir='ltr'><strong>ipsa</strong></span> <span class='ocrx_word' id='word_1_292' title='bbox 1617 3843 1721 3888; x_wconf 89' lang='lat' dir='ltr'><strong>inte·</strong></span> 
     </span>
     <span class='ocr_line' id='line_1_40' title="bbox 283 3897 1722 3953; baseline -0.003 -7"><span class='ocrx_word' id='word_1_293' title='bbox 283 3919 288 3930; x_wconf 19' lang='lat'><strong>¹,</strong></span> <span class='ocrx_word' id='word_1_294' title='bbox 359 3902 464 3945; x_wconf 87' lang='lat' dir='ltr'><strong>riori</strong></span> <span class='ocrx_word' id='word_1_295' title='bbox 483 3899 757 3953; x_wconf 82' lang='lat' dir='ltr'><strong>dispositione</strong></span> <span class='ocrx_word' id='word_1_296' title='bbox 776 3897 968 3951; x_wconf 81' lang='lat' dir='ltr'><strong>bominis,</strong></span> <span class='ocrx_word' id='word_1_297' title='bbox 987 3904 1108 3951; x_wconf 88' lang='lat' dir='ltr'><strong>prout</strong></span> <span class='ocrx_word' id='word_1_298' title='bbox 1118 3898 1279 3944; x_wconf 81' lang='lat' dir='ltr'><strong>scilicet</strong></span> <span class='ocrx_word' id='word_1_299' title='bbox 1293 3909 1524 3953; x_wconf 89' lang='lat' dir='ltr'><strong>supremum</strong></span> <span class='ocrx_word' id='word_1_300' title='bbox 1542 3898 1722 3943; x_wconf 85' lang='lat' dir='ltr'><strong>hominis</strong></span> 
     </span>
     <span class='ocr_line' id='line_1_41' title="bbox 358 3953 1720 4008; baseline -0.001 -9"><span class='ocrx_word' id='word_1_301' title='bbox 358 3954 555 4000; x_wconf 80' lang='lat' dir='ltr'><strong>subditur</strong></span> <span class='ocrx_word' id='word_1_302' title='bbox 571 3956 678 4004; x_wconf 87' lang='lat' dir='ltr'><strong>Deo,</strong></span> <span class='ocrx_word' id='word_1_303' title='bbox 691 3958 736 3998; x_wconf 89' lang='lat' dir='ltr'><strong>et</strong></span> <span class='ocrx_word' id='word_1_304' title='bbox 748 3953 969 3998; x_wconf 80' lang='lat' dir='ltr'><strong>interiores</strong></span> <span class='ocrx_word' id='word_1_305' title='bbox 982 3953 1093 3999; x_wconf 87' lang='lat' dir='ltr'><strong>vires</strong></span> <span class='ocrx_word' id='word_1_306' title='bbox 1104 3954 1253 3999; x_wconf 79' lang='lat' dir='ltr'><strong>animae</strong></span> <span class='ocrx_word' id='word_1_307' title='bbox 1264 3954 1495 3999; x_wconf 83' lang='lat' dir='ltr'><strong>subduntur</strong></span> <span class='ocrx_word' id='word_1_308' title='bbox 1503 3964 1720 4008; x_wconf 71' lang='lat' dir='ltr'><strong>supremae,</strong></span> 
     </span>
     <span class='ocr_line' id='line_1_42' title="bbox 359 4011 1722 4065; baseline -0.001 -7"><span class='ocrx_word' id='word_1_309' title='bbox 359 4013 528 4058; x_wconf 86' lang='lat' dir='ltr'><strong>scilicet</strong></span> <span class='ocrx_word' id='word_1_310' title='bbox 547 4011 713 4056; x_wconf 87' lang='lat' dir='ltr'><strong>rationi.</strong></span> <span class='ocrx_word' id='word_1_311' title='bbox 734 4013 787 4055; x_wconf 78' lang='lat' dir='ltr'><strong>Et</strong></span> <span class='ocrx_word' id='word_1_312' title='bbox 804 4011 909 4055; x_wconf 86' lang='lat' dir='ltr'><strong>hanc</strong></span> <span class='ocrx_word' id='word_1_313' title='bbox 922 4011 1048 4056; x_wconf 88' lang='lat' dir='ltr'><strong>etiam</strong></span> <span class='ocrx_word' id='word_1_314' title='bbox 1067 4011 1382 4065; x_wconf 80' lang='lat' dir='ltr'><strong>dispositionem</strong></span> <span class='ocrx_word' id='word_1_315' title='bbox 1399 4017 1517 4056; x_wconf 78' lang='lat' dir='ltr'><strong>vocat</strong></span> <span class='ocrx_word' id='word_1_316' title='bbox 1533 4013 1722 4056; x_wconf 83' lang='lat' dir='ltr'><strong>Philoso-</strong></span> 
     </span>
     <span class='ocr_line' id='line_1_43' title="bbox 361 4067 1722 4133; baseline -0.003 -17"><span class='ocrx_word' id='word_1_317' title='bbox 361 4072 467 4133; x_wconf 73' lang='lat' dir='ltr'><strong>pum</strong></span> <span class='ocrx_word' id='word_1_318' title='bbox 490 4070 536 4114; x_wconf 88' lang='lat' dir='ltr'><strong>in</strong></span> <span class='ocrx_word' id='word_1_319' title='bbox 551 4070 577 4113; x_wconf 79' lang='lat'><strong>5</strong></span> <span class='ocrx_word' id='word_1_320' title='bbox 592 4069 729 4113; x_wconf 76' lang='lat' dir='ltr'><strong>Ethic.</strong></span> <span class='ocrx_word' id='word_1_321' title='bbox 745 4067 952 4122; x_wconf 83' lang='lat' dir='ltr'><strong>justitiam</strong></span> <span class='ocrx_word' id='word_1_322' title='bbox 977 4068 1256 4120; x_wconf 84' lang='lat' dir='ltr'><strong>metaphorice</strong></span> <span class='ocrx_word' id='word_1_323' title='bbox 1274 4068 1440 4113; x_wconf 88' lang='lat' dir='ltr'><strong>dictam.</strong></span> <span class='ocrx_word' id='word_1_324' title='bbox 1468 4071 1570 4114; x_wconf 75' lang='lat' dir='ltr'><strong>Hauc</strong></span> <span class='ocrx_word' id='word_1_325' title='bbox 1586 4075 1722 4114; x_wconf 87' lang='lat' dir='ltr'><strong>autem</strong></span> 
     </span>
     <span class='ocr_line' id='line_1_44' title="bbox 359 4123 1724 4179; baseline 0 -10"><span class='ocrx_word' id='word_1_326' title='bbox 359 4126 525 4179; x_wconf 79' lang='lat' dir='ltr'><strong>Justitia</strong></span> <span class='ocrx_word' id='word_1_327' title='bbox 544 4126 589 4168; x_wconf 89' lang='lat' dir='ltr'><strong>in</strong></span> <span class='ocrx_word' id='word_1_328' title='bbox 607 4125 770 4169; x_wconf 83' lang='lat' dir='ltr'><strong>bomine</strong></span> <span class='ocrx_word' id='word_1_329' title='bbox 790 4128 924 4178; x_wconf 88' lang='lat' dir='ltr'><strong>potest</strong></span> <span class='ocrx_word' id='word_1_330' title='bbox 941 4124 1031 4168; x_wconf 80' lang='lat' dir='ltr'><strong>lieri</strong></span> <span class='ocrx_word' id='word_1_331' title='bbox 1049 4123 1285 4177; x_wconf 81' lang='lat' dir='ltr'><strong>dupliciter.</strong></span> <span class='ocrx_word' id='word_1_332' title='bbox 1302 4126 1396 4169; x_wconf 84' lang='lat' dir='ltr'><strong>Uno</strong></span> <span class='ocrx_word' id='word_1_333' title='bbox 1413 4123 1581 4177; x_wconf 90' lang='lat' dir='ltr'><strong>quidem</strong></span> <span class='ocrx_word' id='word_1_334' title='bbox 1597 4124 1724 4169; x_wconf 90' lang='lat' dir='ltr'><strong>modo</strong></span> 
     </span>
     <span class='ocr_line' id='line_1_45' title="bbox 361 4179 1722 4235; baseline -0.003 -7"><span class='ocrx_word' id='word_1_335' title='bbox 361 4193 438 4235; x_wconf 87' lang='lat' dir='ltr'><strong>per</strong></span> <span class='ocrx_word' id='word_1_336' title='bbox 469 4188 625 4227; x_wconf 88' lang='lat' dir='ltr'><strong>motum</strong></span> <span class='ocrx_word' id='word_1_337' title='bbox 640 4181 843 4234; x_wconf 83' lang='lat' dir='ltr'><strong>simplicis</strong></span> <span class='ocrx_word' id='word_1_338' title='bbox 869 4179 1165 4234; x_wconf 72' lang='lat' dir='ltr'><strong>generationis.</strong></span> <span class='ocrx_word' id='word_1_339' title='bbox 1184 4181 1253 4234; x_wconf 87' lang='lat' dir='ltr'><strong>qui</strong></span> <span class='ocrx_word' id='word_1_340' title='bbox 1271 4185 1335 4224; x_wconf 65' lang='lat' dir='ltr'><strong>est</strong></span> <span class='ocrx_word' id='word_1_341' title='bbox 1351 4190 1404 4225; x_wconf 86' lang='lat' dir='ltr'><strong>ex</strong></span> <span class='ocrx_word' id='word_1_342' title='bbox 1421 4181 1653 4235; x_wconf 83' lang='lat' dir='ltr'><strong>privatione</strong></span> <span class='ocrx_word' id='word_1_343' title='bbox 1669 4181 1722 4225; x_wconf 87' lang='lat' dir='ltr'><strong>ad</strong></span> 
     </span>
     <span class='ocr_line' id='line_1_46' title="bbox 362 4235 1725 4291; baseline -0.001 -8"><span class='ocrx_word' id='word_1_344' title='bbox 362 4240 553 4283; x_wconf 72' lang='lat' dir='ltr'><strong>formam.</strong></span> <span class='ocrx_word' id='word_1_345' title='bbox 579 4240 636 4280; x_wconf 79' lang='lat' dir='ltr'><strong>Et</strong></span> <span class='ocrx_word' id='word_1_346' title='bbox 660 4237 739 4281; x_wconf 85' lang='lat' dir='ltr'><strong>boc</strong></span> <span class='ocrx_word' id='word_1_347' title='bbox 765 4237 887 4281; x_wconf 90' lang='lat' dir='ltr'><strong>modo</strong></span> <span class='ocrx_word' id='word_1_348' title='bbox 911 4235 1156 4291; x_wconf 73' lang='lat' dir='ltr'><strong>iustificatio</strong></span> <span class='ocrx_word' id='word_1_349' title='bbox 1184 4241 1323 4289; x_wconf 86' lang='lat' dir='ltr'><strong>posset</strong></span> <span class='ocrx_word' id='word_1_350' title='bbox 1348 4241 1580 4289; x_wconf 88' lang='lat' dir='ltr'><strong>competere</strong></span> <span class='ocrx_word' id='word_1_351' title='bbox 1598 4237 1725 4281; x_wconf 89' lang='lat' dir='ltr'><strong>etiam</strong></span> 
     </span>
     <span class='ocr_line' id='line_1_47' title="bbox 360 4291 1726 4349; baseline -0.004 -9"><span class='ocrx_word' id='word_1_352' title='bbox 360 4293 423 4341; x_wconf 85' lang='lat' dir='ltr'><strong>el.</strong></span> <span class='ocrx_word' id='word_1_353' title='bbox 469 4295 540 4349; x_wconf 90' lang='lat' dir='ltr'><strong>qui</strong></span> <span class='ocrx_word' id='word_1_354' title='bbox 575 4304 659 4338; x_wconf 89' lang='lat' dir='ltr'><strong>non</strong></span> <span class='ocrx_word' id='word_1_355' title='bbox 692 4298 806 4338; x_wconf 78' lang='lat' dir='ltr'><strong>esset</strong></span> <span class='ocrx_word' id='word_1_356' title='bbox 838 4292 882 4336; x_wconf 92' lang='lat' dir='ltr'><strong>in</strong></span> <span class='ocrx_word' id='word_1_357' title='bbox 915 4296 1099 4346; x_wconf 79' lang='lat' dir='ltr'><strong>peccato,</strong></span> <span class='ocrx_word' id='word_1_358' title='bbox 1131 4292 1226 4336; x_wconf 89' lang='lat' dir='ltr'><strong>dum</strong></span> <span class='ocrx_word' id='word_1_359' title='bbox 1257 4291 1492 4344; x_wconf 81' lang='lat' dir='ltr'><strong>huJusmodi</strong></span> <span class='ocrx_word' id='word_1_360' title='bbox 1520 4292 1726 4346; x_wconf 86' lang='lat' dir='ltr'><strong>justitiam</strong></span> 
     </span>
     <span class='ocr_line' id='line_1_48' title="bbox 365 4346 1726 4401; baseline -0.001 -8"><span class='ocrx_word' id='word_1_361' title='bbox 365 4349 493 4394; x_wconf 84' lang='lat' dir='ltr'><strong>etiam</strong></span> <span class='ocrx_word' id='word_1_362' title='bbox 520 4359 546 4393; x_wconf 89' lang='lat' dir='ltr'><strong>a</strong></span> <span class='ocrx_word' id='word_1_363' title='bbox 563 4351 655 4393; x_wconf 80' lang='lat' dir='ltr'><strong>Deo</strong></span> <span class='ocrx_word' id='word_1_364' title='bbox 670 4349 894 4401; x_wconf 85' lang='lat' dir='ltr'><strong>acciperet.</strong></span> <span class='ocrx_word' id='word_1_365' title='bbox 922 4348 1032 4392; x_wconf 91' lang='lat' dir='ltr'><strong>sicut</strong></span> <span class='ocrx_word' id='word_1_366' title='bbox 1047 4347 1180 4391; x_wconf 75' lang='lat' dir='ltr'><strong>Adam</strong></span> <span class='ocrx_word' id='word_1_367' title='bbox 1203 4347 1357 4392; x_wconf 91' lang='lat' dir='ltr'><strong>dicitur</strong></span> <span class='ocrx_word' id='word_1_368' title='bbox 1371 4349 1580 4401; x_wconf 84' lang='lat' dir='ltr'><strong>accepisse</strong></span> <span class='ocrx_word' id='word_1_369' title='bbox 1596 4346 1726 4400; x_wconf 70' lang='lat' dir='ltr'><strong>origi·</strong></span> 
     </span>
     <span class='ocr_line' id='line_1_49' title="bbox 363 4402 1726 4458; baseline -0.002 -8"><span class='ocrx_word' id='word_1_370' title='bbox 363 4406 504 4450; x_wconf 85' lang='lat' dir='ltr'><strong>nalem</strong></span> <span class='ocrx_word' id='word_1_371' title='bbox 518 4404 737 4458; x_wconf 82' lang='lat' dir='ltr'><strong>justitiam.</strong></span> <span class='ocrx_word' id='word_1_372' title='bbox 768 4403 866 4448; x_wconf 75' lang='lat' dir='ltr'><strong>Alio</strong></span> <span class='ocrx_word' id='word_1_373' title='bbox 892 4403 1015 4447; x_wconf 88' lang='lat' dir='ltr'><strong>modo</strong></span> <span class='ocrx_word' id='word_1_374' title='bbox 1040 4406 1175 4456; x_wconf 64' lang='lat' dir='ltr'><strong>potest</strong></span> <span class='ocrx_word' id='word_1_375' title='bbox 1192 4404 1285 4447; x_wconf 84' lang='lat' dir='ltr'><strong>fleri</strong></span> <span class='ocrx_word' id='word_1_376' title='bbox 1310 4402 1545 4457; x_wconf 80' lang='lat' dir='ltr'><strong>hujusmodi</strong></span> <span class='ocrx_word' id='word_1_377' title='bbox 1560 4403 1726 4453; x_wconf 82' lang='lat' dir='ltr'><strong>justitia</strong></span> 
     </span>
     <span class='ocr_line' id='line_1_50' title="bbox 363 4459 1726 4513; baseline -0.001 -7"><span class='ocrx_word' id='word_1_378' title='bbox 363 4461 412 4506; x_wconf 89' lang='lat' dir='ltr'><strong>in</strong></span> <span class='ocrx_word' id='word_1_379' title='bbox 430 4461 598 4506; x_wconf 82' lang='lat' dir='ltr'><strong>bomine</strong></span> <span class='ocrx_word' id='word_1_380' title='bbox 614 4459 839 4505; x_wconf 84' lang='lat' dir='ltr'><strong>secundum</strong></span> <span class='ocrx_word' id='word_1_381' title='bbox 852 4459 1053 4504; x_wconf 84' lang='lat' dir='ltr'><strong>rationem</strong></span> <span class='ocrx_word' id='word_1_382' title='bbox 1073 4463 1220 4511; x_wconf 85' lang='lat' dir='ltr'><strong>motus.</strong></span> <span class='ocrx_word' id='word_1_383' title='bbox 1234 4461 1304 4513; x_wconf 84' lang='lat' dir='ltr'><strong>qut</strong></span> <span class='ocrx_word' id='word_1_384' title='bbox 1321 4465 1386 4504; x_wconf 70' lang='lat' dir='ltr'><strong>ast</strong></span> <span class='ocrx_word' id='word_1_385' title='bbox 1397 4459 1450 4504; x_wconf 89' lang='lat' dir='ltr'><strong>de</strong></span> <span class='ocrx_word' id='word_1_386' title='bbox 1462 4459 1669 4504; x_wconf 88' lang='lat' dir='ltr'><strong>contrario</strong></span> <span class='ocrx_word' id='word_1_387' title='bbox 1680 4461 1726 4504; x_wconf 89' lang='lat' dir='ltr'><strong>in</strong></span> 
     </span>
     <span class='ocr_line' id='line_1_51' title="bbox 362 4515 1727 4571; baseline -0.001 -8"><span class='ocrx_word' id='word_1_388' title='bbox 362 4519 647 4571; x_wconf 67' lang='lat' dir='ltr'><strong>contrarium</strong></span> <span class='ocrx_word' id='word_1_389' title='bbox 666 4522 707 4563; x_wconf 88' lang='lat' dir='ltr'><strong>et</strong></span> <span class='ocrx_word' id='word_1_390' title='bbox 725 4517 950 4562; x_wconf 88' lang='lat' dir='ltr'><strong>secundum</strong></span> <span class='ocrx_word' id='word_1_391' title='bbox 968 4517 1045 4561; x_wconf 83' lang='lat' dir='ltr'><strong>boc</strong></span> <span class='ocrx_word' id='word_1_392' title='bbox 1059 4515 1304 4570; x_wconf 79' lang='lat' dir='ltr'><strong>justificatio</strong></span> <span class='ocrx_word' id='word_1_393' title='bbox 1316 4517 1508 4570; x_wconf 85' lang='lat' dir='ltr'><strong>importat</strong></span> <span class='ocrx_word' id='word_1_394' title='bbox 1527 4522 1727 4562; x_wconf 84' lang='lat' dir='ltr'><strong>transmu-</strong></span> 
     </span>
     <span class='ocr_line' id='line_1_52' title="bbox 361 4574 1728 4673; baseline -0.002 -51"><span class='ocrx_word' id='word_1_395' title='bbox 361 4576 565 4622; x_wconf 84' lang='lat' dir='ltr'><strong>tationem</strong></span> <span class='ocrx_word' id='word_1_396' title='bbox 582 4576 787 4630; x_wconf 86' lang='lat' dir='ltr'><strong>quandam</strong></span> <span class='ocrx_word' id='word_1_397' title='bbox 802 4574 855 4620; x_wconf 87' lang='lat' dir='ltr'><strong>de</strong></span> <span class='ocrx_word' id='word_1_398' title='bbox 866 4578 975 4619; x_wconf 82' lang='lat' dir='ltr'><strong>statu</strong></span> <span class='ocrx_word' id='word_1_399' title='bbox 987 4574 1205 4627; x_wconf 70' lang='lat' dir='ltr'><strong>injustitiae</strong></span> <span class='ocrx_word' id='word_1_400' title='bbox 1217 4575 1270 4619; x_wconf 84' lang='lat' dir='ltr'><strong>ad</strong></span> <span class='ocrx_word' id='word_1_401' title='bbox 1282 4580 1430 4619; x_wconf 84' lang='lat' dir='ltr'><strong>statum</strong></span> <span class='ocrx_word' id='word_1_402' title='bbox 1437 4574 1615 4628; x_wconf 73' lang='lat' dir='ltr'><strong>justitiae</strong></span> <span class='ocrx_word' id='word_1_403' title='bbox 1622 4585 1728 4673; x_wconf 51' lang='lat' dir='ltr'><strong>frte·</strong></span> 
     </span>
     <span class='ocr_line' id='line_1_53' title="bbox 363 4630 1729 4686; baseline -0.002 -8"><span class='ocrx_word' id='word_1_404' title='bbox 363 4633 506 4686; x_wconf 69' lang='lat' dir='ltr'><strong>dictae.</strong></span> <span class='ocrx_word' id='word_1_405' title='bbox 527 4634 583 4676; x_wconf 76' lang='lat' dir='ltr'><strong>Bt</strong></span> <span class='ocrx_word' id='word_1_406' title='bbox 600 4632 680 4676; x_wconf 86' lang='lat' dir='ltr'><strong>boc</strong></span> <span class='ocrx_word' id='word_1_407' title='bbox 697 4631 820 4675; x_wconf 92' lang='lat' dir='ltr'><strong>modo</strong></span> <span class='ocrx_word' id='word_1_408' title='bbox 837 4630 1044 4686; x_wconf 83' lang='lat' dir='ltr'><strong>loquimur</strong></span> <span class='ocrx_word' id='word_1_409' title='bbox 1059 4630 1128 4675; x_wconf 85' lang='lat' dir='ltr'><strong>hic</strong></span> <span class='ocrx_word' id='word_1_410' title='bbox 1143 4631 1195 4675; x_wconf 89' lang='lat' dir='ltr'><strong>de</strong></span> <span class='ocrx_word' id='word_1_411' title='bbox 1209 4630 1508 4684; x_wconf 76' lang='lat' dir='ltr'><strong>justificatione</strong></span> <span class='ocrx_word' id='word_1_412' title='bbox 1521 4630 1618 4684; x_wconf 74' lang='lat' dir='ltr'><strong>imm</strong></span> <span class='ocrx_word' id='word_1_413' title='bbox 1640 4663 1651 4682; x_wconf 83' lang='lat'><em>.</em></span> <span class='ocrx_word' id='word_1_414' title='bbox 1665 4640 1729 4675; x_wconf 88' lang='lat' dir='ltr'><strong>se-</strong></span> 
     </span>
     <span class='ocr_line' id='line_1_54' title="bbox 360 4687 1730 4743; baseline -0.003 -6"><span class='ocrx_word' id='word_1_415' title='bbox 360 4691 545 4737; x_wconf 86' lang='lat' dir='ltr'><strong>cundum</strong></span> <span class='ocrx_word' id='word_1_416' title='bbox 562 4688 669 4734; x_wconf 77' lang='lat' dir='ltr'><strong>iilud</strong></span> <span class='ocrx_word' id='word_1_417' title='bbox 684 4688 875 4743; x_wconf 76' lang='lat' dir='ltr'><strong>Apostoli</strong></span> <span class='ocrx_word' id='word_1_418' title='bbox 889 4687 947 4733; x_wconf 81' lang='lat' dir='ltr'><strong>ad</strong></span> <span class='ocrx_word' id='word_1_419' title='bbox 963 4690 1084 4732; x_wconf 78' lang='lat' dir='ltr'><strong>Rom.</strong></span> <span class='ocrx_word' id='word_1_420' title='bbox 1103 4691 1145 4732; x_wconf 76' lang='lat'><strong>⁴:</strong></span> <span class='ocrx_word' id='word_1_421' title='bbox 1163 4688 1214 4732; x_wconf 75' lang='lat' dir='ltr'><strong>Bi</strong></span> <span class='ocrx_word' id='word_1_422' title='bbox 1234 4689 1304 4742; x_wconf 87' lang='lat' dir='ltr'><strong>qui</strong></span> <span class='ocrx_word' id='word_1_423' title='bbox 1322 4698 1405 4733; x_wconf 90' lang='lat' dir='ltr'><strong>non</strong></span> <span class='ocrx_word' id='word_1_424' title='bbox 1423 4694 1628 4741; x_wconf 82' lang='lat' dir='ltr'><strong>operatur,</strong></span> <span class='ocrx_word' id='word_1_425' title='bbox 1642 4696 1730 4733; x_wconf 89' lang='lat' dir='ltr'><strong>cre-</strong></span> 
     </span>
     <span class='ocr_line' id='line_1_55' title="bbox 360 4743 1730 4799; baseline -0.003 -7"><span class='ocrx_word' id='word_1_426' title='bbox 360 4746 488 4793; x_wconf 85' lang='lat' dir='ltr'><strong>denti</strong></span> <span class='ocrx_word' id='word_1_427' title='bbox 502 4750 642 4791; x_wconf 82' lang='lat' dir='ltr'><strong>antem</strong></span> <span class='ocrx_word' id='word_1_428' title='bbox 658 4745 703 4789; x_wconf 90' lang='lat' dir='ltr'><strong>in</strong></span> <span class='ocrx_word' id='word_1_429' title='bbox 716 4754 810 4789; x_wconf 87' lang='lat' dir='ltr'><strong>eum</strong></span> <span class='ocrx_word' id='word_1_430' title='bbox 828 4744 899 4799; x_wconf 83' lang='lat' dir='ltr'><strong>qui</strong></span> <span class='ocrx_word' id='word_1_431' title='bbox 913 4744 1116 4797; x_wconf 75' lang='lat' dir='ltr'><strong>justificat</strong></span> <span class='ocrx_word' id='word_1_432' title='bbox 1127 4743 1311 4797; x_wconf 83' lang='lat' dir='ltr'><strong>impium,</strong></span> <span class='ocrx_word' id='word_1_433' title='bbox 1324 4749 1403 4788; x_wconf 91' lang='lat' dir='ltr'><strong>etc.</strong></span> <span class='ocrx_word' id='word_1_434' title='bbox 1415 4746 1470 4787; x_wconf 78' lang='lat' dir='ltr'><strong>Et</strong></span> <span class='ocrx_word' id='word_1_435' title='bbox 1486 4744 1583 4797; x_wconf 89' lang='lat' dir='ltr'><strong>quia</strong></span> <span class='ocrx_word' id='word_1_436' title='bbox 1596 4751 1730 4788; x_wconf 89' lang='lat' dir='ltr'><strong>motus</strong></span> 
     </span>
     <span class='ocr_line' id='line_1_56' title="bbox 359 4800 1729 4856; baseline -0.004 -6"><span class='ocrx_word' id='word_1_437' title='bbox 359 4803 656 4851; x_wconf 85' lang='lat' dir='ltr'><strong>denominatur</strong></span> <span class='ocrx_word' id='word_1_438' title='bbox 688 4802 822 4856; x_wconf 73' lang='lat' dir='ltr'><strong>magis</strong></span> <span class='ocrx_word' id='word_1_439' title='bbox 848 4811 873 4845; x_wconf 88' lang='lat' dir='ltr'><strong>a</strong></span> <span class='ocrx_word' id='word_1_440' title='bbox 891 4802 1073 4846; x_wconf 89' lang='lat' dir='ltr'><strong>termino</strong></span> <span class='ocrx_word' id='word_1_441' title='bbox 1088 4800 1143 4845; x_wconf 88' lang='lat' dir='ltr'><strong>ad</strong></span> <span class='ocrx_word' id='word_1_442' title='bbox 1172 4811 1305 4855; x_wconf 84' lang='lat' dir='ltr'><strong>quem.</strong></span> <span class='ocrx_word' id='word_1_443' title='bbox 1325 4811 1446 4855; x_wconf 90' lang='lat' dir='ltr'><strong>quam</strong></span> <span class='ocrx_word' id='word_1_444' title='bbox 1461 4812 1486 4845; x_wconf 88' lang='lat' dir='ltr'><strong>a</strong></span> <span class='ocrx_word' id='word_1_445' title='bbox 1511 4801 1690 4848; x_wconf 86' lang='lat' dir='ltr'><strong>termino</strong></span> <span class='ocrx_word' id='word_1_446' title='bbox 1704 4811 1729 4845; x_wconf 82' lang='lat' dir='ltr'><strong>a</strong></span> 
     </span>
     <span class='ocr_line' id='line_1_57' title="bbox 358 4857 1733 4919; baseline -0.005 -11"><span class='ocrx_word' id='word_1_447' title='bbox 358 4872 461 4919; x_wconf 81' lang='lat' dir='ltr'><strong>qno.</strong></span> <span class='ocrx_word' id='word_1_448' title='bbox 481 4860 581 4906; x_wconf 85' lang='lat' dir='ltr'><strong>ideo</strong></span> <span class='ocrx_word' id='word_1_449' title='bbox 598 4857 836 4912; x_wconf 83' lang='lat' dir='ltr'><strong>hujusmodi</strong></span> <span class='ocrx_word' id='word_1_450' title='bbox 853 4857 1155 4909; x_wconf 83' lang='lat' dir='ltr'><strong>transmutatio.</strong></span> <span class='ocrx_word' id='word_1_451' title='bbox 1174 4869 1253 4913; x_wconf 86' lang='lat' dir='ltr'><strong>qua</strong></span> <span class='ocrx_word' id='word_1_452' title='bbox 1270 4858 1426 4913; x_wconf 78' lang='lat' dir='ltr'><strong>aliquis</strong></span> <span class='ocrx_word' id='word_1_453' title='bbox 1443 4863 1733 4903; x_wconf 76' lang='lat' dir='ltr'><strong>transmutatur</strong></span> 
     </span>
     <span class='ocr_line' id='line_1_58' title="bbox 356 4913 1734 4970; baseline -0.005 -5"><span class='ocrx_word' id='word_1_454' title='bbox 356 4929 387 4966; x_wconf 79' lang='lat' dir='ltr'><strong>a</strong></span> <span class='ocrx_word' id='word_1_455' title='bbox 414 4922 523 4964; x_wconf 78' lang='lat' dir='ltr'><strong>statu</strong></span> <span class='ocrx_word' id='word_1_456' title='bbox 553 4916 778 4970; x_wconf 67' lang='lat' dir='ltr'><strong>injustitia</strong></span> <span class='ocrx_word' id='word_1_457' title='bbox 794 4913 851 4959; x_wconf 82' lang='lat' dir='ltr'><strong>ad</strong></span> <span class='ocrx_word' id='word_1_458' title='bbox 878 4918 1027 4959; x_wconf 76' lang='lat' dir='ltr'><strong>statum</strong></span> <span class='ocrx_word' id='word_1_459' title='bbox 1041 4913 1218 4967; x_wconf 72' lang='lat' dir='ltr'><strong>justitiae</strong></span> <span class='ocrx_word' id='word_1_460' title='bbox 1237 4924 1311 4969; x_wconf 89' lang='lat' dir='ltr'><strong>per</strong></span> <span class='ocrx_word' id='word_1_461' title='bbox 1334 4914 1622 4961; x_wconf 79' lang='lat' dir='ltr'><strong>remissionem</strong></span> <span class='ocrx_word' id='word_1_462' title='bbox 1638 4923 1734 4968; x_wconf 86' lang='lat' dir='ltr'><strong>pec·</strong></span> 
     </span>
    </p>
   </div>
   <div class='ocr_carea' id='block_1_8' title="bbox 516 4994 1522 5069">
    <p class='ocr_par' dir='ltr' id='par_1_12' title="bbox 516 4994 1522 5069">
     <span class='ocr_line' id='line_1_59' title="bbox 516 4994 1522 5069; baseline -0.004 -10"><span class='ocrx_word' id='word_1_463' title='bbox 516 4997 806 5059; x_wconf 74' lang='lat' dir='ltr'><strong>salmam.</strong></span> <span class='ocrx_word' id='word_1_464' title='bbox 840 4995 1006 5057; x_wconf 77' lang='lat' dir='ltr'><strong>Cur-s.</strong></span> <span class='ocrx_word' id='word_1_465' title='bbox 1036 4996 1260 5069; x_wconf 57' lang='lat' dir='ltr'><strong>theoloffi</strong></span> <span class='ocrx_word' id='word_1_466' title='bbox 1291 5003 1435 5054; x_wconf 82' lang='lat' dir='ltr'><strong>tom.·</strong></span> <span class='ocrx_word' id='word_1_467' title='bbox 1453 4994 1522 5055; x_wconf 84' lang='grc' dir='ltr'><strong>Χ.</strong></span> 
     </span>
    </p>
   </div>
   <div class='ocr_carea' id='block_1_9' title="bbox 1834 1738 3199 2638">
    <p class='ocr_par' dir='ltr' id='par_1_13' title="bbox 1834 1738 3197 1850">
     <span class='ocr_line' id='line_1_60' title="bbox 1834 1738 3197 1840; baseline 0.002 -58"><span class='ocrx_word' id='word_1_468' title='bbox 1834 1738 1935 1840; x_wconf 54' lang='lat' dir='ltr'><strong>catii.</strong></span> <span class='ocrx_word' id='word_1_469' title='bbox 1950 1740 2121 1785; x_wconf 89' lang='lat' dir='ltr'><strong>sortitur</strong></span> <span class='ocrx_word' id='word_1_470' title='bbox 2139 1749 2288 1787; x_wconf 88' lang='lat' dir='ltr'><strong>nomen</strong></span> <span class='ocrx_word' id='word_1_471' title='bbox 2304 1749 2328 1784; x_wconf 85' lang='lat' dir='ltr'><strong>a</strong></span> <span class='ocrx_word' id='word_1_472' title='bbox 2344 1741 2521 1785; x_wconf 86' lang='lat' dir='ltr'><strong>termino</strong></span> <span class='ocrx_word' id='word_1_473' title='bbox 2537 1742 2590 1786; x_wconf 86' lang='lat' dir='ltr'><strong>ad</strong></span> <span class='ocrx_word' id='word_1_474' title='bbox 2607 1751 2742 1796; x_wconf 84' lang='lat' dir='ltr'><strong>quem.</strong></span> <span class='ocrx_word' id='word_1_475' title='bbox 2758 1746 2803 1787; x_wconf 84' lang='lat' dir='ltr'><strong>et</strong></span> <span class='ocrx_word' id='word_1_476' title='bbox 2818 1746 2984 1786; x_wconf 76' lang='lat' dir='ltr'><strong>vocatur</strong></span> <span class='ocrx_word' id='word_1_477' title='bbox 2997 1741 3197 1794; x_wconf 76' lang='lat' dir='ltr'><strong>justifica·</strong></span> 
     </span>
     <span class='ocr_line' id='line_1_61' title="bbox 1835 1796 2050 1850; baseline 0 -10"><span class='ocrx_word' id='word_1_478' title='bbox 1835 1796 1898 1841; x_wconf 91' lang='lat' dir='ltr'><strong>tio</strong></span> <span class='ocrx_word' id='word_1_479' title='bbox 1935 1797 2050 1850; x_wconf 89' lang='lat' dir='ltr'><strong>mpii.</strong></span> 
     </span>
    </p>

    <p class='ocr_par' dir='ltr' id='par_1_14' title="bbox 1837 1852 3195 2189">
     <span class='ocr_line' id='line_1_62' title="bbox 1885 1852 3195 1908; baseline 0.002 -13"><span class='ocrx_word' id='word_1_480' title='bbox 1885 1852 1955 1895; x_wconf 76' lang='lat' dir='ltr'><strong>Ad</strong></span> <span class='ocrx_word' id='word_1_481' title='bbox 1970 1853 2144 1906; x_wconf 86' lang='lat' dir='ltr'><strong>primum</strong></span> <span class='ocrx_word' id='word_1_482' title='bbox 2161 1862 2262 1906; x_wconf 77' lang='lat' dir='ltr'><strong>ergo</strong></span> <span class='ocrx_word' id='word_1_483' title='bbox 2287 1853 2523 1907; x_wconf 83' lang='lat' dir='ltr'><strong>dicendum,</strong></span> <span class='ocrx_word' id='word_1_484' title='bbox 2550 1855 2661 1906; x_wconf 87' lang='lat' dir='ltr'><strong>quod</strong></span> <span class='ocrx_word' id='word_1_485' title='bbox 2678 1865 2797 1899; x_wconf 77' lang='lat' dir='ltr'><strong>onine</strong></span> <span class='ocrx_word' id='word_1_486' title='bbox 2819 1862 3027 1908; x_wconf 84' lang='lat' dir='ltr'><strong>peccatum</strong></span> <span class='ocrx_word' id='word_1_487' title='bbox 3051 1863 3195 1898; x_wconf 89' lang='lat' dir='ltr'><strong>secun-</strong></span> 
     </span>
     <span class='ocr_line' id='line_1_63' title="bbox 1838 1908 3193 1971; baseline 0.001 -20"><span class='ocrx_word' id='word_1_488' title='bbox 1838 1908 2079 1971; x_wconf 46' lang='lat' dir='ltr'><strong>dum-quod</strong></span> <span class='ocrx_word' id='word_1_489' title='bbox 2112 1909 2305 1962; x_wconf 84' lang='lat' dir='ltr'><strong>importat</strong></span> <span class='ocrx_word' id='word_1_490' title='bbox 2330 1910 2533 1964; x_wconf 88' lang='lat' dir='ltr'><strong>quandam</strong></span> <span class='ocrx_word' id='word_1_491' title='bbox 2559 1909 2908 1956; x_wconf 87' lang='lat' dir='ltr'><strong>inordinationem</strong></span> <span class='ocrx_word' id='word_1_492' title='bbox 2935 1910 3085 1956; x_wconf 84' lang='lat' dir='ltr'><strong>mentis</strong></span> <span class='ocrx_word' id='word_1_493' title='bbox 3110 1919 3193 1953; x_wconf 91' lang='lat' dir='ltr'><strong>non</strong></span> 
     </span>
     <span class='ocr_line' id='line_1_64' title="bbox 1837 1964 3194 2019; baseline 0 -11"><span class='ocrx_word' id='word_1_494' title='bbox 1837 1964 2017 2008; x_wconf 77' lang='lat' dir='ltr'><strong>subdttae</strong></span> <span class='ocrx_word' id='word_1_495' title='bbox 2033 1966 2140 2013; x_wconf 89' lang='lat' dir='ltr'><strong>Deo.</strong></span> <span class='ocrx_word' id='word_1_496' title='bbox 2158 1964 2364 2017; x_wconf 83' lang='lat' dir='ltr'><strong>injustitia</strong></span> <span class='ocrx_word' id='word_1_497' title='bbox 2381 1971 2515 2019; x_wconf 86' lang='lat' dir='ltr'><strong>potest</strong></span> <span class='ocrx_word' id='word_1_498' title='bbox 2527 1965 2611 2009; x_wconf 91' lang='lat' dir='ltr'><strong>dici</strong></span> <span class='ocrx_word' id='word_1_499' title='bbox 2626 1967 3019 2019; x_wconf 67' lang='lat' dir='ltr'><strong>praedictauustitiae</strong></span> <span class='ocrx_word' id='word_1_500' title='bbox 3031 1970 3194 2009; x_wconf 87' lang='lat' dir='ltr'><strong>contra·</strong></span> 
     </span>
     <span class='ocr_line' id='line_1_65' title="bbox 1839 2020 3193 2076; baseline 0 -11"><span class='ocrx_word' id='word_1_501' title='bbox 1839 2020 1916 2073; x_wconf 81' lang='lat' dir='ltr'><strong>ria.</strong></span> <span class='ocrx_word' id='word_1_502' title='bbox 1934 2021 2158 2065; x_wconf 86' lang='lat' dir='ltr'><strong>secundum</strong></span> <span class='ocrx_word' id='word_1_503' title='bbox 2188 2020 2295 2064; x_wconf 87' lang='lat' dir='ltr'><strong>illud</strong></span> <span class='ocrx_word' id='word_1_504' title='bbox 2321 2022 2447 2065; x_wconf 76' lang='lat' dir='ltr'><strong>Joau.</strong></span> <span class='ocrx_word' id='word_1_505' title='bbox 2467 2024 2516 2064; x_wconf 84' lang='lat'><strong>8:</strong></span> <span class='ocrx_word' id='word_1_506' title='bbox 2536 2021 2678 2065; x_wconf 86' lang='lat' dir='ltr'><strong>Omnis</strong></span> <span class='ocrx_word' id='word_1_507' title='bbox 2703 2023 2771 2076; x_wconf 86' lang='lat' dir='ltr'><strong>qui</strong></span> <span class='ocrx_word' id='word_1_508' title='bbox 2792 2024 2893 2067; x_wconf 80' lang='lat' dir='ltr'><strong>tacit</strong></span> <span class='ocrx_word' id='word_1_509' title='bbox 2908 2027 3132 2075; x_wconf 79' lang='lat' dir='ltr'><strong>peccatum,</strong></span> <span class='ocrx_word' id='word_1_510' title='bbox 3150 2027 3193 2066; x_wconf 87' lang='lat' dir='ltr'><strong>et</strong></span> 
     </span>
     <span class='ocr_line' id='line_1_66' title="bbox 1840 2076 3192 2133; baseline 0.001 -12"><span class='ocrx_word' id='word_1_511' title='bbox 1840 2076 2099 2132; x_wconf 90' lang='lat' dir='ltr'><strong>iniquitatem</strong></span> <span class='ocrx_word' id='word_1_512' title='bbox 2134 2079 2247 2129; x_wconf 78' lang='lat' dir='ltr'><strong>tacit.</strong></span> <span class='ocrx_word' id='word_1_513' title='bbox 2277 2084 2321 2124; x_wconf 87' lang='lat' dir='ltr'><strong>et</strong></span> <span class='ocrx_word' id='word_1_514' title='bbox 2349 2084 2561 2132; x_wconf 90' lang='lat' dir='ltr'><strong>peccatum</strong></span> <span class='ocrx_word' id='word_1_515' title='bbox 2588 2079 2880 2133; x_wconf 85' lang='lat' dir='ltr'><strong>estiniquitas.</strong></span> <span class='ocrx_word' id='word_1_516' title='bbox 2899 2079 3192 2125; x_wconf 80' lang='lat' dir='ltr'><strong>Etsecundum</strong></span> 
     </span>
     <span class='ocr_line' id='line_1_67' title="bbox 1838 2132 2967 2189; baseline 0.001 -11"><span class='ocrx_word' id='word_1_517' title='bbox 1838 2132 1916 2178; x_wconf 82' lang='lat' dir='ltr'><strong>hoc</strong></span> <span class='ocrx_word' id='word_1_518' title='bbox 1933 2134 2107 2179; x_wconf 90' lang='lat' dir='ltr'><strong>remotio</strong></span> <span class='ocrx_word' id='word_1_519' title='bbox 2125 2133 2345 2187; x_wconf 80' lang='lat' dir='ltr'><strong>cujuslibet</strong></span> <span class='ocrx_word' id='word_1_520' title='bbox 2361 2134 2518 2187; x_wconf 89' lang='lat' dir='ltr'><strong>peccati</strong></span> <span class='ocrx_word' id='word_1_521' title='bbox 2545 2134 2700 2179; x_wconf 88' lang='lat' dir='ltr'><strong>dicitur</strong></span> <span class='ocrx_word' id='word_1_522' title='bbox 2713 2136 2967 2189; x_wconf 77' lang='lat' dir='ltr'><strong>justificatio.</strong></span> 
     </span>
    </p>

    <p class='ocr_par' dir='ltr' id='par_1_15' title="bbox 1840 2189 3198 2516">
     <span class='ocr_line' id='line_1_68' title="bbox 1887 2189 3194 2244; baseline 0.001 -13"><span class='ocrx_word' id='word_1_523' title='bbox 1887 2189 1955 2232; x_wconf 76' lang='lat' dir='ltr'><strong>Ad</strong></span> <span class='ocrx_word' id='word_1_524' title='bbox 1985 2190 2207 2235; x_wconf 85' lang='lat' dir='ltr'><strong>secundnm</strong></span> <span class='ocrx_word' id='word_1_525' title='bbox 2227 2189 2462 2241; x_wconf 79' lang='lat' dir='ltr'><strong>dicendum,</strong></span> <span class='ocrx_word' id='word_1_526' title='bbox 2494 2190 2604 2244; x_wconf 91' lang='lat' dir='ltr'><strong>quod</strong></span> <span class='ocrx_word' id='word_1_527' title='bbox 2632 2191 2751 2243; x_wconf 83' lang='lat' dir='ltr'><strong>tides,</strong></span> <span class='ocrx_word' id='word_1_528' title='bbox 2778 2195 2820 2235; x_wconf 88' lang='lat' dir='ltr'><strong>et</strong></span> <span class='ocrx_word' id='word_1_529' title='bbox 2845 2191 3025 2235; x_wconf 85' lang='lat' dir='ltr'><strong>charitas</strong></span> <span class='ocrx_word' id='word_1_530' title='bbox 3051 2190 3194 2234; x_wconf 83' lang='lat' dir='ltr'><strong>dicunt</strong></span> 
     </span>
     <span class='ocr_line' id='line_1_69' title="bbox 1840 2246 3197 2300; baseline 0 -10"><span class='ocrx_word' id='word_1_531' title='bbox 1840 2246 2029 2291; x_wconf 89' lang='lat' dir='ltr'><strong>ordinem</strong></span> <span class='ocrx_word' id='word_1_532' title='bbox 2046 2248 2268 2300; x_wconf 87' lang='lat' dir='ltr'><strong>specialem</strong></span> <span class='ocrx_word' id='word_1_533' title='bbox 2282 2248 2433 2292; x_wconf 86' lang='lat' dir='ltr'><strong>mentis</strong></span> <span class='ocrx_word' id='word_1_534' title='bbox 2450 2247 2634 2292; x_wconf 65' lang='lat' dir='ltr'><strong>humanae</strong></span> <span class='ocrx_word' id='word_1_535' title='bbox 2650 2249 2702 2291; x_wconf 90' lang='lat' dir='ltr'><strong>ad</strong></span> <span class='ocrx_word' id='word_1_536' title='bbox 2721 2251 2867 2299; x_wconf 83' lang='lat' dir='ltr'><strong>Deum.</strong></span> <span class='ocrx_word' id='word_1_537' title='bbox 2885 2247 3110 2293; x_wconf 85' lang='lat' dir='ltr'><strong>secundum</strong></span> <span class='ocrx_word' id='word_1_538' title='bbox 3130 2246 3197 2290; x_wconf 90' lang='lat' dir='ltr'><strong>in·</strong></span> 
     </span>
     <span class='ocr_line' id='line_1_70' title="bbox 1841 2301 3198 2358; baseline 0.001 -11"><span class='ocrx_word' id='word_1_539' title='bbox 1841 2302 2064 2354; x_wconf 86' lang='lat' dir='ltr'><strong>tellectum.</strong></span> <span class='ocrx_word' id='word_1_540' title='bbox 2099 2301 2165 2348; x_wconf 85' lang='lat' dir='ltr'><strong>vel</strong></span> <span class='ocrx_word' id='word_1_541' title='bbox 2194 2304 2386 2347; x_wconf 74' lang='lat' dir='ltr'><strong>affectum</strong></span> <span class='ocrx_word' id='word_1_542' title='bbox 2420 2321 2432 2347; x_wconf 66' lang='grc' dir='ltr'><strong><em>ε</em></strong></span> <span class='ocrx_word' id='word_1_543' title='bbox 2461 2303 2537 2348; x_wconf 88' lang='lat' dir='ltr'><strong>sed</strong></span> <span class='ocrx_word' id='word_1_544' title='bbox 2550 2303 2714 2356; x_wconf 83' lang='lat' dir='ltr'><strong>justitia</strong></span> <span class='ocrx_word' id='word_1_545' title='bbox 2741 2304 2929 2358; x_wconf 84' lang='lat' dir='ltr'><strong>importat</strong></span> <span class='ocrx_word' id='word_1_546' title='bbox 2946 2303 3198 2358; x_wconf 69' lang='lat' dir='ltr'><strong>genet-aliter</strong></span> 
     </span>
     <span class='ocr_line' id='line_1_71' title="bbox 1840 2359 3197 2415; baseline -0.001 -11"><span class='ocrx_word' id='word_1_547' title='bbox 1840 2365 1967 2404; x_wconf 90' lang='lat' dir='ltr'><strong>totam</strong></span> <span class='ocrx_word' id='word_1_548' title='bbox 2001 2359 2291 2405; x_wconf 88' lang='lat' dir='ltr'><strong>rectitudinem</strong></span> <span class='ocrx_word' id='word_1_549' title='bbox 2325 2360 2500 2405; x_wconf 87' lang='lat' dir='ltr'><strong>ordinis.</strong></span> <span class='ocrx_word' id='word_1_550' title='bbox 2538 2364 2591 2405; x_wconf 81' lang='lat' dir='ltr'><strong>Et</strong></span> <span class='ocrx_word' id='word_1_551' title='bbox 2618 2361 2713 2405; x_wconf 89' lang='lat' dir='ltr'><strong>ideo</strong></span> <span class='ocrx_word' id='word_1_552' title='bbox 2749 2362 2878 2415; x_wconf 76' lang='lat' dir='ltr'><strong>magis</strong></span> <span class='ocrx_word' id='word_1_553' title='bbox 2909 2360 3197 2405; x_wconf 82' lang='lat' dir='ltr'><strong>denominatur</strong></span> 
     </span>
     <span class='ocr_line' id='line_1_72' title="bbox 1841 2415 3195 2516; baseline 0 -57"><span class='ocrx_word' id='word_1_554' title='bbox 1841 2415 2076 2516; x_wconf 59' lang='lat' dir='ltr'><strong>lnigjusmodi</strong></span> <span class='ocrx_word' id='word_1_555' title='bbox 2117 2417 2402 2461; x_wconf 90' lang='lat' dir='ltr'><strong>transmutatio</strong></span> <span class='ocrx_word' id='word_1_556' title='bbox 2427 2427 2452 2460; x_wconf 87' lang='lat' dir='ltr'><strong>a</strong></span> <span class='ocrx_word' id='word_1_557' title='bbox 2479 2416 2661 2470; x_wconf 83' lang='lat' dir='ltr'><strong>justitia,</strong></span> <span class='ocrx_word' id='word_1_558' title='bbox 2690 2427 2812 2472; x_wconf 88' lang='lat' dir='ltr'><strong>quam</strong></span> <span class='ocrx_word' id='word_1_559' title='bbox 2838 2428 2862 2460; x_wconf 91' lang='lat' dir='ltr'><strong>a</strong></span> <span class='ocrx_word' id='word_1_560' title='bbox 2897 2417 3111 2468; x_wconf 81' lang='lat' dir='ltr'><strong>charitate.</strong></span> <span class='ocrx_word' id='word_1_561' title='bbox 3128 2417 3195 2460; x_wconf 84' lang='lat' dir='ltr'><strong>vet</strong></span> 
     </span>
    </p>

    <p class='ocr_par' dir='ltr' id='par_1_16' title="bbox 1842 2527 3199 2638">
     <span class='ocr_line' id='line_1_73' title="bbox 1890 2527 3198 2583; baseline 0.001 -12"><span class='ocrx_word' id='word_1_562' title='bbox 1890 2528 1958 2572; x_wconf 78' lang='lat' dir='ltr'><strong>Ad</strong></span> <span class='ocrx_word' id='word_1_563' title='bbox 1981 2527 2147 2573; x_wconf 90' lang='lat' dir='ltr'><strong>tertium</strong></span> <span class='ocrx_word' id='word_1_564' title='bbox 2166 2528 2403 2580; x_wconf 81' lang='lat' dir='ltr'><strong>dicendum,</strong></span> <span class='ocrx_word' id='word_1_565' title='bbox 2422 2529 2532 2583; x_wconf 88' lang='lat' dir='ltr'><strong>quod</strong></span> <span class='ocrx_word' id='word_1_566' title='bbox 2551 2530 2715 2574; x_wconf 84' lang='lat' dir='ltr'><strong>vocatio</strong></span> <span class='ocrx_word' id='word_1_567' title='bbox 2733 2529 2912 2574; x_wconf 78' lang='lat' dir='ltr'><strong>refertur</strong></span> <span class='ocrx_word' id='word_1_568' title='bbox 2928 2530 2981 2572; x_wconf 89' lang='lat' dir='ltr'><strong>ad</strong></span> <span class='ocrx_word' id='word_1_569' title='bbox 2997 2528 3198 2573; x_wconf 82' lang='lat' dir='ltr'><strong>auxilium</strong></span> 
     </span>
     <span class='ocr_line' id='line_1_74' title="bbox 1842 2585 3199 2638; baseline -0.001 -8"><span class='ocrx_word' id='word_1_570' title='bbox 1842 2585 1921 2630; x_wconf 88' lang='lat' dir='ltr'><strong>Dei</strong></span> <span class='ocrx_word' id='word_1_571' title='bbox 1942 2585 2118 2630; x_wconf 88' lang='lat' dir='ltr'><strong>interius</strong></span> <span class='ocrx_word' id='word_1_572' title='bbox 2134 2586 2354 2638; x_wconf 72' lang='lat' dir='ltr'><strong>moventis.</strong></span> <span class='ocrx_word' id='word_1_573' title='bbox 2367 2591 2411 2631; x_wconf 89' lang='lat' dir='ltr'><strong>et</strong></span> <span class='ocrx_word' id='word_1_574' title='bbox 2425 2587 2648 2631; x_wconf 82' lang='lat' dir='ltr'><strong>excitantis</strong></span> <span class='ocrx_word' id='word_1_575' title='bbox 2660 2592 2835 2631; x_wconf 88' lang='lat' dir='ltr'><strong>mentem</strong></span> <span class='ocrx_word' id='word_1_576' title='bbox 2853 2587 2907 2630; x_wconf 85' lang='lat' dir='ltr'><strong>ad</strong></span> <span class='ocrx_word' id='word_1_577' title='bbox 2925 2586 3199 2631; x_wconf 87' lang='lat' dir='ltr'><strong>deserendum</strong></span> 
     </span>
    </p>
   </div>
   <div class='ocr_carea' id='block_1_10' title="bbox 1843 2644 3201 2753">
    <p class='ocr_par' dir='ltr' id='par_1_17' title="bbox 1843 2644 3201 2753">
     <span class='ocr_line' id='line_1_75' title="bbox 1843 2644 3201 2708; baseline 0.001 -22"><span class='ocrx_word' id='word_1_578' title='bbox 1843 2648 2064 2696; x_wconf 88' lang='lat' dir='ltr'><strong>peccatum.</strong></span> <span class='ocrx_word' id='word_1_579' title='bbox 2086 2644 2186 2695; x_wconf 81' lang='lat' dir='ltr'><strong>Quae</strong></span> <span class='ocrx_word' id='word_1_580' title='bbox 2204 2644 2370 2708; x_wconf 83' lang='lat' dir='ltr'><strong>quidem</strong></span> <span class='ocrx_word' id='word_1_581' title='bbox 2389 2644 2516 2689; x_wconf 90' lang='lat' dir='ltr'><strong>motio</strong></span> <span class='ocrx_word' id='word_1_582' title='bbox 2528 2644 2609 2690; x_wconf 89' lang='lat' dir='ltr'><strong>Dei</strong></span> <span class='ocrx_word' id='word_1_583' title='bbox 2623 2655 2704 2689; x_wconf 91' lang='lat' dir='ltr'><strong>non</strong></span> <span class='ocrx_word' id='word_1_584' title='bbox 2715 2649 2780 2689; x_wconf 88' lang='lat' dir='ltr'><strong>est</strong></span> <span class='ocrx_word' id='word_1_585' title='bbox 2798 2646 2882 2697; x_wconf 83' lang='lat' dir='ltr'><strong>ipsa</strong></span> <span class='ocrx_word' id='word_1_586' title='bbox 2902 2645 3093 2691; x_wconf 85' lang='lat' dir='ltr'><strong>remissio</strong></span> <span class='ocrx_word' id='word_1_587' title='bbox 3110 2654 3201 2699; x_wconf 89' lang='lat' dir='ltr'><strong>pec·</strong></span> 
     </span>
     <span class='ocr_line' id='line_1_76' title="bbox 1843 2699 2299 2753; baseline -0.002 -9"><span class='ocrx_word' id='word_1_588' title='bbox 1843 2700 1940 2751; x_wconf 83' lang='lat' dir='ltr'><strong>cati.</strong></span> <span class='ocrx_word' id='word_1_589' title='bbox 1958 2699 2035 2744; x_wconf 89' lang='lat' dir='ltr'><strong>sed</strong></span> <span class='ocrx_word' id='word_1_590' title='bbox 2052 2710 2174 2744; x_wconf 79' lang='lat' dir='ltr'><strong>causa</strong></span> <span class='ocrx_word' id='word_1_591' title='bbox 2192 2710 2299 2753; x_wconf 67' lang='lat' dir='ltr'><strong>esus.</strong></span> 
     </span>
    </p>
   </div>
   <div class='ocr_carea' id='block_1_11' title="bbox 1920 2839 2708 2900">
    <p class='ocr_par' dir='ltr' id='par_1_18' title="bbox 1920 2839 2708 2900">
     <span class='ocr_line' id='line_1_77' title="bbox 1920 2839 2708 2900; baseline -0.001 0"><span class='ocrx_word' id='word_1_592' title='bbox 1920 2839 2212 2900; x_wconf 77' lang='lat' dir='ltr'><strong>Conclusio</strong></span> <span class='ocrx_word' id='word_1_593' title='bbox 2236 2845 2321 2898; x_wconf 83' lang='lat' dir='ltr'><strong>est</strong></span> <span class='ocrx_word' id='word_1_594' title='bbox 2347 2840 2708 2899; x_wconf 85' lang='lat' dir='ltr'><strong>affirmativa.</strong></span> 
     </span>
    </p>
   </div>
   <div class='ocr_carea' id='block_1_12' title="bbox 2324 3067 2724 3111">
    <p class='ocr_par' dir='ltr' id='par_1_19' title="bbox 2324 3067 2724 3111">
     <span class='ocr_line' id='line_1_78' title="bbox 2324 3067 2724 3111; baseline 0 -2"><span class='ocrx_word' id='word_1_595' title='bbox 2324 3067 2641 3111; x_wconf 74' lang='lat' dir='ltr'><strong>ARTIGULUS</strong></span> <span class='ocrx_word' id='word_1_596' title='bbox 2666 3069 2724 3110; x_wconf 93' lang='lat'><strong>11.</strong></span> 
     </span>
    </p>
   </div>
   <div class='ocr_carea' id='block_1_13' title="bbox 1851 3193 3199 3310">
    <p class='ocr_par' dir='ltr' id='par_1_20' title="bbox 1851 3193 3199 3310">
     <span class='ocr_line' id='line_1_79' title="bbox 1851 3193 3199 3265; baseline 0.004 -23"><span class='ocrx_word' id='word_1_597' title='bbox 1851 3200 1996 3243; x_wconf 78' lang='lat' dir='ltr'><strong>Utrum</strong></span> <span class='ocrx_word' id='word_1_598' title='bbox 2020 3200 2078 3243; x_wconf 72' lang='lat' dir='ltr'><strong>aa</strong></span> <span class='ocrx_word' id='word_1_599' title='bbox 2101 3199 2391 3265; x_wconf 66' lang='lat' dir='ltr'><strong>remissionem</strong></span> <span class='ocrx_word' id='word_1_600' title='bbox 2414 3193 2562 3254; x_wconf 58' lang='lat' dir='ltr'><strong>culpe.</strong></span> <span class='ocrx_word' id='word_1_601' title='bbox 2590 3212 2681 3255; x_wconf 73' lang='lat' dir='ltr'><strong>quse</strong></span> <span class='ocrx_word' id='word_1_602' title='bbox 2704 3204 2769 3245; x_wconf 82' lang='lat' dir='ltr'><strong>est</strong></span> <span class='ocrx_word' id='word_1_603' title='bbox 2785 3201 3038 3254; x_wconf 70' lang='lat' dir='ltr'><strong>justificatio</strong></span> <span class='ocrx_word' id='word_1_604' title='bbox 3064 3203 3199 3257; x_wconf 79' lang='lat' dir='ltr'><strong>impii.</strong></span> 
     </span>
     <span class='ocr_line' id='line_1_80' title="bbox 2214 3259 2828 3310; baseline 0.008 -10"><span class='ocrx_word' id='word_1_605' title='bbox 2214 3261 2461 3310; x_wconf 65' lang='lat' dir='ltr'><strong>requiratur</strong></span> <span class='ocrx_word' id='word_1_606' title='bbox 2480 3259 2633 3310; x_wconf 50' lang='lat' dir='ltr'><strong>aratia*</strong></span> <span class='ocrx_word' id='word_1_607' title='bbox 2656 3260 2828 3310; x_wconf 60' lang='lat' dir='ltr'><strong>insudo.</strong></span> 
     </span>
    </p>
   </div>
   <div class='ocr_carea' id='block_1_14' title="bbox 1847 3391 3204 3503">
    <p class='ocr_par' dir='ltr' id='par_1_21' title="bbox 1847 3391 3204 3503">
     <span class='ocr_line' id='line_1_81' title="bbox 1894 3391 3204 3447; baseline 0.004 -14"><span class='ocrx_word' id='word_1_608' title='bbox 1894 3391 1962 3434; x_wconf 78' lang='lat' dir='ltr'><strong>Ad</strong></span> <span class='ocrx_word' id='word_1_609' title='bbox 1978 3391 2200 3436; x_wconf 86' lang='lat' dir='ltr'><strong>secundum</strong></span> <span class='ocrx_word' id='word_1_610' title='bbox 2218 3391 2282 3435; x_wconf 89' lang='lat' dir='ltr'><strong>sic</strong></span> <span class='ocrx_word' id='word_1_611' title='bbox 2298 3391 2548 3444; x_wconf 88' lang='lat' dir='ltr'><strong>proceditur.</strong></span> <span class='ocrx_word' id='word_1_612' title='bbox 2581 3392 2770 3446; x_wconf 80' lang='lat' dir='ltr'><strong>videtur,</strong></span> <span class='ocrx_word' id='word_1_613' title='bbox 2791 3396 2899 3447; x_wconf 81' lang='lat' dir='ltr'><strong>quod</strong></span> <span class='ocrx_word' id='word_1_614' title='bbox 2922 3395 2975 3439; x_wconf 89' lang='lat' dir='ltr'><strong>ad</strong></span> <span class='ocrx_word' id='word_1_615' title='bbox 2995 3394 3204 3439; x_wconf 89' lang='lat' dir='ltr'><strong>remissio·</strong></span> 
     </span>
     <span class='ocr_line' id='line_1_82' title="bbox 1847 3446 3204 3503; baseline 0.001 -12"><span class='ocrx_word' id='word_1_616' title='bbox 1847 3455 1940 3491; x_wconf 90' lang='lat' dir='ltr'><strong>nem</strong></span> <span class='ocrx_word' id='word_1_617' title='bbox 1959 3447 2102 3499; x_wconf 83' lang='lat' dir='ltr'><strong>culpae.</strong></span> <span class='ocrx_word' id='word_1_618' title='bbox 2120 3457 2212 3500; x_wconf 73' lang='lat' dir='ltr'><strong>quie</strong></span> <span class='ocrx_word' id='word_1_619' title='bbox 2228 3450 2294 3490; x_wconf 82' lang='lat' dir='ltr'><strong>est</strong></span> <span class='ocrx_word' id='word_1_620' title='bbox 2306 3446 2550 3499; x_wconf 70' lang='lat' dir='ltr'><strong>justificatio</strong></span> <span class='ocrx_word' id='word_1_621' title='bbox 2568 3447 2701 3501; x_wconf 81' lang='lat' dir='ltr'><strong>impii,</strong></span> <span class='ocrx_word' id='word_1_622' title='bbox 2716 3460 2795 3493; x_wconf 88' lang='lat' dir='ltr'><strong>non</strong></span> <span class='ocrx_word' id='word_1_623' title='bbox 2811 3450 3045 3503; x_wconf 87' lang='lat' dir='ltr'><strong>requiratur</strong></span> <span class='ocrx_word' id='word_1_624' title='bbox 3060 3449 3204 3503; x_wconf 72' lang='lat' dir='ltr'><strong>gratiae</strong></span> 
     </span>
    </p>
   </div>
   <div class='ocr_carea' id='block_1_15' title="bbox 1796 3501 3205 3554">
    <p class='ocr_par' dir='ltr' id='par_1_22' title="bbox 1796 3501 3205 3554">
     <span class='ocr_line' id='line_1_83' title="bbox 1796 3501 3205 3554; baseline 0.001 -7"><span class='ocrx_word' id='word_1_625' title='bbox 1796 3512 1803 3518; x_wconf 89' lang='grc'><strong><em>’</em></strong></span> <span class='ocrx_word' id='word_1_626' title='bbox 1847 3502 2017 3547; x_wconf 76' lang='lat' dir='ltr'><strong>infusio.</strong></span> <span class='ocrx_word' id='word_1_627' title='bbox 2037 3504 2179 3547; x_wconf 82' lang='lat' dir='ltr'><strong>Potest</strong></span> <span class='ocrx_word' id='word_1_628' title='bbox 2193 3502 2307 3546; x_wconf 87' lang='lat' dir='ltr'><strong>enim</strong></span> <span class='ocrx_word' id='word_1_629' title='bbox 2322 3501 2476 3554; x_wconf 89' lang='lat' dir='ltr'><strong>aliquis</strong></span> <span class='ocrx_word' id='word_1_630' title='bbox 2497 3504 2699 3548; x_wconf 83' lang='lat' dir='ltr'><strong>removeri</strong></span> <span class='ocrx_word' id='word_1_631' title='bbox 2718 3505 2772 3548; x_wconf 88' lang='lat' dir='ltr'><strong>ab</strong></span> <span class='ocrx_word' id='word_1_632' title='bbox 2789 3515 2871 3549; x_wconf 91' lang='lat' dir='ltr'><strong>uno</strong></span> <span class='ocrx_word' id='word_1_633' title='bbox 2888 3505 3096 3549; x_wconf 84' lang='lat' dir='ltr'><strong>contrario</strong></span> <span class='ocrx_word' id='word_1_634' title='bbox 3112 3505 3205 3549; x_wconf 85' lang='lat' dir='ltr'><strong>sine</strong></span> 
     </span>
    </p>
   </div>
   <div class='ocr_carea' id='block_1_16' title="bbox 1847 3557 3231 4970">
    <p class='ocr_par' dir='ltr' id='par_1_23' title="bbox 1847 3557 3208 3840">
     <span class='ocr_line' id='line_1_84' title="bbox 1848 3557 3203 3613; baseline 0.001 -10"><span class='ocrx_word' id='word_1_635' title='bbox 1848 3559 1940 3611; x_wconf 85' lang='lat' dir='ltr'><strong>hoc.</strong></span> <span class='ocrx_word' id='word_1_636' title='bbox 1959 3559 2069 3613; x_wconf 91' lang='lat' dir='ltr'><strong>quod</strong></span> <span class='ocrx_word' id='word_1_637' title='bbox 2087 3557 2333 3612; x_wconf 87' lang='lat' dir='ltr'><strong>perducatur</strong></span> <span class='ocrx_word' id='word_1_638' title='bbox 2346 3560 2401 3603; x_wconf 87' lang='lat' dir='ltr'><strong>ad</strong></span> <span class='ocrx_word' id='word_1_639' title='bbox 2417 3559 2609 3610; x_wconf 83' lang='lat' dir='ltr'><strong>alterum,</strong></span> <span class='ocrx_word' id='word_1_640' title='bbox 2626 3559 2663 3603; x_wconf 86' lang='lat' dir='ltr'><strong>si</strong></span> <span class='ocrx_word' id='word_1_641' title='bbox 2682 3561 2888 3605; x_wconf 88' lang='lat' dir='ltr'><strong>contraria</strong></span> <span class='ocrx_word' id='word_1_642' title='bbox 2909 3563 2993 3606; x_wconf 87' lang='lat' dir='ltr'><strong>sint</strong></span> <span class='ocrx_word' id='word_1_643' title='bbox 3010 3561 3203 3606; x_wconf 73' lang='lat' dir='ltr'><strong>medIata.</strong></span> 
     </span>
     <span class='ocr_line' id='line_1_85' title="bbox 1848 3615 3208 3670; baseline 0 -10"><span class='ocrx_word' id='word_1_644' title='bbox 1848 3615 1933 3660; x_wconf 84' lang='lat' dir='ltr'><strong>Sed</strong></span> <span class='ocrx_word' id='word_1_645' title='bbox 1944 3620 2075 3659; x_wconf 86' lang='lat' dir='ltr'><strong>status</strong></span> <span class='ocrx_word' id='word_1_646' title='bbox 2086 3615 2231 3668; x_wconf 84' lang='lat' dir='ltr'><strong>cnlpae,</strong></span> <span class='ocrx_word' id='word_1_647' title='bbox 2248 3620 2291 3659; x_wconf 93' lang='lat' dir='ltr'><strong>et</strong></span> <span class='ocrx_word' id='word_1_648' title='bbox 2302 3621 2431 3660; x_wconf 86' lang='lat' dir='ltr'><strong>status</strong></span> <span class='ocrx_word' id='word_1_649' title='bbox 2443 3616 2589 3669; x_wconf 69' lang='lat' dir='ltr'><strong>gratim</strong></span> <span class='ocrx_word' id='word_1_650' title='bbox 2603 3623 2698 3661; x_wconf 89' lang='lat' dir='ltr'><strong>sunt</strong></span> <span class='ocrx_word' id='word_1_651' title='bbox 2710 3619 2917 3662; x_wconf 84' lang='lat' dir='ltr'><strong>contraria</strong></span> <span class='ocrx_word' id='word_1_652' title='bbox 2931 3617 3107 3668; x_wconf 87' lang='lat' dir='ltr'><strong>mediata</strong></span> <span class='ocrx_word' id='word_1_653' title='bbox 3119 3635 3131 3670; x_wconf 71' lang='lat' dir='ltr'><strong>t</strong></span> <span class='ocrx_word' id='word_1_654' title='bbox 3143 3621 3208 3662; x_wconf 86' lang='lat' dir='ltr'><strong>est</strong></span> 
     </span>
     <span class='ocr_line' id='line_1_86' title="bbox 1847 3674 3208 3731; baseline 0.001 -12"><span class='ocrx_word' id='word_1_655' title='bbox 1847 3676 1961 3722; x_wconf 89' lang='lat' dir='ltr'><strong>enim</strong></span> <span class='ocrx_word' id='word_1_656' title='bbox 1984 3675 2148 3719; x_wconf 85' lang='lat' dir='ltr'><strong>medius</strong></span> <span class='ocrx_word' id='word_1_657' title='bbox 2173 3680 2304 3719; x_wconf 83' lang='lat' dir='ltr'><strong>status</strong></span> <span class='ocrx_word' id='word_1_658' title='bbox 2334 3675 2601 3724; x_wconf 76' lang='lat' dir='ltr'><strong>innocentiae.</strong></span> <span class='ocrx_word' id='word_1_659' title='bbox 2621 3674 2664 3718; x_wconf 93' lang='lat' dir='ltr'><strong>in</strong></span> <span class='ocrx_word' id='word_1_660' title='bbox 2695 3686 2775 3729; x_wconf 87' lang='lat' dir='ltr'><strong>quo</strong></span> <span class='ocrx_word' id='word_1_661' title='bbox 2797 3677 2917 3721; x_wconf 86' lang='lat' dir='ltr'><strong>homo</strong></span> <span class='ocrx_word' id='word_1_662' title='bbox 2936 3687 3012 3721; x_wconf 85' lang='lat' dir='ltr'><strong>nec</strong></span> <span class='ocrx_word' id='word_1_663' title='bbox 3035 3677 3208 3731; x_wconf 78' lang='lat' dir='ltr'><strong>gratiam</strong></span> 
     </span>
     <span class='ocr_line' id='line_1_87' title="bbox 1849 3731 3208 3786; baseline 0.001 -10"><span class='ocrx_word' id='word_1_664' title='bbox 1849 3731 1989 3782; x_wconf 84' lang='lat' dir='ltr'><strong>habet,</strong></span> <span class='ocrx_word' id='word_1_665' title='bbox 2023 3740 2101 3775; x_wconf 87' lang='lat' dir='ltr'><strong>nec</strong></span> <span class='ocrx_word' id='word_1_666' title='bbox 2135 3731 2293 3785; x_wconf 80' lang='lat' dir='ltr'><strong>culpam</strong></span> <span class='ocrx_word' id='word_1_667' title='bbox 2312 3748 2324 3774; x_wconf 71' lang='grc' dir='ltr'><strong><em>ε</em></strong></span> <span class='ocrx_word' id='word_1_668' title='bbox 2354 3741 2454 3784; x_wconf 72' lang='lat' dir='ltr'><strong>ergo</strong></span> <span class='ocrx_word' id='word_1_669' title='bbox 2485 3735 2619 3784; x_wconf 83' lang='lat' dir='ltr'><strong>potest</strong></span> <span class='ocrx_word' id='word_1_670' title='bbox 2644 3731 2769 3776; x_wconf 87' lang='lat' dir='ltr'><strong>alicui</strong></span> <span class='ocrx_word' id='word_1_671' title='bbox 2798 3732 2952 3777; x_wconf 87' lang='lat' dir='ltr'><strong>remitti</strong></span> <span class='ocrx_word' id='word_1_672' title='bbox 2977 3732 3097 3786; x_wconf 88' lang='lat' dir='ltr'><strong>culpa</strong></span> <span class='ocrx_word' id='word_1_673' title='bbox 3114 3732 3208 3777; x_wconf 84' lang='lat' dir='ltr'><strong>sine</strong></span> 
     </span>
     <span class='ocr_line' id='line_1_88' title="bbox 1850 3784 2610 3840; baseline -0.005 -9"><span class='ocrx_word' id='word_1_674' title='bbox 1850 3786 1943 3838; x_wconf 85' lang='lat' dir='ltr'><strong>hoc,</strong></span> <span class='ocrx_word' id='word_1_675' title='bbox 1956 3785 2066 3840; x_wconf 86' lang='lat' dir='ltr'><strong>quod</strong></span> <span class='ocrx_word' id='word_1_676' title='bbox 2082 3785 2330 3839; x_wconf 72' lang='lat' dir='ltr'><strong>perducatur</strong></span> <span class='ocrx_word' id='word_1_677' title='bbox 2343 3784 2399 3829; x_wconf 87' lang='lat' dir='ltr'><strong>ad</strong></span> <span class='ocrx_word' id='word_1_678' title='bbox 2426 3784 2610 3838; x_wconf 79' lang='lat' dir='ltr'><strong>gratiam.</strong></span> 
     </span>
    </p>

    <p class='ocr_par' dir='ltr' id='par_1_24' title="bbox 1850 3841 3210 4124">
     <span class='ocr_line' id='line_1_89' title="bbox 1898 3841 3203 3897; baseline 0.002 -11"><span class='ocrx_word' id='word_1_679' title='bbox 1898 3844 2104 3887; x_wconf 65' lang='lat' dir='ltr'><strong>Praeterea</strong></span> <span class='ocrx_word' id='word_1_680' title='bbox 2119 3861 2130 3886; x_wconf 85' lang='lat'><em>=</em></span> <span class='ocrx_word' id='word_1_681' title='bbox 2149 3841 2357 3887; x_wconf 83' lang='lat' dir='ltr'><strong>Remissio</strong></span> <span class='ocrx_word' id='word_1_682' title='bbox 2368 3841 2498 3896; x_wconf 82' lang='lat' dir='ltr'><strong>culpae</strong></span> <span class='ocrx_word' id='word_1_683' title='bbox 2511 3842 2701 3886; x_wconf 89' lang='lat' dir='ltr'><strong>consistit</strong></span> <span class='ocrx_word' id='word_1_684' title='bbox 2714 3844 2758 3887; x_wconf 89' lang='lat' dir='ltr'><strong>in</strong></span> <span class='ocrx_word' id='word_1_685' title='bbox 2771 3843 3027 3897; x_wconf 87' lang='lat' dir='ltr'><strong>reputatione</strong></span> <span class='ocrx_word' id='word_1_686' title='bbox 3045 3843 3203 3896; x_wconf 81' lang='lat' dir='ltr'><strong>divina.</strong></span> 
     </span>
     <span class='ocr_line' id='line_1_90' title="bbox 1850 3900 3208 3956; baseline 0 -11"><span class='ocrx_word' id='word_1_687' title='bbox 1850 3900 2075 3946; x_wconf 85' lang='lat' dir='ltr'><strong>secundum</strong></span> <span class='ocrx_word' id='word_1_688' title='bbox 2096 3900 2202 3945; x_wconf 90' lang='lat' dir='ltr'><strong>illud</strong></span> <span class='ocrx_word' id='word_1_689' title='bbox 2220 3902 2378 3944; x_wconf 79' lang='lat' dir='ltr'><strong>Psalm.</strong></span> <span class='ocrx_word' id='word_1_690' title='bbox 2392 3902 2621 3945; x_wconf 69' lang='lat' dir='ltr'><strong>31:13oetus</strong></span> <span class='ocrx_word' id='word_1_691' title='bbox 2639 3900 2703 3944; x_wconf 82' lang='lat' dir='ltr'><strong>vir</strong></span> <span class='ocrx_word' id='word_1_692' title='bbox 2716 3902 2781 3945; x_wconf 90' lang='lat' dir='ltr'><strong>cui</strong></span> <span class='ocrx_word' id='word_1_693' title='bbox 2796 3912 2878 3945; x_wconf 89' lang='lat' dir='ltr'><strong>non</strong></span> <span class='ocrx_word' id='word_1_694' title='bbox 2896 3902 3112 3956; x_wconf 83' lang='lat' dir='ltr'><strong>imputavit</strong></span> <span class='ocrx_word' id='word_1_695' title='bbox 3124 3904 3208 3945; x_wconf 90' lang='lat' dir='ltr'><strong>Do-</strong></span> 
     </span>
     <span class='ocr_line' id='line_1_91' title="bbox 1851 3956 3209 4013; baseline 0 -10"><span class='ocrx_word' id='word_1_696' title='bbox 1851 3959 1987 4003; x_wconf 89' lang='lat' dir='ltr'><strong>minus</strong></span> <span class='ocrx_word' id='word_1_697' title='bbox 2004 3964 2227 4012; x_wconf 85' lang='lat' dir='ltr'><strong>peccatum.</strong></span> <span class='ocrx_word' id='word_1_698' title='bbox 2247 3956 2331 4003; x_wconf 89' lang='lat' dir='ltr'><strong>Sed</strong></span> <span class='ocrx_word' id='word_1_699' title='bbox 2349 3957 2506 4001; x_wconf 75' lang='lat' dir='ltr'><strong>infusio</strong></span> <span class='ocrx_word' id='word_1_700' title='bbox 2522 3959 2666 4011; x_wconf 79' lang='lat' dir='ltr'><strong>gratiae</strong></span> <span class='ocrx_word' id='word_1_701' title='bbox 2682 3959 2798 4010; x_wconf 82' lang='lat' dir='ltr'><strong>ponit</strong></span> <span class='ocrx_word' id='word_1_702' title='bbox 2826 3960 2951 4004; x_wconf 87' lang='lat' dir='ltr'><strong>etiam</strong></span> <span class='ocrx_word' id='word_1_703' title='bbox 2977 3959 3136 4013; x_wconf 86' lang='lat' dir='ltr'><strong>aliquid</strong></span> <span class='ocrx_word' id='word_1_704' title='bbox 3163 3961 3209 4004; x_wconf 89' lang='lat' dir='ltr'><strong>in</strong></span> 
     </span>
     <span class='ocr_line' id='line_1_92' title="bbox 1852 4012 3210 4069; baseline 0.001 -11"><span class='ocrx_word' id='word_1_705' title='bbox 1852 4014 1991 4065; x_wconf 84' lang='lat' dir='ltr'><strong>nobis.</strong></span> <span class='ocrx_word' id='word_1_706' title='bbox 2008 4018 2051 4058; x_wconf 91' lang='lat' dir='ltr'><strong>ut</strong></span> <span class='ocrx_word' id='word_1_707' title='bbox 2070 4025 2189 4068; x_wconf 87' lang='lat' dir='ltr'><strong>supra</strong></span> <span class='ocrx_word' id='word_1_708' title='bbox 2210 4012 2393 4058; x_wconf 81' lang='lat' dir='ltr'><strong>habitum</strong></span> <span class='ocrx_word' id='word_1_709' title='bbox 2415 4017 2505 4057; x_wconf 80' lang='lat' dir='ltr'><strong>est:</strong></span> <span class='ocrx_word' id='word_1_710' title='bbox 2522 4022 2625 4068; x_wconf 72' lang='lat' dir='ltr'><strong>ergo</strong></span> <span class='ocrx_word' id='word_1_711' title='bbox 2640 4014 2797 4059; x_wconf 79' lang='lat' dir='ltr'><strong>inlusio</strong></span> <span class='ocrx_word' id='word_1_712' title='bbox 2813 4016 2957 4069; x_wconf 77' lang='lat' dir='ltr'><strong>gratiae</strong></span> <span class='ocrx_word' id='word_1_713' title='bbox 2973 4025 3056 4059; x_wconf 90' lang='lat' dir='ltr'><strong>non</strong></span> <span class='ocrx_word' id='word_1_714' title='bbox 3073 4017 3210 4069; x_wconf 87' lang='lat' dir='ltr'><strong>requi-</strong></span> 
     </span>
     <span class='ocr_line' id='line_1_93' title="bbox 1852 4070 2503 4124; baseline -0.003 -8"><span class='ocrx_word' id='word_1_715' title='bbox 1852 4072 1958 4116; x_wconf 90' lang='lat' dir='ltr'><strong>ritur</strong></span> <span class='ocrx_word' id='word_1_716' title='bbox 1973 4070 2028 4114; x_wconf 88' lang='lat' dir='ltr'><strong>ad</strong></span> <span class='ocrx_word' id='word_1_717' title='bbox 2045 4070 2333 4116; x_wconf 82' lang='lat' dir='ltr'><strong>remissionem</strong></span> <span class='ocrx_word' id='word_1_718' title='bbox 2357 4071 2503 4124; x_wconf 68' lang='lat' dir='ltr'><strong>culpa.</strong></span> 
     </span>
    </p>

    <p class='ocr_par' dir='ltr' id='par_1_25' title="bbox 1853 4126 3219 4520">
     <span class='ocr_line' id='line_1_94' title="bbox 1902 4126 3214 4179; baseline -0.001 -7"><span class='ocrx_word' id='word_1_719' title='bbox 1902 4130 2111 4172; x_wconf 78' lang='lat' dir='ltr'><strong>Praeterea</strong></span> <span class='ocrx_word' id='word_1_720' title='bbox 2130 4145 2142 4171; x_wconf 68' lang='grc' dir='ltr'><strong><em>ε</em></strong></span> <span class='ocrx_word' id='word_1_721' title='bbox 2160 4126 2308 4171; x_wconf 75' lang='lat' dir='ltr'><strong>Nullus</strong></span> <span class='ocrx_word' id='word_1_722' title='bbox 2325 4126 2549 4179; x_wconf 83' lang='lat' dir='ltr'><strong>subjicitur</strong></span> <span class='ocrx_word' id='word_1_723' title='bbox 2563 4127 2686 4172; x_wconf 86' lang='lat' dir='ltr'><strong>simul</strong></span> <span class='ocrx_word' id='word_1_724' title='bbox 2706 4127 2865 4173; x_wconf 85' lang='lat' dir='ltr'><strong>duobus</strong></span> <span class='ocrx_word' id='word_1_725' title='bbox 2879 4127 3123 4173; x_wconf 83' lang='lat' dir='ltr'><strong>contrariis:</strong></span> <span class='ocrx_word' id='word_1_726' title='bbox 3137 4128 3214 4173; x_wconf 87' lang='lat' dir='ltr'><strong>sed</strong></span> 
     </span>
     <span class='ocr_line' id='line_1_95' title="bbox 1854 4181 3216 4238; baseline -0.001 -10"><span class='ocrx_word' id='word_1_727' title='bbox 1854 4182 2041 4238; x_wconf 73' lang='lat' dir='ltr'><strong>quaedam</strong></span> <span class='ocrx_word' id='word_1_728' title='bbox 2056 4187 2220 4236; x_wconf 70' lang='lat' dir='ltr'><strong>peccata</strong></span> <span class='ocrx_word' id='word_1_729' title='bbox 2237 4187 2332 4226; x_wconf 86' lang='lat' dir='ltr'><strong>sunt</strong></span> <span class='ocrx_word' id='word_1_730' title='bbox 2349 4181 2572 4235; x_wconf 75' lang='lat' dir='ltr'><strong>contraria.</strong></span> <span class='ocrx_word' id='word_1_731' title='bbox 2590 4183 2698 4226; x_wconf 90' lang='lat' dir='ltr'><strong>sicut</strong></span> <span class='ocrx_word' id='word_1_732' title='bbox 2715 4182 3000 4236; x_wconf 77' lang='lat' dir='ltr'><strong>prodigalitas.</strong></span> <span class='ocrx_word' id='word_1_733' title='bbox 3017 4187 3061 4227; x_wconf 89' lang='lat' dir='ltr'><strong>et</strong></span> <span class='ocrx_word' id='word_1_734' title='bbox 3076 4182 3216 4227; x_wconf 87' lang='lat' dir='ltr'><strong>illibe-</strong></span> 
     </span>
     <span class='ocr_line' id='line_1_96' title="bbox 1853 4235 3215 4292; baseline -0.001 -9"><span class='ocrx_word' id='word_1_735' title='bbox 1853 4235 2001 4283; x_wconf 85' lang='lat' dir='ltr'><strong>ralitas</strong></span> <span class='ocrx_word' id='word_1_736' title='bbox 2014 4256 2025 4281; x_wconf 88' lang='lat'><em>=</em></span> <span class='ocrx_word' id='word_1_737' title='bbox 2047 4245 2148 4291; x_wconf 71' lang='lat' dir='ltr'><strong>ergo</strong></span> <span class='ocrx_word' id='word_1_738' title='bbox 2167 4236 2237 4292; x_wconf 90' lang='lat' dir='ltr'><strong>qui</strong></span> <span class='ocrx_word' id='word_1_739' title='bbox 2254 4236 2475 4290; x_wconf 76' lang='lat' dir='ltr'><strong>subiicitur</strong></span> <span class='ocrx_word' id='word_1_740' title='bbox 2486 4244 2652 4291; x_wconf 86' lang='lat' dir='ltr'><strong>peccato</strong></span> <span class='ocrx_word' id='word_1_741' title='bbox 2663 4236 2982 4292; x_wconf 76' lang='lat' dir='ltr'><strong>prodigalitatis.</strong></span> <span class='ocrx_word' id='word_1_742' title='bbox 2994 4247 3075 4282; x_wconf 91' lang='lat' dir='ltr'><strong>non</strong></span> <span class='ocrx_word' id='word_1_743' title='bbox 3091 4237 3215 4282; x_wconf 84' lang='lat' dir='ltr'><strong>simul</strong></span> 
     </span>
     <span class='ocr_line' id='line_1_97' title="bbox 1853 4293 3216 4347; baseline 0 -7"><span class='ocrx_word' id='word_1_744' title='bbox 1853 4293 2077 4347; x_wconf 85' lang='lat' dir='ltr'><strong>subjicitur</strong></span> <span class='ocrx_word' id='word_1_745' title='bbox 2094 4297 2261 4347; x_wconf 84' lang='lat' dir='ltr'><strong>peccato</strong></span> <span class='ocrx_word' id='word_1_746' title='bbox 2277 4293 2596 4338; x_wconf 83' lang='lat' dir='ltr'><strong>illiberalitatis·</strong></span> <span class='ocrx_word' id='word_1_747' title='bbox 2626 4296 2769 4338; x_wconf 62' lang='lat' dir='ltr'><strong>Potest</strong></span> <span class='ocrx_word' id='word_1_748' title='bbox 2799 4299 2934 4339; x_wconf 85' lang='lat' dir='ltr'><strong>tamen</strong></span> <span class='ocrx_word' id='word_1_749' title='bbox 2960 4296 3216 4347; x_wconf 70' lang='lat' dir='ltr'><strong>contingere.</strong></span> 
     </span>
     <span class='ocr_line' id='line_1_98' title="bbox 1856 4349 3219 4409; baseline -0.001 -13"><span class='ocrx_word' id='word_1_750' title='bbox 1856 4352 1966 4409; x_wconf 88' lang='lat' dir='ltr'><strong>quod</strong></span> <span class='ocrx_word' id='word_1_751' title='bbox 1984 4350 2098 4405; x_wconf 88' lang='lat' dir='ltr'><strong>prius</strong></span> <span class='ocrx_word' id='word_1_752' title='bbox 2113 4350 2154 4396; x_wconf 87' lang='lat' dir='ltr'><strong>ei</strong></span> <span class='ocrx_word' id='word_1_753' title='bbox 2176 4349 2478 4405; x_wconf 79' lang='lat' dir='ltr'><strong>subjiciebatur</strong></span> <span class='ocrx_word' id='word_1_754' title='bbox 2496 4369 2508 4395; x_wconf 86' lang='lat'><em>=</em></span> <span class='ocrx_word' id='word_1_755' title='bbox 2527 4361 2629 4405; x_wconf 76' lang='lat' dir='ltr'><strong>ergo</strong></span> <span class='ocrx_word' id='word_1_756' title='bbox 2644 4351 2853 4405; x_wconf 89' lang='lat' dir='ltr'><strong>peccando</strong></span> <span class='ocrx_word' id='word_1_757' title='bbox 2871 4350 2975 4395; x_wconf 87' lang='lat' dir='ltr'><strong>vitio</strong></span> <span class='ocrx_word' id='word_1_758' title='bbox 2992 4350 3219 4404; x_wconf 73' lang='lat' dir='ltr'><strong>prodigali-</strong></span> 
     </span>
     <span class='ocr_line' id='line_1_99' title="bbox 1854 4406 3219 4461; baseline -0.001 -8"><span class='ocrx_word' id='word_1_759' title='bbox 1854 4407 1969 4458; x_wconf 67' lang='lat' dir='ltr'><strong>tatis.</strong></span> <span class='ocrx_word' id='word_1_760' title='bbox 1983 4407 2185 4452; x_wconf 89' lang='lat' dir='ltr'><strong>liberatur</strong></span> <span class='ocrx_word' id='word_1_761' title='bbox 2201 4418 2225 4451; x_wconf 89' lang='lat' dir='ltr'><strong>a</strong></span> <span class='ocrx_word' id='word_1_762' title='bbox 2244 4413 2410 4461; x_wconf 85' lang='lat' dir='ltr'><strong>peccato</strong></span> <span class='ocrx_word' id='word_1_763' title='bbox 2428 4406 2744 4459; x_wconf 79' lang='lat' dir='ltr'><strong>illiberalitatis,</strong></span> <span class='ocrx_word' id='word_1_764' title='bbox 2761 4411 2803 4452; x_wconf 94' lang='lat' dir='ltr'><strong>et</strong></span> <span class='ocrx_word' id='word_1_765' title='bbox 2820 4408 2881 4452; x_wconf 87' lang='lat' dir='ltr'><strong>sic</strong></span> <span class='ocrx_word' id='word_1_766' title='bbox 2899 4406 3123 4453; x_wconf 89' lang='lat' dir='ltr'><strong>remittitur</strong></span> <span class='ocrx_word' id='word_1_767' title='bbox 3139 4408 3219 4452; x_wconf 87' lang='lat' dir='ltr'><strong>ali-</strong></span> 
     </span>
     <span class='ocr_line' id='line_1_100' title="bbox 1855 4462 2473 4520; baseline -0.005 -11"><span class='ocrx_word' id='word_1_768' title='bbox 1855 4464 1967 4520; x_wconf 88' lang='lat' dir='ltr'><strong>quod</strong></span> <span class='ocrx_word' id='word_1_769' title='bbox 1982 4469 2192 4517; x_wconf 84' lang='lat' dir='ltr'><strong>peccatum</strong></span> <span class='ocrx_word' id='word_1_770' title='bbox 2209 4462 2302 4507; x_wconf 85' lang='lat' dir='ltr'><strong>sine</strong></span> <span class='ocrx_word' id='word_1_771' title='bbox 2325 4463 2473 4515; x_wconf 70' lang='lat' dir='ltr'><strong>gratia.</strong></span> 
     </span>
    </p>

    <p class='ocr_par' dir='ltr' id='par_1_26' title="bbox 1856 4519 3231 4970">
     <span class='ocr_line' id='line_1_101' title="bbox 1905 4519 3217 4573; baseline -0.003 -7"><span class='ocrx_word' id='word_1_772' title='bbox 1905 4520 1990 4566; x_wconf 83' lang='lat' dir='ltr'><strong>sed</strong></span> <span class='ocrx_word' id='word_1_773' title='bbox 2007 4522 2152 4564; x_wconf 91' lang='lat' dir='ltr'><strong>contra</strong></span> <span class='ocrx_word' id='word_1_774' title='bbox 2181 4522 2261 4570; x_wconf 73' lang='lat' dir='ltr'><strong>est.</strong></span> <span class='ocrx_word' id='word_1_775' title='bbox 2279 4519 2390 4573; x_wconf 83' lang='lat' dir='ltr'><strong>quod</strong></span> <span class='ocrx_word' id='word_1_776' title='bbox 2408 4519 2561 4564; x_wconf 86' lang='lat' dir='ltr'><strong>dicitur</strong></span> <span class='ocrx_word' id='word_1_777' title='bbox 2579 4520 2753 4563; x_wconf 68' lang='grc' dir='ltr'>Βοπωπ.</span> <span class='ocrx_word' id='word_1_778' title='bbox 2773 4520 2799 4563; x_wconf 84' lang='lat'><em>8</em></span> <span class='ocrx_word' id='word_1_779' title='bbox 2815 4537 2825 4562; x_wconf 85' lang='lat'><em>=</em></span> <span class='ocrx_word' id='word_1_780' title='bbox 2843 4519 3067 4564; x_wconf 84' lang='lat' dir='ltr'><strong>Justiiicati</strong></span> <span class='ocrx_word' id='word_1_781' title='bbox 3086 4520 3217 4573; x_wconf 73' lang='lat' dir='ltr'><strong>gratis</strong></span> 
     </span>
     <span class='ocr_line' id='line_1_102' title="bbox 1856 4574 2289 4639; baseline -0.007 -18"><span class='ocrx_word' id='word_1_782' title='bbox 1856 4586 1931 4632; x_wconf 90' lang='lat' dir='ltr'><strong>per</strong></span> <span class='ocrx_word' id='word_1_783' title='bbox 1952 4575 2123 4630; x_wconf 69' lang='lat' dir='ltr'><strong>gratiam</strong></span> <span class='ocrx_word' id='word_1_784' title='bbox 2143 4574 2289 4639; x_wconf 76' lang='lat' dir='ltr'><strong>ipsius.</strong></span> 
     </span>
     <span class='ocr_line' id='line_1_103' title="bbox 1857 4630 3223 4751; baseline -0.001 -19"><span class='ocrx_word' id='word_1_785' title='bbox 1857 4630 2415 4751; x_wconf 50' lang='lat' dir='ltr'><strong>afffiffleittiiffitlt</strong></span> <span class='ocrx_word' id='word_1_786' title='bbox 2432 4631 2555 4732; x_wconf 55' lang='lat' dir='ltr'><strong>witi.</strong></span> <span class='ocrx_word' id='word_1_787' title='bbox 2566 4631 3223 4751; x_wconf 45' lang='lat' dir='ltr'><strong>immaturitate</strong></span> 
     </span>
     <span class='ocr_line' id='line_1_104' title="bbox 1860 4741 3226 4805; baseline -0.002 -18"><span class='ocrx_word' id='word_1_788' title='bbox 1860 4741 2006 4794; x_wconf 81' lang='lat' dir='ltr'><strong>alicui,</strong></span> <span class='ocrx_word' id='word_1_789' title='bbox 2026 4741 2109 4785; x_wconf 79' lang='lat' dir='ltr'><strong>nisi</strong></span> <span class='ocrx_word' id='word_1_790' title='bbox 2129 4750 2202 4795; x_wconf 89' lang='lat' dir='ltr'><strong>per</strong></span> <span class='ocrx_word' id='word_1_791' title='bbox 2219 4741 2311 4793; x_wconf 87' lang='lat' dir='ltr'><strong>boc,</strong></span> <span class='ocrx_word' id='word_1_792' title='bbox 2338 4751 2418 4796; x_wconf 87' lang='lat' dir='ltr'><strong>quo</strong></span> <span class='ocrx_word' id='word_1_793' title='bbox 2463 4741 2627 4787; x_wconf 88' lang='lat' dir='ltr'><strong>animus</strong></span> <span class='ocrx_word' id='word_1_794' title='bbox 2642 4741 2788 4786; x_wconf 73' lang='lat' dir='ltr'><strong>odensi</strong></span> <span class='ocrx_word' id='word_1_795' title='bbox 2803 4747 2970 4805; x_wconf 80' lang='lat' dir='ltr'><strong>pacatur</strong></span> <span class='ocrx_word' id='word_1_796' title='bbox 2985 4741 3226 4787; x_wconf 74' lang='lat' dir='ltr'><strong>offendenti.</strong></span> 
     </span>
     <span class='ocr_line' id='line_1_105' title="bbox 1861 4796 3228 4851; baseline -0.001 -9"><span class='ocrx_word' id='word_1_797' title='bbox 1861 4801 1917 4842; x_wconf 72' lang='lat' dir='ltr'><strong>nt</strong></span> <span class='ocrx_word' id='word_1_798' title='bbox 1934 4796 2034 4842; x_wconf 90' lang='lat' dir='ltr'><strong>ideo</strong></span> <span class='ocrx_word' id='word_1_799' title='bbox 2051 4797 2276 4842; x_wconf 82' lang='lat' dir='ltr'><strong>secundum</strong></span> <span class='ocrx_word' id='word_1_800' title='bbox 2294 4796 2371 4841; x_wconf 84' lang='lat' dir='ltr'><strong>boc</strong></span> <span class='ocrx_word' id='word_1_801' title='bbox 2385 4801 2597 4850; x_wconf 83' lang='lat' dir='ltr'><strong>peccatum</strong></span> <span class='ocrx_word' id='word_1_802' title='bbox 2616 4796 2738 4840; x_wconf 82' lang='lat' dir='ltr'><strong>nobis</strong></span> <span class='ocrx_word' id='word_1_803' title='bbox 2755 4798 2913 4842; x_wconf 76' lang='lat' dir='ltr'><strong>remitti</strong></span> <span class='ocrx_word' id='word_1_804' title='bbox 2928 4797 3099 4849; x_wconf 80' lang='lat' dir='ltr'><strong>dicitur.</strong></span> <span class='ocrx_word' id='word_1_805' title='bbox 3115 4796 3228 4851; x_wconf 77' lang='lat' dir='ltr'><strong>‹iuod</strong></span> 
     </span>
     <span class='ocr_line' id='line_1_106' title="bbox 1861 4852 3230 4907; baseline 0 -7"><span class='ocrx_word' id='word_1_806' title='bbox 1861 4856 1978 4900; x_wconf 85' lang='lat' dir='ltr'><strong>Deus</strong></span> <span class='ocrx_word' id='word_1_807' title='bbox 1997 4853 2120 4899; x_wconf 88' lang='lat' dir='ltr'><strong>nobis</strong></span> <span class='ocrx_word' id='word_1_808' title='bbox 2138 4858 2317 4907; x_wconf 79' lang='lat' dir='ltr'><strong>pacatur.</strong></span> <span class='ocrx_word' id='word_1_809' title='bbox 2330 4855 2433 4906; x_wconf 77' lang='lat' dir='ltr'><strong>Quae</strong></span> <span class='ocrx_word' id='word_1_810' title='bbox 2448 4852 2615 4907; x_wconf 87' lang='lat' dir='ltr'><strong>quidem</strong></span> <span class='ocrx_word' id='word_1_811' title='bbox 2632 4863 2712 4907; x_wconf 82' lang='lat' dir='ltr'><strong>pax</strong></span> <span class='ocrx_word' id='word_1_812' title='bbox 2725 4853 2914 4898; x_wconf 78' lang='lat' dir='ltr'><strong>consistit</strong></span> <span class='ocrx_word' id='word_1_813' title='bbox 2928 4855 2974 4899; x_wconf 91' lang='lat' dir='ltr'><strong>in</strong></span> <span class='ocrx_word' id='word_1_814' title='bbox 2985 4853 3230 4906; x_wconf 83' lang='lat' dir='ltr'><strong>dilectione.</strong></span> 
     </span>
     <span class='ocr_line' id='line_1_107' title="bbox 1860 4909 3231 4970; baseline -0.001 -12"><span class='ocrx_word' id='word_1_815' title='bbox 1860 4922 1942 4970; x_wconf 90' lang='lat' dir='ltr'><strong>qua</strong></span> <span class='ocrx_word' id='word_1_816' title='bbox 1969 4913 2085 4957; x_wconf 82' lang='lat' dir='ltr'><strong>Deus</strong></span> <span class='ocrx_word' id='word_1_817' title='bbox 2112 4909 2254 4965; x_wconf 68' lang='lat' dir='ltr'><strong>diligit</strong></span> <span class='ocrx_word' id='word_1_818' title='bbox 2270 4919 2362 4956; x_wconf 82' lang='lat' dir='ltr'><strong>nos.</strong></span> <span class='ocrx_word' id='word_1_819' title='bbox 2389 4909 2571 4957; x_wconf 87' lang='lat' dir='ltr'><strong>Dilectio</strong></span> <span class='ocrx_word' id='word_1_820' title='bbox 2608 4914 2744 4956; x_wconf 88' lang='lat' dir='ltr'><strong>autem</strong></span> <span class='ocrx_word' id='word_1_821' title='bbox 2761 4910 2858 4963; x_wconf 84' lang='lat' dir='ltr'><strong>Dei,</strong></span> <span class='ocrx_word' id='word_1_822' title='bbox 2886 4915 3082 4964; x_wconf 86' lang='lat' dir='ltr'><strong>quantum</strong></span> <span class='ocrx_word' id='word_1_823' title='bbox 3096 4915 3162 4957; x_wconf 81' lang='lat' dir='ltr'><strong>est</strong></span> <span class='ocrx_word' id='word_1_824' title='bbox 3178 4921 3231 4957; x_wconf 83' lang='lat' dir='ltr'><strong>ex</strong></span> 
     </span>
    </p>
   </div>
   <div class='ocr_carea' id='block_1_17' title="bbox 3008 4995 3085 5052">
    <p class='ocr_par' dir='ltr' id='par_1_27' title="bbox 3008 4995 3085 5052">
     <span class='ocr_line' id='line_1_108' title="bbox 3008 4995 3085 5052; baseline 0.013 -1"><span class='ocrx_word' id='word_1_825' title='bbox 3008 4995 3085 5052; x_wconf 78' lang='lat'><strong>20</strong></span> 
     </span>
    </p>
   </div>
  </div>
 </body>
</html>
