3647 5753
54 929 210 984 eplica.

1394 405 1573 463 DISP.
1617 405 1713 473 lv,
1760 405 1926 462 DUB.
1970 405 2040 461 11.

237 585 369 635 tura
385 584 574 636 autem
593 579 803 637 merito
825 579 1047 649 asserit,
1070 585 1418 654 peccatorem
1442 592 1604 652 posse

238 661 302 718 in
329 660 584 734 quolibet
606 667 901 718 momento
919 663 1198 729 converti,
1225 662 1362 736 quia
1383 662 1449 717 in
1469 674 1605 733 quo·

238 743 380 801 libet
406 744 645 800 instanti
677 748 858 817 potest
881 744 1069 820 gratia
1108 745 1364 812 infundi,
1395 748 1451 803 et
1477 743 1605 800 cul-

237 842 369 898 pam
396 826 707 896 expellere.

311 909 404 964 31.
436 907 541 964 Sed
567 907 868 980 replicabis
894 928 908 965 :
945 908 1222 981 quoniam
1249 924 1321 966 ex
1342 909 1445 964 hac
1467 905 1604 964 doc-

238 988 395 1045 trina
439 989 697 1061 sequitur
736 991 922 1061 primo
946 1031 960 1056 ‚
1011 989 1346 1062 contingere
1399 1004 1561 1060 posse
1584 1029 1599 1054 ,

238 1069 387 1142 quod
410 1071 581 1126 homo
607 1075 913 1143 antequam
944 1070 1250 1135 moriatur,
1279 1086 1398 1126 non
1428 1069 1604 1143 possit

238 1153 516 1217 converti,
546 1157 602 1208 et
622 1151 927 1225 justificari
975 1173 988 1208 ε
1019 1164 1369 1225 consequens
1399 1151 1605 1224 nequit

238 1233 554 1290 sustineri:
595 1249 749 1307 ergo,
811 1240 915 1290 etc.
966 1232 1213 1307 Sequela
1252 1232 1572 1291 ostenditur
1586 1255 1600 1299 ;

239 1331 377 1372 nam
407 1315 580 1371 homo
618 1316 869 1372 moritur
897 1316 962 1372 in
984 1315 1246 1380 instanti,
1271 1321 1328 1373 et
1356 1333 1455 1389 per
1479 1317 1604 1388 pri-

239 1413 392 1452 mum
436 1412 546 1449 non
587 1413 714 1463 esse,
749 1401 809 1452 ut
847 1411 1053 1453 verum
1079 1396 1155 1451 sit
1180 1394 1370 1452 dicere
1401 1395 1605 1455 :Nunc

241 1496 353 1534 non
379 1485 454 1533 est
481 1478 657 1543 home,
687 1484 738 1533 et
777 1479 1088 1534 immediate
1115 1485 1279 1533 antea
1326 1486 1468 1535 erat.
1497 1477 1604 1535 Sed

237 1561 405 1634 juxta
436 1564 694 1616 nostram
722 1559 1044 1616 doctrinam
1068 1560 1239 1627 homo
1261 1560 1458 1634 nequit
1481 1560 1605 1634 J'us-

241 1638 450 1696 tificari
480 1640 542 1695 in
569 1645 826 1711 tempore
855 1661 867 1695 ε
897 1655 1032 1713 ergo
1072 1640 1177 1697 illo
1203 1645 1461 1712 tempore
1487 1640 1607 1695 im-

241 1718 489 1777 mediate
534 1718 885 1776 antecedenti
916 1718 987 1776 ad
1036 1719 1261 1777 instans
1309 1721 1601 1784 ultimum,

239 1806 296 1859 et
339 1801 719 1858 intrinsecum
750 1799 898 1867 vitae,
945 1815 1060 1856 non
1091 1800 1298 1872 poterit
1353 1806 1607 1873 peccator

242 1881 524 1939 converti.
547 1883 615 1935 Et
638 1882 718 1937 ita
738 1897 809 1937 ex
829 1881 1239 1954 suppositione,
1263 1881 1414 1956 quod
1435 1882 1608 1938 homo

243 1963 450 2020 habeat
478 1968 766 2036 peccatum
797 1964 861 2018 in
902 1963 1144 2019 instanti
1175 1969 1308 2021 ante
1337 1962 1606 2019 ultimum

242 2050 467 2119 tempus
493 2046 643 2112 vitae,
672 2044 932 2102 manebit
961 2045 1330 2102 necessitatus
1358 2045 1429 2102 ad
1469 2061 1607 2102 con-

128 2197 135 2206 ·
241 2125 591 2183 servandum
622 2126 865 2183 totoillo
886 2132 1165 2199 tempore,
1197 2124 1349 2198 quod
1378 2131 1608 2182 antece-

241 2205 329 2263 dit
373 2206 596 2265 instans
636 2207 841 2264 mortis
886 2229 899 2263 ι
943 2208 1006 2264 in
1052 2223 1165 2280 quo
1210 2206 1450 2262 instanti
1478 2222 1609 2264 con-

245 2288 392 2345 verti
421 2303 537 2345 non
566 2287 734 2354 valet,
766 2303 897 2343 cum
942 2288 1018 2343 sit
1043 2293 1209 2344 extra
1235 2292 1446 2344 statum
1477 2288 1605 2345 viae.

245 2368 513 2441 Sequitur
557 2368 803 2435 secundo,
834 2384 969 2424 eum
1009 2370 1107 2441 qui
1149 2369 1212 2425 in
1262 2369 1455 2442 aliquo
1483 2369 1610 2424 ins-

245 2452 395 2508 tanii
421 2451 577 2508 elicit
611 2455 799 2507 actum
840 2449 959 2507 odii
990 2452 1110 2519 Dei,
1138 2467 1378 2508 manere
1408 2466 1606 2509 neces-

246 2531 483 2587 sitatum
513 2529 582 2587 ad
610 2531 1069 2588 continuandum
1120 2531 1370 2590 eundem
1419 2538 1607 2589 actum

247 2617 508 2685 tempore
522 2612 805 2685 sequenti;
822 2611 1120 2685 siquidem,
1143 2619 1206 2669 ut
1228 2614 1606 2682 affirmamus,

246 2700 535 2768 peccatum
566 2695 762 2768 nequit
791 2694 1054 2752 desinere
1081 2711 1179 2767 per
1195 2697 1455 2752 ultimum
1475 2715 1604 2766 esse,

238 2777 341 2835 sed
372 2794 474 2851 per
494 2779 743 2851 primum
791 2794 900 2834 non
945 2795 1073 2845 esse,
1108 2784 1238 2836 ante
1264 2778 1416 2851 quod
1453 2796 1611 2838 sem-

237 2873 342 2932 per
369 2862 455 2915 est
502 2862 772 2930 tempus:
819 2874 1172 2931 consequens
1211 2864 1295 2916 est
1336 2859 1546 2917 falsum
1591 2885 1607 2930 ;

210 2954 367 2995 -cum
401 2938 572 2996 homo
600 2939 826 2995 nullam
860 2939 1254 2997 necessitatem
1285 2940 1355 2998 ab
1381 2942 1612 2999 extrin-

63 3529 234 3576 imitar.

233 3038 381 3089 seco,
402 3023 493 3079 vel
521 3021 590 3078 ab
615 3023 931 3079 intrinseco
954 3021 1160 3079 habeat
1181 3023 1250 3079 ad
1272 3024 1612 3082 continuan-

234 3101 375 3158 dum
405 3105 709 3175 peccatum,
735 3103 881 3159 sicut
901 3117 1004 3157 nec
1033 3101 1102 3159 ad
1133 3102 1327 3177 ipsum
1366 3105 1611 3163 elicien-

235 3184 379 3241 dum
431 3207 444 3242 ε
495 3201 631 3260 ergo
684 3184 1000 3242 absurdum
1047 3191 1133 3244 est
1183 3186 1404 3256 dicere,
1460 3189 1611 3262 quod

244 3273 533 3341 peccatum
583 3273 826 3339 nequeat
871 3266 1137 3325 desinere
1186 3284 1287 3340 per
1345 3271 1608 3327 ultimum

240 3366 367 3415 esse,
401 3353 456 3405 et
483 3347 694 3404 habere
719 3350 964 3421 primum
989 3367 1101 3404 non
1126 3366 1237 3405 esse
1278 3350 1614 3410 immediate

243 3435 370 3503 post
398 3428 644 3494 instans,
677 3429 742 3483 in
769 3445 880 3501 quo
907 3434 1013 3485 est.

324 3507 721 3581 Respondetur
767 3508 837 3565 ad
890 3511 1147 3582 primum
1199 3513 1615 3570 inconveniens

254 3589 516 3665 negando
553 3592 845 3663 sequelam
875 3591 1226 3652 intellectam
1265 3593 1335 3652 de
1361 3594 1618 3668 quolibet

254 3680 512 3747 tempore
550 3673 952 3741 determinato,
1000 3681 1057 3733 et
1094 3677 1352 3751 signat03
1384 3678 1615 3734 nullum

252 3758 465 3831 quippe
494 3761 717 3828 tempus
744 3755 1190 3815 determinatum
1215 3764 1335 3826 est,
1368 3758 1431 3815 in
1458 3760 1618 3834 cujus

254 3835 520 3913 pluribus
573 3836 921 3894 instantibus
965 3844 1211 3912 nequeat
1256 3841 1429 3898 homo
1476 3857 1616 3899 con-

254 3921 427 3977 verti.
470 3918 555 3974 Ad
587 3920 985 3994 probationem
1015 3926 1206 3978 autem
1235 3924 1478 3998 sequelae
1524 3923 1619 3979 di-

253 4000 500 4059 cendum
527 4006 629 4068 est,
677 4007 809 4058 ante
835 4001 1110 4057 ultimum
1146 4003 1369 4060 instans
1414 4004 1621 4061 mortis

253 4082 487 4140 nullum
516 4080 643 4139 dari
668 4088 892 4155 tempus
913 4082 1336 4153 immediatum,
1356 4085 1506 4157 quod
1527 4084 1622 4142 de-

254 4166 657 4233 terminatum,
689 4168 747 4221 et
770 4165 1062 4239 signatum
1089 4166 1165 4223 sit
1201 4191 1216 4236 ;
1251 4179 1388 4224 nam
1430 4160 1621 4227 'solum

254 4245 426 4303 datur
454 4263 584 4320 pars
626 4246 903 4318 temporis
931 4263 1094 4321 vaga,
1126 4252 1183 4305 et
1209 4248 1463 4316 confusa,
1496 4265 1623 4321 quae

253 4328 586 4397 sitminor,
626 4335 682 4386 et
726 4328 924 4385 minor
961 4328 1089 4384 sine
1134 4331 1404 4388 termino,
1459 4329 1624 4386 Unde

255 4424 613 4481 quacumque
653 4413 815 4482 parte
860 4405 1191 4482 designata,
1242 4408 1427 4467 adhuc
1463 4409 1624 4467 veri-

253 4490 495 4559 ficatur,
541 4490 691 4564 quod
738 4491 916 4565 possit
960 4491 1173 4559 homo,
1237 4492 1376 4578 ἅψῃ
1426 4493 1618 4559 vivit,

256 4573 565 4642 converti;
607 4574 744 4647 quia
797 4573 982 4630 adhuc
1030 4580 1342 4647 supersunt
1388 4573 1626 4631 infinita

258 4654 541 4711 instantia
585 4653 983 4711 continuativa
1018 4655 1302 4730 praedictae
1341 4655 1536 4727 partis,
1561 4654 1626 4710 in

258 4749 508 4806 quorum
554 4733 807 4809 quolibet
855 4739 1036 4808 potest
1079 4734 1266 4808 gratia
1307 4733 1628 4809 justificans

260 4813 522 4872 infundi.
566 4814 885 4872 concedere
928 4820 1139 4880 autem,
1171 4815 1319 4887 quod
1361 4816 1426 4871 in
1468 4820 1628 4888 parte

262 4894 473 4951 ultima
500 4912 663 4970 vaga,
695 4899 751 4951 et
795 4896 1032 4953 confusa
1071 4895 1309 4965 (minori
1339 4899 1534 4951 tamen
1572 4899 1631 4952 et

263 4975 485 5032 minori
506 4976 634 5033 sine
660 4976 935 5047 termino)
959 4973 1293 5032 immediate
1314 4975 1630 5049 attingente

262 5053 540 5113 ultimum
570 5057 704 5114 vitae
746 5056 987 5125 instans,
1021 5061 1263 5128 nequeat
1306 5053 1496 5131 gratia
1533 5056 1630 5113 in-

2988 410 3101 465 647

1734 575 1924 644 fundi,
1954 581 2011 634 et
2049 575 2178 635 fieri
2215 577 2562 653 justificatio,
2595 581 2826 637 nullum
2874 586 2959 638 est
3005 580 3104 638 in-

1735 661 2105 727 convenienS,
2139 660 2452 719 dummodo
2478 669 2788 733 asseratur,
2817 679 2978 736 posse
3003 664 3104 721 ho-

1735 743 1978 809 minem,
2010 743 2150 800 dum
2196 744 2364 811 vivit,
2397 745 2461 800 in
2508 746 2762 819 quolibet
2809 750 3103 804 momento

1735 823 2014 880 converti.
2059 825 2205 889 Quia
2246 823 2392 881 illud
2445 827 2701 899 primum
2732 826 3010 885 fundatur
3038 828 3102 884 in

1737 910 1947 961 natura
1989 905 2171 978 ipsius
2196 906 2415 980 gratiae,
2448 924 2573 979 quae
2617 914 2701 965 est
2742 909 2929 966 forma
2970 925 3103 982 per-

1737 1003 2001 1054 manens,
2033 994 2090 1045 et
2130 1005 2255 1061 quae
2283 987 2450 1046 debet
2477 989 2540 1044 in
2570 990 2810 1048 instanti
2845 993 3099 1065 produci,

1738 1068 1810 1126 ob
1835 1074 2084 1126 rationes
2103 1088 2277 1144 supra
2306 1070 2545 1128 traditas
2568 1077 2659 1130 :et
2687 1073 2792 1129 hoc
2820 1075 3106 1147 posterius

1736 1149 1942 1206 sufficit
1957 1149 2025 1206 ad
2053 1150 2465 1208 verificandam
2491 1151 2817 1210 doctrinam
2840 1156 3107 1228 Scriptu-

1739 1246 1836 1299 rae,
1862 1236 1917 1288 et
1944 1247 2017 1289 ne
2037 1232 2228 1299 homo,
2260 1232 2514 1305 quandiu
2540 1235 2703 1302 vivit,
2731 1235 2992 1308 desperet
3012 1253 3108 1293 sa-

1739 1314 1941 1370 lutem.

1811 1386 1900 1443 Ad
1927 1386 2245 1444 secundum
2276 1388 2695 1448 inconveniens
2738 1392 2999 1467 neganda
3024 1399 3111 1450 est

1736 1468 1985 1540 sequela,
2016 1469 2153 1542 quia
2200 1484 2303 1525 nos
2346 1485 2463 1526 non
2511 1471 2841 1539 asserimuS,
2874 1474 3107 1532 nullum

1739 1552 2028 1622 peccatum
2058 1565 2225 1622 posse
2263 1549 2528 1608 desinere
2563 1570 2664 1626 per
2691 1555 2950 1610 ultimum
2974 1573 3102 1625 esse,

1738 1629 1838 1686 sed
1878 1635 2102 1686 tantum
2143 1630 2291 1704 quod
2340 1638 2629 1704 peccatum
2676 1635 2972 1693 habituale
3002 1653 3110 1694 ne-

1738 1716 1908 1783 queat
1952 1711 2165 1769 habere
2213 1714 2387 1769 talem
2418 1712 2657 1771 modum
2687 1716 3009 1785 desitionis,
3055 1723 3112 1774 et

1739 1797 2148 1865 consequenter
2191 1792 2340 1866 quod
2384 1793 2717 1867 J’ustificatio
2766 1815 2884 1856 non
2919 1799 3111 1857 valeat

1740 1871 1870 1930 fieri
1897 1873 1959 1929 in
2006 1873 2266 1933 instanti.
2300 1877 2466 1933 Ratio
2510 1882 2702 1935 autem
2748 1880 3110 1954 disparitatis

1740 1956 1895 2014 inter
1941 1964 2227 2031 peccatum
2275 1958 2587 2026 habituale,
2621 1966 2676 2018 et
2706 1967 2926 2022 actuale
2973 1970 3057 2023 est
3092 1986 3106 2021 ε

1740 2039 2016 2110 quoniam
2039 2039 2330 2096 habituale
2352 2039 2564 2096 desinit
2593 2041 2661 2097 ad
2699 2044 3110 2117 incoeptionem

1741 2120 1961 2194 gratiam
1986 2126 2042 2177 et
2062 2120 2189 2178 ideo
2211 2136 2339 2176 cum
2365 2122 2555 2194 primo
2570 2123 2921 2191 verificatur,
2943 2126 3113 2184 Nunc

1739 2209 1818 2257 est
1852 2204 2060 2273 qratia,
2111 2209 2162 2257 et
2205 2210 2368 2258 antea
2418 2208 2528 2259 'non
2576 2212 2728 2270 erat,
2781 2206 3114 2264 verificatur

1742 2284 1941 2348 etiarn,
1967 2284 2137 2341 Nunc
2159 2302 2269 2340 non
2288 2293 2365 2341 est
2381 2296 2683 2361 peccatum,
2702 2295 2752 2342 et
2772 2296 2936 2344 antea
2963 2297 3083 2345 erat
3098 2309 3115 2344 :

1741 2372 1799 2424 et
1826 2365 2132 2423 sicdesinit
2156 2382 2273 2424 non
2300 2384 2400 2441 per
2421 2370 2684 2425 ultimum
2710 2387 2837 2438 esse,
2863 2371 2961 2428 sed
2987 2375 3116 2445 pri-

1741 2467 1895 2504 mum
1917 2465 2024 2502 non
2044 2466 2169 2504 esse.
2200 2449 2500 2505 Peccatum
2523 2466 2663 2507 vero
2692 2453 2911 2509 actuale
2934 2458 3115 2527 potest

1743 2546 1964 2588 cessare
1987 2529 2441 2603 independenter
2469 2531 2540 2589 ab
2568 2532 2865 2591 infusione
2889 2535 3109 2609 gratias,

1744 2612 1835 2667 vel
1858 2610 2095 2667 alterius
2118 2610 2319 2668 formae
2342 2614 2763 2685 permanentis,
2804 2631 2905 2687 per
2924 2616 3112 2672 solam

1742 2694 2180 2768 suspensionem
2227 2694 2499 2755 influxus,
2551 2697 2696 2752 sicut
2742 2702 2963 2754 cessant
3010 2700 3117 2757 alii

1744 2781 1901 2832 actus
1950 2775 2128 2848 partis
2177 2774 2564 2833 intellectivam
2616 2778 2780 2835 Unde
2824 2779 2970 2835 sicut
3018 2780 3115 2837 isti

1746 2862 1982 2931 possunt
2000 2855 2213 2913 durare
2241 2872 2343 2928 per
2373 2857 2607 2915 unicum
2634 2858 2879 2927 instanS,
2915 2860 2978 2918 in
3003 2879 3117 2935 quo

1745 2936 2075 2997 verificetur
2103 2937 2203 2997 :N
2204 2957 2307 2995 unc
2344 2947 2422 2994 est
2459 2941 2549 2997 hic
2574 2949 2749 3009 actus,
2780 2951 2830 2998 et
2858 2951 2985 2998 ante
3010 2962 3121 3001 non

1746 3030 1866 3079 erat
1906 3041 1925 3077 .·
1948 3025 2023 3087 et,
2070 3021 2235 3079 Nunc
2273 3028 2350 3076 est
2376 3022 2466 3076 hic
2505 3030 2678 3089 actu-9,
2722 3032 2772 3079 et
2794 3031 2981 3097 postea
3008 3042 3119 3080 non

1744 3106 1853 3159 erit
1879 3122 1896 3158 .·
1924 3102 2004 3158 ita
2043 3100 2114 3158 de
2155 3106 2278 3158 actu
2308 3102 2446 3162 odii.
2478 3108 2535 3159 et
2577 3105 2722 3177 aliis*
2756 3104 2993 3177 peccatis
3020 3120 3117 3160 ac-

1748 3181 2002 3239 tualibus
2027 3180 2340 3238 dicendum
2365 3188 2467 3239 est.
2501 3186 2570 3239 Et
2596 3190 2718 3241 esto
2747 3184 3000 3257 praedicti
3029 3201 3117 3242 ao-

1747 3269 1840 3324 tus
1864 3261 2142 3319 deberent
2181 3261 2393 3318 durare
2425 3263 2726 3336 plusquam
2756 3280 2855 3336 per
2882 3263 3118 3321 unicum

1748 3346 1992 3411 instans,
2046 3349 2106 3401 ut
2150 3345 2423 3415 vasquez,
2455 3349 2513 3401 et
2559 3345 2663 3401 alii
2712 3344 3115 3412 contendunt;

1751 3430 1989 3501 possunt
2036 3424 2425 3481 nihilominus
2471 3425 2798 3500 ‘pertingere
2848 3425 3124 3499 usquead

1749 3503 1985 3580 aliquod
2008 3505 2251 3569 instans,
2280 3503 2342 3558 in
2362 3520 2473 3576 quo
2495 3503 2892 3562 verificaretur
2920 3527 2932 3562 :
2957 3506 3126 3564 Nunc

1748 3598 1826 3646 est
1843 3596 2020 3652 actus,
2041 3593 2092 3642 et
2115 3586 2425 3642 immediate
2441 3594 2563 3660 post
2582 3605 2687 3644 non
2708 3591 2832 3656 erit,
2862 3594 2924 3645 ut
2944 3587 3124 3646 iidem

1751 3671 2036 3728 Authores
2065 3669 2340 3725 fatentur.

1828 3755 1920 3811 32.
1954 3753 2235 3828 Arguitur
2274 3750 2443 3810 tertio
2475 3773 2488 3808 ε
2520 3752 2655 3826 quia
2684 3759 2975 3826 peccatum
3019 3761 3325 3827 po-Tertium

1753 3841 1863 3893 test
1890 3834 1962 3892 de
1988 3835 2110 3908 lege
2151 3831 2457 3901 ordinaria
2487 3835 2744 3906 incipere
2773 3834 2835 3891 in
2864 3839 3125 3907 tempore
3139 3822 3338 3908 mgffi

1756 3915 2208 3974 indeterminato
2255 3935 2268 3970 ε
2312 3930 2448 3989 ergo
2488 3920 2544 3971 et
2569 3914 2755 3988 gratia
2779 3914 3119 3989 justificans.

1756 3995 2177 4070 Consequentia
2218 3999 2370 4070 patet
2423 4015 2436 4051 :
2480 4000 2604 4051 tum
2653 3995 2784 4069 quia
2838 4002 3127 4069 peccatum

1758 4094 1879 4137 non
1906 4081 1993 4134 est
2037 4077 2233 4132 minus
2264 4091 2631 4152 permanens,
2659 4081 2714 4132 et
2742 4077 3122 4147 indivisibile,

1757 4178 1820 4218 ac
1846 4156 2032 4234 gratia
2066 4179 2078 4214 :
2110 4162 2234 4213 tum
2274 4157 2575 4232 gratia,.et
2606 4165 2895 4229 peccatum
2926 4164 3129 4219 mutuo

1756 4256 1817 4297 se
1856 4238 2156 4311 expellunt
2191 4259 2203 4292 ε
2233 4253 2371 4312 ergo
2411 4238 2460 4293 si
2490 4243 2779 4310 peccatum
2823 4244 3001 4312 potest
3029 4240 3131 4298 in-

1757 4321 1952 4393 cipere
1979 4334 2098 4375 non
2125 4318 2314 4374 solum
2346 4318 2408 4374 in
2439 4318 2704 4383 instanti,
2738 4318 2834 4375 sed
2862 4320 3039 4378 etiam
3065 4322 3132 4377 in

1760 4407 2019 4473 tempore
2038 4423 2052 4466 ;
2079 4398 2233 4455 idem
2256 4397 2327 4455 de
2346 4399 2532 4472 gratia
2548 4397 2854 4456 dicendum
2877 4407 2979 4458 est.
3006 4405 3132 4459 An-

1759 4480 2023 4539 tecedens
2051 4484 2241 4537 autem
2272 4480 2567 4553 probatur,
2600 4480 2733 4553 quia
2748 4481 2798 4536 si
2818 4483 2964 4539 Deus
2988 4499 3128 4556 prae-

1761 4564 1934 4638 cipiat
1954 4562 2199 4629 homini,
2228 4567 2291 4618 ut
2309 4563 2502 4619 eliciat
2528 4578 2789 4619 amorem
2820 4570 3131 4638 antequam

1761 4646 2063 4714 moriatur,
2096 4651 2152 4703 et
2180 4646 2353 4703 homo
2381 4661 2512 4702 eum
2543 4650 2732 4702 actum
2766 4663 2882 4704 non
2913 4649 3129 4716 eliciat,

1763 4731 2052 4802 peccatum
2081 4726 2412 4783 omissionis
2454 4743 2571 4784 non
2611 4727 2817 4801 incipit
2845 4730 2909 4786 in
2939 4730 3134 4803 aliquo

1764 4809 2005 4867 instanti
2035 4808 2186 4874 vitae,
2219 4809 2506 4882 siquidem
2538 4811 2983 4884 post·quodlibet
3009 4814 3135 4871 ins·

1763 4897 1895 4949 tans
1939 4890 2301 4966 designatum
2343 4891 2652 4948 succedunt
2691 4893 2807 4952 alia
2834 4895 3130 4965 instantia,

1765 4973 1831 5030 in
1857 4972 2064 5047 quibus
2087 4976 2267 5045 potest
2289 4972 2594 5046 adimpleri
2621 4981 2963 5048 praeceptum
2988 4997 3000 5031 :
3029 4994 3134 5036 nec

1765 5054 1971 5128 incipit
1997 5053 2062 5111 in
2102 5054 2343 5110 instanti
2392 5055 2612 5123 mortis,
2644 5056 2932 5128 siquidem
2975 5057 3039 5114 in
3063 5075 3133 5117 eo
