3647 5753
1478 394 1656 449 DISP.
1699 393 1767 459 11,
1812 391 1976 448 DUB.
2023 394 2116 450 VI.
3035 405 3143 458 425

283 563 542 636 quandiu
566 565 726 621 enim
761 565 1089 639 hujusmodi
1119 567 1342 624 aversio
1371 565 1640 638 persistit,

275 647 478 718 nequit
507 661 623 702 non
671 645 905 703 inficere
933 646 1247 708 hominem,
1292 653 1348 704 et
1393 652 1646 719 peccato-

279 742 403 783 rem
425 725 809 784 denominare
835 733 1092 785 :constat
1118 733 1325 795 autem,
1350 725 1499 800 quod
1515 742 1644 782 cum

278 809 453 865 homo
472 810 729 866 elevatus
756 808 825 865 ad
846 811 1347 882 supernaturalem
1375 808 1643 865 ordinem

278 894 485 960 peccat.
538 890 820 945 avertitur
860 906 894 946 a
939 893 1052 946 Deo
1094 890 1301 946 ultimo
1341 888 1475 953 fine,
1526 893 1643 943 tam

278 970 552 1036 naturali,
580 986 751 1043 quam
771 971 1199 1042 supernaturali
1228 995 1241 1037 ;
1267 968 1551 1042 siquidem
1574 967 1644 1024 ad

276 1051 524 1108 eundem
564 1051 671 1106 sub
714 1058 951 1125 utraque
993 1052 1217 1108 ratione
1259 1049 1498 1108 debebat
1523 1065 1644 1106 esse

274 1149 585 1191 conversus
615 1156 629 1191 ε
659 1149 795 1209 ergo
824 1134 1140 1207 requiritur
1175 1134 1368 1205 aliqua
1402 1131 1644 1188 mutatio

273 1217 747 1289 supernaturalis,
772 1223 830 1272 ut
852 1223 1141 1290 peccatum
1165 1216 1418 1272 hominis
1434 1214 1643 1272 elevati

274 1296 345 1352 ad
396 1299 897 1370 supernaturalem
963 1295 1228 1354 ordinem
1293 1295 1637 1352 destruatur.

272 1380 424 1434 Tum
465 1381 659 1445 etiam,
691 1379 826 1452 quia
855 1379 1121 1451 praedicta
1150 1379 1392 1435 mutatio
1417 1376 1643 1434 deside-

278 1463 457 1524 ratur,
492 1464 552 1514 ut
578 1459 751 1515 homo
789 1465 976 1515 actum
1006 1459 1467 1531 peccaminosum
1496 1473 1644 1530 prae-

274 1539 511 1594 teritum
539 1537 835 1595 efficaciter
865 1544 1128 1596 retractet
1168 1560 1180 1594 ε
1209 1538 1308 1595 sed
1356 1542 1641 1610 peccatum

275 1619 532 1675 hominis
570 1620 779 1677 elevati
815 1619 885 1676 ad
925 1619 1425 1692 supernaturalem
1465 1616 1642 1674 finem

276 1701 475 1773 nequit
500 1700 797 1757 efficaciter
846 1701 1163 1769 retractari,
1197 1700 1310 1755 nisi
1343 1699 1490 1755 adsit
1532 1699 1642 1755 ali-

273 1797 385 1853 qua
424 1783 883 1854 supernaturalis
917 1782 1191 1854 operati0,
1224 1798 1290 1838 eo
1317 1780 1464 1852 quod
1494 1796 1644 1853 prze-

272 1861 457 1919 dictus
497 1869 651 1919 actus
706 1864 1130 1936 peccaminosus
1178 1861 1415 1918 offendit
1466 1865 1642 1917 Deum

274 1943 576 2000 authorem
599 1945 1098 2018 supernaturalem
1119 1965 1128 1999 ;
1154 1948 1207 2000 et
1232 1942 1360 1999 ideo
1387 1942 1643 2015 quandiu

274 2039 392 2082 non
442 2031 781 2081 retractatur
825 2024 931 2081 sub
976 2025 1169 2098 aliquo
1213 2023 1642 2095 supernaturali

270 2106 510 2172 motivo,
544 2112 738 2163 manet
782 2123 854 2164 ex
890 2122 959 2164 ea
999 2112 1159 2179 parte
1202 2105 1589 2161 irretractatus
1627 2125 1641 2159 ε

270 2204 410 2263 ergo
425 2188 494 2244 ad
511 2189 896 2262 expiationem
916 2190 1122 2261 peccati
1145 2186 1439 2246 commissi
1457 2185 1528 2242 ab
1548 2185 1644 2243 ho·

277 2271 444 2329 mine
462 2273 682 2328 elevato
710 2271 779 2326 ad
800 2271 1297 2343 supernaturalem
1331 2268 1507 2325 finem
1537 2284 1644 2324 ne-

279 2352 529 2408 cessaria
555 2359 640 2408 est
663 2353 1118 2423 supernaturalis
1146 2351 1337 2422 aliqua
1379 2348 1637 2405 mutatio.

281 2434 435 2487 Tum
456 2432 720 2504 denique,
745 2434 878 2504 quia
896 2448 966 2488 ex
988 2431 1257 2489 omnibus
1281 2427 1643 2486 naturalibus

259 2511 707 2570 ,mutationibus
731 2528 798 2569 ea
829 2512 1053 2569 videtur
1076 2512 1398 2586 perfectior,
1428 2524 1553 2581 quae
1579 2508 1645 2564 fit

282 2610 389 2668 per
417 2609 675 2650 amorem
711 2593 1028 2650 naturalem
1057 2593 1157 2650 Dei
1187 2591 1469 2649 naturalis
1509 2589 1643 2646 finis

277 2691 455 2748 super
483 2673 684 2731 omnia·
705 2674 893 2730 dilecti
927 2695 940 2729 ε
970 2674 1066 2730 sed
1093 2671 1421 2747 hujusmodi
1449 2674 1643 2726 muta-

279 2756 361 2812 tio
399 2760 488 2812 est
515 2754 861 2811 insufficiens
907 2753 976 2810 ad
1017 2752 1427 2811 destruendum
1457 2767 1643 2823 pecca·

275 2841 400 2893 tum
430 2835 800 2893 commissum
835 2839 1034 2892 contra
1071 2838 1248 2891 Deum
1281 2839 1341 2889 ut
1366 2847 1643 2905 superna-

278 2918 529 2973 turalem
558 2915 735 2974 finem
760 2941 773 2985 ;
803 2916 1085 2999 siquidem
1116 2928 1233 2972 non
1259 2914 1544 2971 convertit
1571 2912 1642 2968 ad

274 2998 353 3066 id,
386 3014 420 3055 a
441 3014 552 3071 quo
575 2997 747 3055 homo
770 2996 1048 3070 peccando
1071 3012 1306 3053 aversus
1339 2994 1560 3053 fueram
1586 2998 1643 3049 et

274 3079 358 3136 ita
398 3078 675 3151 relinquit
726 3078 1001 3134 intactam
1051 3076 1412 3133 aversionem
1455 3090 1487 3130 a
1527 3075 1640 3129 Deo

269 3159 704 3233 supernaturali
745 3158 881 3228 fine,
932 3174 1057 3231 quae
1112 3157 1308 3231 nequit
1354 3172 1471 3212 non
1518 3170 1641 3211 esse

271 3246 562 3314 peccatum
590 3260 603 3294 :
633 3255 768 3313 ergo
796 3238 867 3294 ad
907 3236 1352 3294 destructionem
1385 3233 1639 3308 praedicti

267 3321 479 3393 peccati
510 3336 627 3377 non
653 3320 857 3376 sufficit
896 3319 1089 3390 aliqua
1137 3318 1420 3373 naturalis
1448 3320 1639 3372 muta-

265 3400 368 3467 tio,
397 3400 497 3457 sed
527 3401 842 3474 requiritur
888 3399 1271 3457 determinate
1311 3397 1639 3454 immutatio

205 3484 210 3489 ’
265 3482 744 3553 supernaturalis,

344 3558 460 3612 Nec
484 3557 621 3612 satis
654 3557 766 3612 erit
798 3554 1005 3621 dicere,
1033 3570 1288 3610 amorem
1316 3567 1488 3624 super
1508 3567 1638 3607 om·-

273 3636 376 3692 nia
403 3637 505 3692 Dei
529 3636 786 3693 authoris
826 3635 1129 3701 naturalis,
1160 3650 1282 3691 esse
1309 3632 1636 3705 incompos-

267 3717 504 3774 sibilem
544 3735 674 3775 cum
731 3721 951 3790 peccato
997 3715 1278 3781 mortali3
1324 3730 1460 3769 nam
1503 3712 1637 3769 hinc

265 3798 516 3856 minime
577 3800 854 3872 sequitur,
905 3797 1055 3872 quod
1111 3803 1397 3869 peccatum
1437 3800 1636 3851 contra

258 3884 763 3952 supernaturalem
781 3878 955 3937 finem
976 3881 1160 3936 valeat
1180 3878 1475 3934 destruere
1500 3900 1513 3944 ;
1536 3874 1635 3932 sed

265 3960 558 4018 evincitur
598 3961 921 4024 manifeste,
945 3959 1096 4033 quod
1126 3958 1432 4032 praedictus
1470 3971 1635 4013 amor

267 4051 512 4116 nequeat
551 4044 680 4101 elici
729 4045 980 4117 potentia
1026 4041 1411 4113 consequenti,
1456 4044 1513 4096 et
1572 4038 1634 4094 in

265 4138 439 4179 sensu
492 4125 821 4197 composito,
856 4123 969 4180 nisi
1017 4122 1315 4196 prius,vel
1363 4120 1634 4175 simulta-

271 4221 379 4262 nee
405 4204 735 4263 destruatur
777 4211 1063 4279 peccatum
1114 4204 1260 4261 illud
1306 4220 1405 4276 per
1440 4208 1632 4260 muta-

267 4286 489 4343 tionem
517 4288 1019 4360 supernaturalem
1056 4308 1069 4342 :
1099 4291 1265 4358 atque
1305 4284 1451 4352 ide0‚
1482 4283 1652 4357 quod.

261 4368 560 4442 supposito
588 4376 808 4441 peccato
849 4370 1082 4428 mortali
1106 4374 1303 4425 contra
1331 4372 1508 4423 Deum
1530 4383 1631 4423 su-

267 4453 702 4522 pernaturalem
742 4452 938 4519 finem,
996 4453 1072 4508 sit
1100 4448 1479 4523 impossibilis,
1502 4465 1632 4505 con-

265 4532 462 4589 versio
515 4532 585 4590 ad
653 4535 842 4607 ipsum
910 4539 969 4589 ut
1041 4533 1368 4589 naturalem
1428 4529 1624 4597 finem,

261 4613 477 4688 absque
531 4617 907 4673 conversione
952 4614 1023 4673 ad
1062 4614 1310 4671 eundem
1347 4618 1405 4668 ut
1450 4612 1629 4669 finem

259 4697 783 4769 supernaturalem,
817 4702 877 4752 ut
904 4713 975 4753 ex
1004 4695 1257 4769 professo
1276 4693 1630 4752 ostendimus

264 4784 427 4835 tract.
447 4781 673 4853 praeced.
713 4781 920 4853 disput.
951 4780 1008 4845 2,
1041 4778 1167 4834 dub.
1199 4779 1254 4834 4.

341 4859 644 4918 lSl.Unde
663 4860 838 4918 etiam
878 4860 1088 4925 fit,non
1114 4857 1433 4930 quamlibet
1446 4860 1631 4913 muta-

261 4940 479 4998 tionem
500 4942 1005 5015 supernaturalem
1022 4938 1276 4995 sufficere
1293 4937 1361 4995 ad
1373 4936 1630 4993 destruc-

262 5025 479 5081 tionem
510 5023 723 5097 peccati
745 5022 1027 5088 mortalis,
1068 5019 1168 5078 sed
1192 5018 1409 5091 requiri
1436 5021 1628 5074 muta-

409 5103 702 5165 Salmant.
731 5100 896 5162 Cura.
926 5101 1149 5173 theoloy.
1176 5106 1307 5157 tom.
1340 5096 1410 5157 X.

1778 563 2017 627 tionem,
2048 582 2173 638 quae
2195 569 2681 640 velprivationem
2704 573 2902 645 gratiae
2929 572 3142 630 directe
3208 589 3298 631 Non

1776 645 2039 702 excludat
2081 647 2493 707 introducendo
2523 651 2704 722 ipsam
2750 654 3016 724 gratiam.
3045 656 3137 711 vel
3154 638 3352 731 ’Ψῃᾞῌξῗῑ

1779 725 2109 797 praedictam
2148 729 2534 802 privationem
2567 730 2765 788 reddat
2795 734 3135 806 simpliciter
3203 739 3303 782 tatio

1778 807 2237 867 involuntariam
2257 828 2356 884 per
2377 811 2652 869 efficacem
2674 818 3134 874 retractationem
3151 798 3354 882 nfflprffiis

1778 893 1931 944 actus
1979 892 2359 961 peccaminosi
2384 894 2675 964 praeterili.
2713 898 2776 951 ln
2821 913 2931 968 quo
2957 888 3356 982 etiamafiugffi,

1775 970 2127 1027 conveniunt
2154 974 2538 1029 communiter
2566 975 2891 1042 Thomistae‚
2924 984 2979 1034 et
3004 979 3135 1049 qui-
3152 987 3333 1031 deudum

1778 1048 1910 1106 dem
1940 1052 2148 1108 merito
2175 1076 2188 1118 ;
2220 1055 2355 1126 quia
2385 1059 2671 1126 peccatum
2713 1056 3005 1114 habituale
3028 1060 3134 1116 ho·
3175 1046 3315 1130 ‘’ffiss

1776 1131 1957 1187 minis
2010 1134 2218 1190 elevati
2260 1134 2329 1191 ad
2381 1139 2877 1208 supernaturalem
2933 1139 3129 1207 finem,

1774 1213 2034 1269 consistit
2060 1216 2444 1272 essentialiter
2479 1217 2539 1272 in
2570 1217 2893 1289 privatione
2924 1222 3133 1277 volun-

1776 1295 1925 1351 taria
1950 1296 2149 1368 gratias
2176 1295 2586 1354 sanctificantis
2609 1323 2622 1366 ;
2654 1305 2819 1371 atque
2849 1301 2973 1359 ideo
3002 1318 3137 1375 per-

1775 1382 1971 1431 manet
2017 1375 2346 1447 praedictum
2386 1385 2675 1451 peccatum
2715 1382 2973 1454 quandiu
3012 1402 3141 1458 per·

1776 1460 1972 1511 manet
1994 1455 2094 1511 illa
2124 1457 2398 1527 privatio:
2425 1459 2577 1531 atqui
2602 1460 2869 1532 praedicta
2892 1465 3140 1535 privatio

1776 1544 2132 1609 perseverat,
2167 1539 2279 1595 nisi
2304 1541 2394 1596 vel
2429 1539 2641 1597 directe
2687 1546 3011 1616 expellatur
3039 1564 3139 1620 per

1777 1616 2025 1674 formam
2051 1617 2163 1675 sibi
2192 1621 2746 1696 oppositam‚nempe
2762 1627 3010 1699 gratiam
3043 1629 3141 1686 ha-

1777 1699 2169 1766 bitualem,vel
2184 1700 2519 1759 excludatur
2548 1704 2823 1764 indirecte
2837 1725 2934 1780 per
2951 1716 3138 1767 actum

1774 1784 2274 1855 supernaturalem
2298 1784 2595 1842 efficaciter
2619 1794 3021 1856 retractantem
3046 1811 3143 1851 ac-

1776 1869 1899 1919 tum
1947 1863 2403 1934 peccaminosum
2433 1870 2784 1938 praeteritum
2820 1893 2831 1927 ε
2862 1889 2997 1947 ergo
3025 1891 3139 1932 non

1775 1941 2043 2017 quaelibet
2084 1945 2330 2002 mutatio
2375 1952 2833 2020 supernaturalis
2877 1961 2960 2010 est
2983 1956 3143 2012 suffi-

1775 2025 1933 2081 ciens
1983 2023 2051 2080 ad
2095 2024 2538 2084 destructionem
2572 2032 2798 2101 peccati,
2824 2035 2921 2090 sed
2950 2036 3140 2095 deter-

1740 2124 1752 2137 ·
1776 2105 2000 2160 minate
2050 2105 2369 2177 requiritur
2398 2109 2488 2163 vel
2530 2110 2715 2181 gratia
2755 2115 3135 2185 sanctificam,

1777 2187 1869 2242 vel
1896 2191 2051 2241 actus
2101 2188 2557 2257 supernaturalis
2584 2189 2879 2249 efficaciter
2928 2203 3151 2253 retrac*

1779 2274 1908 2323 tans
1979 2274 2165 2323 actum
2240 2269 2590 2340 praeteritum
2659 2277 3137 2345 peccaminosum.

1777 2347 1952 2420 quue
1996 2349 2134 2404 satis
2169 2349 2346 2420 liquet
2372 2365 2442 2405 ex
2495 2366 2580 2418 eo,
2615 2354 2764 2425 quod
2808 2357 3001 2427 plures
3029 2360 3145 2416 im-

1776 2429 2125 2485 mutationes
2147 2435 2616 2501 supernaturales
2632 2437 3061 2511 coujunguntur
3075 2441 3146 2499 de

1777 2508 1924 2564 facto
1968 2525 2098 2564 cum
2126 2514 2276 2564 statu
2329 2513 2535 2581 peccati
2566 2516 2846 2582 mortaliS‚
2890 2524 2949 2573 ut
2990 2529 3145 2577 actus

1777 2587 1931 2654 fidei,
1956 2589 2097 2661 spei,
2131 2595 2187 2645 et
2218 2590 2457 2662 plurimi
2482 2593 2583 2648 alii
2608 2599 2762 2650 actus
2794 2608 3144 2671 supernatu-

1777 2673 1946 2736 raleS,
1998 2677 2113 2727 tam
2168 2671 2554 2740 indeliberati‚
2598 2693 2771 2748 quam
2816 2679 3139 2751 deliberati,

1775 2751 1984 2825 quibus
2006 2752 2179 2809 homo
2201 2751 2271 2808 ad
2288 2753 2755 2826 justificationem
2784 2769 2998 2822 remote
3025 2765 3144 2822 dis-

1776 2834 2013 2907 ponitur
2041 2835 2228 2908 :quod
2256 2835 2503 2895 minime
2530 2839 2903 2915 contingeret,
2931 2847 2979 2904 si
2999 2864 3147 2920 quae-

1781 2914 1922 2971 libet
1973 2916 2305 2973 immutatio
2350 2923 2815 2992 supernaturalis
2865 2927 3145 2987 sufficeret

1776 2994 1848 3050 ad
1871 2994 2318 3053 destructionem
2346 2999 2575 3068 peccati.

1851 3077 1936 3131 Ex
1961 3093 2072 3149 quo
2116 3077 2293 3133 etiam
2328 3076 2411 3143 fit,
2444 3086 2663 3136 motum
2701 3086 3015 3143 attritionis
3041 3106 3143 3144 su-

1774 3158 2166 3228 pernaturalis
2211 3173 2332 3214 esse
2371 3161 2749 3218 mutationem
2791 3166 3143 3226 insufficIen-

1774 3241 1888 3292 tem
1918 3236 1986 3293 ad
2029 3245 2317 3308 peccatum
2359 3235 2768 3297 destruendum
2803 3250 2963 3301 :tum
3008 3250 3149 3320 quia,

1772 3330 1891 3372 non
1913 3315 2196 3373 convertit
2240 3314 2309 3371 ad
2334 3317 2512 3372 Deum
2544 3321 2814 3378 ultimum
2838 3323 3014 3382 finem
3042 3346 3142 3385 su—

1772 3396 2224 3467 pernaturalem,
2257 3402 2313 3451 et
2362 3397 2444 3453 sic
2489 3399 2766 3473 relinquit
2819 3405 3142 3467 indestruc—

1772 3482 1888 3531 tam
1919 3476 2280 3532 aversionem
2310 3474 2380 3531 ab
2406 3476 2605 3534 eodem
2630 3480 2904 3556 lineaque)
2946 3491 3142 3561 nequit

1771 3571 1891 3612 non
1937 3572 2059 3612 esse
2107 3561 2416 3627 peccatum.
2470 3560 2617 3614 Tum
2662 3562 2857 3628 etiam,
2897 3569 3031 3639 quia
3071 3570 3151 3629 de-

1769 3638 1915 3695 facto
1936 3638 2302 3711 componitur
2329 3654 2461 3694 cum
2507 3646 2655 3697 statu
2679 3649 2889 3715 peccati
2933 3660 3142 3711 morta-

1770 3720 1861 3785 lis,
1885 3724 1944 3774 ut
1972 3724 2122 3792 patet
2164 3719 2226 3775 in
2255 3719 2548 3777 attritione
2581 3734 2843 3796 separata
2883 3747 2914 3787 a
2937 3734 3141 3791 Sacra—

1768 3805 1983 3864 mento‚
2014 3805 2070 3856 et
2087 3799 2288 3856 docent
2315 3804 2699 3860 communiter
2742 3808 3033 3887 Theologi.

1851 3882 2093 3937 182.Nec
2108 3879 2353 3946 refert,si
2373 3897 2625 3955 opponas
2641 3889 2840 3957 primo·
2855 3893 2990 3963 quia
3004 3912 3132 3955 cum
3176 3924 3321 3974 objec-

1766 3964 1889 4020 sola
1908 3962 2219 4028 attritione,
2267 3962 2530 4036 adjuncto
2551 3969 2936 4041 sacramento,
2989 3981 3134 4037 Deus
3174 3956 3323 4020 ‘³⁰¹¹ss

1769 4046 2010 4103 remittit
2033 4052 2320 4117 peccatum
2340 4063 2505 4122 :ergo
2526 4064 2655 4105 cum
2683 4054 2802 4111 sola
2818 4059 3129 4130 attritione,

1764 4128 2131 4183 sacramento
2157 4128 2395 4194 seclusO,
2430 4130 2637 4201 poterit
2663 4133 2917 4196 absolute
2938 4159 3134 4214 pecca-

1764 4212 1887 4262 tum
1933 4206 2265 4275 destruere;
2329 4225 2463 4264 usus
2528 4212 2736 4286 quippe
2780 4220 3131 4284 sacramenti

1765 4304 1884 4345 non
1957 4288 2272 4360 requiritur
2319 4288 2389 4345 de
2436 4295 2687 4362 potentia
2753 4298 3011 4362 absoluta
3064 4308 3135 4365 ad

1767 4368 2167 4426 remissionem
2215 4372 2443 4442 peccati.
2470 4373 2735 4442 secundo,
2786 4384 2919 4452 quia
2965 4392 3135 4447 attri-

1763 4450 1862 4517 tio,
1907 4465 2033 4522 quae
2072 4454 2156 4505 est
2199 4450 2496 4523 dispositio
2561 4453 2631 4508 ad
2677 4459 3108 4529 Sacramentum

1764 4529 2041 4602 importat
2066 4532 2421 4600 propositum
2449 4531 2644 4590 efficax
2687 4538 2905 4600 vitandi
2934 4519 3134 4610 omnia

1762 4617 2003 4685 peccata,
2054 4616 2111 4667 et
2136 4610 2395 4668 dolorem
2423 4612 2493 4670 de
2520 4620 2757 4687 peccatis
2785 4633 3089 4696 praeteritis
3117 4657 3131 4692 :

1759 4692 1859 4749 sed
1886 4692 1958 4749 ob
1981 4691 2126 4746 hanc
2171 4690 2455 4748 rationem
2482 4693 2709 4767 dicitur,
2742 4707 2889 4774 quod
2912 4716 3132 4772 contri—

1762 4774 1843 4830 tio
1865 4776 2129 4830 retractat
2154 4771 2451 4830 cssicaciter
2463 4782 2650 4833 actum
2674 4791 3130 4852 peccaminosum

1761 4852 2143 4925 praeteritum,
2174 4858 2232 4909 et
2256 4850 2403 4925 quod
2432 4854 2713 4918 indirecte
2738 4871 2972 4939 expellit
3000 4891 3133 4946 pec-

1758 4936 1951 4988 catum
1999 4930 2293 4989 habituale
2327 4949 2501 5009 :ergo
2553 4937 2706 4998 idem
2758 4942 3131 5021 de'praedicta

1759 5012 2054 5070 attritione
2074 5010 2379 5071 dicendum
2407 5021 2509 5074 est.

2910 5114 2980 5169 28
