3647 5753
1492 403 1675 461 DISP.
1718 405 1813 473 111,
1858 405 2025 463 DUB.
2070 407 2118 463 1.

38 580 273 626 Diluitur
374 572 457 629 13.
475 575 587 631 Nec
602 573 796 641 refert,
815 574 864 630 si
880 573 1153 649 objiciant
1168 576 1499 644 Lutherani,
1514 575 1665 650 quod

26 631 275 685 ⁰¹²³⁰⁰¹¹⁰·
292 650 471 710 timor
498 670 680 728 poenae
704 655 914 730 refugit
942 657 1185 722 malum,
1219 662 1501 730 quatenus
1524 673 1666 714 con-

61 1306 254 1352 nno.

290 735 571 793 trariatur
597 736 746 795 bono
774 737 1042 810 proprio:
1070 738 1170 797 sed
1201 738 1534 813 hujusmodi
1585 738 1666 796 af-

291 816 470 873 fectus
493 818 692 891 nequit
712 834 835 875 esse
857 818 1188 886 laudabilis,
1208 822 1301 877 vel
1325 820 1395 877 ad
1417 820 1663 877 salutem

289 897 641 967 conducere;
673 898 955 956 fundatur
993 901 1204 975 quippe
1239 901 1303 957 in
1326 916 1522 959 amore
1548 901 1659 968 sui,

289 978 388 1051 qui
434 986 518 1037 est
565 980 921 1054 principium
965 982 1158 1039 omnis
1210 982 1421 1055 peccati
1467 1002 1481 1038 ε
1528 998 1665 1058 ergo

291 1061 468 1119 timor
514 1080 697 1136 poenae
725 1066 924 1138 nequit
949 1079 1072 1122 esse
1099 1064 1398 1137 dispositio
1426 1065 1497 1122 ad
1523 1082 1663 1124 con—

290 1144 642 1218 sequendam
669 1149 919 1222 gratiam
937 1145 1387 1220 justificationis.

366 1227 515 1294 Non,
550 1227 1037 1301 inquam,‚refert
1074 1228 1194 1286 haec
1221 1228 1459 1302 objectio
1484 1253 1497 1296 ;
1525 1244 1662 1286 nam

290 1318 420 1362 eam
450 1308 664 1380 optime
686 1309 971 1382 praevidit,
997 1315 1052 1367 et
1079 1309 1253 1367 diluit
1275 1312 1339 1367 l).
1372 1310 1577 1367 Thom.
1601 1313 1657 1381 2,

291 1388 349 1453 2,
380 1405 433 1465 q.
473 1389 554 1454 19,
585 1395 698 1446 art.
728 1392 783 1457 2,
818 1390 918 1447 ubi
946 1390 1230 1460 observat,
1262 1390 1411 1465 quod
1463 1412 1490 1444 α
1531 1408 1662 1449 cum

300 1490 326 1521 α
368 1468 651 1542 objectum
679 1471 908 1529 timoris
948 1474 1023 1530 sit
1047 1475 1294 1542 malum,
1324 1474 1664 1548 quandoque

298 1571 324 1602 α
368 1548 557 1607 homo·
584 1559 815 1625 propter
856 1556 1028 1620 mala,
1072 1572 1199 1629 quae
1242 1557 1425 1625 timet,
1476 1573 1509 1613 a
1550 1559 1664 1615 Deo

298 1650 324 1682 α
369 1628 620 1698 recedit;
668 1637 726 1688 et
753 1633 860 1691 iste
906 1633 1117 1691 dicitur
1143 1636 1321 1693 timor
1348 1636 1657 1704 humanus,

297 1731 323 1762 «
366 1711 458 1766 vel
486 1707 839 1770 mundanus,
870 1715 1218 1789 Quandoque
1259 1721 1451 1774 autem
1491 1717 1663 1776 homo

295 1811 321 1842 α
367 1797 601 1864 propter
629 1794 804 1863 mala,
831 1810 956 1867 quae
983 1796 1164 1864 timet,
1198 1797 1269 1854 ad
1299 1800 1479 1855 Deum
1520 1814 1660 1856 con-

294 1893 321 1923 «
366 1873 644 1940 vertitur,
695 1881 751 1932 et
795 1875 848 1932 ei
907 1876 1175 1935 inhaeret.
1223 1879 1383 1944 Quod
1428 1877 1661 1954 quidem

296 1974 321 2005 α
365 1954 587 2010 malurn
610 1961 694 2012 est
714 1955 947 2029 duplex,
973 1959 1189 2016 scilicet
1210 1961 1432 2016 malum
1456 1977 1656 2034 poenae,

295 2059 321 2089 α
362 2043 416 2095 et
445 2040 667 2096 malum
695 2041 895 2114 culpae.
920 2043 979 2099 Si
1012 2059 1150 2118 ergo
1177 2045 1387 2118 aliquis
1415 2061 1663 2103 conver-

294 2139 319 2170 «
362 2123 518 2176 tatur
544 2120 615 2177 ad
651 2124 852 2190 Deum,
901 2130 957 2180 et
1001 2125 1055 2181 ei
1103 2126 1383 2182 inhaereat
1429 2132 1663 2200 propter

293 2220 319 2252 c<
368 2200 637 2258 timorem
688 2220 888 2276 poenae,
918 2206 1030 2261 erit
1076 2206 1255 2262 timor
1298 2208 1551 2265 serviliS.
1602 2208 1659 2264 Si

294 2300 318 2331 ι(
364 2286 553 2337 autem
579 2290 812 2356 propter
834 2284 1105 2343 timorem
1128 2289 1326 2360 culpae,
1346 2287 1457 2343 erit
1483 2288 1661 2345 timor

296 2381 319 2411 α
364 2359 596 2430 filialis;
648 2380 784 2421 nam
825 2365 1085 2424 filiorum
1113 2373 1198 2425 est
1244 2369 1447 2424 timere
1475 2368 1659 2425 ossen-

299 2462 324 2492 «
366 2458 490 2498 sam
522 2446 720 2516 patris.
751 2447 810 2502 Si
834 2451 1026 2504 autem
1069 2455 1298 2522 propter
1326 2454 1654 2523 utrumque,

296 2542 322 2574 α
367 2529 453 2579 est
478 2524 655 2582 timor
684 2526 953 2595 initialis,
996 2530 1094 2602 qui
1132 2537 1217 2587 est
1255 2530 1479 2588 medius
1506 2532 1659 2590 inter

39 2643 165 2687 Non
190 2623 326 2684 om-“
370 2608 679 2679 utrumque
706 2607 995 2666 timorem.
1031 2631 1055 2660 n
1090 2613 1280 2684 Itaque
1321 2628 1440 2669 non
1467 2612 1658 2669 omnis

40 2692 131 2737 ¹¹³³
153 2680 544 2751 “moraffectuffi
568 2685 666 2757 qui
702 2685 978 2744 fundatur
1005 2689 1067 2746 in
1096 2706 1292 2748 amore
1317 2692 1428 2758 sui,
1453 2696 1537 2749 est
1564 2692 1659 2749 vi-

38 2751 267 2796 proprius

36 2797 122 2838 est
141 2765 659 2837 ,5210.tuperabilis;
690 2768 789 2825 sed
814 2771 970 2828 solus
999 2771 1118 2838 ille,
1150 2773 1248 2844 qui
1298 2772 1464 2829 affert
1489 2790 1657 2847 sepa-

103 2851 208 2887 SUS-

291 2848 575 2907 rationem
600 2866 632 2908 a
653 2854 786 2919 Deo,
806 2859 862 2910 et
883 2854 1318 2912 conversionem
1341 2856 1410 2914 ad
1441 2854 1656 2914 bonum

288 2931 623 3002 proprium,
677 2939 950 3006 tanquam
1004 2936 1075 2992 ad
1123 2938 1396 2993 ultimum
1451 2937 1649 2996 finem.

285 3013 389 3068 Ille
417 3021 609 3071 autem
650 3015 900 3084 affectus,
931 3019 1029 3092 qui
1075 3035 1145 3076 ex
1193 3021 1433 3078 honesto
1461 3037 1658 3079 amore

284 3095 373 3150 sui
423 3097 601 3153 trahit
629 3099 926 3159 hominem
974 3101 1044 3157 ad
1092 3105 1292 3169 Deum,
1337 3109 1390 3160 et
1431 3103 1529 3176 qui
1577 3104 1657 3161 ita

288 3177 598 3237 reflectitur
626 3199 802 3256 supra
829 3191 1144 3251 amantem,
1178 3191 1240 3241 ut
1268 3186 1655 3244 nihilominus

285 3261 623 3318 ulteriorem
649 3263 915 3321 ordinem
946 3264 1016 3322 ad
1064 3268 1244 3322 Deum
1293 3282 1410 3323 non
1458 3270 1656 3324 exclu-

285 3338 399 3408 dat,
435 3343 784 3416 reputandus
810 3351 896 3402 est
924 3346 1078 3403 inter
1099 3346 1426 3411 affectiones
1455 3348 1657 3406 hones-

284 3427 390 3480 tas,
422 3425 576 3481 Sicut
602 3426 777 3484 etiam
823 3444 951 3500 spes
983 3429 1213 3502 respicit
1239 3430 1521 3506 obJectum
1548 3429 1655 3487 sub

289 3505 511 3562 ratione
553 3508 803 3580 proprii;
851 3515 906 3566 et
934 3516 1129 3567 tamen
1158 3512 1294 3583 quia
1340 3528 1410 3568 ex
1449 3528 1509 3567 se
1538 3527 1655 3568 non

286 3586 534 3644 excludit
556 3590 821 3649 ordinem
846 3592 915 3648 ad
946 3596 1124 3651 Deum
1156 3595 1428 3650 ultimum
1450 3593 1649 3663 finem,

285 3670 384 3744 qui
427 3670 669 3728 habetur
696 3690 797 3746 per
833 3674 1194 3743 charitatem,
1227 3693 1344 3733 non
1372 3682 1455 3734 est
1485 3677 1657 3734 affec-

287 3758 376 3807 tus
417 3752 840 3825 vituperabilis,
890 3754 989 3812 sed
1019 3757 1308 3824 honestus„
1340 3763 1397 3813 et
1434 3755 1656 3814 condu-

283 3849 416 3893 cens
443 3833 514 3890 ad
535 3835 802 3894 salutem.
828 3838 910 3894 Ita
938 3854 1072 3912 ergo
1095 3840 1271 3897 timor
1299 3839 1441 3896 mali
1470 3855 1654 3912 poenae

285 3916 605 3989 praecedens
632 3919 991 3986 charitatem,
1039 3921 1137 3977 sed
1166 3940 1199 3979 a
1230 3927 1452 3995 peccato
1481 3937 1655 3978 aver-

283 4002 425 4063 tem,
460 4002 649 4056 malus
671 4016 787 4057 non
811 4008 933 4069 est;
963 4004 1098 4075 quia
1130 4020 1246 4061 non
1289 4003 1568 4060 fundatur
1589 4004 1654 4060 in

282 4096 480 4138 amore
510 4081 901 4154 vituperabili,
947 4099 1049 4140 nec
1093 4085 1345 4142 excludit
1384 4084 1652 4143 ordinem

282 4161 352 4217 ad
394 4165 572 4219 Deum
616 4161 794 4220 finem
837 4164 1135 4233 ultimum,
1180 4163 1278 4222 sed
1328 4171 1507 4238 potest
1553 4183 1655 4240 per

280 4240 618 4299 charitatem
661 4244 724 4301 in
767 4245 918 4301 hunc
959 4242 1135 4302 finem
1166 4245 1451 4304 ordinari.
1493 4247 1654 4312 Quod

282 4322 533 4394 amplius
555 4323 808 4380 illustrat
831 4323 984 4380 idem
1011 4327 1065 4382 S.
1100 4329 1252 4382 Doct.
1281 4327 1393 4383 loco
1413 4328 1505 4382 cit.
1536 4334 1647 4384 art.

279 4406 335 4468 4,
370 4406 429 4459 in
456 4422 690 4478 corpore,
726 4406 824 4462 ubi
853 4406 1137 4474 observat,
1170 4409 1319 4481 quod
1360 4410 1653 4467 servilitas

279 4485 509 4542 timoris
552 4488 695 4542 solet
739 4487 1016 4545 denotare
1053 4494 1266 4545 statum
1313 4493 1648 4558 servitutis,

277 4565 403 4622 sive
430 4567 658 4638 peccati,
690 4574 746 4624 et
787 4567 946 4624 addit
979 4590 992 4626 :
1040 4591 1066 4623 α
1107 4570 1166 4626 Si
1189 4572 1480 4629 servilitas
1507 4578 1653 4630 esset

284 4669 310 4700 α
342 4646 413 4703 de
442 4647 663 4705 ratione
685 4649 913 4706 timoris
926 4651 1175 4718 servilis,
1198 4658 1485 4726 oporteret
1504 4653 1656 4729 quod

284 4729 519 4783 «timor
563 4729 796 4786 servilis
847 4731 1191 4804 simpliciter
1249 4739 1396 4791 esset
1441 4736 1648 4792 malus.

283 4831 310 4862 α
343 4809 499 4865 Sicut
541 4808 894 4869 adulterium
922 4814 1267 4887 simpliciter
1294 4821 1377 4871 est
1405 4817 1648 4884 malum,

285 4911 312 4943 α
341 4889 479 4963 quia
525 4889 604 4958 id,
656 4907 728 4948 ex
768 4909 881 4965 quo
919 4894 1314 4952 contrariatur
1357 4896 1648 4965 charitati,

282 4991 309 5024 α
338 4970 592 5044 pertinet
634 4970 704 5027 ad
744 4972 1017 5030 adulterii
1058 4975 1329 5047 speciem.
1359 4975 1466 5032 Sed
1501 4991 1654 5048 prae-

282 5079 307 5109 a
338 5055 489 5114 dicta
510 5055 807 5114 servilitas
845 5073 965 5114 non
1006 5058 1258 5130 pertinet
1293 5058 1365 5116 ad
1402 5061 1651 5132 speciem

3068 415 3180 470 545

1805 598 1834 630 α
1865 577 2093 636 timoris
2131 580 2383 647 servilis,
2415 581 2562 638 sicut
2597 597 2699 639 nec
2731 582 3060 641 informitas
3107 583 3177 642 ad

1804 679 1832 710 ι
1861 659 2110 732 speciem
2139 660 2272 741 fidei
2298 663 2588 720 informis.
2621 665 2844 737 Species
2869 665 3028 721 enim
3054 682 3176 722 mo-

1805 762 1833 794 «
1864 740 2004 796 ralis
2031 740 2278 810 habitus,
2307 745 2400 800 vel
2422 751 2576 801 actus
2603 760 2675 801 ex
2714 743 2929 819 objecto
2959 745 3170 818 accipi-

1804 842 1830 873 α
1861 827 1974 877 tur.
2021 820 2313 896 Objectum
2341 828 2533 881 autem
2576 824 2803 882 timoris
2827 825 3063 881 servilis
3089 830 3176 882 est

1805 924 1832 956 α
1864 918 2044 977 poena,
2076 903 2165 959 cui
2207 905 2436 973 accedit,
2470 906 2620 979 quod
2649 906 2888 972 bonum,
2915 907 3003 963 cui
3034 922 3175 964 con-

1805 1007 1832 1040 α
1861 987 2143 1043 trariatur
2190 1004 2378 1060 poena,
2431 994 2658 1045 ametur
2707 994 2986 1061 tanquam
3038 988 3175 1046 finis

1804 1086 1832 1119 α
1862 1066 2131 1134 ultimus;
2156 1072 2211 1123 et
2230 1083 2330 1139 per
2344 1083 2694 1141 consequens
2712 1084 2880 1141 poena
2901 1068 3174 1124 timeatur

1805 1166 1832 1199 α
1862 1150 2136 1217 tanquam
2181 1146 2502 1220 principale
2543 1148 2765 1204 malum
2800 1168 2812 1202 :
2842 1147 2992 1220 quod
3031 1163 3172 1204 con-

1804 1225 2037 1300 «tingit
2078 1227 2142 1282 in
2190 1244 2308 1285 non
2357 1226 2604 1284 habente
2660 1227 3024 1285 charitatem.
3067 1229 3171 1285 Vel

1802 1326 1830 1359 α
1860 1306 2010 1378 quod
2049 1306 2351 1365 ordinetur
2390 1310 2454 1365 in
2483 1312 2665 1365 Deum
2707 1309 2851 1366 sicut
2875 1310 2940 1365 in
2969 1309 3168 1375 finem,

1802 1406 1829 1439 κ
1859 1390 1915 1443 et
1958 1403 2061 1460 per
2111 1403 2464 1463 consequens
2512 1404 2682 1462 poena
2728 1406 2847 1447 non
2899 1390 3174 1447 timeatur

1804 1489 1831 1522 α
1860 1473 2134 1541 tanquam
2173 1470 2494 1544 principale
2539 1471 2761 1526 malum
2797 1492 2810 1526 :
2853 1471 3004 1544 quod
3029 1487 3174 1529 con-

1803 1570 1830 1602 «
1862 1548 2032 1623 tingit
2048 1550 2112 1605 in
2131 1551 2475 1609 habentibus
2494 1550 2855 1609 charitatem.
2873 1553 3173 1610 Nonenim

1802 1652 1831 1683 α
1861 1630 2086 1687 tollitur
2107 1633 2322 1705 species
2344 1632 2576 1690 habitus
2599 1648 2700 1705 per
2730 1633 2852 1699 hoc,
2880 1633 3028 1706 quod
3051 1634 3174 1709 ejus

1803 1730 1830 1763 (ι
1859 1709 2166 1784 objectum,
2196 1714 2289 1770 vel
2320 1712 2454 1770 finis
2483 1712 2788 1772 ordinetur
2815 1713 2886 1770 ad
2930 1714 3174 1772 ulterio-

1801 1811 1828 1844 (ι
1862 1807 1984 1848 rem
2014 1792 2209 1863 tinem.
2254 1796 2325 1849 Et
2351 1794 2480 1851 ideo
2501 1795 2679 1852 timor
2704 1796 2936 1853 servilis
2962 1812 3173 1853 secun-

1800 1893 1827 1925 «
1859 1873 1998 1930 dum
2044 1891 2208 1931 suam
2252 1875 2635 1934 substantiam
2685 1875 2869 1935 bonus
2917 1883 3039 1945 est;
3070 1876 3168 1934 sed

1802 1976 1830 2009 <z
1858 1956 2149 2013 servilitas
2174 1958 2294 2031 ejus
2323 1960 2494 2025 mala,
2529 1979 2555 2009 ι)
2591 1974 2798 2031 nempe
2822 1964 3001 2015 status
3043 1974 3171 2016 ser-

1796 2039 2013 2105 vitutis,
2045 2057 2142 2097 seu
2191 2041 2420 2115 peccati.
2469 2043 2652 2105 Quam
2681 2040 3005 2096 doctrinam
3054 2042 3169 2100 late

1794 2137 2145 2194 exponemus
2185 2125 2245 2179 in
2272 2131 2434 2180 tract.
2461 2124 2524 2179 de
2552 2121 2678 2197 Spe,
2703 2124 2846 2196 disp.
2870 2125 2926 2189 4,
2953 2123 3082 2179 dub.
3107 2124 3164 2180 3.

1878 2205 1961 2260 14.
1982 2205 2115 2261 Post
2135 2204 2407 2262 timorem
2434 2203 2694 2278 sequitur
2719 2219 2864 2277 spes»,
2882 2220 3050 2276 quem
3067 2220 3169 2261 01·-

1793 2283 1993 2341 dinem
2041 2284 2327 2359 significat
2351 2285 2647 2356 Scriptura
2678 2285 2822 2357 psal.
2852 2285 2966 2340 32:
3011 2284 3170 2341 Oculi
3206 2297 3358 2342 Psalm.

1793 2363 2024 2422 Domini
2068 2382 2230 2439 super
2268 2371 2563 2421 metuentes
2607 2382 2750 2431 eum,
2781 2371 2832 2419 et
2878 2366 2939 2419 in
2963 2366 3042 2419 eis
3069 2366 3167 2442 qui

1791 2456 2016 2522 sperant
2061 2464 2223 2521 ,κυρεν
2268 2449 2647 2504 misericordia
2694 2448 2834 2518 ejus.
2874 2447 2942 2500 Et
2969 2447 3163 2503 Eccle—
3194 2460 3357 2505 noctes.

1791 2532 1951 2589 siast.
1994 2531 2106 2605 Qui
2133 2533 2337 2586 timetis
2369 2531 2685 2597 Dominum,
2711 2536 2922 2602 sperate
2950 2532 3009 2584 in
3039 2530 3156 2589 ino.

1794 2612 1905 2668 Ubi
1947 2629 2077 2685 spes
2105 2611 2338 2685 ponitur
2367 2616 2492 2684 post
2531 2610 2823 2667 timorem.
2854 2610 3024 2682 Spem
3055 2626 3161 2666 au-
3199 2608 3357 2701 {0322

1793 2699 1911 2751 tem
1954 2695 2158 2751 utilem
2187 2709 2324 2761 esse,
2349 2697 2406 2749 et
2445 2693 2516 2749 ad
2542 2692 2790 2748 salutem
2827 2691 3151 2764 disponere,
3184 2666 3341 2766 suffim-

1792 2775 2099 2832 manifeste
2124 2774 2284 2832 docet
2303 2772 2503 2830 eadem
2524 2788 2686 2829 sacra
2713 2772 3013 2845 Scriptura
3037 2776 3159 2847 plu·
3172 2763 3379 2851 ‘ggssgffim

1793 2857 1954 2914 ribus
1996 2857 2056 2914 in
2086 2856 2243 2923 lociS,
2271 2860 2333 2912 ut
2361 2856 2574 2913 Psalm.
2602 2856 2672 2911 36
2701 2876 2713 2911 :
2747 2854 3028 2913 Liberavit
3048 2874 3155 2925 eoa,
3222 2856 3291 2902 rit.

1790 2942 2054 3018 quoniam
2100 2945 2456 3012 speraverunt
2503 2940 2564 2993 in
2608 2955 2750 2993 eum.
2788 2940 3004 2996 Psalm.
3036 2941 3110 2994 90
3142 2960 3155 2996 τ

1793 3021 2074 3094 Quoniam
2114 3024 2174 3076 in
2213 3026 2296 3075 me
2343 3021 2606 3091 speravit,
2638 3019 2873 3073 liberabo
2918 3037 3063 3074 eum.
3103 3021 3149 3086 l,

1789 3105 1955 3161 Joan.
1989 3105 2022 3156 3
2052 3124 2064 3159 :
2102 3101 2214 3175 Qui
2239 3100 2399 3156 habet
2424 3101 2568 3156 lianc
2592 3117 2759 3168 spem,
2783 3101 3057 3171 justificat
3082 3116 3157 3155 se.
3176 3106 3218 3147 S·
3242 3105 3373 3197 ἤδη.

1753 3220 1757 3224 -
1789 3185 1876 3240 Ad
1898 3188 2058 3242 Rom.
2080 3185 2113 3238 8
2145 3181 2289 3255 :Spe
2303 3182 2453 3238 salvi
2467 3182 2606 3254 facti
2631 3178 3017 3235 carisi-:talibi
3040 3195 3162 3251 pas·
3195 3205 3373 3248 noman.

1789 3267 1925 3323 sim.
1971 3269 2039 3321 Et
2072 3263 2240 3321 facile
2265 3262 2538 3319 suadetur
2566 3261 2790 3318 ratione
2818 3280 2830 3315 ε
2882 3261 3160 3332 quoniam

1790 3346 2007 3404 bonum
2057 3343 2304 3400 arduum
2354 3342 2615 3397 futurum
2662 3339 2928 3412 consequi
2975 3341 3161 3412 possi-

1790 3427 1936 3492 bile,
1960 3431 2044 3483 est
2070 3424 2353 3498 obJectum
2385 3422 2688 3496 proprium
2718 3421 2859 3492 spei,
2892 3426 2954 3476 ut
3000 3420 3160 3478 docet

1790 3513 1855 3565 D.
1901 3508 2108 3563 Thom.
2159 3509 2217 3561 in
2261 3508 2379 3562 liac-
2423 3507 2469 3571 1,
2504 3507 2559 3572 2,
2593 3512 2779 3579 quaest.
2807 3506 2903 3571 40,
2935 3511 3045 3559 art.
3089 3506 3106 3559 l
3139 3510 3225 3572 ;D.
3252 3511 3361 3563 Tho,

1787 3589 1886 3648 sed
1929 3586 2260 3663 justificatio
2309 3587 2615 3660 respicitur
2661 3602 2693 3642 a
2737 3591 3043 3658 peccatore,
3096 3591 3159 3641 ut
3199 3629 3214 3644 .

1789 3672 2007 3729 bonum
2029 3668 2315 3743 quoddam
2355 3666 2604 3724 arduum
2634 3666 2916 3731 futurum,
2943 3671 2999 3723 et
3019 3681 3159 3723 con-

1788 3754 1948 3827 sequi
1966 3750 2238 3825 possibile
2259 3766 2360 3823 per
2382 3748 2646 3806 divinam
2667 3746 3158 3806 misericordiam:

1787 3851 1924 3911 ergo
1953 3834 2182 3892 affectus
2204 3833 2326 3907 spei
2354 3837 2438 3889 est
2467 3830 2698 3889 affectus
2740 3831 3010 3904 proprius
3048 3829 3158 3887 ho-

1788 3916 1970 3973 minis
1998 3921 2058 3972 ut
2084 3931 2144 3972 se
2171 3929 2244 3971 ex
2285 3912 2486 3968 divina
2531 3912 2720 3985 gratia
2755 3910 3042 3967 moventis
3087 3908 3158 3966 ad

1783 3999 2094 4076 J’ustitiam.
2147 3995 2498 4061 Praesertim,
2531 3993 2666 4067 quia
2707 3987 3044 4067 justificatio
3071 3999 3158 4049 est

1787 4081 2048 4155 quaedam
2067 4079 2358 4137 inchoatio
2380 4077 2592 4134 futurae
2608 4074 3000 4135 beatitudinis,
3027 4091 3157 4148 quae

1787 4170 1873 4222 est
1892 4164 2173 4239 objectum
2206 4161 2509 4236 proprium
2536 4161 2658 4234 spei
2688 4159 3057 4233 Theologicae‚
3093 4164 3156 4215 ut

1787 4245 2041 4304 declarat
2062 4247 2126 4301 D.
2158 4245 2366 4301 Thom.
2396 4244 2453 4308 2,
2496 4245 2551 4308 2,
2584 4249 2769 4320 quoest.
2808 4243 2891 4307 17,
2937 4248 3048 4298 art.
3073 4242 3110 4296 2
3137 4265 3151 4308 ;

1787 4343 1924 4402 ergo
1946 4332 2101 4383 actus
2120 4324 2393 4399 sperandi
2412 4323 2829 4381 beatitudinem
2851 4327 3149 4390 aeternam,

1786 4414 1845 4466 et
1869 4409 2107 4465 veniam
2148 4407 2217 4464 de
2245 4406 2448 4462 divina
2491 4403 2909 4468 misericordia,
2960 4404 3156 4476 nequit

1788 4504 1909 4545 non
1954 4487 2260 4561 disponere
2308 4486 2577 4559 impium,
2626 4490 2687 4541 ut
2727 4483 3155 4562 justificationis

1786 4570 2037 4645 gratiam
2077 4574 2475 4642 consequatur.
2509 4571 2624 4623 Nec
2649 4566 2713 4622 in
2758 4567 2865 4624 hoc
2891 4572 3018 4624 actu
3046 4567 3155 4623 ha-

1787 4652 1928 4710 bent
1954 4652 2290 4718 Lutherani,
2315 4650 2465 4724 quod
2508 4649 2847 4717 mordeant;
2877 4668 3008 4707 cum
3050 4651 3156 4722 po·-

1787 4735 1902 4791 tius
1924 4734 2034 4808 ipsi
2063 4732 2373 4790 videantur
2393 4737 2572 4789 totam
2599 4732 2886 4805 justitiam
2915 4732 2985 4789 ad
3006 4733 3155 4789 hanc

1786 4831 1966 4889 spem,
1996 4814 2120 4871 sive
2147 4811 2418 4870 fiduciam
2471 4828 2741 4870 revocare
2787 4833 2800 4869 ε
2851 4827 2985 4869 nam
3018 4810 3154 4869 fidei

1787 4896 2067 4961 nomine,
2121 4894 2184 4950 in
2231 4909 2343 4967 qua
2394 4892 2915 4950 comminiscuntur
2971 4896 3154 4951 totam

1787 4982 2049 5033 nostram
2086 4973 2375 5050 justitiam
2403 4974 2735 5039 consistere,
2769 4990 2887 5033 non
2914 4979 3031 5031 tam
3059 4991 3154 5031 as-

1787 5073 2023 5117 sensum
2052 5056 2380 5115 intellectus
2408 5055 2480 5114 ad
2509 5058 2780 5126 revelata,
2823 5072 2998 5130 quam
3025 5072 3156 5114 cer-
