<?xml version="1.0" encoding="UTF-8"?>
<!DOCTYPE html PUBLIC "-//W3C//DTD XHTML 1.0 Transitional//EN"
    "http://www.w3.org/TR/xhtml1/DTD/xhtml1-transitional.dtd">
<html xmlns="http://www.w3.org/1999/xhtml" xml:lang="en" lang="en">
 <head>
  <title>
</title>
<meta http-equiv="Content-Type" content="text/html;charset=utf-8" />
  <meta name='ocr-system' content='tesseract 3.04.00' />
  <meta name='ocr-capabilities' content='ocr_page ocr_carea ocr_par ocr_line ocrx_word'/>
</head>
<body>
  <div class='ocr_page' id='page_1' title='image "./collegiisalmant00carmgoog_0776.png"; bbox 0 0 3647 5753; ppageno 0'>
   <div class='ocr_carea' id='block_1_1' title="bbox 484 452 3583 513">
    <p class='ocr_par' dir='ltr' id='par_1_1' title="bbox 484 452 3583 513">
     <span class='ocr_line' id='line_1_1' title="bbox 484 452 3583 513; baseline -0.004 0"><span class='ocrx_word' id='word_1_1' title='bbox 484 456 595 513; x_wconf 83' lang='lat'><strong>754</strong></span> <span class='ocrx_word' id='word_1_2' title='bbox 686 478 689 479; x_wconf 43' lang='lat'><em>⁷</em></span> <span class='ocrx_word' id='word_1_3' title='bbox 1414 454 1511 509; x_wconf 87' lang='lat' dir='ltr'><strong>DE</strong></span> <span class='ocrx_word' id='word_1_4' title='bbox 1551 453 1877 511; x_wconf 82' lang='lat' dir='ltr'>INFLUXU</span> <span class='ocrx_word' id='word_1_5' title='bbox 1915 452 2375 510; x_wconf 80' lang='lat' dir='ltr'><strong>CHARITATIS.</strong></span> <span class='ocrx_word' id='word_1_6' title='bbox 3580 467 3583 501; x_wconf 60' lang='lat' dir='ltr'>x</span> 
     </span>
    </p>
   </div>
   <div class='ocr_carea' id='block_1_2' title="bbox 476 623 1850 2821">
    <p class='ocr_par' dir='ltr' id='par_1_2' title="bbox 481 623 1850 2169">
     <span class='ocr_line' id='line_1_2' title="bbox 483 623 1847 702; baseline 0 -20"><span class='ocrx_word' id='word_1_7' title='bbox 483 632 631 702; x_wconf 89' lang='lat' dir='ltr'><strong>Ang.</strong></span> <span class='ocrx_word' id='word_1_8' title='bbox 663 628 867 684; x_wconf 89' lang='lat' dir='ltr'><strong>Doctor</strong></span> <span class='ocrx_word' id='word_1_9' title='bbox 899 627 1193 685; x_wconf 90' lang='lat' dir='ltr'><strong>constituit</strong></span> <span class='ocrx_word' id='word_1_10' title='bbox 1217 625 1529 684; x_wconf 78' lang='lat' dir='ltr'><strong>discrimen</strong></span> <span class='ocrx_word' id='word_1_11' title='bbox 1556 625 1711 683; x_wconf 90' lang='lat' dir='ltr'><strong>inter</strong></span> <span class='ocrx_word' id='word_1_12' title='bbox 1737 623 1847 682; x_wconf 89' lang='lat' dir='ltr'><strong>ha-</strong></span> 
     </span>
     <span class='ocr_line' id='line_1_3' title="bbox 483 707 1849 782; baseline -0.003 -17"><span class='ocrx_word' id='word_1_13' title='bbox 483 707 716 765; x_wconf 87' lang='lat' dir='ltr'><strong>bentem</strong></span> <span class='ocrx_word' id='word_1_14' title='bbox 736 708 1002 782; x_wconf 83' lang='lat' dir='ltr'><strong>gratiam,</strong></span> <span class='ocrx_word' id='word_1_15' title='bbox 1034 710 1090 764; x_wconf 88' lang='lat' dir='ltr'><strong>et</strong></span> <span class='ocrx_word' id='word_1_16' title='bbox 1112 724 1230 764; x_wconf 93' lang='lat' dir='ltr'><strong>non</strong></span> <span class='ocrx_word' id='word_1_17' title='bbox 1250 707 1555 764; x_wconf 84' lang='lat' dir='ltr'><strong>habentem</strong></span> <span class='ocrx_word' id='word_1_18' title='bbox 1577 707 1771 766; x_wconf 84' lang='lat' dir='ltr'><strong>illam;</strong></span> <span class='ocrx_word' id='word_1_19' title='bbox 1791 710 1849 762; x_wconf 91' lang='lat' dir='ltr'><strong>et</strong></span> 
     </span>
     <span class='ocr_line' id='line_1_4' title="bbox 485 787 1848 861; baseline -0.002 -16"><span class='ocrx_word' id='word_1_20' title='bbox 485 789 691 845; x_wconf 82' lang='lat' dir='ltr'><strong>asserit</strong></span> <span class='ocrx_word' id='word_1_21' title='bbox 712 788 775 844; x_wconf 92' lang='lat' dir='ltr'><strong>in</strong></span> <span class='ocrx_word' id='word_1_22' title='bbox 799 789 901 845; x_wconf 91' lang='lat' dir='ltr'><strong>illo</strong></span> <span class='ocrx_word' id='word_1_23' title='bbox 922 789 1151 844; x_wconf 89' lang='lat' dir='ltr'><strong>nullum</strong></span> <span class='ocrx_word' id='word_1_24' title='bbox 1169 787 1414 861; x_wconf 90' lang='lat' dir='ltr'><strong>reperiri</strong></span> <span class='ocrx_word' id='word_1_25' title='bbox 1436 791 1622 843; x_wconf 90' lang='lat' dir='ltr'><strong>actum</strong></span> <span class='ocrx_word' id='word_1_26' title='bbox 1646 787 1848 843; x_wconf 89' lang='lat' dir='ltr'><strong>huma·</strong></span> 
     </span>
     <span class='ocr_line' id='line_1_5' title="bbox 486 866 1849 935; baseline -0.001 -9"><span class='ocrx_word' id='word_1_27' title='bbox 486 886 629 927; x_wconf 93' lang='lat' dir='ltr'><strong>num</strong></span> <span class='ocrx_word' id='word_1_28' title='bbox 659 869 1086 926; x_wconf 80' lang='lat' dir='ltr'><strong>indifferentem</strong></span> <span class='ocrx_word' id='word_1_29' title='bbox 1126 868 1197 926; x_wconf 90' lang='lat' dir='ltr'><strong>ad</strong></span> <span class='ocrx_word' id='word_1_30' title='bbox 1232 868 1527 935; x_wconf 88' lang='lat' dir='ltr'><strong>meritum,</strong></span> <span class='ocrx_word' id='word_1_31' title='bbox 1559 873 1618 924; x_wconf 92' lang='lat' dir='ltr'><strong>et</strong></span> <span class='ocrx_word' id='word_1_32' title='bbox 1657 866 1849 924; x_wconf 89' lang='lat' dir='ltr'><strong>deme-</strong></span> 
     </span>
     <span class='ocr_line' id='line_1_6' title="bbox 486 948 1848 1019; baseline -0.004 -10"><span class='ocrx_word' id='word_1_33' title='bbox 486 952 686 1019; x_wconf 90' lang='lat' dir='ltr'><strong>ritum,</strong></span> <span class='ocrx_word' id='word_1_34' title='bbox 719 949 865 1009; x_wconf 90' lang='lat' dir='ltr'><strong>bene</strong></span> <span class='ocrx_word' id='word_1_35' title='bbox 904 956 1098 1007; x_wconf 90' lang='lat' dir='ltr'><strong>tamen</strong></span> <span class='ocrx_word' id='word_1_36' title='bbox 1144 950 1207 1007; x_wconf 91' lang='lat' dir='ltr'><strong>in</strong></span> <span class='ocrx_word' id='word_1_37' title='bbox 1254 949 1386 1007; x_wconf 90' lang='lat' dir='ltr'><strong>isto.</strong></span> <span class='ocrx_word' id='word_1_38' title='bbox 1429 948 1488 1004; x_wconf 91' lang='lat' dir='ltr'><strong>Si</strong></span> <span class='ocrx_word' id='word_1_39' title='bbox 1530 952 1719 1005; x_wconf 88' lang='lat' dir='ltr'><strong>autem</strong></span> <span class='ocrx_word' id='word_1_40' title='bbox 1766 948 1848 1004; x_wconf 88' lang='lat' dir='ltr'><strong>lo·</strong></span> 
     </span>
     <span class='ocr_line' id='line_1_7' title="bbox 484 1029 1849 1109; baseline -0.005 -17"><span class='ocrx_word' id='word_1_41' title='bbox 484 1038 757 1109; x_wconf 84' lang='lat' dir='ltr'>queretur</span> <span class='ocrx_word' id='word_1_42' title='bbox 794 1031 865 1090; x_wconf 90' lang='lat' dir='ltr'><strong>de</strong></span> <span class='ocrx_word' id='word_1_43' title='bbox 910 1031 1115 1090; x_wconf 89' lang='lat' dir='ltr'><strong>merito</strong></span> <span class='ocrx_word' id='word_1_44' title='bbox 1163 1031 1224 1087; x_wconf 92' lang='lat' dir='ltr'><strong>in</strong></span> <span class='ocrx_word' id='word_1_45' title='bbox 1270 1030 1374 1086; x_wconf 88' lang='lat' dir='ltr'><strong>illa</strong></span> <span class='ocrx_word' id='word_1_46' title='bbox 1419 1029 1714 1086; x_wconf 91' lang='lat' dir='ltr'><strong>communi</strong></span> <span class='ocrx_word' id='word_1_47' title='bbox 1760 1045 1849 1086; x_wconf 90' lang='lat' dir='ltr'><strong>ac-</strong></span> 
     </span>
     <span class='ocr_line' id='line_1_8' title="bbox 482 1110 1849 1190; baseline -0.007 -15"><span class='ocrx_word' id='word_1_48' title='bbox 482 1117 760 1190; x_wconf 88' lang='lat' dir='ltr'><strong>ceptione,</strong></span> <span class='ocrx_word' id='word_1_49' title='bbox 814 1120 869 1173; x_wconf 90' lang='lat' dir='ltr'><strong>et</strong></span> <span class='ocrx_word' id='word_1_50' title='bbox 916 1130 1034 1171; x_wconf 91' lang='lat' dir='ltr'><strong>non</strong></span> <span class='ocrx_word' id='word_1_51' title='bbox 1084 1111 1467 1170; x_wconf 89' lang='lat' dir='ltr'><strong>determinate</strong></span> <span class='ocrx_word' id='word_1_52' title='bbox 1516 1110 1587 1168; x_wconf 90' lang='lat' dir='ltr'><strong>de</strong></span> <span class='ocrx_word' id='word_1_53' title='bbox 1637 1110 1849 1167; x_wconf 89' lang='lat' dir='ltr'><strong>merito</strong></span> 
     </span>
     <span class='ocr_line' id='line_1_9' title="bbox 484 1191 1847 1266; baseline -0.007 -11"><span class='ocrx_word' id='word_1_54' title='bbox 484 1197 876 1262; x_wconf 85' lang='lat' dir='ltr'><strong>beatitudinis,</strong></span> <span class='ocrx_word' id='word_1_55' title='bbox 908 1197 1138 1252; x_wconf 90' lang='lat' dir='ltr'><strong>nullum</strong></span> <span class='ocrx_word' id='word_1_56' title='bbox 1177 1199 1325 1250; x_wconf 88' lang='lat' dir='ltr'><strong>esset</strong></span> <span class='ocrx_word' id='word_1_57' title='bbox 1351 1192 1683 1266; x_wconf 70' lang='lat' dir='ltr'><strong>praedictum</strong></span> <span class='ocrx_word' id='word_1_58' title='bbox 1723 1191 1847 1246; x_wconf 90' lang='lat' dir='ltr'><strong>dis—</strong></span> 
     </span>
     <span class='ocr_line' id='line_1_10' title="bbox 483 1272 1850 1352; baseline -0.006 -16"><span class='ocrx_word' id='word_1_59' title='bbox 483 1279 725 1344; x_wconf 84' lang='lat' dir='ltr'><strong>crimen,</strong></span> <span class='ocrx_word' id='word_1_60' title='bbox 772 1278 905 1352; x_wconf 90' lang='lat' dir='ltr'><strong>quia</strong></span> <span class='ocrx_word' id='word_1_61' title='bbox 951 1294 1055 1335; x_wconf 88' lang='lat' dir='ltr'><strong>nec</strong></span> <span class='ocrx_word' id='word_1_62' title='bbox 1098 1277 1275 1332; x_wconf 88' lang='lat' dir='ltr'><strong>etiam</strong></span> <span class='ocrx_word' id='word_1_63' title='bbox 1326 1276 1389 1332; x_wconf 90' lang='lat' dir='ltr'><strong>in</strong></span> <span class='ocrx_word' id='word_1_64' title='bbox 1435 1291 1554 1332; x_wconf 90' lang='lat' dir='ltr'><strong>non</strong></span> <span class='ocrx_word' id='word_1_65' title='bbox 1600 1272 1850 1329; x_wconf 91' lang='lat' dir='ltr'><strong>habente</strong></span> 
     </span>
     <span class='ocr_line' id='line_1_11' title="bbox 483 1354 1845 1436; baseline -0.007 -17"><span class='ocrx_word' id='word_1_66' title='bbox 483 1361 730 1436; x_wconf 81' lang='lat' dir='ltr'><strong>gratiam</strong></span> <span class='ocrx_word' id='word_1_67' title='bbox 758 1359 927 1416; x_wconf 92' lang='lat' dir='ltr'><strong>datur</strong></span> <span class='ocrx_word' id='word_1_68' title='bbox 954 1360 1059 1416; x_wconf 92' lang='lat' dir='ltr'><strong>hoc</strong></span> <span class='ocrx_word' id='word_1_69' title='bbox 1084 1356 1254 1415; x_wconf 92' lang='lat' dir='ltr'><strong>modo</strong></span> <span class='ocrx_word' id='word_1_70' title='bbox 1281 1362 1434 1413; x_wconf 89' lang='lat' dir='ltr'><strong>actus</strong></span> <span class='ocrx_word' id='word_1_71' title='bbox 1461 1354 1799 1412; x_wconf 85' lang='lat' dir='ltr'><strong>indifferens</strong></span> <span class='ocrx_word' id='word_1_72' title='bbox 1831 1375 1845 1409; x_wconf 75' lang='grc' dir='ltr'><strong><em>ε</em></strong></span> 
     </span>
     <span class='ocr_line' id='line_1_12' title="bbox 485 1436 1848 1517; baseline -0.005 -17"><span class='ocrx_word' id='word_1_73' title='bbox 485 1456 620 1500; x_wconf 88' lang='lat' dir='ltr'><strong>nam</strong></span> <span class='ocrx_word' id='word_1_74' title='bbox 672 1443 820 1499; x_wconf 90' lang='lat' dir='ltr'><strong>sicut</strong></span> <span class='ocrx_word' id='word_1_75' title='bbox 869 1440 1061 1517; x_wconf 86' lang='lat' dir='ltr'><strong>omnis</strong></span> <span class='ocrx_word' id='word_1_76' title='bbox 1112 1444 1267 1496; x_wconf 88' lang='lat' dir='ltr'><strong>actus</strong></span> <span class='ocrx_word' id='word_1_77' title='bbox 1310 1438 1498 1495; x_wconf 88' lang='lat' dir='ltr'><strong>malus</strong></span> <span class='ocrx_word' id='word_1_78' title='bbox 1540 1441 1626 1493; x_wconf 91' lang='lat' dir='ltr'><strong>est</strong></span> <span class='ocrx_word' id='word_1_79' title='bbox 1669 1436 1734 1492; x_wconf 91' lang='lat' dir='ltr'><strong>in</strong></span> <span class='ocrx_word' id='word_1_80' title='bbox 1778 1450 1848 1494; x_wconf 88' lang='lat' dir='ltr'><strong>eo</strong></span> 
     </span>
     <span class='ocr_line' id='line_1_13' title="bbox 481 1517 1848 1587; baseline -0.005 -7"><span class='ocrx_word' id='word_1_81' title='bbox 481 1523 905 1587; x_wconf 89' lang='lat' dir='ltr'><strong>demeritorius,</strong></span> <span class='ocrx_word' id='word_1_82' title='bbox 938 1524 1016 1579; x_wconf 90' lang='lat' dir='ltr'><strong>ita</strong></span> <span class='ocrx_word' id='word_1_83' title='bbox 1044 1522 1219 1580; x_wconf 90' lang='lat' dir='ltr'><strong>etiam</strong></span> <span class='ocrx_word' id='word_1_84' title='bbox 1248 1520 1441 1577; x_wconf 85' lang='lat' dir='ltr'><strong>omnis</strong></span> <span class='ocrx_word' id='word_1_85' title='bbox 1469 1523 1623 1576; x_wconf 86' lang='lat' dir='ltr'><strong>actus</strong></span> <span class='ocrx_word' id='word_1_86' title='bbox 1662 1517 1848 1576; x_wconf 90' lang='lat' dir='ltr'><strong>bonus</strong></span> 
     </span>
     <span class='ocr_line' id='line_1_14' title="bbox 482 1600 1847 1678; baseline -0.005 -16"><span class='ocrx_word' id='word_1_87' title='bbox 482 1605 842 1678; x_wconf 81' lang='lat' dir='ltr'><strong>(indifferens</strong></span> <span class='ocrx_word' id='word_1_88' title='bbox 869 1605 938 1662; x_wconf 93' lang='lat' dir='ltr'><strong>ad</strong></span> <span class='ocrx_word' id='word_1_89' title='bbox 967 1603 1204 1668; x_wconf 89' lang='lat' dir='ltr'><strong>bonum,</strong></span> <span class='ocrx_word' id='word_1_90' title='bbox 1231 1608 1286 1659; x_wconf 90' lang='lat' dir='ltr'><strong>et</strong></span> <span class='ocrx_word' id='word_1_91' title='bbox 1312 1601 1382 1658; x_wconf 89' lang='lat' dir='ltr'><strong>ad</strong></span> <span class='ocrx_word' id='word_1_92' title='bbox 1411 1601 1631 1657; x_wconf 89' lang='lat' dir='ltr'><strong>malum</strong></span> <span class='ocrx_word' id='word_1_93' title='bbox 1656 1601 1718 1656; x_wconf 93' lang='lat' dir='ltr'><strong>in</strong></span> <span class='ocrx_word' id='word_1_94' title='bbox 1749 1600 1847 1657; x_wconf 87' lang='lat' dir='ltr'><strong>via</strong></span> 
     </span>
     <span class='ocr_line' id='line_1_15' title="bbox 481 1680 1849 1760; baseline -0.005 -17"><span class='ocrx_word' id='word_1_95' title='bbox 481 1687 738 1745; x_wconf 89' lang='lat' dir='ltr'><strong>Doctoris</strong></span> <span class='ocrx_word' id='word_1_96' title='bbox 776 1690 921 1760; x_wconf 85' lang='lat' dir='ltr'><strong>Ang.</strong></span> <span class='ocrx_word' id='word_1_97' title='bbox 967 1702 1087 1743; x_wconf 90' lang='lat' dir='ltr'><strong>non</strong></span> <span class='ocrx_word' id='word_1_98' title='bbox 1133 1681 1481 1751; x_wconf 88' lang='lat' dir='ltr'><strong>admittitur)</strong></span> <span class='ocrx_word' id='word_1_99' title='bbox 1521 1680 1688 1739; x_wconf 88' lang='lat' dir='ltr'><strong>debet</strong></span> <span class='ocrx_word' id='word_1_100' title='bbox 1724 1695 1849 1737; x_wconf 90' lang='lat' dir='ltr'><strong>esse</strong></span> 
     </span>
     <span class='ocr_line' id='line_1_16' title="bbox 483 1762 1845 1842; baseline -0.006 -16"><span class='ocrx_word' id='word_1_101' title='bbox 483 1768 819 1826; x_wconf 79' lang='lat' dir='ltr'><strong>meritorius</strong></span> <span class='ocrx_word' id='word_1_102' title='bbox 862 1768 967 1824; x_wconf 91' lang='lat' dir='ltr'><strong>hoc</strong></span> <span class='ocrx_word' id='word_1_103' title='bbox 1016 1781 1226 1842; x_wconf 85' lang='lat' dir='ltr'><strong>genere</strong></span> <span class='ocrx_word' id='word_1_104' title='bbox 1276 1763 1512 1830; x_wconf 88' lang='lat' dir='ltr'><strong>meriti;</strong></span> <span class='ocrx_word' id='word_1_105' title='bbox 1568 1762 1845 1819; x_wconf 90' lang='lat' dir='ltr'><strong>meritum</strong></span> 
     </span>
     <span class='ocr_line' id='line_1_17' title="bbox 484 1846 1849 1922; baseline -0.005 -15"><span class='ocrx_word' id='word_1_106' title='bbox 484 1865 732 1922; x_wconf 91' lang='lat' dir='ltr'><strong>namque</strong></span> <span class='ocrx_word' id='word_1_107' title='bbox 779 1851 840 1906; x_wconf 92' lang='lat' dir='ltr'><strong>in</strong></span> <span class='ocrx_word' id='word_1_108' title='bbox 886 1849 994 1906; x_wconf 89' lang='lat' dir='ltr'><strong>ista</strong></span> <span class='ocrx_word' id='word_1_109' title='bbox 1039 1848 1337 1907; x_wconf 91' lang='lat' dir='ltr'><strong>communi</strong></span> <span class='ocrx_word' id='word_1_110' title='bbox 1389 1846 1712 1919; x_wconf 87' lang='lat' dir='ltr'><strong>acceptione</strong></span> <span class='ocrx_word' id='word_1_111' title='bbox 1761 1849 1849 1903; x_wconf 87' lang='lat' dir='ltr'><strong>est</strong></span> 
     </span>
     <span class='ocr_line' id='line_1_18' title="bbox 483 1929 1846 2007; baseline -0.004 -16"><span class='ocrx_word' id='word_1_112' title='bbox 483 1933 672 2007; x_wconf 85' lang='lat' dir='ltr'><strong>passio</strong></span> <span class='ocrx_word' id='word_1_113' title='bbox 698 1933 969 1990; x_wconf 86' lang='lat' dir='ltr'><strong>bonitatis</strong></span> <span class='ocrx_word' id='word_1_114' title='bbox 997 1932 1256 2001; x_wconf 88' lang='lat' dir='ltr'><strong>moralis,</strong></span> <span class='ocrx_word' id='word_1_115' title='bbox 1281 1936 1337 1989; x_wconf 88' lang='lat' dir='ltr'><strong>et</strong></span> <span class='ocrx_word' id='word_1_116' title='bbox 1355 1929 1720 2002; x_wconf 78' lang='lat' dir='ltr'><strong>consequitur</strong></span> <span class='ocrx_word' id='word_1_117' title='bbox 1749 1945 1846 1986; x_wconf 87' lang='lat' dir='ltr'><strong>ra-</strong></span> 
     </span>
     <span class='ocr_line' id='line_1_19' title="bbox 482 2011 1846 2093; baseline -0.003 -21"><span class='ocrx_word' id='word_1_118' title='bbox 482 2016 640 2072; x_wconf 91' lang='lat' dir='ltr'><strong>tione</strong></span> <span class='ocrx_word' id='word_1_119' title='bbox 679 2015 838 2071; x_wconf 89' lang='lat' dir='ltr'><strong>illius</strong></span> <span class='ocrx_word' id='word_1_120' title='bbox 878 2030 1111 2072; x_wconf 90' lang='lat' dir='ltr'><strong>omnem</strong></span> <span class='ocrx_word' id='word_1_121' title='bbox 1153 2019 1343 2071; x_wconf 89' lang='lat' dir='ltr'><strong>actum</strong></span> <span class='ocrx_word' id='word_1_122' title='bbox 1372 2011 1609 2093; x_wconf 89' lang='lat' dir='ltr'><strong>bonum,</strong></span> <span class='ocrx_word' id='word_1_123' title='bbox 1642 2026 1675 2068; x_wconf 94' lang='lat' dir='ltr'><strong>a</strong></span> <span class='ocrx_word' id='word_1_124' title='bbox 1699 2027 1846 2085; x_wconf 89' lang='lat' dir='ltr'><strong>quo·</strong></span> 
     </span>
     <span class='ocr_line' id='line_1_20' title="bbox 482 2095 869 2169; baseline 0.003 -17"><span class='ocrx_word' id='word_1_125' title='bbox 482 2112 725 2169; x_wconf 87' lang='lat' dir='ltr'><strong>cumque</strong></span> <span class='ocrx_word' id='word_1_126' title='bbox 749 2095 869 2153; x_wconf 87' lang='lat' dir='ltr'><strong>fiat.</strong></span> 
     </span>
    </p>

    <p class='ocr_par' dir='ltr' id='par_1_3' title="bbox 476 2172 1849 2821">
     <span class='ocr_line' id='line_1_21' title="bbox 557 2172 1849 2250; baseline -0.005 -17"><span class='ocrx_word' id='word_1_127' title='bbox 557 2176 814 2236; x_wconf 88' lang='lat' dir='ltr'><strong>Secunda</strong></span> <span class='ocrx_word' id='word_1_128' title='bbox 840 2192 978 2234; x_wconf 90' lang='lat' dir='ltr'><strong>vero</strong></span> <span class='ocrx_word' id='word_1_129' title='bbox 1003 2176 1173 2250; x_wconf 85' lang='lat' dir='ltr'><strong>hujus</strong></span> <span class='ocrx_word' id='word_1_130' title='bbox 1207 2175 1494 2234; x_wconf 81' lang='lat' dir='ltr'><strong>evasionis</strong></span> <span class='ocrx_word' id='word_1_131' title='bbox 1537 2189 1670 2247; x_wconf 87' lang='lat' dir='ltr'><strong>pars</strong></span> <span class='ocrx_word' id='word_1_132' title='bbox 1708 2172 1849 2228; x_wconf 90' lang='lat' dir='ltr'><strong>satis</strong></span> 
     </span>
     <span class='ocr_line' id='line_1_22' title="bbox 481 2252 1847 2331; baseline -0.005 -14"><span class='ocrx_word' id='word_1_133' title='bbox 481 2260 657 2317; x_wconf 88' lang='lat' dir='ltr'><strong>etiam</strong></span> <span class='ocrx_word' id='word_1_134' title='bbox 677 2258 894 2316; x_wconf 87' lang='lat' dir='ltr'><strong>corruit</strong></span> <span class='ocrx_word' id='word_1_135' title='bbox 921 2273 993 2314; x_wconf 87' lang='lat' dir='ltr'><strong>ex</strong></span> <span class='ocrx_word' id='word_1_136' title='bbox 1020 2257 1128 2325; x_wconf 90' lang='lat' dir='ltr'><strong>his,</strong></span> <span class='ocrx_word' id='word_1_137' title='bbox 1160 2273 1284 2331; x_wconf 84' lang='lat' dir='ltr'><strong>quae</strong></span> <span class='ocrx_word' id='word_1_138' title='bbox 1312 2256 1484 2312; x_wconf 91' lang='lat' dir='ltr'><strong>initio</strong></span> <span class='ocrx_word' id='word_1_139' title='bbox 1512 2252 1847 2326; x_wconf 86' lang='lat' dir='ltr'><strong>disputatio-</strong></span> 
     </span>
     <span class='ocr_line' id='line_1_23' title="bbox 482 2334 1846 2404; baseline -0.007 -6"><span class='ocrx_word' id='word_1_140' title='bbox 482 2342 575 2399; x_wconf 87' lang='lat' dir='ltr'><strong>nis</strong></span> <span class='ocrx_word' id='word_1_141' title='bbox 602 2340 1025 2404; x_wconf 90' lang='lat' dir='ltr'><strong>adnotavimus,</strong></span> <span class='ocrx_word' id='word_1_142' title='bbox 1060 2338 1156 2395; x_wconf 91' lang='lat' dir='ltr'><strong>ubi</strong></span> <span class='ocrx_word' id='word_1_143' title='bbox 1184 2336 1541 2396; x_wconf 80' lang='lat' dir='ltr'><strong>ostendimus</strong></span> <span class='ocrx_word' id='word_1_144' title='bbox 1569 2334 1846 2391; x_wconf 90' lang='lat' dir='ltr'><strong>meritum</strong></span> 
     </span>
     <span class='ocr_line' id='line_1_24' title="bbox 480 2417 1847 2496; baseline -0.006 -17"><span class='ocrx_word' id='word_1_145' title='bbox 480 2422 551 2479; x_wconf 91' lang='lat' dir='ltr'><strong>de</strong></span> <span class='ocrx_word' id='word_1_146' title='bbox 588 2423 711 2480; x_wconf 91' lang='lat' dir='ltr'><strong>solo</strong></span> <span class='ocrx_word' id='word_1_147' title='bbox 737 2439 989 2496; x_wconf 89' lang='lat' dir='ltr'><strong>congruo</strong></span> <span class='ocrx_word' id='word_1_148' title='bbox 1018 2436 1135 2477; x_wconf 91' lang='lat' dir='ltr'><strong>non</strong></span> <span class='ocrx_word' id='word_1_149' title='bbox 1163 2419 1375 2477; x_wconf 91' lang='lat' dir='ltr'><strong>habere</strong></span> <span class='ocrx_word' id='word_1_150' title='bbox 1411 2419 1598 2474; x_wconf 90' lang='lat' dir='ltr'><strong>locum</strong></span> <span class='ocrx_word' id='word_1_151' title='bbox 1642 2417 1705 2474; x_wconf 92' lang='lat' dir='ltr'><strong>in</strong></span> <span class='ocrx_word' id='word_1_152' title='bbox 1746 2431 1847 2472; x_wconf 91' lang='lat' dir='ltr'><strong>or-</strong></span> 
     </span>
     <span class='ocr_line' id='line_1_25' title="bbox 479 2501 1840 2575; baseline -0.003 -15"><span class='ocrx_word' id='word_1_153' title='bbox 479 2504 617 2561; x_wconf 86' lang='lat' dir='ltr'><strong>dine</strong></span> <span class='ocrx_word' id='word_1_154' title='bbox 662 2504 732 2562; x_wconf 88' lang='lat' dir='ltr'><strong>ad</strong></span> <span class='ocrx_word' id='word_1_155' title='bbox 780 2503 1194 2562; x_wconf 88' lang='lat' dir='ltr'><strong>beatitudinem</strong></span> <span class='ocrx_word' id='word_1_156' title='bbox 1237 2524 1250 2559; x_wconf 89' lang='lat'>:</span> <span class='ocrx_word' id='word_1_157' title='bbox 1297 2516 1475 2574; x_wconf 88' lang='lat' dir='ltr'><strong>quare</strong></span> <span class='ocrx_word' id='word_1_158' title='bbox 1519 2516 1648 2555; x_wconf 91' lang='lat' dir='ltr'><strong>cum</strong></span> <span class='ocrx_word' id='word_1_159' title='bbox 1693 2501 1840 2575; x_wconf 88' lang='lat' dir='ltr'><strong>Ang.</strong></span> 
     </span>
     <span class='ocr_line' id='line_1_26' title="bbox 480 2583 1841 2654; baseline -0.004 -12"><span class='ocrx_word' id='word_1_160' title='bbox 480 2588 686 2643; x_wconf 90' lang='lat' dir='ltr'><strong>Doctor</strong></span> <span class='ocrx_word' id='word_1_161' title='bbox 738 2584 807 2642; x_wconf 88' lang='lat' dir='ltr'><strong>de</strong></span> <span class='ocrx_word' id='word_1_162' title='bbox 858 2586 1066 2642; x_wconf 90' lang='lat' dir='ltr'><strong>merito</strong></span> <span class='ocrx_word' id='word_1_163' title='bbox 1131 2583 1504 2642; x_wconf 87' lang='lat' dir='ltr'><strong>beatitudinis</strong></span> <span class='ocrx_word' id='word_1_164' title='bbox 1556 2583 1841 2654; x_wconf 89' lang='lat' dir='ltr'><strong>loquatur,</strong></span> 
     </span>
     <span class='ocr_line' id='line_1_27' title="bbox 483 2662 1847 2742; baseline -0.001 -19"><span class='ocrx_word' id='word_1_165' title='bbox 483 2666 895 2742; x_wconf 87' lang='lat' dir='ltr'><strong>intelligendus</strong></span> <span class='ocrx_word' id='word_1_166' title='bbox 941 2665 1262 2723; x_wconf 89' lang='lat' dir='ltr'><strong>necessario</strong></span> <span class='ocrx_word' id='word_1_167' title='bbox 1294 2671 1380 2722; x_wconf 91' lang='lat' dir='ltr'><strong>est</strong></span> <span class='ocrx_word' id='word_1_168' title='bbox 1423 2663 1493 2720; x_wconf 91' lang='lat' dir='ltr'><strong>de</strong></span> <span class='ocrx_word' id='word_1_169' title='bbox 1540 2664 1750 2721; x_wconf 90' lang='lat' dir='ltr'><strong>merito</strong></span> <span class='ocrx_word' id='word_1_170' title='bbox 1776 2662 1847 2721; x_wconf 91' lang='lat' dir='ltr'><strong>de</strong></span> 
     </span>
     <span class='ocr_line' id='line_1_28' title="bbox 476 2747 778 2821; baseline -0.007 -16"><span class='ocrx_word' id='word_1_171' title='bbox 476 2747 778 2821; x_wconf 81' lang='lat' dir='ltr'><strong>condignO.</strong></span> 
     </span>
    </p>
   </div>
   <div class='ocr_carea' id='block_1_3' title="bbox 267 2808 1846 2902">
    <p class='ocr_par' dir='ltr' id='par_1_4' title="bbox 267 2808 1846 2902">
     <span class='ocr_line' id='line_1_29' title="bbox 267 2808 1846 2902; baseline -0.004 -14"><span class='ocrx_word' id='word_1_172' title='bbox 267 2850 467 2895; x_wconf 70' lang='lat' dir='ltr'><strong>motivum</strong></span> <span class='ocrx_word' id='word_1_173' title='bbox 554 2827 701 2885; x_wconf 88' lang='lat' dir='ltr'><strong>Illud</strong></span> <span class='ocrx_word' id='word_1_174' title='bbox 725 2844 861 2886; x_wconf 89' lang='lat' dir='ltr'><strong>vero</strong></span> <span class='ocrx_word' id='word_1_175' title='bbox 881 2826 1030 2902; x_wconf 88' lang='lat' dir='ltr'><strong>quod</strong></span> <span class='ocrx_word' id='word_1_176' title='bbox 1053 2808 1286 2885; x_wconf 80' lang='lat' dir='ltr'><strong>additur</strong></span> <span class='ocrx_word' id='word_1_177' title='bbox 1306 2826 1369 2883; x_wconf 91' lang='lat' dir='ltr'><strong>in</strong></span> <span class='ocrx_word' id='word_1_178' title='bbox 1391 2825 1651 2883; x_wconf 83' lang='lat' dir='ltr'><strong>favorem</strong></span> <span class='ocrx_word' id='word_1_179' title='bbox 1674 2825 1846 2899; x_wconf 73' lang='lat' dir='ltr'><strong>huius</strong></span> 
     </span>
    </p>
   </div>
   <div class='ocr_carea' id='block_1_4' title="bbox 290 2901 1847 2993">
    <p class='ocr_par' dir='ltr' id='par_1_5' title="bbox 290 2901 1847 2993">
     <span class='ocr_line' id='line_1_30' title="bbox 290 2901 1847 2993; baseline -0.003 -27"><span class='ocrx_word' id='word_1_180' title='bbox 290 2901 450 2993; x_wconf 56' lang='lat' dir='ltr'><strong>fflffig·</strong></span> <span class='ocrx_word' id='word_1_181' title='bbox 477 2910 782 2967; x_wconf 81' lang='lat' dir='ltr'><strong>solutionis</strong></span> <span class='ocrx_word' id='word_1_182' title='bbox 827 2908 899 2966; x_wconf 92' lang='lat' dir='ltr'><strong>de</strong></span> <span class='ocrx_word' id='word_1_183' title='bbox 946 2908 1225 2965; x_wconf 86' lang='lat' dir='ltr'><strong>relatione</strong></span> <span class='ocrx_word' id='word_1_184' title='bbox 1272 2907 1575 2971; x_wconf 86' lang='lat' dir='ltr'><strong>habituali,</strong></span> <span class='ocrx_word' id='word_1_185' title='bbox 1623 2907 1847 2963; x_wconf 86' lang='lat' dir='ltr'><strong>nullius</strong></span> 
     </span>
    </p>
   </div>
   <div class='ocr_carea' id='block_1_5' title="bbox 296 2990 1847 3063">
    <p class='ocr_par' dir='ltr' id='par_1_6' title="bbox 296 2990 1847 3063">
     <span class='ocr_line' id='line_1_31' title="bbox 296 2990 1847 3063; baseline 0.003 -21"><span class='ocrx_word' id='word_1_186' title='bbox 296 2999 443 3045; x_wconf 81' lang='lat' dir='ltr'><strong>ruitur.</strong></span> <span class='ocrx_word' id='word_1_187' title='bbox 478 2992 759 3050; x_wconf 86' lang='lat' dir='ltr'><strong>momenti</strong></span> <span class='ocrx_word' id='word_1_188' title='bbox 784 2996 899 3059; x_wconf 90' lang='lat' dir='ltr'><strong>est;</strong></span> <span class='ocrx_word' id='word_1_189' title='bbox 948 2990 1084 3063; x_wconf 91' lang='lat' dir='ltr'><strong>quia</strong></span> <span class='ocrx_word' id='word_1_190' title='bbox 1109 2993 1176 3046; x_wconf 92' lang='lat' dir='ltr'><strong>D.</strong></span> <span class='ocrx_word' id='word_1_191' title='bbox 1205 2990 1409 3050; x_wconf 89' lang='lat' dir='ltr'><strong>Thom.</strong></span> <span class='ocrx_word' id='word_1_192' title='bbox 1443 3004 1709 3062; x_wconf 87' lang='lat' dir='ltr'><strong>expresse</strong></span> <span class='ocrx_word' id='word_1_193' title='bbox 1738 3004 1847 3047; x_wconf 88' lang='lat' dir='ltr'><strong>ne-</strong></span> 
     </span>
    </p>
   </div>
   <div class='ocr_carea' id='block_1_6' title="bbox 459 3070 1846 5186">
    <p class='ocr_par' dir='ltr' id='par_1_7' title="bbox 459 3070 1846 5186">
     <span class='ocr_line' id='line_1_32' title="bbox 475 3070 1840 3148; baseline -0.003 -18"><span class='ocrx_word' id='word_1_194' title='bbox 475 3078 571 3148; x_wconf 90' lang='lat' dir='ltr'><strong>gat</strong></span> <span class='ocrx_word' id='word_1_195' title='bbox 595 3073 852 3130; x_wconf 87' lang='lat' dir='ltr'><strong>sufficere</strong></span> <span class='ocrx_word' id='word_1_196' title='bbox 892 3072 962 3129; x_wconf 89' lang='lat' dir='ltr'><strong>ad</strong></span> <span class='ocrx_word' id='word_1_197' title='bbox 1002 3072 1297 3137; x_wconf 90' lang='lat' dir='ltr'><strong>meritum,</strong></span> <span class='ocrx_word' id='word_1_198' title='bbox 1330 3070 1399 3127; x_wconf 91' lang='lat' dir='ltr'><strong>de</strong></span> <span class='ocrx_word' id='word_1_199' title='bbox 1425 3086 1536 3143; x_wconf 91' lang='lat' dir='ltr'><strong>quo</strong></span> <span class='ocrx_word' id='word_1_200' title='bbox 1564 3071 1840 3143; x_wconf 86' lang='lat' dir='ltr'><strong>loquitur,</strong></span> 
     </span>
     <span class='ocr_line' id='line_1_33' title="bbox 473 3153 1846 3233; baseline -0.003 -20"><span class='ocrx_word' id='word_1_201' title='bbox 473 3156 804 3233; x_wconf 84' lang='lat' dir='ltr'><strong>hujusmodi</strong></span> <span class='ocrx_word' id='word_1_202' title='bbox 826 3155 1186 3220; x_wconf 86' lang='lat' dir='ltr'><strong>relationem,</strong></span> <span class='ocrx_word' id='word_1_203' title='bbox 1208 3153 1305 3210; x_wconf 88' lang='lat' dir='ltr'><strong>sed</strong></span> <span class='ocrx_word' id='word_1_204' title='bbox 1325 3153 1706 3209; x_wconf 85' lang='lat' dir='ltr'><strong>necessariam</strong></span> <span class='ocrx_word' id='word_1_205' title='bbox 1722 3169 1846 3211; x_wconf 89' lang='lat' dir='ltr'><strong>esse</strong></span> 
     </span>
     <span class='ocr_line' id='line_1_34' title="bbox 475 3235 1846 3300; baseline -0.003 -7"><span class='ocrx_word' id='word_1_206' title='bbox 475 3239 814 3295; x_wconf 84' lang='lat' dir='ltr'><strong>relationem</strong></span> <span class='ocrx_word' id='word_1_207' title='bbox 844 3235 914 3293; x_wconf 90' lang='lat' dir='ltr'><strong>ad</strong></span> <span class='ocrx_word' id='word_1_208' title='bbox 943 3236 1139 3294; x_wconf 90' lang='lat' dir='ltr'><strong>minus</strong></span> <span class='ocrx_word' id='word_1_209' title='bbox 1175 3235 1507 3300; x_wconf 80' lang='lat' dir='ltr'><strong>virtualem,</strong></span> <span class='ocrx_word' id='word_1_210' title='bbox 1539 3239 1601 3290; x_wconf 91' lang='lat' dir='ltr'><strong>ut</strong></span> <span class='ocrx_word' id='word_1_211' title='bbox 1626 3238 1846 3291; x_wconf 89' lang='lat' dir='ltr'><strong>constat</strong></span> 
     </span>
     <span class='ocr_line' id='line_1_35' title="bbox 471 3316 1838 3385; baseline -0.004 -8"><span class='ocrx_word' id='word_1_212' title='bbox 471 3335 542 3377; x_wconf 88' lang='lat' dir='ltr'><strong>ex</strong></span> <span class='ocrx_word' id='word_1_213' title='bbox 568 3320 856 3378; x_wconf 90' lang='lat' dir='ltr'><strong>solutione</strong></span> <span class='ocrx_word' id='word_1_214' title='bbox 884 3319 953 3375; x_wconf 89' lang='lat' dir='ltr'><strong>ad</strong></span> <span class='ocrx_word' id='word_1_215' title='bbox 975 3321 1030 3385; x_wconf 88' lang='grc'><strong>6,</strong></span> <span class='ocrx_word' id='word_1_216' title='bbox 1058 3320 1180 3375; x_wconf 87' lang='lat' dir='ltr'><strong>loco</strong></span> <span class='ocrx_word' id='word_1_217' title='bbox 1205 3318 1379 3374; x_wconf 92' lang='lat' dir='ltr'><strong>citato</strong></span> <span class='ocrx_word' id='word_1_218' title='bbox 1403 3333 1477 3371; x_wconf 76' lang='lat' dir='ltr'><strong>ecc</strong></span> <span class='ocrx_word' id='word_1_219' title='bbox 1500 3318 1555 3382; x_wconf 81' lang='lat'><strong>2,</strong></span> <span class='ocrx_word' id='word_1_220' title='bbox 1586 3317 1714 3372; x_wconf 78' lang='lat' dir='ltr'><strong>dist.</strong></span> <span class='ocrx_word' id='word_1_221' title='bbox 1743 3316 1838 3382; x_wconf 87' lang='grc'><strong>40,</strong></span> 
     </span>
     <span class='ocr_line' id='line_1_36' title="bbox 470 3397 1845 3471; baseline -0.004 -13"><span class='ocrx_word' id='word_1_222' title='bbox 470 3401 571 3458; x_wconf 91' lang='lat' dir='ltr'><strong>ubi</strong></span> <span class='ocrx_word' id='word_1_223' title='bbox 598 3402 679 3458; x_wconf 92' lang='lat' dir='ltr'><strong>sic</strong></span> <span class='ocrx_word' id='word_1_224' title='bbox 707 3402 787 3458; x_wconf 90' lang='lat' dir='ltr'><strong>ait</strong></span> <span class='ocrx_word' id='word_1_225' title='bbox 821 3422 833 3457; x_wconf 90' lang='lat'>:</span> <span class='ocrx_word' id='word_1_226' title='bbox 869 3422 894 3454; x_wconf 88' lang='lat'>«</span> <span class='ocrx_word' id='word_1_227' title='bbox 926 3399 1243 3457; x_wconf 85' lang='lat' dir='ltr'><strong>Dicendum</strong></span> <span class='ocrx_word' id='word_1_228' title='bbox 1287 3398 1438 3471; x_wconf 90' lang='lat' dir='ltr'><strong>quod</strong></span> <span class='ocrx_word' id='word_1_229' title='bbox 1479 3414 1597 3456; x_wconf 92' lang='lat' dir='ltr'><strong>non</strong></span> <span class='ocrx_word' id='word_1_230' title='bbox 1639 3397 1845 3454; x_wconf 85' lang='lat' dir='ltr'><strong>sufficit</strong></span> 
     </span>
     <span class='ocr_line' id='line_1_37' title="bbox 476 3478 1843 3539; baseline -0.001 -4"><span class='ocrx_word' id='word_1_231' title='bbox 476 3504 503 3535; x_wconf 77' lang='grc' dir='ltr'>α</span> <span class='ocrx_word' id='word_1_232' title='bbox 544 3482 785 3539; x_wconf 91' lang='lat' dir='ltr'><strong>omnino</strong></span> <span class='ocrx_word' id='word_1_233' title='bbox 846 3480 1160 3537; x_wconf 87' lang='lat' dir='ltr'><strong>habitualis</strong></span> <span class='ocrx_word' id='word_1_234' title='bbox 1218 3479 1510 3539; x_wconf 88' lang='lat' dir='ltr'><strong>ordinatio</strong></span> <span class='ocrx_word' id='word_1_235' title='bbox 1558 3483 1713 3535; x_wconf 88' lang='lat' dir='ltr'><strong>actus</strong></span> <span class='ocrx_word' id='word_1_236' title='bbox 1778 3478 1843 3534; x_wconf 89' lang='lat' dir='ltr'><strong>in</strong></span> 
     </span>
     <span class='ocr_line' id='line_1_38' title="bbox 473 3558 1838 3635; baseline -0.001 -19"><span class='ocrx_word' id='word_1_237' title='bbox 473 3584 500 3616; x_wconf 80' lang='grc' dir='ltr'>α</span> <span class='ocrx_word' id='word_1_238' title='bbox 546 3565 746 3629; x_wconf 91' lang='lat' dir='ltr'><strong>Deum,</strong></span> <span class='ocrx_word' id='word_1_239' title='bbox 778 3563 914 3635; x_wconf 90' lang='lat' dir='ltr'><strong>quia</strong></span> <span class='ocrx_word' id='word_1_240' title='bbox 953 3578 1025 3619; x_wconf 86' lang='lat' dir='ltr'><strong>ex</strong></span> <span class='ocrx_word' id='word_1_241' title='bbox 1069 3562 1172 3619; x_wconf 86' lang='lat' dir='ltr'><strong>hoc</strong></span> <span class='ocrx_word' id='word_1_242' title='bbox 1211 3561 1358 3634; x_wconf 88' lang='lat' dir='ltr'><strong>quod</strong></span> <span class='ocrx_word' id='word_1_243' title='bbox 1400 3561 1574 3619; x_wconf 91' lang='lat' dir='ltr'><strong>estin</strong></span> <span class='ocrx_word' id='word_1_244' title='bbox 1616 3558 1838 3627; x_wconf 89' lang='lat' dir='ltr'><strong>habitu,</strong></span> 
     </span>
     <span class='ocr_line' id='line_1_39' title="bbox 476 3642 1842 3717; baseline -0.001 -16"><span class='ocrx_word' id='word_1_245' title='bbox 476 3668 501 3701; x_wconf 79' lang='grc' dir='ltr'><strong>α</strong></span> <span class='ocrx_word' id='word_1_246' title='bbox 546 3648 744 3703; x_wconf 88' lang='lat' dir='ltr'><strong>nullus</strong></span> <span class='ocrx_word' id='word_1_247' title='bbox 791 3650 1065 3711; x_wconf 90' lang='lat' dir='ltr'><strong>meretur,</strong></span> <span class='ocrx_word' id='word_1_248' title='bbox 1097 3644 1196 3702; x_wconf 88' lang='lat' dir='ltr'><strong>sed</strong></span> <span class='ocrx_word' id='word_1_249' title='bbox 1237 3661 1308 3704; x_wconf 85' lang='lat' dir='ltr'><strong>ex</strong></span> <span class='ocrx_word' id='word_1_250' title='bbox 1353 3644 1476 3714; x_wconf 82' lang='lat' dir='ltr'><strong>hoc,</strong></span> <span class='ocrx_word' id='word_1_251' title='bbox 1520 3642 1669 3717; x_wconf 88' lang='lat' dir='ltr'><strong>quod</strong></span> <span class='ocrx_word' id='word_1_252' title='bbox 1716 3647 1842 3700; x_wconf 74' lang='lat' dir='ltr'><strong>actu</strong></span> 
     </span>
     <span class='ocr_line' id='line_1_40' title="bbox 476 3724 1842 3804; baseline -0.001 -18"><span class='ocrx_word' id='word_1_253' title='bbox 476 3753 503 3786; x_wconf 74' lang='grc' dir='ltr'><strong>ιι</strong></span> <span class='ocrx_word' id='word_1_254' title='bbox 550 3735 855 3804; x_wconf 89' lang='lat' dir='ltr'><strong>operatur;</strong></span> <span class='ocrx_word' id='word_1_255' title='bbox 887 3744 992 3785; x_wconf 88' lang='lat' dir='ltr'><strong>nec</strong></span> <span class='ocrx_word' id='word_1_256' title='bbox 1012 3733 1207 3785; x_wconf 81' lang='lat' dir='ltr'><strong>tamen</strong></span> <span class='ocrx_word' id='word_1_257' title='bbox 1229 3731 1452 3801; x_wconf 86' lang='lat' dir='ltr'><strong>oportet</strong></span> <span class='ocrx_word' id='word_1_258' title='bbox 1471 3724 1619 3800; x_wconf 90' lang='lat' dir='ltr'><strong>quod</strong></span> <span class='ocrx_word' id='word_1_259' title='bbox 1642 3726 1842 3785; x_wconf 86' lang='lat' dir='ltr'><strong>inten-</strong></span> 
     </span>
     <span class='ocr_line' id='line_1_41' title="bbox 479 3808 1841 3869; baseline -0.002 -4"><span class='ocrx_word' id='word_1_260' title='bbox 479 3833 506 3865; x_wconf 73' lang='grc' dir='ltr'>α</span> <span class='ocrx_word' id='word_1_261' title='bbox 549 3811 629 3869; x_wconf 89' lang='lat' dir='ltr'><strong>tio</strong></span> <span class='ocrx_word' id='word_1_262' title='bbox 656 3811 894 3869; x_wconf 88' lang='lat' dir='ltr'><strong>actualis</strong></span> <span class='ocrx_word' id='word_1_263' title='bbox 939 3808 1217 3866; x_wconf 90' lang='lat' dir='ltr'><strong>ordinans</strong></span> <span class='ocrx_word' id='word_1_264' title='bbox 1247 3810 1308 3866; x_wconf 91' lang='lat' dir='ltr'><strong>in</strong></span> <span class='ocrx_word' id='word_1_265' title='bbox 1344 3808 1522 3864; x_wconf 91' lang='lat' dir='ltr'><strong>finem</strong></span> <span class='ocrx_word' id='word_1_266' title='bbox 1566 3808 1841 3863; x_wconf 89' lang='lat' dir='ltr'><strong>ultimum</strong></span> 
     </span>
     <span class='ocr_line' id='line_1_42' title="bbox 479 3889 1843 3966; baseline 0.001 -21"><span class='ocrx_word' id='word_1_267' title='bbox 479 3913 506 3945; x_wconf 86' lang='lat'>«</span> <span class='ocrx_word' id='word_1_268' title='bbox 549 3892 625 3948; x_wconf 91' lang='lat' dir='ltr'><strong>sit</strong></span> <span class='ocrx_word' id='word_1_269' title='bbox 643 3908 870 3966; x_wconf 85' lang='lat' dir='ltr'><strong>semper</strong></span> <span class='ocrx_word' id='word_1_270' title='bbox 890 3890 1190 3965; x_wconf 87' lang='lat' dir='ltr'><strong>conjuncta</strong></span> <span class='ocrx_word' id='word_1_271' title='bbox 1210 3889 1445 3947; x_wconf 88' lang='lat' dir='ltr'><strong>cuilibet</strong></span> <span class='ocrx_word' id='word_1_272' title='bbox 1466 3889 1695 3954; x_wconf 89' lang='lat' dir='ltr'><strong>actioni,</strong></span> <span class='ocrx_word' id='word_1_273' title='bbox 1715 3905 1843 3962; x_wconf 80' lang='lat' dir='ltr'><strong>quae</strong></span> 
     </span>
     <span class='ocr_line' id='line_1_43' title="bbox 479 3970 1836 4048; baseline 0 -20"><span class='ocrx_word' id='word_1_274' title='bbox 479 3997 506 4028; x_wconf 76' lang='grc' dir='ltr'><strong><em>α</em></strong></span> <span class='ocrx_word' id='word_1_275' title='bbox 547 3973 820 4048; x_wconf 83' lang='lat' dir='ltr'><strong>dirigitur</strong></span> <span class='ocrx_word' id='word_1_276' title='bbox 861 3973 924 4029; x_wconf 91' lang='lat' dir='ltr'><strong>in</strong></span> <span class='ocrx_word' id='word_1_277' title='bbox 968 3971 1220 4044; x_wconf 89' lang='lat' dir='ltr'><strong>aliquem</strong></span> <span class='ocrx_word' id='word_1_278' title='bbox 1260 3970 1438 4029; x_wconf 89' lang='lat' dir='ltr'><strong>finem</strong></span> <span class='ocrx_word' id='word_1_279' title='bbox 1482 3972 1836 4044; x_wconf 87' lang='lat' dir='ltr'><strong>proximum,</strong></span> 
     </span>
     <span class='ocr_line' id='line_1_44' title="bbox 475 4052 1842 4128; baseline 0 -19"><span class='ocrx_word' id='word_1_280' title='bbox 475 4077 501 4109; x_wconf 79' lang='grc' dir='ltr'>α</span> <span class='ocrx_word' id='word_1_281' title='bbox 543 4055 642 4112; x_wconf 91' lang='lat' dir='ltr'><strong>sed</strong></span> <span class='ocrx_word' id='word_1_282' title='bbox 663 4055 869 4112; x_wconf 90' lang='lat' dir='ltr'><strong>sufficit</strong></span> <span class='ocrx_word' id='word_1_283' title='bbox 888 4052 1038 4128; x_wconf 88' lang='lat' dir='ltr'><strong>quod</strong></span> <span class='ocrx_word' id='word_1_284' title='bbox 1062 4053 1374 4126; x_wconf 90' lang='lat' dir='ltr'><strong>aliquando</strong></span> <span class='ocrx_word' id='word_1_285' title='bbox 1402 4052 1700 4110; x_wconf 86' lang='lat' dir='ltr'><strong>actualiter</strong></span> <span class='ocrx_word' id='word_1_286' title='bbox 1721 4069 1842 4110; x_wconf 92' lang='lat' dir='ltr'><strong>om-</strong></span> 
     </span>
     <span class='ocr_line' id='line_1_45' title="bbox 473 4132 1842 4195; baseline -0.002 -3"><span class='ocrx_word' id='word_1_287' title='bbox 473 4159 499 4192; x_wconf 80' lang='lat'>«</span> <span class='ocrx_word' id='word_1_288' title='bbox 546 4154 646 4195; x_wconf 87' lang='lat' dir='ltr'><strong>nes</strong></span> <span class='ocrx_word' id='word_1_289' title='bbox 671 4138 764 4194; x_wconf 91' lang='lat' dir='ltr'><strong>illi</strong></span> <span class='ocrx_word' id='word_1_290' title='bbox 792 4135 937 4193; x_wconf 88' lang='lat' dir='ltr'><strong>fines</strong></span> <span class='ocrx_word' id='word_1_291' title='bbox 970 4135 1034 4191; x_wconf 91' lang='lat' dir='ltr'><strong>in</strong></span> <span class='ocrx_word' id='word_1_292' title='bbox 1062 4132 1240 4191; x_wconf 89' lang='lat' dir='ltr'><strong>finem</strong></span> <span class='ocrx_word' id='word_1_293' title='bbox 1271 4135 1544 4191; x_wconf 91' lang='lat' dir='ltr'><strong>ultimum</strong></span> <span class='ocrx_word' id='word_1_294' title='bbox 1574 4133 1842 4191; x_wconf 83' lang='lat' dir='ltr'><strong>referan-</strong></span> 
     </span>
     <span class='ocr_line' id='line_1_46' title="bbox 472 4215 1842 4291; baseline -0.001 -19"><span class='ocrx_word' id='word_1_295' title='bbox 472 4241 499 4272; x_wconf 72' lang='grc' dir='ltr'><strong><em>α</em></strong></span> <span class='ocrx_word' id='word_1_296' title='bbox 543 4224 655 4287; x_wconf 92' lang='lat' dir='ltr'><strong>tur,</strong></span> <span class='ocrx_word' id='word_1_297' title='bbox 700 4219 846 4275; x_wconf 88' lang='lat' dir='ltr'><strong>sicut</strong></span> <span class='ocrx_word' id='word_1_298' title='bbox 892 4215 956 4272; x_wconf 85' lang='lat' dir='ltr'><strong>fit</strong></span> <span class='ocrx_word' id='word_1_299' title='bbox 999 4216 1228 4290; x_wconf 85' lang='lat' dir='ltr'><strong>quando</strong></span> <span class='ocrx_word' id='word_1_300' title='bbox 1274 4217 1484 4289; x_wconf 87' lang='lat' dir='ltr'><strong>aliquis</strong></span> <span class='ocrx_word' id='word_1_301' title='bbox 1528 4216 1736 4291; x_wconf 85' lang='lat' dir='ltr'><strong>cogitat</strong></span> <span class='ocrx_word' id='word_1_302' title='bbox 1779 4230 1842 4272; x_wconf 90' lang='lat' dir='ltr'><strong>se</strong></span> 
     </span>
     <span class='ocr_line' id='line_1_47' title="bbox 473 4297 1843 4372; baseline 0 -17"><span class='ocrx_word' id='word_1_303' title='bbox 473 4323 501 4355; x_wconf 77' lang='grc' dir='ltr'><em>α</em></span> <span class='ocrx_word' id='word_1_304' title='bbox 541 4306 726 4359; x_wconf 88' lang='lat' dir='ltr'><strong>totum</strong></span> <span class='ocrx_word' id='word_1_305' title='bbox 754 4300 825 4357; x_wconf 88' lang='lat' dir='ltr'><strong>ad</strong></span> <span class='ocrx_word' id='word_1_306' title='bbox 855 4299 956 4356; x_wconf 91' lang='lat' dir='ltr'><strong>Dei</strong></span> <span class='ocrx_word' id='word_1_307' title='bbox 983 4298 1353 4357; x_wconf 90' lang='lat' dir='ltr'><strong>dilectionem</strong></span> <span class='ocrx_word' id='word_1_308' title='bbox 1382 4297 1638 4372; x_wconf 89' lang='lat' dir='ltr'><strong>dirigere</strong></span> <span class='ocrx_word' id='word_1_309' title='bbox 1656 4321 1671 4364; x_wconf 79' lang='lat'>3</span> <span class='ocrx_word' id='word_1_310' title='bbox 1703 4302 1843 4355; x_wconf 89' lang='lat' dir='ltr'><strong>tunc</strong></span> 
     </span>
     <span class='ocr_line' id='line_1_48' title="bbox 473 4377 1840 4455; baseline 0 -21"><span class='ocrx_word' id='word_1_311' title='bbox 473 4402 499 4434; x_wconf 76' lang='grc' dir='ltr'><strong>α</strong></span> <span class='ocrx_word' id='word_1_312' title='bbox 540 4381 700 4439; x_wconf 90' lang='lat' dir='ltr'><strong>enim</strong></span> <span class='ocrx_word' id='word_1_313' title='bbox 742 4380 1021 4455; x_wconf 88' lang='lat' dir='ltr'><strong>quidquid</strong></span> <span class='ocrx_word' id='word_1_314' title='bbox 1061 4378 1133 4437; x_wconf 88' lang='lat' dir='ltr'><strong>ad</strong></span> <span class='ocrx_word' id='word_1_315' title='bbox 1173 4379 1429 4453; x_wconf 91' lang='lat' dir='ltr'><strong>seipsum</strong></span> <span class='ocrx_word' id='word_1_316' title='bbox 1477 4377 1728 4445; x_wconf 89' lang='lat' dir='ltr'><strong>ordinat,</strong></span> <span class='ocrx_word' id='word_1_317' title='bbox 1774 4379 1840 4435; x_wconf 88' lang='lat' dir='ltr'><strong>in</strong></span> 
     </span>
     <span class='ocr_line' id='line_1_49' title="bbox 472 4459 1838 4524; baseline 0 -8"><span class='ocrx_word' id='word_1_318' title='bbox 472 4483 500 4516; x_wconf 76' lang='grc' dir='ltr'><em>α</em></span> <span class='ocrx_word' id='word_1_319' title='bbox 540 4465 720 4519; x_wconf 91' lang='lat' dir='ltr'><strong>Deum</strong></span> <span class='ocrx_word' id='word_1_320' title='bbox 750 4461 1083 4521; x_wconf 88' lang='lat' dir='ltr'><strong>ordinatum</strong></span> <span class='ocrx_word' id='word_1_321' title='bbox 1112 4460 1245 4519; x_wconf 89' lang='lat' dir='ltr'><strong>erit.</strong></span> <span class='ocrx_word' id='word_1_322' title='bbox 1277 4480 1304 4512; x_wconf 67' lang='lat' dir='ltr'>n</span> <span class='ocrx_word' id='word_1_323' title='bbox 1339 4463 1527 4524; x_wconf 87' lang='lat' dir='ltr'><strong>Quare</strong></span> <span class='ocrx_word' id='word_1_324' title='bbox 1552 4459 1601 4515; x_wconf 91' lang='lat' dir='ltr'><strong>si</strong></span> <span class='ocrx_word' id='word_1_325' title='bbox 1625 4459 1838 4517; x_wconf 88' lang='lat' dir='ltr'><strong>alicubi</strong></span> 
     </span>
     <span class='ocr_line' id='line_1_50' title="bbox 463 4539 1841 4608; baseline 0.002 -11"><span class='ocrx_word' id='word_1_326' title='bbox 463 4544 530 4598; x_wconf 90' lang='lat' dir='ltr'><strong>D.</strong></span> <span class='ocrx_word' id='word_1_327' title='bbox 571 4543 778 4601; x_wconf 90' lang='lat' dir='ltr'><strong>Thom.</strong></span> <span class='ocrx_word' id='word_1_328' title='bbox 809 4543 1115 4602; x_wconf 89' lang='lat' dir='ltr'><strong>insinuare</strong></span> <span class='ocrx_word' id='word_1_329' title='bbox 1156 4541 1441 4608; x_wconf 90' lang='lat' dir='ltr'><strong>videatur,</strong></span> <span class='ocrx_word' id='word_1_330' title='bbox 1472 4539 1729 4599; x_wconf 87' lang='lat' dir='ltr'><strong>sufficere</strong></span> <span class='ocrx_word' id='word_1_331' title='bbox 1768 4541 1841 4600; x_wconf 88' lang='lat' dir='ltr'><strong>ad</strong></span> 
     </span>
     <span class='ocr_line' id='line_1_51' title="bbox 465 4620 1834 4690; baseline -0.001 -10"><span class='ocrx_word' id='word_1_332' title='bbox 465 4622 744 4681; x_wconf 89' lang='lat' dir='ltr'><strong>meritum</strong></span> <span class='ocrx_word' id='word_1_333' title='bbox 773 4624 1118 4682; x_wconf 87' lang='lat' dir='ltr'><strong>relationem</strong></span> <span class='ocrx_word' id='word_1_334' title='bbox 1148 4620 1506 4679; x_wconf 86' lang='lat' dir='ltr'><strong>habitualem</strong></span> <span class='ocrx_word' id='word_1_335' title='bbox 1538 4621 1602 4677; x_wconf 91' lang='lat' dir='ltr'><strong>in</strong></span> <span class='ocrx_word' id='word_1_336' title='bbox 1631 4624 1834 4690; x_wconf 91' lang='lat' dir='ltr'><strong>Deum,</strong></span> 
     </span>
     <span class='ocr_line' id='line_1_52' title="bbox 464 4704 1842 4781; baseline -0.001 -16"><span class='ocrx_word' id='word_1_337' title='bbox 464 4708 557 4765; x_wconf 90' lang='lat' dir='ltr'><strong>vel</strong></span> <span class='ocrx_word' id='word_1_338' title='bbox 580 4709 835 4781; x_wconf 88' lang='lat' dir='ltr'><strong>loquitur</strong></span> <span class='ocrx_word' id='word_1_339' title='bbox 857 4706 930 4764; x_wconf 90' lang='lat' dir='ltr'><strong>de</strong></span> <span class='ocrx_word' id='word_1_340' title='bbox 957 4706 1241 4764; x_wconf 89' lang='lat' dir='ltr'><strong>relatione</strong></span> <span class='ocrx_word' id='word_1_341' title='bbox 1267 4720 1386 4762; x_wconf 91' lang='lat' dir='ltr'><strong>non</strong></span> <span class='ocrx_word' id='word_1_342' title='bbox 1413 4704 1650 4778; x_wconf 82' lang='lat' dir='ltr'><strong>praecise</strong></span> <span class='ocrx_word' id='word_1_343' title='bbox 1678 4704 1842 4763; x_wconf 89' lang='lat' dir='ltr'><strong>habi-</strong></span> 
     </span>
     <span class='ocr_line' id='line_1_53' title="bbox 463 4786 1834 4862; baseline -0.001 -17"><span class='ocrx_word' id='word_1_344' title='bbox 463 4789 627 4856; x_wconf 87' lang='lat' dir='ltr'><strong>tuali,</strong></span> <span class='ocrx_word' id='word_1_345' title='bbox 653 4788 753 4847; x_wconf 88' lang='lat' dir='ltr'><strong>sed</strong></span> <span class='ocrx_word' id='word_1_346' title='bbox 778 4804 903 4862; x_wconf 84' lang='lat' dir='ltr'><strong>quae</strong></span> <span class='ocrx_word' id='word_1_347' title='bbox 923 4789 1099 4845; x_wconf 91' lang='lat' dir='ltr'><strong>simul</strong></span> <span class='ocrx_word' id='word_1_348' title='bbox 1119 4787 1195 4843; x_wconf 90' lang='lat' dir='ltr'><strong>sit</strong></span> <span class='ocrx_word' id='word_1_349' title='bbox 1217 4786 1552 4843; x_wconf 88' lang='lat' dir='ltr'><strong>virtualiter</strong></span> <span class='ocrx_word' id='word_1_350' title='bbox 1576 4788 1834 4856; x_wconf 89' lang='lat' dir='ltr'><strong>actualis,</strong></span> 
     </span>
     <span class='ocr_line' id='line_1_54' title="bbox 462 4869 1840 4948; baseline -0.003 -18"><span class='ocrx_word' id='word_1_351' title='bbox 462 4877 526 4930; x_wconf 89' lang='lat' dir='ltr'><strong>ut</strong></span> <span class='ocrx_word' id='word_1_352' title='bbox 552 4874 673 4946; x_wconf 90' lang='lat' dir='ltr'><strong>ipse</strong></span> <span class='ocrx_word' id='word_1_353' title='bbox 699 4877 844 4948; x_wconf 87' lang='lat' dir='ltr'><strong>Ang.</strong></span> <span class='ocrx_word' id='word_1_354' title='bbox 879 4876 1081 4930; x_wconf 86' lang='lat' dir='ltr'><strong>Doctor</strong></span> <span class='ocrx_word' id='word_1_355' title='bbox 1102 4886 1163 4928; x_wconf 81' lang='lat' dir='ltr'><strong>se</strong></span> <span class='ocrx_word' id='word_1_356' title='bbox 1184 4869 1433 4942; x_wconf 84' lang='lat' dir='ltr'><strong>explicat</strong></span> <span class='ocrx_word' id='word_1_357' title='bbox 1454 4871 1517 4924; x_wconf 80' lang='lat' dir='ltr'><strong>in</strong></span> <span class='ocrx_word' id='word_1_358' title='bbox 1542 4870 1599 4936; x_wconf 84' lang='lat'><strong>2,</strong></span> <span class='ocrx_word' id='word_1_359' title='bbox 1617 4869 1696 4925; x_wconf 85' lang='lat' dir='ltr'><strong>ad</strong></span> <span class='ocrx_word' id='word_1_360' title='bbox 1720 4869 1840 4928; x_wconf 80' lang='lat' dir='ltr'><strong>An-</strong></span> 
     </span>
     <span class='ocr_line' id='line_1_55' title="bbox 460 4947 1837 5022; baseline 0 -15"><span class='ocrx_word' id='word_1_361' title='bbox 460 4951 769 5018; x_wconf 77' lang='lat' dir='ltr'><strong>nibaldum,</strong></span> <span class='ocrx_word' id='word_1_362' title='bbox 802 4955 895 5008; x_wconf 77' lang='lat' dir='ltr'><strong>cit.</strong></span> <span class='ocrx_word' id='word_1_363' title='bbox 926 4952 1055 5007; x_wconf 73' lang='lat' dir='ltr'><strong>dist.</strong></span> <span class='ocrx_word' id='word_1_364' title='bbox 1081 4951 1174 5017; x_wconf 83' lang='lat'><strong>40,</strong></span> <span class='ocrx_word' id='word_1_365' title='bbox 1202 4958 1311 5006; x_wconf 85' lang='lat' dir='ltr'><strong>art.</strong></span> <span class='ocrx_word' id='word_1_366' title='bbox 1335 4950 1390 5014; x_wconf 87' lang='grc'><strong>4,</strong></span> <span class='ocrx_word' id='word_1_367' title='bbox 1413 4947 1513 5005; x_wconf 86' lang='lat' dir='ltr'><strong>uhi</strong></span> <span class='ocrx_word' id='word_1_368' title='bbox 1538 4954 1837 5022; x_wconf 83' lang='lat' dir='ltr'><strong>postquam</strong></span> 
     </span>
     <span class='ocr_line' id='line_1_56' title="bbox 459 5030 1839 5106; baseline 0.001 -19"><span class='ocrx_word' id='word_1_369' title='bbox 459 5030 627 5099; x_wconf 85' lang='lat' dir='ltr'><strong>dixit,</strong></span> <span class='ocrx_word' id='word_1_370' title='bbox 654 5033 805 5106; x_wconf 91' lang='lat' dir='ltr'><strong>quod</strong></span> <span class='ocrx_word' id='word_1_371' title='bbox 831 5036 933 5089; x_wconf 80' lang='lat' dir='ltr'><strong>etsi</strong></span> <span class='ocrx_word' id='word_1_372' title='bbox 970 5033 1128 5088; x_wconf 81' lang='lat' dir='ltr'><strong>homo</strong></span> <span class='ocrx_word' id='word_1_373' title='bbox 1159 5034 1363 5106; x_wconf 75' lang='lat' dir='ltr'><strong>(justus</strong></span> <span class='ocrx_word' id='word_1_374' title='bbox 1404 5030 1689 5105; x_wconf 86' lang='lat' dir='ltr'><strong>intellige)</strong></span> <span class='ocrx_word' id='word_1_375' title='bbox 1729 5050 1839 5088; x_wconf 80' lang='lat' dir='ltr'><strong>non</strong></span> 
     </span>
     <span class='ocr_line' id='line_1_57' title="bbox 461 5110 1840 5186; baseline 0.002 -19"><span class='ocrx_word' id='word_1_376' title='bbox 461 5127 665 5186; x_wconf 77' lang='lat' dir='ltr'><strong>semper</strong></span> <span class='ocrx_word' id='word_1_377' title='bbox 702 5121 832 5169; x_wconf 83' lang='lat' dir='ltr'><strong>actu</strong></span> <span class='ocrx_word' id='word_1_378' title='bbox 879 5115 1070 5184; x_wconf 63' lang='lat' dir='ltr'><strong>cogitet</strong></span> <span class='ocrx_word' id='word_1_379' title='bbox 1109 5113 1173 5168; x_wconf 84' lang='lat' dir='ltr'><strong>de</strong></span> <span class='ocrx_word' id='word_1_380' title='bbox 1219 5110 1354 5178; x_wconf 87' lang='lat' dir='ltr'><strong>Deo,</strong></span> <span class='ocrx_word' id='word_1_381' title='bbox 1411 5118 1598 5167; x_wconf 84' lang='lat' dir='ltr'><strong>tamen</strong></span> <span class='ocrx_word' id='word_1_382' title='bbox 1642 5112 1840 5171; x_wconf 78' lang='lat' dir='ltr'><strong>habitu</strong></span> 
     </span>
    </p>
   </div>
   <div class='ocr_carea' id='block_1_7' title="bbox 1979 624 3583 2725">
    <p class='ocr_par' dir='ltr' id='par_1_8' title="bbox 1979 624 3583 1104">
     <span class='ocr_line' id='line_1_58' title="bbox 1979 624 3583 711; baseline 0.001 -31"><span class='ocrx_word' id='word_1_383' title='bbox 1979 641 2188 697; x_wconf 79' lang='lat' dir='ltr'><strong>semper</strong></span> <span class='ocrx_word' id='word_1_384' title='bbox 2211 642 2266 681; x_wconf 82' lang='lat' dir='ltr'><strong>se</strong></span> <span class='ocrx_word' id='word_1_385' title='bbox 2303 625 2470 698; x_wconf 80' lang='lat' dir='ltr'><strong>refert</strong></span> <span class='ocrx_word' id='word_1_386' title='bbox 2492 626 2554 680; x_wconf 80' lang='lat' dir='ltr'><strong>in</strong></span> <span class='ocrx_word' id='word_1_387' title='bbox 2597 627 2789 694; x_wconf 80' lang='lat' dir='ltr'><strong>Deum,</strong></span> <span class='ocrx_word' id='word_1_388' title='bbox 2824 624 3045 683; x_wconf 87' lang='lat' dir='ltr'><strong>addidit</strong></span> <span class='ocrx_word' id='word_1_389' title='bbox 3070 647 3087 682; x_wconf 70' lang='grc' dir='ltr'>ε</span> <span class='ocrx_word' id='word_1_390' title='bbox 3115 624 3192 683; x_wconf 75' lang='lat' dir='ltr'><strong>Et</strong></span> <span class='ocrx_word' id='word_1_391' title='bbox 3219 643 3365 705; x_wconf 77' lang='lat' dir='ltr'><strong>quo·</strong></span> <span class='ocrx_word' id='word_1_392' title='bbox 3580 634 3583 711; x_wconf 49' lang='lat' dir='ltr'><strong>l</strong></span> 
     </span>
     <span class='ocr_line' id='line_1_59' title="bbox 1980 708 3583 788; baseline 0 -24"><span class='ocrx_word' id='word_1_393' title='bbox 1980 708 2111 764; x_wconf 82' lang='lat' dir='ltr'><strong>dam</strong></span> <span class='ocrx_word' id='word_1_394' title='bbox 2138 708 2295 763; x_wconf 88' lang='lat' dir='ltr'><strong>modo</strong></span> <span class='ocrx_word' id='word_1_395' title='bbox 2321 714 2468 776; x_wconf 80' lang='lat' dir='ltr'><strong>actu,</strong></span> <span class='ocrx_word' id='word_1_396' title='bbox 2497 710 2557 765; x_wconf 79' lang='lat' dir='ltr'><strong>in</strong></span> <span class='ocrx_word' id='word_1_397' title='bbox 2584 715 2855 788; x_wconf 79' lang='lat' dir='ltr'><strong>quantum</strong></span> <span class='ocrx_word' id='word_1_398' title='bbox 2880 712 2968 765; x_wconf 75' lang='lat' dir='ltr'><strong>vis</strong></span> <span class='ocrx_word' id='word_1_399' title='bbox 3005 710 3248 766; x_wconf 79' lang='lat' dir='ltr'><strong>actualis</strong></span> <span class='ocrx_word' id='word_1_400' title='bbox 3269 712 3357 765; x_wconf 78' lang='lat' dir='ltr'><strong>in-</strong></span> <span class='ocrx_word' id='word_1_401' title='bbox 3574 718 3583 785; x_wconf 64' lang='lat'>1</span> 
     </span>
     <span class='ocr_line' id='line_1_60' title="bbox 1982 791 3583 862; baseline 0.001 -18"><span class='ocrx_word' id='word_1_402' title='bbox 1982 792 2239 845; x_wconf 78' lang='lat' dir='ltr'><strong>tentionis</strong></span> <span class='ocrx_word' id='word_1_403' title='bbox 2259 791 2609 862; x_wconf 62' lang='lat' dir='ltr'><strong>precedentis</strong></span> <span class='ocrx_word' id='word_1_404' title='bbox 2643 799 2888 847; x_wconf 83' lang='lat' dir='ltr'><strong>remanet</strong></span> <span class='ocrx_word' id='word_1_405' title='bbox 2928 794 2987 847; x_wconf 82' lang='lat' dir='ltr'><strong>in</strong></span> <span class='ocrx_word' id='word_1_406' title='bbox 3026 792 3243 848; x_wconf 76' lang='lat' dir='ltr'><strong>actibus</strong></span> <span class='ocrx_word' id='word_1_407' title='bbox 3265 808 3358 846; x_wconf 53' lang='lat' dir='ltr'><strong>sen</strong></span> <span class='ocrx_word' id='word_1_408' title='bbox 3577 816 3583 845; x_wconf 66' lang='lat' dir='ltr'>a</span> 
     </span>
     <span class='ocr_line' id='line_1_61' title="bbox 1983 870 3359 948; baseline 0.002 -23"><span class='ocrx_word' id='word_1_409' title='bbox 1983 870 2285 947; x_wconf 74' lang='lat' dir='ltr'><strong>quentibus.</strong></span> <span class='ocrx_word' id='word_1_410' title='bbox 2325 871 2428 928; x_wconf 90' lang='lat' dir='ltr'><strong>Vel</strong></span> <span class='ocrx_word' id='word_1_411' title='bbox 2462 871 2591 929; x_wconf 92' lang='lat' dir='ltr'><strong>ideo</strong></span> <span class='ocrx_word' id='word_1_412' title='bbox 2626 871 2888 948; x_wconf 76' lang='lat' dir='ltr'><strong>insinuat</strong></span> <span class='ocrx_word' id='word_1_413' title='bbox 2913 871 3171 929; x_wconf 88' lang='lat' dir='ltr'><strong>sufficere</strong></span> <span class='ocrx_word' id='word_1_414' title='bbox 3198 873 3359 929; x_wconf 85' lang='lat' dir='ltr'><strong>rela-</strong></span> 
     </span>
     <span class='ocr_line' id='line_1_62' title="bbox 1981 950 3357 1025; baseline 0.002 -18"><span class='ocrx_word' id='word_1_415' title='bbox 1981 950 2199 1007; x_wconf 90' lang='lat' dir='ltr'><strong>tionem</strong></span> <span class='ocrx_word' id='word_1_416' title='bbox 2240 950 2616 1020; x_wconf 86' lang='lat' dir='ltr'><strong>habitualem,</strong></span> <span class='ocrx_word' id='word_1_417' title='bbox 2667 953 2805 1025; x_wconf 90' lang='lat' dir='ltr'><strong>quia</strong></span> <span class='ocrx_word' id='word_1_418' title='bbox 2853 953 2960 1010; x_wconf 88' lang='lat' dir='ltr'><strong>hoc</strong></span> <span class='ocrx_word' id='word_1_419' title='bbox 3002 952 3145 1025; x_wconf 88' lang='lat' dir='ltr'><strong>ipso,</strong></span> <span class='ocrx_word' id='word_1_420' title='bbox 3201 952 3357 1025; x_wconf 87' lang='lat' dir='ltr'><strong>quod</strong></span> 
     </span>
     <span class='ocr_line' id='line_1_63' title="bbox 1982 1031 3356 1104; baseline 0.003 -18"><span class='ocrx_word' id='word_1_421' title='bbox 1982 1032 2193 1104; x_wconf 87' lang='lat' dir='ltr'><strong>aliquis</strong></span> <span class='ocrx_word' id='word_1_422' title='bbox 2215 1032 2421 1090; x_wconf 89' lang='lat' dir='ltr'><strong>habeat</strong></span> <span class='ocrx_word' id='word_1_423' title='bbox 2440 1034 2588 1090; x_wconf 90' lang='lat' dir='ltr'><strong>hanc</strong></span> <span class='ocrx_word' id='word_1_424' title='bbox 2605 1031 2960 1091; x_wconf 87' lang='lat' dir='ltr'><strong>habitualem</strong></span> <span class='ocrx_word' id='word_1_425' title='bbox 2985 1033 3356 1101; x_wconf 86' lang='lat' dir='ltr'><strong>relationem,</strong></span> 
     </span>
    </p>

    <p class='ocr_par' dir='ltr' id='par_1_9' title="bbox 1981 1114 3360 1189">
     <span class='ocr_line' id='line_1_64' title="bbox 1981 1114 3360 1189; baseline 0.002 -18"><span class='ocrx_word' id='word_1_426' title='bbox 1981 1114 2152 1172; x_wconf 92' lang='lat' dir='ltr'><strong>habet</strong></span> <span class='ocrx_word' id='word_1_427' title='bbox 2189 1115 2365 1172; x_wconf 88' lang='lat' dir='ltr'><strong>etiam</strong></span> <span class='ocrx_word' id='word_1_428' title='bbox 2392 1116 2613 1189; x_wconf 89' lang='lat' dir='ltr'><strong>quoties</strong></span> <span class='ocrx_word' id='word_1_429' title='bbox 2639 1116 2784 1174; x_wconf 90' lang='lat' dir='ltr'><strong>bene</strong></span> <span class='ocrx_word' id='word_1_430' title='bbox 2811 1121 3084 1189; x_wconf 87' lang='lat' dir='ltr'><strong>operatur</strong></span> <span class='ocrx_word' id='word_1_431' title='bbox 3112 1116 3360 1174; x_wconf 85' lang='lat' dir='ltr'><strong>relatio·</strong></span> 
     </span>
    </p>

    <p class='ocr_par' dir='ltr' id='par_1_10' title="bbox 1983 1196 3359 1271">
     <span class='ocr_line' id='line_1_65' title="bbox 1983 1196 3359 1271; baseline 0.001 -18"><span class='ocrx_word' id='word_1_432' title='bbox 1983 1213 2118 1255; x_wconf 88' lang='lat' dir='ltr'><strong>nem</strong></span> <span class='ocrx_word' id='word_1_433' title='bbox 2147 1198 2456 1257; x_wconf 86' lang='lat' dir='ltr'><strong>virtualem</strong></span> <span class='ocrx_word' id='word_1_434' title='bbox 2476 1223 2492 1267; x_wconf 88' lang='lat'>;</span> <span class='ocrx_word' id='word_1_435' title='bbox 2525 1214 2642 1255; x_wconf 89' lang='lat' dir='ltr'><strong>non</strong></span> <span class='ocrx_word' id='word_1_436' title='bbox 2682 1198 2843 1256; x_wconf 90' lang='lat' dir='ltr'><strong>enim</strong></span> <span class='ocrx_word' id='word_1_437' title='bbox 2884 1196 3014 1255; x_wconf 86' lang='lat' dir='ltr'><strong>fieri</strong></span> <span class='ocrx_word' id='word_1_438' title='bbox 3057 1203 3257 1271; x_wconf 87' lang='lat' dir='ltr'><strong>potest,</strong></span> <span class='ocrx_word' id='word_1_439' title='bbox 3293 1205 3359 1255; x_wconf 82' lang='lat' dir='ltr'><strong>ut</strong></span> 
     </span>
    </p>

    <p class='ocr_par' dir='ltr' id='par_1_11' title="bbox 1981 1278 3360 1435">
     <span class='ocr_line' id='line_1_66' title="bbox 1981 1278 3360 1352; baseline 0 -16"><span class='ocrx_word' id='word_1_440' title='bbox 1981 1278 2033 1336; x_wconf 89' lang='lat' dir='ltr'><strong>is</strong></span> <span class='ocrx_word' id='word_1_441' title='bbox 2059 1278 2158 1352; x_wconf 86' lang='lat' dir='ltr'><strong>qui</strong></span> <span class='ocrx_word' id='word_1_442' title='bbox 2208 1279 2380 1337; x_wconf 89' lang='lat' dir='ltr'><strong>habet</strong></span> <span class='ocrx_word' id='word_1_443' title='bbox 2417 1278 2681 1336; x_wconf 89' lang='lat' dir='ltr'><strong>habitum</strong></span> <span class='ocrx_word' id='word_1_444' title='bbox 2727 1279 3021 1336; x_wconf 91' lang='lat' dir='ltr'><strong>charitatis</strong></span> <span class='ocrx_word' id='word_1_445' title='bbox 3070 1281 3132 1336; x_wconf 87' lang='lat' dir='ltr'><strong>in</strong></span> <span class='ocrx_word' id='word_1_446' title='bbox 3179 1295 3360 1338; x_wconf 79' lang='lat' dir='ltr'><strong>sensu</strong></span> 
     </span>
     <span class='ocr_line' id='line_1_67' title="bbox 1981 1361 3360 1435; baseline 0.001 -17"><span class='ocrx_word' id='word_1_447' title='bbox 1981 1361 2311 1435; x_wconf 89' lang='lat' dir='ltr'><strong>composito,</strong></span> <span class='ocrx_word' id='word_1_448' title='bbox 2336 1367 2606 1434; x_wconf 87' lang='lat' dir='ltr'><strong>operetur</strong></span> <span class='ocrx_word' id='word_1_449' title='bbox 2628 1362 2774 1419; x_wconf 91' lang='lat' dir='ltr'><strong>bene</strong></span> <span class='ocrx_word' id='word_1_450' title='bbox 2799 1363 3122 1431; x_wconf 87' lang='lat' dir='ltr'><strong>moraliter,</strong></span> <span class='ocrx_word' id='word_1_451' title='bbox 3147 1368 3207 1420; x_wconf 89' lang='lat' dir='ltr'><strong>et</strong></span> <span class='ocrx_word' id='word_1_452' title='bbox 3233 1378 3360 1420; x_wconf 85' lang='lat' dir='ltr'><strong>non</strong></span> 
     </span>
    </p>

    <p class='ocr_par' dir='ltr' id='par_1_12' title="bbox 1981 1443 3356 1515">
     <span class='ocr_line' id='line_1_68' title="bbox 1981 1443 3356 1515; baseline 0 -15"><span class='ocrx_word' id='word_1_453' title='bbox 1981 1458 2053 1500; x_wconf 88' lang='lat' dir='ltr'><strong>ex</strong></span> <span class='ocrx_word' id='word_1_454' title='bbox 2094 1443 2363 1515; x_wconf 88' lang='lat' dir='ltr'><strong>imperio,</strong></span> <span class='ocrx_word' id='word_1_455' title='bbox 2408 1448 2464 1500; x_wconf 91' lang='lat' dir='ltr'><strong>et</strong></span> <span class='ocrx_word' id='word_1_456' title='bbox 2506 1443 2785 1512; x_wconf 84' lang='lat' dir='ltr'><strong>motione,</strong></span> <span class='ocrx_word' id='word_1_457' title='bbox 2834 1445 3036 1501; x_wconf 88' lang='lat' dir='ltr'><strong>saltem</strong></span> <span class='ocrx_word' id='word_1_458' title='bbox 3083 1444 3356 1510; x_wconf 87' lang='lat' dir='ltr'><strong>virtuali,</strong></span> 
     </span>
    </p>

    <p class='ocr_par' dir='ltr' id='par_1_13' title="bbox 1982 1523 3361 1665">
     <span class='ocr_line' id='line_1_69' title="bbox 1982 1523 3361 1600; baseline 0.002 -21"><span class='ocrx_word' id='word_1_459' title='bbox 1982 1527 2045 1579; x_wconf 89' lang='lat' dir='ltr'><strong>ut</strong></span> <span class='ocrx_word' id='word_1_460' title='bbox 2090 1524 2307 1591; x_wconf 92' lang='lat' dir='ltr'><strong>minus,</strong></span> <span class='ocrx_word' id='word_1_461' title='bbox 2354 1525 2637 1582; x_wconf 86' lang='lat' dir='ltr'><strong>relatione</strong></span> <span class='ocrx_word' id='word_1_462' title='bbox 2682 1525 2747 1583; x_wconf 94' lang='lat' dir='ltr'><strong>in</strong></span> <span class='ocrx_word' id='word_1_463' title='bbox 2787 1526 2909 1600; x_wconf 83' lang='lat' dir='ltr'><strong>ejus</strong></span> <span class='ocrx_word' id='word_1_464' title='bbox 2947 1523 3148 1591; x_wconf 88' lang='lat' dir='ltr'><strong>finem,</strong></span> <span class='ocrx_word' id='word_1_465' title='bbox 3184 1530 3245 1582; x_wconf 87' lang='lat' dir='ltr'><strong>ut</strong></span> <span class='ocrx_word' id='word_1_466' title='bbox 3284 1541 3361 1582; x_wconf 84' lang='lat' dir='ltr'><strong>ex</strong></span> 
     </span>
     <span class='ocr_line' id='line_1_70' title="bbox 1982 1600 3299 1665; baseline 0.002 -5"><span class='ocrx_word' id='word_1_467' title='bbox 1982 1604 2241 1663; x_wconf 86' lang='lat' dir='ltr'><strong>dicendis</strong></span> <span class='ocrx_word' id='word_1_468' title='bbox 2267 1607 2332 1663; x_wconf 92' lang='lat' dir='ltr'><strong>in</strong></span> <span class='ocrx_word' id='word_1_469' title='bbox 2359 1610 2476 1665; x_wconf 85' lang='lat' dir='ltr'><strong>toto</strong></span> <span class='ocrx_word' id='word_1_470' title='bbox 2496 1600 2600 1663; x_wconf 83' lang='lat' dir='ltr'><strong>h&#39;oc</strong></span> <span class='ocrx_word' id='word_1_471' title='bbox 2626 1606 2802 1665; x_wconf 88' lang='lat' dir='ltr'><strong>dubio</strong></span> <span class='ocrx_word' id='word_1_472' title='bbox 2825 1607 2962 1664; x_wconf 90' lang='lat' dir='ltr'><strong>satis</strong></span> <span class='ocrx_word' id='word_1_473' title='bbox 2989 1605 3299 1665; x_wconf 86' lang='lat' dir='ltr'><strong>constabit.</strong></span> 
     </span>
    </p>

    <p class='ocr_par' dir='ltr' id='par_1_14' title="bbox 1981 1687 3526 2232">
     <span class='ocr_line' id='line_1_71' title="bbox 2054 1687 3504 1761; baseline 0.003 -19"><span class='ocrx_word' id='word_1_474' title='bbox 2054 1689 2149 1743; x_wconf 86' lang='lat'><strong>71.</strong></span> <span class='ocrx_word' id='word_1_475' title='bbox 2180 1691 2295 1744; x_wconf 90' lang='lat' dir='ltr'><strong>Nec</strong></span> <span class='ocrx_word' id='word_1_476' title='bbox 2320 1688 2496 1745; x_wconf 90' lang='lat' dir='ltr'><strong>etiam</strong></span> <span class='ocrx_word' id='word_1_477' title='bbox 2526 1687 2722 1754; x_wconf 83' lang='lat' dir='ltr'><strong>refert,</strong></span> <span class='ocrx_word' id='word_1_478' title='bbox 2753 1689 2803 1746; x_wconf 90' lang='lat' dir='ltr'><strong>si</strong></span> <span class='ocrx_word' id='word_1_479' title='bbox 2830 1688 3079 1746; x_wconf 88' lang='lat' dir='ltr'><strong>secundo</strong></span> <span class='ocrx_word' id='word_1_480' title='bbox 3109 1704 3361 1761; x_wconf 85' lang='lat' dir='ltr'><strong>respon-</strong></span> <span class='ocrx_word' id='word_1_481' title='bbox 3421 1704 3504 1746; x_wconf 69' lang='lat' dir='ltr'><strong>nn</strong></span> 
     </span>
     <span class='ocr_line' id='line_1_72' title="bbox 1981 1763 3526 1847; baseline 0.002 -23"><span class='ocrx_word' id='word_1_482' title='bbox 1981 1767 2135 1833; x_wconf 90' lang='lat' dir='ltr'><strong>deas,</strong></span> <span class='ocrx_word' id='word_1_483' title='bbox 2191 1772 2338 1843; x_wconf 86' lang='lat' dir='ltr'><strong>Ang.</strong></span> <span class='ocrx_word' id='word_1_484' title='bbox 2397 1771 2695 1827; x_wconf 89' lang='lat' dir='ltr'><strong>Doctorem</strong></span> <span class='ocrx_word' id='word_1_485' title='bbox 2749 1766 2814 1826; x_wconf 91' lang='lat' dir='ltr'><strong>in</strong></span> <span class='ocrx_word' id='word_1_486' title='bbox 2857 1769 2949 1825; x_wconf 92' lang='lat' dir='ltr'><strong>his</strong></span> <span class='ocrx_word' id='word_1_487' title='bbox 2998 1769 3361 1827; x_wconf 81' lang='lat' dir='ltr'><strong>testimoniis</strong></span> <span class='ocrx_word' id='word_1_488' title='bbox 3389 1763 3526 1847; x_wconf 43' lang='lat'><strong>¹²3?</strong></span> 
     </span>
     <span class='ocr_line' id='line_1_73' title="bbox 1982 1849 3356 1924; baseline 0.001 -18"><span class='ocrx_word' id='word_1_489' title='bbox 1982 1851 2170 1906; x_wconf 87' lang='lat' dir='ltr'><strong>solum</strong></span> <span class='ocrx_word' id='word_1_490' title='bbox 2219 1850 2374 1921; x_wconf 87' lang='lat' dir='ltr'><strong>loqui</strong></span> <span class='ocrx_word' id='word_1_491' title='bbox 2415 1849 2487 1906; x_wconf 93' lang='lat' dir='ltr'><strong>de</strong></span> <span class='ocrx_word' id='word_1_492' title='bbox 2526 1850 2743 1906; x_wconf 88' lang='lat' dir='ltr'><strong>actibus</strong></span> <span class='ocrx_word' id='word_1_493' title='bbox 2785 1850 3356 1924; x_wconf 75' lang='lat' dir='ltr'><strong>supernaturalibuS,</strong></span> 
     </span>
     <span class='ocr_line' id='line_1_74' title="bbox 1981 1929 3362 2002; baseline 0.004 -18"><span class='ocrx_word' id='word_1_494' title='bbox 1981 1929 2080 2002; x_wconf 88' lang='lat' dir='ltr'><strong>qui</strong></span> <span class='ocrx_word' id='word_1_495' title='bbox 2126 1930 2442 1987; x_wconf 86' lang='lat' dir='ltr'><strong>eliciuntur</strong></span> <span class='ocrx_word' id='word_1_496' title='bbox 2488 1946 2521 1987; x_wconf 93' lang='lat' dir='ltr'><strong>a</strong></span> <span class='ocrx_word' id='word_1_497' title='bbox 2573 1930 2885 1988; x_wconf 88' lang='lat' dir='ltr'><strong>virtutibus</strong></span> <span class='ocrx_word' id='word_1_498' title='bbox 2935 1931 3181 1998; x_wconf 79' lang='lat' dir='ltr'><strong>inlusis3</strong></span> <span class='ocrx_word' id='word_1_499' title='bbox 3232 1948 3362 1989; x_wconf 89' lang='lat' dir='ltr'><strong>non</strong></span> 
     </span>
     <span class='ocr_line' id='line_1_75' title="bbox 1983 2011 3356 2087; baseline 0.001 -20"><span class='ocrx_word' id='word_1_500' title='bbox 1983 2028 2121 2070; x_wconf 89' lang='lat' dir='ltr'><strong>vero</strong></span> <span class='ocrx_word' id='word_1_501' title='bbox 2172 2011 2243 2069; x_wconf 89' lang='lat' dir='ltr'><strong>de</strong></span> <span class='ocrx_word' id='word_1_502' title='bbox 2294 2012 2512 2069; x_wconf 88' lang='lat' dir='ltr'><strong>actibus</strong></span> <span class='ocrx_word' id='word_1_503' title='bbox 2564 2015 2847 2070; x_wconf 87' lang='lat' dir='ltr'><strong>virtutum</strong></span> <span class='ocrx_word' id='word_1_504' title='bbox 2902 2014 3356 2087; x_wconf 85' lang='lat' dir='ltr'><strong>acquisitarum,</strong></span> 
     </span>
     <span class='ocr_line' id='line_1_76' title="bbox 1983 2093 3361 2167; baseline 0.001 -16"><span class='ocrx_word' id='word_1_505' title='bbox 1983 2100 2150 2167; x_wconf 86' lang='lat' dir='ltr'><strong>atque</strong></span> <span class='ocrx_word' id='word_1_506' title='bbox 2171 2094 2310 2152; x_wconf 91' lang='lat' dir='ltr'><strong>adeo</strong></span> <span class='ocrx_word' id='word_1_507' title='bbox 2332 2110 2452 2153; x_wconf 91' lang='lat' dir='ltr'><strong>non</strong></span> <span class='ocrx_word' id='word_1_508' title='bbox 2479 2094 2736 2154; x_wconf 87' lang='lat' dir='ltr'><strong>absolute</strong></span> <span class='ocrx_word' id='word_1_509' title='bbox 2761 2094 2833 2152; x_wconf 93' lang='lat' dir='ltr'><strong>de</strong></span> <span class='ocrx_word' id='word_1_510' title='bbox 2859 2096 3021 2153; x_wconf 91' lang='lat' dir='ltr'><strong>omni</strong></span> <span class='ocrx_word' id='word_1_511' title='bbox 3044 2102 3171 2151; x_wconf 87' lang='lat' dir='ltr'><strong>actu</strong></span> <span class='ocrx_word' id='word_1_512' title='bbox 3199 2093 3361 2152; x_wconf 88' lang='lat' dir='ltr'><strong>bono</strong></span> 
     </span>
     <span class='ocr_line' id='line_1_77' title="bbox 1983 2176 2426 2232; baseline 0.002 -1"><span class='ocrx_word' id='word_1_513' title='bbox 1983 2176 2305 2232; x_wconf 88' lang='lat' dir='ltr'><strong>moraliter.</strong></span> <span class='ocrx_word' id='word_1_514' title='bbox 2411 2200 2426 2209; x_wconf 95' lang='lat'><strong>·</strong></span> 
     </span>
    </p>

    <p class='ocr_par' dir='ltr' id='par_1_15' title="bbox 1981 2248 3574 2725">
     <span class='ocr_line' id='line_1_78' title="bbox 2056 2248 3574 2339; baseline 0 -27"><span class='ocrx_word' id='word_1_515' title='bbox 2056 2259 2202 2313; x_wconf 90' lang='lat' dir='ltr'><strong>Nam</strong></span> <span class='ocrx_word' id='word_1_516' title='bbox 2220 2257 2328 2313; x_wconf 89' lang='lat' dir='ltr'><strong>ista</strong></span> <span class='ocrx_word' id='word_1_517' title='bbox 2348 2248 2557 2315; x_wconf 88' lang='lat' dir='ltr'><strong>solutio</strong></span> <span class='ocrx_word' id='word_1_518' title='bbox 2575 2261 2979 2331; x_wconf 83' lang='lat' dir='ltr'><strong>(praeterquam</strong></span> <span class='ocrx_word' id='word_1_519' title='bbox 2999 2255 3149 2329; x_wconf 91' lang='lat' dir='ltr'><strong>quod</strong></span> <span class='ocrx_word' id='word_1_520' title='bbox 3170 2257 3359 2329; x_wconf 86' lang='lat' dir='ltr'><strong>gratis</strong></span> <span class='ocrx_word' id='word_1_521' title='bbox 3419 2300 3481 2338; x_wconf 64' lang='lat' dir='ltr'>m</span> <span class='ocrx_word' id='word_1_522' title='bbox 3564 2330 3574 2339; x_wconf 35' lang='grc' dir='ltr'>ι</span> 
     </span>
     <span class='ocr_line' id='line_1_79' title="bbox 1981 2336 3358 2413; baseline 0.001 -20"><span class='ocrx_word' id='word_1_523' title='bbox 1981 2336 2308 2407; x_wconf 85' lang='lat' dir='ltr'><strong>exhibetur,</strong></span> <span class='ocrx_word' id='word_1_524' title='bbox 2340 2345 2395 2397; x_wconf 92' lang='lat' dir='ltr'><strong>et</strong></span> <span class='ocrx_word' id='word_1_525' title='bbox 2422 2339 2634 2413; x_wconf 86' lang='lat' dir='ltr'><strong>absque</strong></span> <span class='ocrx_word' id='word_1_526' title='bbox 2663 2338 3041 2396; x_wconf 81' lang='lat' dir='ltr'><strong>fundamento</strong></span> <span class='ocrx_word' id='word_1_527' title='bbox 3068 2339 3263 2412; x_wconf 88' lang='lat' dir='ltr'><strong>aliquo</strong></span> <span class='ocrx_word' id='word_1_528' title='bbox 3289 2339 3358 2395; x_wconf 90' lang='lat' dir='ltr'><strong>in</strong></span> 
     </span>
     <span class='ocr_line' id='line_1_80' title="bbox 1983 2418 3359 2492; baseline 0.002 -20"><span class='ocrx_word' id='word_1_529' title='bbox 1983 2419 2048 2475; x_wconf 92' lang='lat' dir='ltr'><strong>D.</strong></span> <span class='ocrx_word' id='word_1_530' title='bbox 2099 2420 2331 2492; x_wconf 87' lang='lat' dir='ltr'><strong>Thom.)</strong></span> <span class='ocrx_word' id='word_1_531' title='bbox 2369 2436 2440 2477; x_wconf 85' lang='lat' dir='ltr'><strong>ex</strong></span> <span class='ocrx_word' id='word_1_532' title='bbox 2488 2418 2744 2476; x_wconf 89' lang='lat' dir='ltr'><strong>adductis</strong></span> <span class='ocrx_word' id='word_1_533' title='bbox 2789 2418 3137 2476; x_wconf 90' lang='lat' dir='ltr'><strong>testimoniis</strong></span> <span class='ocrx_word' id='word_1_534' title='bbox 3184 2418 3359 2475; x_wconf 82' lang='lat' dir='ltr'><strong>facile</strong></span> 
     </span>
     <span class='ocr_line' id='line_1_81' title="bbox 1982 2499 3357 2575; baseline 0 -21"><span class='ocrx_word' id='word_1_535' title='bbox 1982 2499 2381 2575; x_wconf 90' lang='lat' dir='ltr'><strong>impugnatur.</strong></span> <span class='ocrx_word' id='word_1_536' title='bbox 2435 2503 2584 2558; x_wconf 89' lang='lat' dir='ltr'><strong>Tum</strong></span> <span class='ocrx_word' id='word_1_537' title='bbox 2636 2502 2772 2575; x_wconf 91' lang='lat' dir='ltr'><strong>quia</strong></span> <span class='ocrx_word' id='word_1_538' title='bbox 2819 2502 2942 2558; x_wconf 91' lang='lat' dir='ltr'><strong>loco</strong></span> <span class='ocrx_word' id='word_1_539' title='bbox 2980 2502 3153 2556; x_wconf 89' lang='lat' dir='ltr'><strong>citato</strong></span> <span class='ocrx_word' id='word_1_540' title='bbox 3207 2516 3283 2554; x_wconf 77' lang='lat' dir='ltr'><strong>eae</strong></span> <span class='ocrx_word' id='word_1_541' title='bbox 3319 2501 3357 2554; x_wconf 77' lang='lat'><strong><em>4</em></strong></span> 
     </span>
     <span class='ocr_line' id='line_1_82' title="bbox 1981 2581 3353 2657; baseline -0.003 -15"><span class='ocrx_word' id='word_1_542' title='bbox 1981 2581 2417 2652; x_wconf 77' lang='lat' dir='ltr'><strong>Sententiarum,</strong></span> <span class='ocrx_word' id='word_1_543' title='bbox 2443 2586 2590 2642; x_wconf 73' lang='lat' dir='ltr'><strong>dist.</strong></span> <span class='ocrx_word' id='word_1_544' title='bbox 2640 2588 2695 2650; x_wconf 81' lang='lat'><strong>2,</strong></span> <span class='ocrx_word' id='word_1_545' title='bbox 2747 2584 3003 2657; x_wconf 89' lang='lat' dir='ltr'><strong>loquitur</strong></span> <span class='ocrx_word' id='word_1_546' title='bbox 3043 2586 3112 2638; x_wconf 91' lang='lat' dir='ltr'><strong>D.</strong></span> <span class='ocrx_word' id='word_1_547' title='bbox 3140 2582 3353 2638; x_wconf 86' lang='lat' dir='ltr'><strong>Thom.</strong></span> 
     </span>
     <span class='ocr_line' id='line_1_83' title="bbox 1981 2664 3354 2725; baseline -0.002 -2"><span class='ocrx_word' id='word_1_548' title='bbox 1981 2666 2157 2723; x_wconf 90' lang='lat' dir='ltr'><strong>etiam</strong></span> <span class='ocrx_word' id='word_1_549' title='bbox 2198 2666 2269 2725; x_wconf 90' lang='lat' dir='ltr'><strong>de</strong></span> <span class='ocrx_word' id='word_1_550' title='bbox 2308 2667 2526 2724; x_wconf 85' lang='lat' dir='ltr'><strong>actibus</strong></span> <span class='ocrx_word' id='word_1_551' title='bbox 2565 2668 2838 2724; x_wconf 90' lang='lat' dir='ltr'><strong>humanis</strong></span> <span class='ocrx_word' id='word_1_552' title='bbox 2886 2666 3141 2724; x_wconf 87' lang='lat' dir='ltr'><strong>bonitate</strong></span> <span class='ocrx_word' id='word_1_553' title='bbox 3188 2664 3354 2722; x_wconf 82' lang='lat' dir='ltr'><strong>civili</strong></span> 
     </span>
    </p>
   </div>
   <div class='ocr_carea' id='block_1_8' title="bbox 1883 2749 3357 2822">
    <p class='ocr_par' dir='ltr' id='par_1_16' title="bbox 1883 2749 3357 2822">
     <span class='ocr_line' id='line_1_84' title="bbox 1883 2749 3357 2822; baseline -0.001 -17"><span class='ocrx_word' id='word_1_554' title='bbox 1883 2810 1888 2815; x_wconf 56' lang='grc'>,</span> <span class='ocrx_word' id='word_1_555' title='bbox 1982 2749 2265 2822; x_wconf 82' lang='lat' dir='ltr'><strong>perfectis,</strong></span> <span class='ocrx_word' id='word_1_556' title='bbox 2289 2750 2389 2822; x_wconf 89' lang='lat' dir='ltr'><strong>qui</strong></span> <span class='ocrx_word' id='word_1_557' title='bbox 2420 2750 2736 2808; x_wconf 90' lang='lat' dir='ltr'><strong>secundum</strong></span> <span class='ocrx_word' id='word_1_558' title='bbox 2765 2765 2825 2806; x_wconf 89' lang='lat' dir='ltr'><strong>se</strong></span> <span class='ocrx_word' id='word_1_559' title='bbox 2850 2764 3189 2807; x_wconf 85' lang='lat' dir='ltr'><strong>communes</strong></span> <span class='ocrx_word' id='word_1_560' title='bbox 3214 2753 3357 2804; x_wconf 88' lang='lat' dir='ltr'><strong>sunt</strong></span> 
     </span>
    </p>
   </div>
   <div class='ocr_carea' id='block_1_9' title="bbox 1969 2829 3367 5260">
    <p class='ocr_par' dir='ltr' id='par_1_17' title="bbox 1969 2829 3364 4698">
     <span class='ocr_line' id='line_1_85' title="bbox 1982 2829 3356 2905; baseline -0.001 -17"><span class='ocrx_word' id='word_1_561' title='bbox 1982 2836 2098 2889; x_wconf 89' lang='lat' dir='ltr'><strong>tam</strong></span> <span class='ocrx_word' id='word_1_562' title='bbox 2123 2830 2484 2900; x_wconf 89' lang='lat' dir='ltr'><strong>habentibus,</strong></span> <span class='ocrx_word' id='word_1_563' title='bbox 2510 2848 2681 2905; x_wconf 90' lang='lat' dir='ltr'><strong>quam</strong></span> <span class='ocrx_word' id='word_1_564' title='bbox 2707 2846 2824 2889; x_wconf 92' lang='lat' dir='ltr'><strong>non</strong></span> <span class='ocrx_word' id='word_1_565' title='bbox 2846 2829 3193 2888; x_wconf 87' lang='lat' dir='ltr'><strong>habentibus</strong></span> <span class='ocrx_word' id='word_1_566' title='bbox 3213 2846 3356 2904; x_wconf 88' lang='lat' dir='ltr'><strong>gra-</strong></span> 
     </span>
     <span class='ocr_line' id='line_1_86' title="bbox 1982 2910 3358 2979; baseline -0.001 -11"><span class='ocrx_word' id='word_1_567' title='bbox 1982 2912 2144 2977; x_wconf 89' lang='lat' dir='ltr'><strong>tiam,</strong></span> <span class='ocrx_word' id='word_1_568' title='bbox 2175 2918 2232 2968; x_wconf 90' lang='lat' dir='ltr'><strong>et</strong></span> <span class='ocrx_word' id='word_1_569' title='bbox 2259 2911 2502 2969; x_wconf 88' lang='lat' dir='ltr'><strong>virtutes</strong></span> <span class='ocrx_word' id='word_1_570' title='bbox 2547 2913 2803 2979; x_wconf 81' lang='lat' dir='ltr'><strong>infusas;</strong></span> <span class='ocrx_word' id='word_1_571' title='bbox 2832 2916 2890 2967; x_wconf 91' lang='lat' dir='ltr'><strong>et</strong></span> <span class='ocrx_word' id='word_1_572' title='bbox 2918 2910 2987 2967; x_wconf 92' lang='lat' dir='ltr'><strong>de</strong></span> <span class='ocrx_word' id='word_1_573' title='bbox 3015 2911 3108 2967; x_wconf 91' lang='lat' dir='ltr'><strong>his</strong></span> <span class='ocrx_word' id='word_1_574' title='bbox 3134 2910 3358 2967; x_wconf 84' lang='lat' dir='ltr'><strong>actibus</strong></span> 
     </span>
     <span class='ocr_line' id='line_1_87' title="bbox 1981 2989 3360 3065; baseline -0.001 -17"><span class='ocrx_word' id='word_1_575' title='bbox 1981 2993 2203 3057; x_wconf 88' lang='lat' dir='ltr'><strong>asserit,</strong></span> <span class='ocrx_word' id='word_1_576' title='bbox 2249 2991 2399 3065; x_wconf 88' lang='lat' dir='ltr'><strong>quod</strong></span> <span class='ocrx_word' id='word_1_577' title='bbox 2446 2992 2508 3047; x_wconf 90' lang='lat' dir='ltr'><strong>in</strong></span> <span class='ocrx_word' id='word_1_578' title='bbox 2556 2991 3096 3065; x_wconf 78' lang='lat' dir='ltr'><strong>habente-gratiam</strong></span> <span class='ocrx_word' id='word_1_579' title='bbox 3143 2989 3360 3048; x_wconf 87' lang='lat' dir='ltr'><strong>debent</strong></span> 
     </span>
     <span class='ocr_line' id='line_1_88' title="bbox 1980 3072 3353 3146; baseline -0.002 -15"><span class='ocrx_word' id='word_1_580' title='bbox 1980 3089 2100 3131; x_wconf 90' lang='lat' dir='ltr'><strong>esse</strong></span> <span class='ocrx_word' id='word_1_581' title='bbox 2134 3073 2445 3138; x_wconf 88' lang='lat' dir='ltr'><strong>meritorii,</strong></span> <span class='ocrx_word' id='word_1_582' title='bbox 2480 3073 2612 3129; x_wconf 90' lang='lat' dir='ltr'><strong>licet</strong></span> <span class='ocrx_word' id='word_1_583' title='bbox 2654 3074 2716 3129; x_wconf 91' lang='lat' dir='ltr'><strong>in</strong></span> <span class='ocrx_word' id='word_1_584' title='bbox 2744 3089 2811 3129; x_wconf 90' lang='lat' dir='ltr'><strong>eo</strong></span> <span class='ocrx_word' id='word_1_585' title='bbox 2836 3072 2934 3145; x_wconf 90' lang='lat' dir='ltr'><strong>qui</strong></span> <span class='ocrx_word' id='word_1_586' title='bbox 2961 3072 3149 3146; x_wconf 90' lang='lat' dir='ltr'><strong>gratia</strong></span> <span class='ocrx_word' id='word_1_587' title='bbox 3175 3079 3353 3138; x_wconf 86' lang='lat' dir='ltr'><strong>caret,</strong></span> 
     </span>
     <span class='ocr_line' id='line_1_89' title="bbox 1980 3151 3357 3218; baseline -0.001 -5"><span class='ocrx_word' id='word_1_588' title='bbox 1980 3164 2257 3213; x_wconf 90' lang='lat' dir='ltr'><strong>maneant</strong></span> <span class='ocrx_word' id='word_1_589' title='bbox 2283 3154 2683 3211; x_wconf 80' lang='lat' dir='ltr'><strong>indifferentes</strong></span> <span class='ocrx_word' id='word_1_590' title='bbox 2726 3152 2795 3209; x_wconf 89' lang='lat' dir='ltr'><strong>ad</strong></span> <span class='ocrx_word' id='word_1_591' title='bbox 2824 3153 3121 3218; x_wconf 91' lang='lat' dir='ltr'><strong>meritum,</strong></span> <span class='ocrx_word' id='word_1_592' title='bbox 3154 3159 3211 3210; x_wconf 93' lang='lat' dir='ltr'><strong>et</strong></span> <span class='ocrx_word' id='word_1_593' title='bbox 3248 3151 3357 3211; x_wconf 88' lang='lat' dir='ltr'><strong>de·</strong></span> 
     </span>
     <span class='ocr_line' id='line_1_90' title="bbox 1979 3233 3356 3308; baseline -0.001 -15"><span class='ocrx_word' id='word_1_594' title='bbox 1979 3237 2276 3302; x_wconf 90' lang='lat' dir='ltr'><strong>meritum,</strong></span> <span class='ocrx_word' id='word_1_595' title='bbox 2309 3241 2371 3292; x_wconf 90' lang='lat' dir='ltr'><strong>ut</strong></span> <span class='ocrx_word' id='word_1_596' title='bbox 2414 3240 2634 3292; x_wconf 88' lang='lat' dir='ltr'><strong>constat</strong></span> <span class='ocrx_word' id='word_1_597' title='bbox 2677 3251 2747 3292; x_wconf 86' lang='lat' dir='ltr'><strong>ex</strong></span> <span class='ocrx_word' id='word_1_598' title='bbox 2790 3233 2984 3291; x_wconf 89' lang='lat' dir='ltr'><strong>verbis</strong></span> <span class='ocrx_word' id='word_1_599' title='bbox 3030 3234 3173 3301; x_wconf 88' lang='lat' dir='ltr'><strong>illis,</strong></span> <span class='ocrx_word' id='word_1_600' title='bbox 3222 3249 3356 3308; x_wconf 76' lang='lat' dir='ltr'><strong>quae</strong></span> 
     </span>
     <span class='ocr_line' id='line_1_91' title="bbox 1978 3316 3354 3377; baseline -0.002 0"><span class='ocrx_word' id='word_1_601' title='bbox 1978 3337 2034 3377; x_wconf 78' lang='lat' dir='ltr'><strong>n.</strong></span> <span class='ocrx_word' id='word_1_602' title='bbox 2079 3321 2152 3376; x_wconf 90' lang='grc'><strong>66</strong></span> <span class='ocrx_word' id='word_1_603' title='bbox 2206 3320 2547 3376; x_wconf 88' lang='lat' dir='ltr'><strong>retulimus:</strong></span> <span class='ocrx_word' id='word_1_604' title='bbox 2587 3339 2612 3371; x_wconf 66' lang='lat' dir='ltr'><strong>a</strong></span> <span class='ocrx_word' id='word_1_605' title='bbox 2644 3322 2816 3375; x_wconf 88' lang='lat' dir='ltr'><strong>Actus</strong></span> <span class='ocrx_word' id='word_1_606' title='bbox 2862 3323 3054 3374; x_wconf 92' lang='lat' dir='ltr'><strong>autem</strong></span> <span class='ocrx_word' id='word_1_607' title='bbox 3097 3316 3354 3374; x_wconf 83' lang='lat' dir='ltr'><strong>bonitate</strong></span> 
     </span>
     <span class='ocr_line' id='line_1_92' title="bbox 1983 3397 3356 3474; baseline -0.001 -19"><span class='ocrx_word' id='word_1_608' title='bbox 1983 3421 2009 3455; x_wconf 76' lang='grc' dir='ltr'>α</span> <span class='ocrx_word' id='word_1_609' title='bbox 2052 3400 2212 3458; x_wconf 91' lang='lat' dir='ltr'><strong>civili</strong></span> <span class='ocrx_word' id='word_1_610' title='bbox 2244 3400 2525 3474; x_wconf 82' lang='lat' dir='ltr'><strong>perfectus</strong></span> <span class='ocrx_word' id='word_1_611' title='bbox 2551 3416 2670 3457; x_wconf 90' lang='lat' dir='ltr'><strong>non</strong></span> <span class='ocrx_word' id='word_1_612' title='bbox 2692 3404 2778 3457; x_wconf 90' lang='lat' dir='ltr'><strong>est</strong></span> <span class='ocrx_word' id='word_1_613' title='bbox 2814 3397 3200 3471; x_wconf 89' lang='lat' dir='ltr'><strong>susceptibilis</strong></span> <span class='ocrx_word' id='word_1_614' title='bbox 3225 3397 3356 3454; x_wconf 86' lang='lat' dir='ltr'><strong>effi-</strong></span> 
     </span>
     <span class='ocr_line' id='line_1_93' title="bbox 1982 3478 3355 3555; baseline 0 -19"><span class='ocrx_word' id='word_1_615' title='bbox 1982 3504 2010 3536; x_wconf 81' lang='lat'>«</span> <span class='ocrx_word' id='word_1_616' title='bbox 2052 3483 2218 3540; x_wconf 81' lang='lat' dir='ltr'><strong>caciae</strong></span> <span class='ocrx_word' id='word_1_617' title='bbox 2256 3482 2537 3548; x_wconf 91' lang='lat' dir='ltr'><strong>merendi,</strong></span> <span class='ocrx_word' id='word_1_618' title='bbox 2583 3481 2695 3537; x_wconf 90' lang='lat' dir='ltr'><strong>nisi</strong></span> <span class='ocrx_word' id='word_1_619' title='bbox 2740 3481 2803 3537; x_wconf 90' lang='lat' dir='ltr'><strong>in</strong></span> <span class='ocrx_word' id='word_1_620' title='bbox 2842 3496 2911 3538; x_wconf 92' lang='lat' dir='ltr'><strong>eo</strong></span> <span class='ocrx_word' id='word_1_621' title='bbox 2956 3480 3054 3553; x_wconf 88' lang='lat' dir='ltr'><strong>qui</strong></span> <span class='ocrx_word' id='word_1_622' title='bbox 3096 3478 3355 3555; x_wconf 80' lang='lat' dir='ltr'><strong>gratiam</strong></span> 
     </span>
     <span class='ocr_line' id='line_1_94' title="bbox 1982 3563 3358 3638; baseline 0 -19"><span class='ocrx_word' id='word_1_623' title='bbox 1982 3587 2009 3619; x_wconf 80' lang='grc' dir='ltr'><strong>α</strong></span> <span class='ocrx_word' id='word_1_624' title='bbox 2053 3564 2226 3622; x_wconf 89' lang='lat' dir='ltr'><strong>habet</strong></span> <span class='ocrx_word' id='word_1_625' title='bbox 2249 3589 2263 3634; x_wconf 66' lang='grc' dir='ltr'><strong>ς</strong></span> <span class='ocrx_word' id='word_1_626' title='bbox 2291 3571 2349 3622; x_wconf 91' lang='lat' dir='ltr'><strong>et</strong></span> <span class='ocrx_word' id='word_1_627' title='bbox 2376 3564 2504 3623; x_wconf 91' lang='lat' dir='ltr'><strong>ideo</strong></span> <span class='ocrx_word' id='word_1_628' title='bbox 2531 3565 2595 3621; x_wconf 92' lang='lat' dir='ltr'><strong>in</strong></span> <span class='ocrx_word' id='word_1_629' title='bbox 2621 3582 2688 3622; x_wconf 91' lang='lat' dir='ltr'><strong>eo</strong></span> <span class='ocrx_word' id='word_1_630' title='bbox 2716 3565 2813 3638; x_wconf 91' lang='lat' dir='ltr'><strong>qui</strong></span> <span class='ocrx_word' id='word_1_631' title='bbox 2841 3570 2992 3621; x_wconf 86' lang='lat' dir='ltr'><strong>caret</strong></span> <span class='ocrx_word' id='word_1_632' title='bbox 3018 3563 3228 3638; x_wconf 86' lang='lat' dir='ltr'><strong>gratia,</strong></span> <span class='ocrx_word' id='word_1_633' title='bbox 3255 3563 3358 3619; x_wconf 85' lang='lat' dir='ltr'><strong>in-</strong></span> 
     </span>
     <span class='ocr_line' id='line_1_95' title="bbox 1986 3646 3354 3714; baseline 0.001 -12"><span class='ocrx_word' id='word_1_634' title='bbox 1986 3670 2012 3702; x_wconf 79' lang='grc' dir='ltr'><strong>α</strong></span> <span class='ocrx_word' id='word_1_635' title='bbox 2052 3647 2325 3705; x_wconf 86' lang='lat' dir='ltr'><strong>differens</strong></span> <span class='ocrx_word' id='word_1_636' title='bbox 2351 3647 2528 3704; x_wconf 91' lang='lat' dir='ltr'><strong>estad</strong></span> <span class='ocrx_word' id='word_1_637' title='bbox 2556 3648 2851 3714; x_wconf 89' lang='lat' dir='ltr'><strong>meritum,</strong></span> <span class='ocrx_word' id='word_1_638' title='bbox 2883 3652 2939 3704; x_wconf 92' lang='lat' dir='ltr'><strong>et</strong></span> <span class='ocrx_word' id='word_1_639' title='bbox 2966 3646 3354 3712; x_wconf 83' lang='lat' dir='ltr'><strong>demeritum;</strong></span> 
     </span>
     <span class='ocr_line' id='line_1_96' title="bbox 1982 3727 3357 3802; baseline 0 -19"><span class='ocrx_word' id='word_1_640' title='bbox 1982 3749 2008 3783; x_wconf 72' lang='grc' dir='ltr'><strong><em>α</em></strong></span> <span class='ocrx_word' id='word_1_641' title='bbox 2050 3728 2149 3786; x_wconf 90' lang='lat' dir='ltr'><strong>sed</strong></span> <span class='ocrx_word' id='word_1_642' title='bbox 2178 3730 2239 3784; x_wconf 91' lang='lat' dir='ltr'><strong>in</strong></span> <span class='ocrx_word' id='word_1_643' title='bbox 2267 3729 2370 3786; x_wconf 92' lang='lat' dir='ltr'><strong>illo</strong></span> <span class='ocrx_word' id='word_1_644' title='bbox 2389 3729 2489 3800; x_wconf 92' lang='lat' dir='ltr'><strong>qui</strong></span> <span class='ocrx_word' id='word_1_645' title='bbox 2511 3728 2758 3801; x_wconf 85' lang='lat' dir='ltr'><strong>gratiam</strong></span> <span class='ocrx_word' id='word_1_646' title='bbox 2783 3727 2972 3794; x_wconf 91' lang='lat' dir='ltr'><strong>habet,</strong></span> <span class='ocrx_word' id='word_1_647' title='bbox 3005 3733 3230 3802; x_wconf 87' lang='lat' dir='ltr'><strong>oportet</strong></span> <span class='ocrx_word' id='word_1_648' title='bbox 3255 3729 3357 3785; x_wconf 81' lang='lat' dir='ltr'><strong>vel</strong></span> 
     </span>
     <span class='ocr_line' id='line_1_97' title="bbox 1983 3807 3353 3877; baseline -0.002 -14"><span class='ocrx_word' id='word_1_649' title='bbox 1983 3831 2010 3863; x_wconf 79' lang='grc' dir='ltr'><em>α</em></span> <span class='ocrx_word' id='word_1_650' title='bbox 2051 3808 2441 3876; x_wconf 89' lang='lat' dir='ltr'><strong>meritorium,</strong></span> <span class='ocrx_word' id='word_1_651' title='bbox 2461 3809 2556 3866; x_wconf 92' lang='lat' dir='ltr'><strong>vel</strong></span> <span class='ocrx_word' id='word_1_652' title='bbox 2573 3807 3015 3865; x_wconf 87' lang='lat' dir='ltr'><strong>demeritorium</strong></span> <span class='ocrx_word' id='word_1_653' title='bbox 3039 3824 3180 3877; x_wconf 87' lang='lat' dir='ltr'><strong>esse,</strong></span> <span class='ocrx_word' id='word_1_654' title='bbox 3200 3813 3311 3866; x_wconf 89' lang='lat' dir='ltr'><strong>etc.</strong></span> <span class='ocrx_word' id='word_1_655' title='bbox 3325 3830 3353 3860; x_wconf 64' lang='grc' dir='ltr'>ι</span> 
     </span>
     <span class='ocr_line' id='line_1_98' title="bbox 1977 3892 3356 3965; baseline 0.001 -18"><span class='ocrx_word' id='word_1_656' title='bbox 1977 3894 2047 3947; x_wconf 86' lang='lat' dir='ltr'><strong>Et</strong></span> <span class='ocrx_word' id='word_1_657' title='bbox 2093 3892 2253 3965; x_wconf 92' lang='lat' dir='ltr'><strong>ponit</strong></span> <span class='ocrx_word' id='word_1_658' title='bbox 2302 3893 2633 3965; x_wconf 85' lang='lat' dir='ltr'><strong>exemplum</strong></span> <span class='ocrx_word' id='word_1_659' title='bbox 2681 3892 2745 3947; x_wconf 90' lang='lat' dir='ltr'><strong>in</strong></span> <span class='ocrx_word' id='word_1_660' title='bbox 2788 3892 3154 3957; x_wconf 88' lang='lat' dir='ltr'><strong>comestione,</strong></span> <span class='ocrx_word' id='word_1_661' title='bbox 3185 3896 3243 3948; x_wconf 89' lang='lat' dir='ltr'><strong>et</strong></span> <span class='ocrx_word' id='word_1_662' title='bbox 3288 3893 3356 3948; x_wconf 90' lang='lat' dir='ltr'><strong>in</strong></span> 
     </span>
     <span class='ocr_line' id='line_1_99' title="bbox 1976 3971 3359 4046; baseline 0.001 -19"><span class='ocrx_word' id='word_1_663' title='bbox 1976 3971 2127 4028; x_wconf 90' lang='lat' dir='ltr'><strong>ludis</strong></span> <span class='ocrx_word' id='word_1_664' title='bbox 2152 3973 2521 4030; x_wconf 88' lang='lat' dir='ltr'><strong>servantibus</strong></span> <span class='ocrx_word' id='word_1_665' title='bbox 2561 3972 2798 4030; x_wconf 91' lang='lat' dir='ltr'><strong>modum</strong></span> <span class='ocrx_word' id='word_1_666' title='bbox 2842 3973 3262 4046; x_wconf 75' lang='lat' dir='ltr'><strong>temperantiae,</strong></span> <span class='ocrx_word' id='word_1_667' title='bbox 3297 3978 3359 4030; x_wconf 89' lang='lat' dir='ltr'><strong>et</strong></span> 
     </span>
     <span class='ocr_line' id='line_1_100' title="bbox 1975 4052 3357 4127; baseline -0.002 -16"><span class='ocrx_word' id='word_1_668' title='bbox 1975 4054 2323 4127; x_wconf 80' lang='lat' dir='ltr'><strong>eutrapeliae,</strong></span> <span class='ocrx_word' id='word_1_669' title='bbox 2374 4053 2444 4111; x_wconf 91' lang='lat' dir='ltr'><strong>de</strong></span> <span class='ocrx_word' id='word_1_670' title='bbox 2486 4070 2599 4127; x_wconf 90' lang='lat' dir='ltr'><strong>qua</strong></span> <span class='ocrx_word' id='word_1_671' title='bbox 2644 4056 2705 4110; x_wconf 81' lang='lat' dir='ltr'><strong>in</strong></span> <span class='ocrx_word' id='word_1_672' title='bbox 2753 4055 2845 4110; x_wconf 78' lang='lat' dir='ltr'><strong>lib.</strong></span> <span class='ocrx_word' id='word_1_673' title='bbox 2899 4052 3088 4110; x_wconf 75' lang='lat' dir='ltr'><strong>Ethic.</strong></span> <span class='ocrx_word' id='word_1_674' title='bbox 3139 4058 3357 4111; x_wconf 83' lang='lat' dir='ltr'><strong>tractat</strong></span> 
     </span>
     <span class='ocr_line' id='line_1_101' title="bbox 1976 4132 3353 4206; baseline 0.001 -17"><span class='ocrx_word' id='word_1_675' title='bbox 1976 4133 2379 4206; x_wconf 80' lang='lat' dir='ltr'><strong>Philosophus,</strong></span> <span class='ocrx_word' id='word_1_676' title='bbox 2414 4135 2646 4190; x_wconf 90' lang='lat' dir='ltr'><strong>Certum</strong></span> <span class='ocrx_word' id='word_1_677' title='bbox 2686 4138 2772 4192; x_wconf 89' lang='lat' dir='ltr'><strong>est</strong></span> <span class='ocrx_word' id='word_1_678' title='bbox 2798 4137 3010 4198; x_wconf 89' lang='lat' dir='ltr'><strong>autem,</strong></span> <span class='ocrx_word' id='word_1_679' title='bbox 3047 4132 3201 4205; x_wconf 87' lang='lat' dir='ltr'><strong>quod</strong></span> <span class='ocrx_word' id='word_1_680' title='bbox 3227 4133 3353 4190; x_wconf 90' lang='lat' dir='ltr'><strong>hn-</strong></span> 
     </span>
     <span class='ocr_line' id='line_1_102' title="bbox 1969 4214 3359 4290; baseline 0.003 -20"><span class='ocrx_word' id='word_1_681' title='bbox 1969 4214 2222 4290; x_wconf 86' lang='lat' dir='ltr'><strong>jusmodi</strong></span> <span class='ocrx_word' id='word_1_682' title='bbox 2250 4220 2404 4272; x_wconf 89' lang='lat' dir='ltr'><strong>actus</strong></span> <span class='ocrx_word' id='word_1_683' title='bbox 2429 4220 2565 4274; x_wconf 90' lang='lat' dir='ltr'><strong>sunt</strong></span> <span class='ocrx_word' id='word_1_684' title='bbox 2591 4214 2776 4288; x_wconf 88' lang='lat' dir='ltr'><strong>quoad</strong></span> <span class='ocrx_word' id='word_1_685' title='bbox 2803 4215 3191 4272; x_wconf 88' lang='lat' dir='ltr'><strong>substantiam</strong></span> <span class='ocrx_word' id='word_1_686' title='bbox 3235 4231 3359 4274; x_wconf 82' lang='lat' dir='ltr'><strong>na·</strong></span> 
     </span>
     <span class='ocr_line' id='line_1_103' title="bbox 1979 4296 3359 4373; baseline 0.001 -18"><span class='ocrx_word' id='word_1_687' title='bbox 1979 4299 2209 4365; x_wconf 75' lang='lat' dir='ltr'><strong>turaleS,</strong></span> <span class='ocrx_word' id='word_1_688' title='bbox 2237 4314 2299 4356; x_wconf 90' lang='lat' dir='ltr'><strong>ac</strong></span> <span class='ocrx_word' id='word_1_689' title='bbox 2328 4296 2570 4373; x_wconf 91' lang='lat' dir='ltr'><strong>proinde</strong></span> <span class='ocrx_word' id='word_1_690' title='bbox 2597 4296 2745 4353; x_wconf 88' lang='lat' dir='ltr'><strong>flunt</strong></span> <span class='ocrx_word' id='word_1_691' title='bbox 2769 4299 3020 4356; x_wconf 89' lang='lat' dir='ltr'><strong>elicitive</strong></span> <span class='ocrx_word' id='word_1_692' title='bbox 3047 4314 3082 4354; x_wconf 92' lang='lat' dir='ltr'><strong>a</strong></span> <span class='ocrx_word' id='word_1_693' title='bbox 3108 4299 3359 4356; x_wconf 89' lang='lat' dir='ltr'><strong>virtuti-</strong></span> 
     </span>
     <span class='ocr_line' id='line_1_104' title="bbox 1974 4379 3360 4455; baseline 0.003 -18"><span class='ocrx_word' id='word_1_694' title='bbox 1974 4379 2080 4437; x_wconf 89' lang='lat' dir='ltr'><strong>bus</strong></span> <span class='ocrx_word' id='word_1_695' title='bbox 2106 4380 2427 4439; x_wconf 91' lang='lat' dir='ltr'><strong>moralibus</strong></span> <span class='ocrx_word' id='word_1_696' title='bbox 2453 4381 2782 4455; x_wconf 87' lang='lat' dir='ltr'><strong>acquisitis;</strong></span> <span class='ocrx_word' id='word_1_697' title='bbox 2828 4380 2960 4438; x_wconf 89' lang='lat' dir='ltr'><strong>licet</strong></span> <span class='ocrx_word' id='word_1_698' title='bbox 2999 4381 3189 4454; x_wconf 87' lang='lat' dir='ltr'><strong>quoad</strong></span> <span class='ocrx_word' id='word_1_699' title='bbox 3216 4398 3360 4441; x_wconf 89' lang='lat' dir='ltr'><strong>mo·</strong></span> 
     </span>
     <span class='ocr_line' id='line_1_105' title="bbox 1974 4460 3359 4535; baseline 0.002 -18"><span class='ocrx_word' id='word_1_700' title='bbox 1974 4460 2133 4522; x_wconf 90' lang='lat' dir='ltr'><strong>dum.</strong></span> <span class='ocrx_word' id='word_1_701' title='bbox 2162 4477 2263 4534; x_wconf 90' lang='lat' dir='ltr'><strong>per</strong></span> <span class='ocrx_word' id='word_1_702' title='bbox 2284 4477 2455 4535; x_wconf 88' lang='lat' dir='ltr'><strong>quem</strong></span> <span class='ocrx_word' id='word_1_703' title='bbox 2479 4462 2769 4519; x_wconf 89' lang='lat' dir='ltr'><strong>meritorii</strong></span> <span class='ocrx_word' id='word_1_704' title='bbox 2796 4462 3252 4530; x_wconf 89' lang='lat' dir='ltr'><strong>constituuntur,</strong></span> <span class='ocrx_word' id='word_1_705' title='bbox 3289 4464 3359 4520; x_wconf 89' lang='lat' dir='ltr'><strong>in</strong></span> 
     </span>
     <span class='ocr_line' id='line_1_106' title="bbox 1975 4542 3364 4619; baseline 0.004 -21"><span class='ocrx_word' id='word_1_706' title='bbox 1975 4542 2220 4600; x_wconf 87' lang='lat' dir='ltr'><strong>habente</strong></span> <span class='ocrx_word' id='word_1_707' title='bbox 2269 4544 2519 4619; x_wconf 87' lang='lat' dir='ltr'><strong>gratiam</strong></span> <span class='ocrx_word' id='word_1_708' title='bbox 2568 4543 2688 4599; x_wconf 89' lang='lat' dir='ltr'><strong>sint</strong></span> <span class='ocrx_word' id='word_1_709' title='bbox 2737 4546 3239 4617; x_wconf 87' lang='lat' dir='ltr'><strong>supernaturales,</strong></span> <span class='ocrx_word' id='word_1_710' title='bbox 3302 4553 3364 4603; x_wconf 87' lang='lat' dir='ltr'><strong>et</strong></span> 
     </span>
     <span class='ocr_line' id='line_1_107' title="bbox 1976 4622 3363 4698; baseline 0.003 -18"><span class='ocrx_word' id='word_1_711' title='bbox 1976 4622 2285 4697; x_wconf 89' lang='lat' dir='ltr'><strong>procedant</strong></span> <span class='ocrx_word' id='word_1_712' title='bbox 2328 4625 2507 4683; x_wconf 89' lang='lat' dir='ltr'><strong>etiam</strong></span> <span class='ocrx_word' id='word_1_713' title='bbox 2558 4625 2904 4698; x_wconf 89' lang='lat' dir='ltr'><strong>imperative</strong></span> <span class='ocrx_word' id='word_1_714' title='bbox 2948 4644 2982 4684; x_wconf 93' lang='lat' dir='ltr'><strong>a</strong></span> <span class='ocrx_word' id='word_1_715' title='bbox 3028 4624 3363 4685; x_wconf 85' lang='lat' dir='ltr'><strong>virtutibus</strong></span> 
     </span>
    </p>

    <p class='ocr_par' dir='ltr' id='par_1_18' title="bbox 1972 4704 3367 5260">
     <span class='ocr_line' id='line_1_108' title="bbox 1973 4704 2717 4762; baseline 0.005 -1"><span class='ocrx_word' id='word_1_716' title='bbox 1973 4704 2207 4762; x_wconf 80' lang='lat' dir='ltr'><strong>infusis.</strong></span> <span class='ocrx_word' id='word_1_717' title='bbox 2689 4712 2717 4744; x_wconf 67' lang='lat'><em>³</em></span> 
     </span>
     <span class='ocr_line' id='line_1_109' title="bbox 2048 4787 3366 4863; baseline 0.002 -20"><span class='ocrx_word' id='word_1_718' title='bbox 2048 4790 2197 4844; x_wconf 90' lang='lat' dir='ltr'><strong>Tum</strong></span> <span class='ocrx_word' id='word_1_719' title='bbox 2225 4788 2422 4853; x_wconf 90' lang='lat' dir='ltr'><strong>etiam,</strong></span> <span class='ocrx_word' id='word_1_720' title='bbox 2467 4788 2603 4860; x_wconf 89' lang='lat' dir='ltr'><strong>quia</strong></span> <span class='ocrx_word' id='word_1_721' title='bbox 2643 4791 2728 4860; x_wconf 92' lang='lat' dir='ltr'><strong>(ut</strong></span> <span class='ocrx_word' id='word_1_722' title='bbox 2767 4804 2954 4862; x_wconf 90' lang='lat' dir='ltr'><strong>nuper</strong></span> <span class='ocrx_word' id='word_1_723' title='bbox 2998 4787 3366 4863; x_wconf 86' lang='lat' dir='ltr'><strong>dicebamus)</strong></span> 
     </span>
     <span class='ocr_line' id='line_1_110' title="bbox 1974 4869 3367 4943; baseline 0.003 -18"><span class='ocrx_word' id='word_1_724' title='bbox 1974 4872 2091 4926; x_wconf 88' lang='lat' dir='ltr'><strong>tam</strong></span> <span class='ocrx_word' id='word_1_725' title='bbox 2133 4870 2197 4928; x_wconf 91' lang='lat' dir='ltr'><strong>in</strong></span> <span class='ocrx_word' id='word_1_726' title='bbox 2249 4869 2355 4926; x_wconf 89' lang='lat' dir='ltr'><strong>hoc</strong></span> <span class='ocrx_word' id='word_1_727' title='bbox 2402 4869 2752 4936; x_wconf 85' lang='lat' dir='ltr'><strong>testimonio,</strong></span> <span class='ocrx_word' id='word_1_728' title='bbox 2794 4887 2970 4943; x_wconf 87' lang='lat' dir='ltr'><strong>quam</strong></span> <span class='ocrx_word' id='word_1_729' title='bbox 3017 4871 3083 4928; x_wconf 89' lang='lat' dir='ltr'><strong>in</strong></span> <span class='ocrx_word' id='word_1_730' title='bbox 3124 4871 3246 4928; x_wconf 91' lang='lat' dir='ltr'><strong>alio</strong></span> <span class='ocrx_word' id='word_1_731' title='bbox 3290 4889 3367 4929; x_wconf 68' lang='lat' dir='ltr'><strong>ea:</strong></span> 
     </span>
     <span class='ocr_line' id='line_1_111' title="bbox 1973 4949 3363 5027; baseline 0.004 -21"><span class='ocrx_word' id='word_1_732' title='bbox 1973 4958 2158 5027; x_wconf 74' lang='lat' dir='ltr'><strong>quaest.</strong></span> <span class='ocrx_word' id='word_1_733' title='bbox 2181 4953 2238 5016; x_wconf 79' lang='lat'><strong>2,</strong></span> <span class='ocrx_word' id='word_1_734' title='bbox 2264 4949 2328 5004; x_wconf 82' lang='lat' dir='ltr'><strong>de</strong></span> <span class='ocrx_word' id='word_1_735' title='bbox 2348 4951 2516 5019; x_wconf 84' lang='lat' dir='ltr'><strong>malo,</strong></span> <span class='ocrx_word' id='word_1_736' title='bbox 2543 4966 2708 5007; x_wconf 89' lang='lat' dir='ltr'><strong>mens</strong></span> <span class='ocrx_word' id='word_1_737' title='bbox 2730 4953 2794 5008; x_wconf 93' lang='lat' dir='ltr'><strong>D.</strong></span> <span class='ocrx_word' id='word_1_738' title='bbox 2822 4952 3031 5009; x_wconf 89' lang='lat' dir='ltr'><strong>Thom.</strong></span> <span class='ocrx_word' id='word_1_739' title='bbox 3054 4957 3141 5009; x_wconf 88' lang='lat' dir='ltr'><strong>est</strong></span> <span class='ocrx_word' id='word_1_740' title='bbox 3165 4957 3363 5011; x_wconf 81' lang='lat' dir='ltr'><strong>osten·</strong></span> 
     </span>
     <span class='ocr_line' id='line_1_112' title="bbox 1972 5031 3361 5109; baseline 0.003 -22"><span class='ocrx_word' id='word_1_741' title='bbox 1972 5031 2129 5098; x_wconf 91' lang='lat' dir='ltr'><strong>dere,</strong></span> <span class='ocrx_word' id='word_1_742' title='bbox 2160 5031 2309 5105; x_wconf 86' lang='lat' dir='ltr'><strong>quod</strong></span> <span class='ocrx_word' id='word_1_743' title='bbox 2332 5033 2478 5090; x_wconf 82' lang='lat' dir='ltr'><strong>sicut</strong></span> <span class='ocrx_word' id='word_1_744' title='bbox 2505 5032 2568 5088; x_wconf 90' lang='lat' dir='ltr'><strong>in</strong></span> <span class='ocrx_word' id='word_1_745' title='bbox 2595 5048 2662 5090; x_wconf 93' lang='lat' dir='ltr'><strong>eo</strong></span> <span class='ocrx_word' id='word_1_746' title='bbox 2688 5032 2787 5105; x_wconf 90' lang='lat' dir='ltr'><strong>qui</strong></span> <span class='ocrx_word' id='word_1_747' title='bbox 2810 5037 2965 5089; x_wconf 89' lang='lat' dir='ltr'><strong>caret</strong></span> <span class='ocrx_word' id='word_1_748' title='bbox 2988 5033 3199 5109; x_wconf 90' lang='lat' dir='ltr'><strong>gratia,</strong></span> <span class='ocrx_word' id='word_1_749' title='bbox 3231 5050 3361 5093; x_wconf 88' lang='lat' dir='ltr'><strong>non</strong></span> 
     </span>
     <span class='ocr_line' id='line_1_113' title="bbox 1975 5113 3356 5186; baseline 0.004 -16"><span class='ocrx_word' id='word_1_750' title='bbox 1975 5113 2146 5171; x_wconf 87' lang='lat' dir='ltr'><strong>datur</strong></span> <span class='ocrx_word' id='word_1_751' title='bbox 2168 5120 2324 5171; x_wconf 90' lang='lat' dir='ltr'><strong>actus</strong></span> <span class='ocrx_word' id='word_1_752' title='bbox 2345 5115 2637 5172; x_wconf 90' lang='lat' dir='ltr'><strong>humanus</strong></span> <span class='ocrx_word' id='word_1_753' title='bbox 2653 5113 2994 5173; x_wconf 80' lang='lat' dir='ltr'><strong>indifferens</strong></span> <span class='ocrx_word' id='word_1_754' title='bbox 3011 5115 3083 5174; x_wconf 89' lang='lat' dir='ltr'><strong>ad</strong></span> <span class='ocrx_word' id='word_1_755' title='bbox 3105 5115 3356 5186; x_wconf 87' lang='lat' dir='ltr'><strong>bonum,</strong></span> 
     </span>
     <span class='ocr_line' id='line_1_114' title="bbox 3302 5207 3366 5260; baseline -0.031 0"><span class='ocrx_word' id='word_1_756' title='bbox 3302 5207 3366 5260; x_wconf 73' lang='lat' dir='ltr'><strong>et</strong></span> 
     </span>
    </p>
   </div>
  </div>
 </body>
</html>
