3647 5753
350 1837 497 1879 cunda

353 1888 512 1929 contir-

363 1946 427 1980 ulfl
436 1941 494 1979 [10

548 387 668 441 422

554 573 674 613 non
726 554 886 611 enim
937 552 1279 625 compatitur
1329 549 1450 623 ejus
1496 548 1730 606 miseria
1783 564 1911 605 cum

557 633 928 698 beatitudine,
960 649 1084 706 quae
1130 633 1191 688 in
1232 627 1499 704 praedicta
1533 630 1749 686 unione
1773 645 1913 686 con-

552 718 723 773 sistit.
756 717 904 771 'I'um
931 716 1126 781 etiam,
1156 713 1289 787 quia
1313 718 1600 786 peccatum
1623 711 1913 769 habituale

558 796 838 870 dependet
865 795 939 854 ab
975 796 1167 868 aliquo
1200 794 1418 869 judicio
1462 792 1906 869 inconsiderato,

555 878 650 935 vel
713 875 1023 933 dictamine
1072 890 1315 933 erroneo
1353 873 1707 939 intellectus;
1767 872 1913 927 sicut

557 974 729 1014 omne
758 963 1045 1029 peccatum
1074 956 1294 1013 actuale
1330 954 1603 1026 supponit
1643 954 1703 1009 in
1734 952 1911 1009 intel-

556 1041 700 1096 lectu
748 1040 999 1112 aliquem
1045 1036 1325 1094 defectum
1356 1035 1494 1092 :sed
1544 1041 1724 1107 potest
1762 1037 1911 1091 Deus

548 1119 842 1177 destruere
869 1118 1013 1174 illud
1039 1117 1344 1183 dictamen,
1372 1121 1428 1173 et
1450 1115 1909 1189 judicium‚quin

546 1200 813 1256 immutet
838 1198 1218 1255 substantiam
1260 1197 1490 1260 animae,
1518 1196 1608 1252 vel
1637 1197 1910 1252 volunta-

546 1284 659 1336 tem
682 1304 695 1347 ;
725 1278 1007 1352 siquidem
1027 1277 1279 1351 praedicti
1304 1275 1634 1332 dictaminis
1649 1274 1908 1331 destruc-

547 1361 626 1416 tio
653 1360 873 1416 nullam
908 1358 1325 1416 connexionem
1353 1355 1525 1412 habet
1572 1371 1701 1411 cum
1745 1356 1911 1411 insu-

546 1444 706 1498 sione
725 1441 921 1515 gratiae
955 1456 1125 1514 :ergo
1154 1444 1214 1496 ut
1228 1438 1560 1495 destruatur
1591 1442 1903 1510 peccatum,

550 1539 667 1581 non
692 1522 1004 1595 requiritur
1029 1520 1484 1595 ailquoddonum
1501 1519 1903 1586 intrinsecum,

551 1602 699 1677 quod
727 1603 948 1668 afficiat,
991 1609 1046 1659 et
1085 1603 1353 1659 immutet
1390 1601 1481 1658 vel
1526 1599 1906 1657 substantiam

552 1686 781 1749 animae,
814 1687 905 1741 vel
932 1685 1313 1740 voluntatem.

626 1767 1011 1825 confirmatur
1056 1763 1342 1822 secundo:
1390 1765 1665 1836 quoniam
1713 1780 1908 1836 pecca-

553 1852 673 1905 tum
704 1848 992 1904 habituale
1020 1847 1081 1901 in
1107 1851 1256 1902 statu
1298 1860 1573 1919 purorum
1602 1849 1787 1918 posset
1812 1860 1908 1901 re-

552 1929 704 1985 mitti
734 1928 944 2001 absque
985 1926 1276 1982 infusione
1312 1925 1513 1999 gratiae
1539 1925 1904 1981 intrinsecae:

549 2016 765 2083 ergoet
791 2014 1077 2084 peccatum
1106 2006 1485 2064 habitualem
1507 2012 1653 2063 statu
1686 2010 1907 2063 naturze

547 2095 799 2151 elevatae.
826 2090 1239 2165 Consequentia
1280 2089 1552 2162 probatur
1587 2111 1599 2145 ε
1629 2089 1904 2162 quoniam

548 2174 689 2231 sicut
721 2181 1008 2248 peccatum
1038 2172 1343 2229 -habituale
1383 2173 1444 2227 in
1485 2175 1634 2227 statu
1685 2176 1907 2226 naturae

547 2255 780 2312 elevatae
808 2255 991 2311 inficit
1032 2252 1349 2317 hominem,
1381 2256 1437 2308 et
1481 2251 1688 2308 avertit
1734 2251 1904 2306 illum

548 2335 620 2392 ab
648 2336 851 2392 ultimo
878 2335 993 2391 fine
1018 2332 1450 2405 supernaturali
1472 2358 1485 2399 ;
1509 2332 1588 2388 ita
1618 2335 1903 2404 peccatum

456 2410 461 2415 ’
545 2415 838 2472 habituale
866 2416 926 2471 in
953 2421 1101 2470 statu
1131 2430 1409 2486 purorum
1450 2413 1764 2469 macularet
1798 2412 1906 2468 ho-

548 2497 785 2565 minem,
824 2502 881 2553 et
920 2496 990 2553 ab
1032 2496 1237 2551 ultimo
1264 2494 1378 2551 fine
1419 2494 1671 2550 naturali
1714 2494 1903 2566 ipsum

546 2581 831 2633 averteret
875 2597 887 2631 :
916 2591 1053 2649 ergo
1079 2575 1127 2629 si
1158 2575 1220 2629 in
1248 2589 1316 2630 eo
1355 2578 1503 2630 statu
1536 2579 1763 2645 possent
1793 2573 1905 2628 hu-

538 2657 633 2730 jus
682 2656 1178 2713 denominationes
1224 2670 1442 2711 cessare
1488 2653 1699 2726 absque
1752 2653 1904 2709 infu-

543 2736 704 2793 sione
728 2737 944 2811 gratiae,
977 2735 1189 2809 pariter
1218 2735 1281 2790 in
1327 2733 1594 2806 praesenti
1621 2738 1769 2789 statu
1800 2751 1902 2808 po-

542 2822 732 2873 terant
756 2833 975 2873 cessare
1019 2814 1228 2889 absque
1268 2814 1559 2870 infusione
1594 2814 1815 2889 gratim,
1847 2820 1903 2871 et

542 2899 671 2954 sine
711 2897 1132 2955 immutatione.
1161 2894 1514 2953 Antecedens
1541 2902 1735 2952 autem
1763 2914 1904 2954 sua-

542 2977 729 3044 detur,
780 2978 915 3050 quia
957 2982 1247 3050 peccatum
1296 2975 1589 3034 habituale
1641 2977 1704 3033 in
1749 2983 1898 3033 statu

544 3074 820 3130 purorum
842 3064 990 3115 esset
1016 3056 1382 3123 remissibile,
1407 3055 1691 3129 siquidem
1720 3073 1791 3114 ex
1809 3074 1896 3124 e0,

542 3138 691 3212 quod
721 3139 892 3196 homo
927 3140 992 3195 in
1014 3137 1285 3212 praedicto
1310 3142 1458 3195 statu
1490 3143 1760 3211 peccaret,
1782 3154 1901 3195 non

540 3220 736 3276 statim
784 3218 948 3277 fieret
997 3218 1317 3276 obstinatus
1346 3220 1409 3275 in
1451 3220 1627 3285 malo,
1657 3223 1718 3273 ut
1760 3218 1901 3275 satis

541 3316 614 3359 ex
641 3318 700 3358 se
723 3301 929 3373 liquet:
960 3305 1125 3373 atque
1166 3299 1229 3356 in
1269 3315 1336 3357 eo
1362 3304 1510 3356 statu
1544 3300 1709 3356 nulla
1730 3300 1902 3357 dare-

542 3387 637 3438 tur
658 3381 863 3456 gratia,
890 3380 1146 3453 alioquin
1175 3383 1383 3436 natura
1411 3395 1527 3437 non
1555 3386 1816 3436 maneret
1839 3380 1900 3437 in

490 3535 494 3540 ,
545 3465 733 3537 puris:
757 3481 890 3539 ergo
913 3468 1200 3537 peccatum
1217 3461 1509 3519 habituale
1526 3461 1777 3535 praedicti
1792 3467 1901 3520 sta·

348 3649 509 3693 Tertia.

543 3552 634 3603 tus
663 3551 848 3620 posset
876 3545 1093 3603 remitti
1123 3545 1333 3618 absque
1359 3545 1653 3602 infusione
1678 3546 1895 3619 gratiae.

617 3625 1004 3684 confirmatur
1050 3627 1238 3693 tertio,
1289 3626 1423 3698 quia
1470 3632 1756 3698 peccatum
1798 3642 1902 3683 ve·

543 3707 697 3764 niale
741 3706 1031 3763 habituale
1072 3722 1190 3763 non
1228 3706 1416 3762 solum
1457 3705 1728 3778 importat
1771 3722 1900 3762 rea-

541 3795 664 3845 tum
716 3787 786 3845 ad
834 3805 1061 3863 poenam
1113 3788 1525 3860 temporalem,
1575 3786 1673 3845 sed
1725 3788 1898 3844 etiam

542 3868 794 3941 aliquam
848 3869 1133 3924 maculam
1193 3873 1661 3940 permanentem,
1717 3873 1773 3923 et
1831 3884 1900 3925 ex

543 3956 765 4022 peccato
809 3949 1014 4006 actuali
1061 3949 1355 4016 relictam;
1403 3954 1460 4006 et
1513 3948 1900 4004 nihilominus

540 4030 853 4088 destruitur
877 4047 976 4103 per
1003 4032 1186 4089 solam
1215 4031 1598 4087 extrinsecam
1626 4030 1727 4086 Dei
1758 4047 1901 4087 con-

539 4112 910 4170 donationem
939 4136 950 4169 :
975 4130 1107 4188 ergo
1136 4118 1421 4186 peccatum
1445 4113 1689 4169 mortale
1730 4111 1899 4168 habi-

540 4194 692 4250 tuale
718 4199 900 4266 potest
921 4194 1122 4250 saltem
1153 4209 1253 4265 per
1279 4191 1540 4249 divinam
1585 4193 1898 4265 potentiam

538 4273 754 4332 destrui
776 4291 845 4331 ex
866 4276 988 4332 sola
1004 4276 1323 4333 extrinseca
1345 4275 1445 4331 Dei
1459 4273 1894 4341 condonatione,

535 4361 594 4412 et
633 4356 842 4430 absque
882 4358 1199 4414 mutatione
1226 4356 1542 4413 intrinseca
1569 4357 1896 4429 peccatoris,

540 4439 954 4510 Consequentia
982 4441 1134 4510 patet
1162 4453 1195 4493 a
1222 4436 1488 4510 paritate.
1518 4437 1587 4491 Et
1607 4436 1790 4510 major
1815 4442 1901 4516 est

536 4519 677 4574 satis
697 4519 1020 4586 manifesta,
1044 4523 1331 4593 potestque
1352 4518 1443 4575 vel
1468 4534 1541 4575 ex
1559 4534 1626 4576 eo
1645 4518 1894 4586 suaderi,

536 4599 814 4671 quoniam
841 4617 910 4658 ex
956 4601 1212 4673 opposito
1251 4599 1432 4661 fieret.
1477 4598 1899 4657 absolutionem

536 4682 1011 4738 sacramentalem
1058 4680 1378 4738 venialium
1420 4681 1607 4737 solum
1639 4682 1900 4739 relaxare

539 4778 767 4835 poenam
819 4779 920 4833 pro
965 4763 1085 4818 illis
1127 4762 1399 4829 debitam,
1446 4778 1563 4819 non
1590 4778 1727 4819 vero
1767 4762 1900 4819 des-

538 4848 731 4900 truere
777 4844 1028 4914 aliquam
1070 4845 1317 4917 culpam,
1348 4841 1494 4916 quod
1540 4849 1625 4899 est
1659 4844 1901 4901 omnino

536 4924 766 4981 falsum.
820 4925 1012 4981 Minor
1058 4932 1248 4983 autem
1298 4925 1599 5000 probatur;
1652 4942 1787 4982 nam
1838 4927 1940 4982 in-

540 5006 743 5079 primis
761 5012 981 5079 peccata
997 5008 1248 5066 venialia
1266 5024 1384 5065 non
1400 5006 1777 5064 destruuntur
1800 5023 1902 5081 per

2013 2514 2310 2572 ,negamus
2336 2499 2798 2571 consequentiam
2823 2522 2836 2566 ;
2882 2514 3018 2554 nam
3048 2514 3177 2554 cum
3208 2515 3404 2569 pecca-

1504 379 1598 433 DE
1632 378 2212 432 JUSTIFICATIONE
2252 379 2453 432 11511211.

2041 549 2309 622 gratiam,
2359 548 2638 621 siquidem
2687 549 3020 614 coexistunt,
3071 554 3125 604 et
3168 517 3387 621 compa-

2045 634 2269 689 tiuntur
2289 648 2417 688 cum
2442 633 2562 696 illa,
2591 636 2648 685 ut
2673 636 2820 703 patet
2840 631 2900 687 in
2923 631 3387 705 pluribusjustis:

2012 727 2017 730 ·
2042 712 2252 771 deinde
2294 728 2409 770 non
2448 717 2648 785 petunt
2673 712 2887 768 destrui
2921 729 3021 784 per
3050 718 3234 769 actum
3261 729 3392 770 con-

2043 794 2317 858 tritionis,
2351 793 2440 849 vel
2468 792 2784 859 charitatis,
2817 810 2945 849 cum
2977 792 3263 850 multoties
3301 810 3389 850 re-

2043 877 2348 933 mittantur
2379 876 2507 932 sine
2535 876 2657 939 illo,
2691 881 2753 930 ut
2780 880 2932 947 patet
2958 876 3019 931 in
3039 892 3125 941 eo,
3150 876 3246 949 qui
3271 891 3391 931 cum

2042 957 2337 1017 attritione
2367 959 2567 1030 recipit
2601 961 3036 1016 Sacramentum
3071 979 3084 1013 ε
3111 974 3245 1031 ergo
3271 973 3391 1028 pec-

2040 1046 2162 1099 cata
2190 1040 2442 1097 venialia
2484 1056 2601 1097 non
2646 1040 3020 1096 destruuntur
3049 1056 3149 1111 per
3184 1038 3390 1112 aliquid

2042 1122 2442 1186 intrinsecum,
2472 1119 2570 1177 sed
2596 1137 2693 1193 per
2720 1121 3103 1177 extrinsecam
3136 1120 3234 1176 Dei
3261 1136 3391 1177 con-

2040 1203 2434 1279 donationem.

2115 1282 2502 1339 Coniirmatur
2525 1283 2747 1349 ultimo,
2762 1282 2895 1356 quia
2913 1282 3203 1339 multoties
3222 1298 3386 1337 unum
3403 1299 3547 1345 utum.

2041 1373 2330 1437 peccatum
2371 1365 2660 1422 habituale
2685 1366 2996 1439 opponitur
3025 1364 3190 1421 alteri
3234 1364 3390 1420 habi-

2042 1446 2181 1502 tuali
2205 1452 2444 1520 peccato,
2491 1453 2687 1519 utputa
2710 1445 3079 1520 prodigalitas
3100 1446 3355 1501 avaritiae
3378 1466 3391 1500 ε

2039 1541 2175 1601 ergo
2214 1527 2421 1600 poterit
2443 1542 2623 1582 unum
2656 1531 2941 1598 peccatum
2972 1525 3265 1581 habituale
3298 1541 3395 1581 ex-

2040 1607 2175 1678 pelli
2227 1624 2327 1680 per
2372 1607 2528 1663 aliud
2564 1632 2576 1674 3
2620 1607 2766 1663 sicut
2804 1613 2957 1661 actus
2999 1606 3259 1662 avaritia?
3301 1620 3399 1661 ex-

2038 1686 2218 1744 cludit
2263 1695 2451 1745 actum
2500 1687 2915 1761 prodigalitatis
2958 1707 2970 1741 :
3016 1686 3113 1743 sed
3153 1685 3400 1743 exclusio

2040 1768 2268 1840 peccati,
2295 1785 2420 1841 qum
2464 1767 2530 1823 fit
2577 1784 2676 1839 per
2704 1772 3010 1839 peccatum,
3047 1782 3163 1822 non
3199 1766 3265 1821 fit
3305 1781 3398 1838 per

2036 1850 2306 1922 gratiam.
2353 1856 2415 1905 ut
2448 1850 2586 1906 satis
2625 1864 2695 1904 ex
2734 1864 2795 1903 se
2841 1853 3058 1905 constat
3102 1869 3114 1903 ε
3154 1864 3291 1922 ergo
3330 1846 3398 1903 ad

2036 1928 2477 1987 destructionem
2495 1930 2702 2003 peccati
2722 1928 3030 1985 habitualis
3058 1945 3174 1985 non
3206 1929 3395 2002 requi-

2040 2010 2189 2067 ritur
2213 2012 2450 2086 alicujus
2471 2011 2668 2086 gratia}
2692 2010 2908 2067 infusio

2119 2095 2239 2148 178.
2267 2093 2350 2148 Ad
2379 2098 2785 2166 argumentum
2814 2096 2946 2165 (quo
2977 2092 3156 2149 utitur
3186 2093 3565 2191 curienooeurri·

2038 2175 2211 2231 latius
2256 2174 2727 2247 respondebimus
2772 2174 2948 2230 dubio
2987 2174 3266 2247 sequenti
3302 2175 3396 2232 ubi
3411 2152 3571 2242 Ῡῃᾎῗῆῗ

2038 2256 2530 2332 investigabimu5‚
2564 2272 2638 2313 an
2662 2255 2730 2312 ad
2764 2255 3165 2313 remissionem
3190 2256 3397 2328 peccati

2038 2339 2364 2410 requiratur
2409 2336 2790 2394 determinate
2847 2337 3032 2410 gratia
3087 2335 3400 2392 habitualis

2035 2416 2415 2475 sanctificans.
2467 2421 2630 2474 Nunc
2675 2416 2993 2475 omittendo
3038 2416 3398 2483 antecedens,

2036 2583 2157 2641 tum
2186 2578 2479 2636 habituale
2505 2581 2577 2635 sit
2620 2579 2868 2650 privatio
2908 2579 3243 2636 voluntaria
3270 2596 3405 2653 gra-

2034 2661 2145 2726 tiae‚
2201 2664 2379 2731 potest
2430 2658 2736 2731 dupliciter
2781 2657 2997 2714 destrui
3047 2675 3206 2715 :uno
3236 2659 3408 2723 modo

2034 2738 2247 2795 directe
2275 2756 2375 2812 per
2396 2739 2645 2796 formam
2671 2737 3008 2809 oppositam,
3036 2753 3247 2810 nempe
3269 2756 3408 2812 gra-

2035 2818 2175 2875 tiam
2215 2817 2663 2875 sanctificantem
2693 2861 2704 2880 ,
2755 2832 2880 2888 quae
2923 2816 3014 2871 sui
3047 2827 3052 2831 ’
3081 2819 3406 2875 carentiam

2031 2900 2318 2970 excludit,
2304 2924 2317 2938 ·
2361 2901 2539 2956 altero
2566 2897 2737 2956 modo
2765 2897 3041 2954 indirecte
3069 2914 3168 2971 per
3194 2901 3408 2958 contri-

2036 2980 2274 3045 tionem,
2298 2981 2387 3037 vel
2412 2996 2690 3046 amorem
2717 2995 2813 3050 qui
2839 2985 3025 3034 actum
3051 2981 3407 3050 peccamino-

2031 3077 2158 3116 sum
2185 3065 2464 3127 retractet,
2485 3065 2540 3115 et
2555 3073 2635 3115 stc
2660 3058 2859 3116 reddat
2874 3059 3188 3115 carentiam
3205 3062 3407 3136 gratiae

2034 3141 2512 3197 involuntariam.
2533 3142 2815 3196 Neutrum
2844 3145 3036 3195 autem
3066 3138 3192 3195 fieri
3226 3146 3404 3213 potest

2033 3222 2241 3295 absque
2264 3222 2578 3277 intrinseca
2597 3221 2813 3295 gratim
2831 3228 2887 3278 et
2908 3219 3035 3277 ideo
3055 3236 3126 3277 ex
3141 3236 3230 3286 e0,
3258 3222 3402 3295 quod

2032 3305 2226 3376 aliqua
2252 3302 2636 3360 determinate
2670 3302 2856 3375 gratia
2902 3318 3020 3358 non
3050 3302 3397 3374 requiratur,

2032 3386 2280 3443 minime
2324 3384 2643 3450 evincitur,
2694 3382 2843 3457 quod
2892 3384 3065 3456 possit
3112 3389 3400 3455 peccatum

2034 3467 2245 3540 absque
2292 3466 2458 3524 omni
2502 3467 2687 3539 gratia
2742 3465 2982 3522 remitti.
3031 3463 3185 3520 Sicut
3223 3466 3398 3522 etiam

2034 3548 2242 3605 umbra
2269 3551 2449 3621 potest
2492 3546 2703 3618 expelli
2753 3548 2844 3603 vel
2893 3562 2994 3618 per
3021 3543 3401 3624 introductio-

2034 3645 2167 3686 nem
2200 3629 2359 3685 lucis
2392 3628 2485 3683 vel
2527 3642 2627 3700 per
2669 3627 2851 3683 solam
2896 3605 3245 3681 ablationem
3275 3642 3397 3682 cor-

2034 3709 2188 3782 poris
2209 3708 2408 3781 opaci:
2439 3714 2494 3764 et
2519 3723 2590 3763 ex
2610 3722 2696 3771 eo,
2721 3705 2871 3778 quod
2893 3711 3164 3761 neutrum
3189 3705 3396 3762 horum

2032 3788 2417 3846 determinate
2461 3785 2816 3843 desideretur
2858 3783 2924 3840 ad
2954 3781 3395 3842 destructionem

2034 3870 2272 3936 umbrae,
2326 3870 2658 3942 neutiquam
2698 3868 2978 3940 sequitur,
3023 3867 3172 3939 quod
3227 3866 3398 3940 possit

2033 3954 2240 4010 umbra
2267 3952 2476 4025 absque
2513 3951 2703 4023 aliquo
2730 3965 2931 4006 eorum
2973 3948 3213 4006 destrui.
3253 3952 3396 4006 Pro-

2032 4033 2186 4091 batio
2210 4041 2401 4089 autern
2441 4030 2856 4103 consequentiae
2896 4035 3119 4084 tantum
3149 4029 3394 4085 convin-

2030 4115 2125 4179 cit,
2163 4130 2280 4170 non
2324 4128 2482 4185 posse
2525 4116 2810 4182 peccatum
2859 4108 3152 4165 habituale
3179 4108 3393 4166 destrui

2031 4192 2242 4250 directe
2269 4190 2478 4264 absque
2521 4190 2813 4246 infusione
2837 4190 3035 4263 gratia}
3062 4187 3389 4252 habitualis,

2030 4275 2119 4331 cui
2145 4273 2477 4330 immediate
2504 4272 2814 4344 opponitur
2847 4291 2860 4326 ε
2886 4276 2943 4326 at
2969 4268 3252 4327 indirecte
3276 4269 3394 4326 des·

2032 4357 2148 4413 trui
2180 4362 2361 4429 posset
2391 4371 2488 4427 per
2517 4361 2702 4409 actum
2732 4352 3113 4418 contritioni3‚
3139 4354 3230 4409 vel
3259 4354 3392 4409 cha-

2033 4437 2220 4494 ritatis
2268 4440 2670 4492 retractantem
2720 4440 2906 4490 actum
2935 4434 3387 4505 peccaminosum

2032 4518 2408 4593 praeteritum,
2443 4533 2470 4572 a
2514 4531 2625 4588 quo
2673 4519 2958 4588 peccatum
3007 4514 3385 4571 habitualein

2031 4616 2133 4656 sua
2155 4597 2587 4656 conservatione
2612 4595 2912 4669 dependet.
2941 4597 3096 4652 Sicut
3117 4596 3179 4652 in
3202 4610 3387 4652 exem·

2033 4683 2127 4755 plo
2158 4681 2419 4754 proxime
2447 4679 2685 4736 adducto
2715 4679 2913 4751 nequit
2940 4677 3148 4734 umbra
3173 4676 3387 4734 destrui

2031 4762 2264 4828 directe,
2298 4762 2411 4817 nisi
2444 4776 2543 4834 per
2570 4762 2773 4825 lucem,
2808 4760 2896 4816 cui
2926 4759 3238 4832 opponitur
3279 4759 3390 4815 im-

2033 4844 2281 4901 mediate
2325 4842 2466 4899 :sed
2509 4843 2787 4900 indirecte
2821 4841 3043 4898 tollitur
3070 4841 3247 4897 etiam
3293 4855 3389 4914 per

2033 4925 2386 4983 ablationem
2432 4924 2686 4997 corporis
2716 4922 3060 4996 interpositi,
3094 4937 3126 4978 a
3168 4938 3278 4996 quo
3327 4920 3388 4976 in

2037 5006 2259 5062 ratione
2286 5004 2505 5061 umbrae
2530 5003 2823 5076 dependet,
2853 5008 3107 5078 utsupra
3128 5000 3389 5059 declara-

3203 5098 3388 5140 vimus
