3647 5753
473 381 584 437 242
1502 379 1596 433 DE
1633 378 1905 434 GRATIA
1943 379 2282 434 EFFICACI.

475 557 561 610 est
581 555 894 627 potentiam
922 571 1043 612 esse
1073 558 1432 628 praemotam,
1463 558 1520 611 et
1540 551 1839 610 efficaciter

479 635 819 712 applicatam
843 635 913 692 ad
940 636 1244 710 agendum,
1272 641 1333 691 ut
1358 653 1516 691 num.
1549 635 1651 690 331
1683 631 1842 689 dixi-

478 732 626 778 mus.
685 717 750 772 In
795 733 1005 791 genere
1063 724 1254 774 autem
1302 733 1483 774 causae
1545 715 1843 773 efficientis

480 796 650 854 habet
669 797 916 855 eundem
940 798 1222 863 effectum,
1254 813 1423 871 quem
1452 794 1620 853 habet
1650 802 1845 869 potenf

480 879 561 936 tia
589 885 882 952 praemota.
915 879 1079 937 Unde
1116 880 1263 937 sicut
1283 880 1453 954 hujus
1489 878 1717 935 effectus
1738 896 1843 955 quo

480 963 566 1019 est
608 961 770 1028 actio,
798 966 852 1018 et
897 961 1130 1018 effectus
1157 963 1253 1039 qui
1293 965 1376 1017 est
1405 959 1692 1017 terminus
1715 975 1845 1031 pro—

481 1041 679 1099 ductus
723 1065 736 1099 ε
780 1045 860 1100 ita
904 1043 1133 1100 effectus
1179 1060 1284 1120 quo
1325 1041 1720 1115 praemotionis
1760 1045 1847 1097 est

483 1126 737 1197 operatio
759 1127 1040 1199 potentiae‚
1062 1131 1118 1183 et
1143 1126 1373 1183 effectus
1400 1127 1495 1198 qui
1529 1129 1614 1181 est
1647 1123 1847 1181 termi-

486 1222 614 1272 nuS,
638 1222 806 1279 quem
831 1208 1082 1280 potentia
1111 1210 1386 1279 praemota
1414 1204 1701 1277 producit.
1729 1206 1847 1260 Nec

485 1287 633 1342 circa
661 1285 783 1351 hoc,
813 1287 1120 1360 suppositis
1141 1287 1417 1342 hactenus
1445 1284 1630 1351 dictis,
1656 1299 1849 1340 occur-

492 1367 567 1422 rit
588 1366 828 1439 alicujus
850 1368 1130 1425 momenti
1152 1366 1471 1422 difficultas.

328 1458 430 1513 un·-
565 1448 695 1502 335.
742 1446 1054 1504 Undecimo
1083 1447 1329 1521 inquirit
1376 1446 1682 1520 praedictus
1729 1447 1852 1498 Au-

275 1506 464 1608 q‘ffffiffg,
492 1527 642 1585 thor:
671 1527 766 1584 An
792 1545 1084 1584 concursus
1102 1531 1343 1600 praevius
1375 1529 1549 1600 possit
1581 1544 1681 1600 per
1700 1526 1853 1580 divi-

490 1627 620 1665 nam
654 1612 957 1683 potentiam
995 1613 1248 1684 separari
1280 1628 1316 1664 a
1343 1610 1695 1676 simultaneO,
1739 1610 1855 1664 sive

490 1695 558 1761 (et
596 1694 656 1747 in
695 1692 837 1746 idem
880 1692 1042 1764 redit)
1081 1711 1158 1748 an
1194 1690 1316 1764 fieri
1353 1692 1626 1747 divinitus
1655 1692 1849 1764 possit,

491 1774 632 1852 quod
653 1772 799 1830 Deus
815 1775 1240 1847 praedetermimt
1264 1781 1579 1829 creaturam
1598 1773 1673 1828 ad
1694 1790 1856 1844 nqeu-

491 1854 643 1919 dum,
691 1862 740 1908 et
765 1854 907 1932 quod
931 1873 1041 1910 non
1084 1855 1332 1911 succedat
1373 1856 1615 1926 operatio
1642 1854 1673 1908 ?
1712 1856 1859 1910 Res-

496 1933 778 2008 pondetur
803 1938 1069 2010 negative
1096 1952 1225 1992 cum
1261 1937 1558 1992 communi
1586 1935 1858 1992 Thomis-

299 2031 466 2082 uAug.
496 2021 687 2072 tarum
702 2018 1003 2081 sententia,
1023 2033 1195 2089 quam
1212 2016 1526 2073 docuerunt
1547 2020 1853 2098 D.August.

288 2083 342 2123 D·
361 2080 466 2122 Tm·
496 2102 554 2154 et
580 2100 644 2153 D.
686 2098 730 2151 T
735 2097 892 2154 hom.
925 2098 1188 2171 pluribus
1213 2098 1278 2154 in
1308 2099 1463 2163 locis,
1511 2115 1636 2172 quze
1665 2100 1728 2155 in
1756 2099 1860 2154 hac

501 2177 883 2250 disputatione
904 2177 1186 2235 dedimus,
1220 2181 1402 2242 Quam
1430 2179 1861 2251 responsionem

499 2274 627 2313 cum
657 2257 1013 2330 praevidisset
1037 2258 1290 2324 Suarius,
1315 2274 1443 2315 eam
1474 2257 1862 2315 admiratione

500 2340 880 2414 impugnavit,
935 2341 1096 2414 quasi
1128 2357 1332 2414 parum
1380 2340 1656 2398 credibile
1684 2341 1862 2397 fuerit

502 2425 618 2475 tam
666 2419 1127 2477 indissolubilem
1169 2436 1383 2477 nexum
1423 2420 1670 2493 reperiri
1711 2420 1866 2476 inter

502 2500 834 2573 qualitatem
884 2507 1352 2574 praemoventem,
1383 2507 1440 2558 et
1466 2501 1862 2574 operationem

504 2585 781 2636 creaturae
814 2583 960 2654 (quae
990 2580 1141 2637 idem
1172 2582 1292 2653 ipsa
1319 2586 1403 2637 est
1427 2597 1558 2636 cum
1587 2597 1865 2637 concursu

505 2661 606 2718 Dei
633 2661 1022 2733 simultaneo),
1049 2668 1111 2717 ut
1130 2679 1197 2718 ea
1224 2663 1499 2734 qualitate
1521 2662 1721 2735 posita,
1748 2677 1866 2719 non

510 2743 695 2801 valeat
721 2748 868 2801 Deus
893 2759 1185 2818 egressum
1210 2743 1489 2817 praedictae
1515 2744 1869 2817 operationis

505 2824 876 2899 suspendere.
925 2825 1032 2883 Sed
1055 2827 1204 2884 hanc
1230 2826 1674 2884 admirationem
1702 2827 1869 2885 facile

507 2908 760 2981 deponit,
808 2908 906 2982 qui
947 2909 1269 2966 considerat
1306 2908 1522 2966 divinas
1558 2909 1871 2967 voluntatis

504 2988 833 3055 efficaciam,
860 3005 1306 3062 supremumque
1333 2990 1397 3045 in
1425 2994 1747 3047 creaturam
1775 2988 1873 3046 do·

508 3068 784 3135 minium,
817 3073 878 3124 ut
904 3069 1086 3125 fusius
1114 3069 1564 3142 ponderavimus
1588 3071 1716 3128 dub.
1746 3073 1798 3138 4,
1817 3073 1894 3126 et-

510 3149 794 3223 praecipue
812 3152 843 3218 ἓ
863 3151 919 3214 4,
950 3167 1075 3206 cum
1099 3167 1206 3228 seq.
1239 3151 1324 3206 Ex
1344 3150 1552 3222 quibus
1575 3152 1691 3208 haec
1715 3166 1875 3208 reso-

511 3230 655 3286 lutio
702 3229 953 3299 breviter
1000 3229 1273 3302 probatur
1305 3254 1319 3298 ;
1395 3233 1530 3305 quia
1578 3231 1876 3305 praemotio

515 3311 749 3386 physica
772 3316 858 3367 est
882 3311 1111 3367 effectus
1151 3314 1468 3370 voluntatis
1494 3314 1711 3370 divinae
1752 3312 1877 3369 effi-

516 3392 722 3449 caciter
746 3391 1105 3462 imperantis,
1136 3398 1191 3449 et
1212 3393 1566 3451 intendentis
1587 3394 1879 3466 operatio-

519 3488 655 3529 nem
676 3478 948 3529 creaturae
975 3493 989 3527 ε
1012 3472 1110 3529 scd
1133 3473 1393 3547 implicat
1431 3478 1611 3532 Deum
1637 3474 1880 3532 efficaci-

520 3559 608 3612 ter
649 3553 957 3626 imperare,
1003 3558 1060 3610 et
1107 3554 1405 3613 intendere
1431 3558 1682 3628 aliquem
1710 3555 1880 3613 effec-

520 3638 664 3700 tum,
685 3638 742 3690 et
761 3633 909 3707 quod
923 3633 1153 3690 effectus
1171 3652 1288 3694 non
1310 3636 1687 3710 subsequatur
1716 3651 1882 3710 :ergo

523 3715 799 3788 implicat,
854 3718 1004 3788 quod
1057 3721 1204 3776 Deus
1229 3734 1333 3775 suo
1378 3719 1599 3775 auxilio
1649 3718 1878 3783 efficaci,

523 3811 621 3851 seu
666 3798 1036 3867 praemotione
1064 3799 1297 3873 physica
1336 3797 1684 3855 determinet
1721 3812 1885 3853 crea-

526 3882 714 3932 turam
751 3875 822 3932 ad
847 3878 1152 3952 agendum,
1177 3883 1234 3935 et
1261 3878 1411 3950 quod
1438 3878 1695 3951 operatio
1721 3893 1886 3934 crea-

528 3961 668 4012 turae
694 3957 1093 4029 suspendatur,
1127 3964 1224 4015 aut
1270 3957 1639 4030 impediatur.
1690 3957 1887 4014 Minor

528 4038 726 4112 liquet,
757 4040 893 4111 quia
921 4041 968 4096 si
999 4042 1113 4097 Deo
1139 4039 1434 4097 efficaciter
1461 4040 1803 4112 imperante,
1834 4043 1892 4096 et

529 4118 867 4197 intendente
893 4121 1155 4178 effectum
1182 4121 1455 4194 aliquem,
1489 4121 1793 4194 praedictus
1811 4119 1892 4177 es·

531 4201 707 4260 sectus
754 4219 869 4260 non
920 4209 1274 4278 sequeretur,
1328 4204 1499 4276 plane
1551 4202 1888 4269 inferretur,

532 4285 712 4340 Deum
737 4299 855 4340 non
874 4299 995 4341 esse
1021 4284 1495 4357 omnipotentem,
1522 4300 1626 4340 nec
1648 4283 1895 4357 perfecte

533 4363 825 4421 dominari
855 4364 1130 4422 creaturis
1161 4386 1174 4421 ε
1202 4363 1353 4436 quod
1375 4378 1629 4421 asserere
1654 4369 1737 4420 est
1765 4380 1896 4419 ma-

348 4478 495 4523 mm·
537 4430 745 4501 nifesta
766 4444 1142 4518 blasphemia.
1170 4443 1334 4501 Unde
1357 4446 1515 4501 lsaiae
1544 4446 1626 4510 14,
1648 4443 1894 4501 dicitur:

537 4524 810 4582 Dominus
828 4527 1168 4582 exercituum
1193 4526 1446 4591 decrevit,
1478 4531 1527 4579 et
1554 4527 1677 4596 quis
1699 4527 1897 4597 poterit

346 4628 413 4671 Ad
438 4606 871 4678 1³0.infirmare?
911 4607 979 4661 Et
1022 4603 1093 4661 ad
1134 4607 1303 4662 Rom.
1344 4607 1421 4660 9:
1464 4602 1746 4662 Voluntati
1783 4607 1902 4677 ejus

345 4687 507 4778 3ξῖζῦ
539 4689 660 4759 quis
678 4688 929 4743 resistit?
955 4688 1024 4742 Et
1051 4688 1114 4743 D.
1160 4689 1394 4761 August.
1423 4684 1524 4741 lib.
1551 4683 1622 4741 de
1661 4690 1897 4743 correct.

541 4774 597 4824 et
615 4768 819 4842 gratia,
837 4784 958 4841 cap.
976 4770 1038 4827 14
1065 4790 1079 4824 :
1102 4769 1214 4825 Deo
1234 4767 1439 4823 volente
1458 4767 1676 4823 salvum
1700 4768 1899 4839 facere,

548 4850 760 4905 nullum
784 4850 1090 4907 humanum
1127 4851 1333 4906 resistit
1371 4848 1687 4906 arbitrium.
1739 4850 1810 4903 Et
1836 4851 1901 4905 D.

358 4939 519 4982 urbo.
548 4930 751 4986 Thom.
787 4933 805 4986 1
859 4938 1011 5004 part.
1036 4938 1216 5005 quast.
1250 4933 1332 4999 19,
1363 4937 1472 4986 art.
1498 4931 1554 4997 6,
1595 4927 1903 4996 concludit,

554 5012 905 5069 voluntatem
954 5013 1054 5069 Dei
1103 5016 1561 5086 consequentem,
1610 5026 1709 5067 seu
1740 5009 1911 5069 abso-

1972 552 2090 609 lute
2130 550 2643 624 praediffinientem,
2699 568 2926 625 semper
2978 553 3232 625 impleri,
3277 557 3335 609 et

1973 648 2274 706 nunquam
2304 633 2575 691 frustrari
2605 649 2783 707 posse.

2014 711 2273 770 Accedit
2331 713 2479 771 hanc
2522 714 2955 787 praemotionem
3009 714 3329 787 physicam,

1972 809 2069 850 seu
2119 794 2403 851 auxilium
2449 795 2643 852 efficax
2689 795 2979 869 percipere
3032 796 3333 851 internum

1975 874 2289 947 imperium
2339 875 2458 944 Dei,
2500 874 2762 948 illudque
2791 876 3078 947 applicare
3109 879 3334 931 creatu-

1977 955 2058 1011 ris
2090 976 2103 1010 :
2144 953 2519 1027 quamobrem
2548 955 2692 1011 sicut
2724 954 3080 1027 impossibile
3105 960 3190 1011 est
3234 953 3334 1010 Dei

1977 1034 2317 1101 absolutam,
2344 1039 2400 1090 et
2419 1034 2700 1091 efficacem
2724 1037 3078 1091 voluntatem
3101 1034 3365 1090 frustra--

1980 1116 2030 1172 ri
2059 1139 2072 1182 ;
2103 1116 2183 1172 ita
2225 1120 2521 1190 repugnat,
2565 1115 2715 1188 quod
2737 1114 2808 1171 ad
2850 1115 3145 1189 physicam
3186 1130 3338 1187 prae·

1978 1196 2294 1253 motionem
2315 1196 2588 1268 operatio,
2620 1201 2677 1252 et
2696 1195 2925 1253 effectus
2947 1211 3064 1252 non
3090 1210 3338 1267 sequan-

1930 1273 2093 1333 'tur.
2114 1275 2279 1333 Unde
2301 1277 2494 1349 liquet,
2518 1276 2669 1349 quod
2693 1276 3013 1343 necessitas,
3032 1292 3144 1348 qua
3168 1277 3338 1341 Deus,

1980 1359 2271 1430 supposito
2296 1372 2571 1414 concursu
2601 1357 2835 1429 praevio,
2866 1356 3099 1413 exhibet
3134 1356 3341 1411 simul-

1983 1442 2236 1503 taneum,
2282 1453 2400 1494 non
2444 1442 2531 1493 est
2569 1436 2846 1502 absoluta,
2897 1441 2954 1493 et
3006 1434 3345 1496 antecedens

1986 1525 2238 1592 respectu
2261 1519 2376 1592 Dej,
2407 1518 2504 1576 sed
2532 1517 2847 1575 secundum
2874 1517 3031 1590 quid,
3063 1523 3118 1575 et
3144 1533 3342 1575 conse-

1983 1616 2163 1673 quens
2182 1598 2427 1656 liberam
2456 1601 2577 1673 ejus
2599 1597 3145 1656 determinationem
3165 1623 3180 1665 3
3207 1614 3342 1655 nam

1985 1680 2120 1752 quia
2148 1679 2308 1736 illius
2341 1681 2609 1737 voluntas
2636 1678 3037 1744 immutabilis,
3068 1684 3123 1734 et
3151 1678 3344 1735 omni-

1989 1764 2187 1833 potens
2219 1766 2322 1827 est,
2353 1758 2481 1817 fieri
2514 1776 2629 1817 non
2660 1762 2829 1826 valet,
2863 1759 3012 1831 quod
3040 1758 3219 1816 libere
3244 1758 3344 1814 de-

1987 1846 2183 1897 cernat
2211 1855 2561 1912 praemovere
2581 1839 2881 1896 efficaciter
2919 1843 3240 1896 creaturam
3277 1838 3345 1894 ad

1989 1920 2367 1993 operandum,
2398 1928 2453 1978 et
2493 1920 2644 1994 quod
2671 1919 2971 1977 subtrahat
3008 1936 3346 1977 concursum

1991 2002 2423 2068 simultaneum,
2470 2003 2562 2058 vel
2588 2002 2737 2076 quod
2777 2003 3033 2075 operatio
3064 2001 3347 2075 impedia-

1994 2091 2086 2143 tur
2113 2107 2125 2142 ε
2151 2086 2407 2158 alioquin
2432 2086 2522 2142 vel
2542 2086 2908 2158 omnipotens
2933 2101 3049 2141 non
3071 2088 3232 2150 esset,
3260 2084 3347 2140 vel

1993 2168 2103 2224 sibi
2130 2167 2569 2224 contradiceret.

2066 2247 2175 2304 Sed
2194 2247 2430 2320 opponit
2450 2249 2659 2304 Suarez
2686 2270 2700 2314 ;
2726 2262 2860 2304 nam
2884 2248 3016 2304 licet
3040 2246 3184 2303 facta
3216 2262 3354 2317 sup·
3393 2249 3551 2306 Obiec-

1997 2328 2295 2402 positione,
2356 2327 2505 2401 quod
2570 2332 2717 2385 Deus
2756 2327 3052 2385 efficaciter
3093 2324 3354 2383 intendat
3377 2305 3561 2394 5122&

1996 2410 2386 2484 operationem
2442 2415 2736 2476 creaturae,
2783 2414 3025 2482 nequeat
3061 2408 3348 2480 componi,

1996 2490 2146 2565 quod
2166 2492 2421 2563 operatio
2442 2507 2558 2548 non
2579 2496 2866 2563 sequatur,
2892 2507 2959 2548 eo
2978 2490 3127 2562 quod
3154 2489 3354 2546 divina

2000 2575 2267 2630 voluntas
2293 2572 2562 2629 frustrari
2592 2589 2710 2630 non
2736 2574 2927 2639 valet;
2972 2572 3358 2629 nihilominus

2000 2654 2165 2716 nulla
2186 2658 2421 2725 apparet
2448 2653 2820 2710 contradictio
2843 2653 2905 2708 in
2925 2668 3011 2718 ρο,
3043 2652 3191 2725 quod
3216 2655 3361 2708 Deus

2002 2733 2301 2806 imprimat
2320 2735 2656 2807 qualitatem
2681 2739 3126 2806 praemoventem
3153 2749 3268 2790 non
3288 2748 3361 2789 ex

2001 2814 2321 2871 intentione
2347 2813 2554 2871 efficaci
2577 2813 2929 2887 operationis
2954 2818 3247 2880 creaturae,
3263 2812 3362 2869 sed

2002 2897 2074 2955 ob
2096 2898 2239 2954 alios
2258 2895 2420 2963 fines,
2451 2903 2647 2969 utputa
2670 2896 2739 2953 ad
2761 2896 3178 2954 ostendendum
3200 2911 3366 2953 suam

2005 2978 2340 3053 potentiam,
2366 2982 2421 3034 et
2442 2976 2799 3035 libertatem:
2826 2994 2962 3034 nam
2987 2979 3049 3033 in
3071 2994 3136 3034 eo
3156 2983 3366 3034 eventu

2005 3076 2075 3117 ex
2102 3075 2187 3126 eo,
2218 3059 2368 3132 quod
2388 3065 2665 3116 creaturae
2687 3062 2942 3133 operatio
2964 3075 3081 3116 non
3107 3057 3363 3116 succede·

2008 3146 2109 3209 ret,
2152 3142 2400 3198 minime
2433 3140 2753 3198 inferretur
2793 3141 3056 3198 divinam
3098 3143 3369 3198 volunta-

2007 3230 2122 3280 tem
2154 3222 2457 3279 frustrari:
2481 3239 2617 3298 ergo
2644 3223 2907 3282 absolute·
2921 3239 3039 3281 non
3070 3228 3369 3297 repugnat,

2006 3303 2155 3376 quod
2195 3307 2342 3359 Deus
2382 3304 2682 3377 imprimat
2719 3310 2997 3363 creaturae
3044 3303 3374 3376 praemotio-

2011 3402 2143 3443 nem
2169 3385 2482 3460 physicam,
2514 3392 2570 3443 et
2588 3386 2739 3459 quod
2760 3403 2827 3444 ea
2857 3386 3039 3459 posita
3064 3382 3374 3459 suspenda-

2013 3475 2106 3525 tur
2133 3469 2389 3541 operatio
2413 3474 2711 3526 creaturae.

2087 3549 2480 3622 Respondetur
2521 3549 2783 3624 negando
2848 3551 3148 3623 majorem,
3227 3548 3363 3621 quia
3391 3567 3589 3623 nequou-

2017 3631 2315 3703 praemotio
2362 3630 2591 3704 physica
2620 3647 2693 3687 ex
2717 3647 2798 3697 se,
2843 3637 2899 3687 et
2925 3629 2995 3686 ab
3037 3630 3373 3692 intrinseco,
3446 3627 3535 3660 ⁸¹⁰·

2014 3718 2072 3771 et
2088 3712 2403 3774 secundum
2424 3728 2528 3768 sua
2547 3713 2876 3770 essentialia
2900 3711 3203 3785 praedicata
3225 3710 3377 3767 nihil

2018 3795 2176 3853 aliud
2204 3801 2305 3861 est,
2324 3811 2496 3867 quam
2520 3796 2880 3868 participatio
2899 3794 3087 3851 divini
3118 3793 3375 3866 imperii,

2017 3884 2075 3936 et
2100 3879 2386 3935 terminus
2426 3877 2794 3934 immediatus
2834 3878 3088 3935 influxus
3128 3877 3228 3934 Dei
3256 3874 3383 3933 effi-

2019 3962 2226 4018 caciter
2250 3960 2809 4033 praedeterminantis
2828 3967 3150 4017 creaturam
3168 3958 3239 4015 ad
3254 3974 3387 4031 ope-

2023 4040 2272 4098 randum
2301 4064 2314 4100 z
2347 4056 2451 4097 nec
2495 4039 2652 4096 aliud
2706 4041 2944 4097 nomine
2991 4039 3387 4114 praemotionis

2023 4121 2271 4196 physicae
2310 4120 2710 4195 intelligimus,
2774 4126 2879 4177 aut
2941 4119 3335 4196 significamus
3375 4139 3388 4175 ε

2023 4204 2288 4277 quocirca
2308 4203 2667 4276 impossibile
2686 4208 2788 4269 est,
2817 4205 2952 4277 poni
2977 4205 3041 4260 in
3065 4217 3263 4260 rerum
3288 4218 3393 4259 na-

2028 4289 2157 4340 tura
2180 4283 2472 4357 physicam
2496 4284 2954 4355 praemotionem,
2982 4284 3095 4341 nisi
3127 4298 3392 4355 praesup-

2029 4367 2211 4439 posito
2235 4381 2303 4422 eo
2348 4367 2446 4423 Dei
2488 4366 2753 4439 imperi0,
2785 4371 2841 4423 et
2867 4382 2932 4423 ea
2957 4366 3165 4423 efficaci
3192 4366 3397 4422 inten-

2030 4449 2188 4505 tione
2221 4468 2236 4504 ι
2278 4447 2362 4503 eis
2402 4452 2593 4503 autem
2645 4447 2971 4519 suppositiS,
3038 4445 3399 4519 impossibile

2030 4532 2117 4585 est
2146 4570 2160 4594 ,
2209 4526 2356 4600 quod
2388 4527 2684 4599 praemotio
2712 4542 2829 4583 non
2867 4527 3081 4583 inferat
3105 4524 3392 4590 effectum,

2033 4614 2096 4665 ut
2121 4608 2243 4681 ipse
2274 4607 2511 4662 Suarius
2537 4606 2791 4664 concedit
2823 4628 2836 4663 ε
2870 4607 3020 4664 unde
3065 4607 3399 4679 implicato-

2036 4689 2191 4745 rium
2218 4693 2320 4754 est,
2352 4686 2502 4760 quod
2530 4687 2601 4744 ad
2630 4690 3063 4761 praemotionem
3095 4685 3393 4762 physicam

2036 4768 2294 4841 operatio
2314 4782 2433 4823 non
2452 4773 2739 4839 sequatur.
2790 4767 3122 4825 Praesertim
3149 4783 3279 4825 cum
3305 4782 3405 4824 se-

2036 4850 2193 4906 clusa
2218 4862 2286 4905 ea
2311 4846 2519 4905 efficaci
2548 4848 2648 4905 Dei
2677 4848 3018 4916 intentione,
3046 4853 3102 4907 et
3127 4847 3404 4905 directio·

2040 4945 2131 4997 ne,
2155 4934 2212 4985 et
2234 4927 2414 5001 posita
2439 4927 2716 5000 qualitate
2738 4928 3129 5001 praemotionis
3157 4926 3410 5002 physicae

2041 5025 2159 5067 non
2195 5008 2499 5066 inferentis
2518 5007 2919 5085 ⁸infallibiliter
2945 5007 3227 5076 effectum,
3258 5009 3412 5064 Deus

3290 5104 3412 5147 non
