3647 5753
486 335 597 390 744
1441 320 1534 375 DE
1575 317 1898 387 INFLUXU
1955 313 2407 370 CHARITATIS.

278 525 344 569 Ad
364 525 460 571 ulti·
490 511 834 570 adveniente
852 506 1022 565 modo
1047 502 1346 564 charitatis
1369 500 1702 574 perfectiori
1728 497 1852 554 des·

304 587 423 621 '³³⁰¹’
490 594 705 652 truitur
727 591 840 662 (vel
866 587 1181 646 secundum
1208 599 1374 641 suam
1395 581 1706 638 essentiam
1731 594 1854 635 mo-

399 667 409 679 ’
487 675 698 740 dalem,
730 672 819 728 vel
872 671 1076 726 saltem
1112 663 1298 740 quoad
1335 662 1744 720 formalitatem
1758 674 1853 715 ex·

488 753 789 824 tensionis)
808 748 1012 806 modus
1032 747 1228 804 minus
1252 743 1531 817 perfectus
1553 785 1567 809 ,
1590 755 1661 799 eo
1701 737 1852 812 quod

487 832 767 908 quidquid
814 826 1183 904 perfectionis
1235 824 1298 880 in
1346 825 1455 882 isto
1492 827 1597 889 est,
1644 821 1708 878 in
1749 820 1853 875 illo

484 916 817 973 eminenter
844 910 1203 970 continetur;
1227 910 1283 963 et
1302 905 1384 961 ita
1409 902 1855 978 superveniente

489 998 614 1063 illo,
663 995 770 1050 iste
813 990 1135 1064 superfluit.
1171 986 1495 1044 Destruitur
1541 988 1734 1042 autem
1760 981 1854 1038 vel

492 1095 595 1154 per
623 1075 883 1134 accidens
909 1073 979 1131 ad
1025 1069 1472 1129 destructionem
1508 1066 1747 1141 subjecti
1789 1065 1856 1120 in

489 1176 602 1233 quo
625 1164 730 1221 est;
755 1156 893 1230 quia
915 1156 1061 1212 forte
1088 1167 1207 1210 non
1235 1154 1498 1207 remanet
1523 1149 1677 1206 idem
1700 1151 1857 1203 actus

493 1255 759 1305 numero,
793 1236 1015 1310 quoties
1065 1232 1270 1290 modus
1318 1230 1618 1290 charitatis
1649 1234 1857 1286 exten-

490 1323 615 1379 sive
642 1317 907 1376 variatur
934 1336 948 1370 z
974 1314 1065 1371 vel
1101 1311 1416 1369 destruitur
1456 1314 1733 1382 tanquam
1754 1323 1857 1362 su-

493 1404 764 1478 perssuus,
804 1398 953 1455 sicut
982 1395 1185 1453 modus
1231 1393 1601 1451 radicationis
1627 1410 1678 1447 v.
1710 1407 1764 1465 g.
1792 1394 1860 1445 ut

488 1491 752 1560 quatuor,
785 1478 1104 1536 destruitur
1128 1474 1473 1532 adveniente
1501 1471 1673 1530 modo
1694 1470 1858 1527 radi-

491 1565 734 1623 cationis
758 1566 820 1618 ut
844 1559 1120 1633 quinque,
1148 1570 1215 1612 eo
1240 1554 1389 1628 quod
1411 1560 1622 1611 natura
1661 1552 1860 1608 horret

490 1644 794 1720 superflua,
814 1645 871 1699 et
896 1639 996 1696 ubi
1020 1637 1267 1693 influere
1288 1635 1493 1708 incipit
1519 1633 1584 1689 in
1606 1631 1857 1688 formam

495 1726 915 1800 perfectiorem,
940 1722 1118 1777 cessat
1146 1716 1218 1773 ab
1255 1716 1483 1772 inssuxu
1506 1714 1704 1770 minus
1724 1727 1850 1785 per-

494 1806 673 1873 fectae,
697 1803 920 1877 quoties
951 1802 1069 1857 haec
1094 1796 1426 1855 eminenter
1453 1796 1518 1851 in
1540 1794 1644 1850 illa
1672 1791 1861 1849 conti-

496 1892 687 1944 netur.
720 1885 779 1940 Si
820 1889 1018 1939 tamen
1058 1877 1402 1935 adveniente
1447 1891 1563 1932 uno
1590 1890 1663 1931 ex
1706 1888 1861 1945 prae-

495 1967 663 2024 dictis
709 1962 918 2028 modis,
971 1965 1070 2015 aut
1108 1958 1317 2033 majori
1344 1958 1466 2032 ejus
1492 1953 1847 2020 extensione,

496 2048 666 2114 alius,
694 2045 785 2102 vel
808 2043 925 2100 alia
949 2040 1209 2099 extensio
1243 2038 1439 2095 minor
1468 2038 1855 2110 permaneret,

496 2132 680 2203 posset
696 2126 869 2182 simul
893 2123 1214 2182 informare
1233 2118 1485 2176 eundem
1505 2122 1711 2176 actum;
1725 2115 1861 2187 quia

444 2249 448 2253 Α
497 2224 614 2266 non
635 2208 757 2264 solo
780 2219 1025 2261 numero
1064 2200 1362 2265 differunt,
1390 2195 1490 2254 sed
1520 2193 1708 2268 specie
1730 2209 1858 2250 mo-

497 2289 636 2359 dali,
659 2294 715 2347 et
743 2285 1058 2344 accidentia
1083 2284 1166 2340 sic
1192 2281 1462 2338 distincta
1484 2279 1723 2351 possunt
1740 2290 1864 2331 esse

498 2371 676 2428 simul
697 2370 764 2426 in
789 2366 991 2426 eodem
1020 2366 1288 2439 subjecto.

292 2485 490 2530 Aliures-
576 2458 669 2512 51.
713 2454 969 2526 Denique
998 2450 1066 2508 ad
1096 2449 1427 2522 praedictam
1465 2442 1865 2503 confirmatio-

293 2536 468 2628 28⁰2&
506 2551 641 2592 nem
685 2533 1024 2607 principalis
1069 2529 1405 2604 objectionis
1453 2531 1638 2599 posset
1692 2523 1866 2582 tertio

291 2616 842 2713 332237·vd12*”2ffl“n¹·qgss⁴
782 2613 917 2694 ·5m¹<
923 2610 1341 2706 sfflderi,
1354 2613 1580 2702 quoties
1601 2609 1861 2698 augetur,

322 2721 434 2755 nem.
487 2730 545 2782 et
571 2738 690 2780 non
720 2735 822 2792 per
853 2715 1263 2779 intensionem,
1297 2710 1522 2766 bonitas
1550 2701 1867 2762 acmffikffl:

493 2803 677 2879 perati
702 2817 735 2857 a
757 2798 1055 2861 charitate,
1076 2792 1274 2867 augeri
1294 2791 1471 2847 etiam
1486 2786 1847 2849 charitatem,

493 2888 587 2945 vel
608 2882 844 2942 modum
866 2880 1008 2954 ejus,
1046 2890 1164 2932 non
1205 2867 1579 2947 physice,.sed
1609 2865 1853 2923 morali-

421 3039 425 3043 ⁸
493 2976 603 3038 ter,
633 2972 914 3041 quatenus
933 2960 1132 3019 eadem
1156 2957 1345 3013 forma
1365 2951 1664 3011 charitatis
1686 2964 1856 3022 praes-

493 3049 732 3108 tantiori
763 3045 912 3103 actui
940 3041 1222 3115 applicata
1253 3035 1442 3093 reddit
1468 3035 1639 3090 illum
1666 3032 1853 3106 magis

493 3128 918 3192 aestimabilem,
948 3137 1123 3196 quam
1165 3117 1438 3188 redderet
1476 3116 1673 3171 minus
1719 3128 1854 3185 per-

498 3214 705 3270 fectum
727 3234 742 3277 ;
767 3208 905 3283 quia
933 3220 1037 3278 pro
1063 3201 1294 3259 diversa
1328 3196 1581 3254 bonitate
1600 3201 1850 3263 actuum,

495 3295 704 3371 quibus
743 3292 1066 3366 applicatur
1107 3287 1225 3342 haec
1268 3281 1476 3348 forma,
1522 3280 1646 3352 ipsa
1678 3278 1856 3335 etiam

498 3377 816 3436 aestimatur
882 3369 1086 3443 magis,
1131 3367 1224 3424 vel
1277 3365 1488 3429 minus,
1540 3360 1750 3433 absque
1788 3372 1858 3414 eo

499 3458 648 3534 quod
676 3457 785 3512 sibi
835 3450 1054 3525 aliquid
1083 3448 1385 3522 physicum
1412 3441 1850 3517 superaddatur.

500 3536 995 3608 Quemadmodum
1044 3531 1235 3606 regius
1279 3527 1526 3602 sigillus„
1580 3541 1692 3598 quo
1725 3538 1857 3580 mo-

501 3629 648 3680 netae
687 3619 1041 3694 sigillantur,
1075 3628 1179 3685 pro
1218 3608 1554 3667 diversitate
1593 3602 1857 3662 materiae

498 3706 589 3763 cui
613 3701 996 3776 imprimitur,
1024 3693 1213 3752 reddit
1232 3706 1362 3749 eam
1383 3690 1586 3764 magis,
1615 3692 1711 3745 aut
1738 3685 1858 3741 mi-

499 3804 609 3844 nus
630 3780 1031 3840 aestimabilem
1061 3797 1074 3831 :
1100 3771 1252 3830 unde
1278 3770 1594 3845 applicatus
1622 3770 1859 3843 argento

496 3866 792 3926 constituit
837 3857 1142 3936 pecuniam
1184 3854 1423 3929 majoris
1464 3850 1653 3925 pretii,
1685 3863 1859 3922 quam

497 3949 547 4006 si
576 3948 964 4021 applicaretur
985 3938 1122 4004 aeri3
1151 3941 1208 3992 et
1227 3935 1543 4006 applicatus
1572 3946 1713 3987 auro
1740 3943 1861 3985 ma-

493 4030 641 4107 joris
669 4027 869 4090 adhuc,
895 4034 1068 4095 quam
1097 4018 1146 4072 si
1171 4020 1406 4090 argento
1435 4012 1821 4086 applicaretur
1844 4032 1859 4077 ς

500 4130 631 4172 cum
654 4118 850 4168 tamen
873 4103 1098 4180 sigillus
1127 4099 1357 4173 physice
1385 4093 1670 4169 loquendo
1702 4108 1853 4150 sem-

504 4213 604 4271 per
625 4195 701 4251 sit
722 4190 895 4247 idem.
918 4184 1178 4241 Charitas
1197 4194 1331 4253 ergo
1354 4180 1605 4249 respectu
1631 4179 1862 4231 actuum

506 4280 759 4337 aliarum
807 4270 1091 4327 virtutum
1137 4268 1223 4320 est
1278 4260 1456 4318 veluti
1506 4258 1697 4334 regius
1760 4256 1863 4313 Dei

506 4360 753 4436 sigilluS,
786 4369 887 4426 per
913 4349 1072 4423 cujus
1118 4342 1616 4407 informationem,
1648 4344 1703 4396 et
1747 4339 1866 4394 im-

510 4443 867 4519 pressionem
904 4436 1063 4489 actus
1090 4426 1346 4501 praedicti
1378 4427 1492 4482 Deo
1533 4427 1861 4499 signantur,

506 4542 605 4583 seu
628 4520 993 4595 sigillantur;
1029 4511 1220 4583 sicque
1249 4523 1354 4580 pro
1375 4504 1710 4562 diversitate
1737 4518 1869 4559 ma-

506 4604 686 4669 terias,
717 4600 808 4657 cui
844 4593 1226 4669 imprimitur,
1261 4588 1565 4645 diversave
1611 4585 1870 4642 bonitate

508 4694 759 4752 actuum,
777 4697 917 4757 quos
941 4677 1237 4741 informat,
1259 4672 1596 4729 distinctum
1615 4668 1867 4742 pretium

509 4774 642 4832 vitae
661 4771 910 4831 aeternae,
930 4760 1336 4830 diversumque
1358 4752 1635 4825 meritum
1660 4747 1871 4806 consti-

508 4857 641 4921 tuit,
667 4850 874 4925 majus.
896 4844 992 4902 vel
1018 4841 1234 4906 minus,
1261 4837 1425 4911 juxta
1446 4834 1729 4913 majores,
1750 4828 1870 4911 *vel

512 4938 807 4997 minorem
857 4926 1174 4987 bonitatem
1230 4917 1547 4978 eorundem
1616 4920 1866 4982 actuum,

1980 491 2209 549 etiamsi
2231 490 2500 556 charitas,
2520 487 2754 563 physice
2776 478 3096 558 loquendo,
3115 471 3353 533 omnino

1981 576 2182 634 eadem
2203 576 2298 631 sit.

2057 662 2336 716 Caeterum
2383 658 2506 714 haec
2551 655 2721 712 tertia
2746 652 2964 711 solutio
2995 644 3117 705 nisi
3147 640 3220 699 ad
3244 636 3318 695 ali
3342 651 3505 712 -qmuta

1982 755 2155 814 quam
2182 755 2254 796 ex
2278 738 2499 795 duabus
2540 735 2832 810 prioribus
2860 731 3197 791 reducatur,
3239 735 3348 777 non
3381 705 3496 799 {e‘ffi’

1983 820 2225 879 omnino
2255 820 2463 892 poterit
2485 817 2779 882 sustineri,
2809 815 2945 888 quia
2974 807 3347 882 augmentum

1987 905 2092 960 hoc
2117 904 2337 960 morale
2363 900 2663 958 charitatis
2687 898 2848 955 debet
2875 891 3122 952 fundari
3153 887 3217 944 in
3244 882 3347 940 ali-

1985 1002 2097 1060 quo
2141 985 2390 1059 physico,
2439 983 2562 1039 sive
2602 980 2750 1038 illud
2798 981 2874 1035 sit
2913 973 3190 1036 formale,
3233 966 3349 1022 sive

1987 1069 2255 1125 virtuale.
2304 1069 2497 1139 Neque
2534 1060 2620 1122 est
2655 1063 2899 1122 omnino
2937 1056 3149 1115 simile
3175 1051 3245 1108 de
3267 1049 3348 1104 si-

1986 1151 2147 1225 gillo,
2165 1150 2304 1223 quia
2329 1149 2557 1222 sigillus
2588 1163 2704 1204 non
2726 1146 2823 1202 dat
2848 1143 3242 1202 intrinsecum
3263 1147 3351 1189 va-

1988 1234 2172 1291 lorem
2202 1233 2472 1305 pecuniae,
2504 1229 2602 1287 sed
2630 1230 2724 1285 hic
2753 1229 2919 1284 valor
2945 1229 3058 1297 (ut
3095 1230 3348 1278 commu-

1989 1316 2123 1371 nior
2158 1313 2356 1386 opinio
2397 1313 2549 1383 sert)
2589 1311 2757 1369 debet
2794 1311 2856 1365 in
2908 1303 3181 1368 materia,
3229 1311 3345 1371 qum

1989 1396 2294 1470 sigillatur,
2327 1394 2694 1467 praesupponi
2716 1415 2731 1460 ;
2751 1396 2808 1448 et
2833 1391 2882 1445 si
2912 1402 3031 1445 non
3061 1395 3345 1457 suppona-

1990 1482 2104 1542 tur,
2135 1475 2300 1532 valor
2318 1474 2501 1547 sigilli
2525 1478 2752 1529 tantum
2775 1475 2861 1527 est
2880 1470 3047 1525 valor
3074 1462 3345 1521 extrinse-

1990 1572 2104 1624 cus,
2148 1558 2245 1629 qui
2271 1555 2526 1611 sufficere
2553 1559 2734 1627 potest
2752 1551 2832 1626 *ad
2862 1550 3116 1624 pretium
3158 1544 3337 1606 civile,

1990 1639 2163 1711 quale
2184 1643 2270 1695 est
2298 1635 2565 1710 pecunia;
2591 1634 2831 1692 sednon
2853 1630 2923 1688 ad
2963 1630 3263 1691 meritum,
3286 1626 3342 1677 ut

1991 1726 2283 1778 ostensum
2305 1726 2391 1777 est
2414 1721 2556 1791 disp.
2576 1718 2801 1791 praemi.
2825 1715 2961 1771 dub.
3003 1716 3048 1779 1,
3075 1732 3131 1768 n.
3163 1712 3217 1776 2,
3251 1705 3339 1763 ubi

1995 1801 2371 1875 probavimus
2386 1801 2646 1857 valorem
2670 1798 3040 1855 meritorium
3057 1807 3173 1849 non
3190 1801 3337 1863 posse

1993 1884 2190 1957 augeri
2215 1898 2318 1955 per
2344 1880 2575 1954 aliquod
2603 1879 2844 1937 omnino
2865 1875 3269 1934 extrinsecum.

2067 1964 2226 2022 Adde
2269 1964 2421 2038 quod
2449 1980 2552 2020 nec
2592 1962 2758 2019 valor
2798 1959 3153 2018 extrinsecus
3180 1965 3336 2026 pecu-

1995 2046 2108 2102 niae
2149 2046 2415 2119 provenit
2464 2043 2790 2101 formaliter
2843 2058 2876 2097 a
2927 2037 3138 2112 sigillo,
3180 2032 3272 2090 sed
3308 2047 3339 2086 a

1994 2128 2191 2194 verb0,
2223 2133 2280 2184 et
2305 2127 2689 2200 promissione
2732 2123 2901 2197 regis,
2934 2120 3093 2194 cujus
3132 2119 3266 2183 1000,
3286 2119 3336 2170 et

1995 2215 2059 2265 ut
2096 2210 2328 2285 signum
2370 2210 2532 2265 illius
2578 2205 2941 2279 imprimitur
2999 2199 3235 2274 sigillus,
3282 2199 3337 2249 ut

1995 2299 2290 2351 ostensum
2316 2298 2402 2349 est
2427 2293 2551 2348 loco
2571 2289 2759 2346 citato.
2790 2287 2849 2342 Si
2878 2291 3075 2341 tamen
3096 2283 3205 2338 haec
3229 2284 3335 2335 ter-

1997 2375 2078 2432 tia
2102 2376 2314 2432 solutio
2343 2373 2414 2431 ad
2436 2372 2688 2446 aliquam
2710 2385 2782 2426 ex
2810 2365 3107 2439 prioribus
3129 2361 3335 2419 reduca-

1998 2464 2108 2524 tur,
2127 2462 2185 2513 et
2205 2472 2324 2514 non
2346 2454 2657 2513 excludata
2677 2450 2956 2508 charitate
2980 2447 3331 2521 augmentum

2000 2537 2319 2612 physicum,
2351 2537 2555 2593 saltem
2605 2532 2870 2597 virtuale,
2908 2525 3175 2586 coincidit
3214 2536 3330 2579 cum

2001 2620 2212 2692 prima,
2237 2623 2294 2675 et
2319 2619 2433 2676 erit
2458 2618 2642 2692 major
2669 2614 2830 2670 illius
2854 2608 3172 2684 explicatiO.

2069 2978 2200 3036 Duas
2220 2977 2472 3051 oppositas
2494 2976 2769 3030 sementi&

2915 2970 2979 3009 ra
2998 2950 3262 3024 duplicem

2345 3065 2595 3114 nostram
2620 3057 2853 3111 assertio
3084 3036 3102 3062 ‘

2063 3209 2156 3265 52.
2211 3209 2425 3265 Contra
2471 3204 2758 3278 duplicem
2790 3206 3060 3259 nostram
3083 3173 3332 3267 {1350‘550‘
3364 3179 3500 3274 5¹35.

1990 3304 2126 3346 nem
2150 3289 2276 3345 duae
2295 3292 2432 3344 sunt
2470 3285 2742 3359 oppositae
2782 3282 3036 3339 sententi
3097 3305 3110 3319 ·
3145 3261 3328 3314 ana
3352 3281 3505 3373 “afflg-

1992 3373 2199 3429 asserit
2217 3376 2418 3428 contra
2440 3370 2714 3440 priorem,
2736 3366 3025 3422 rationem
3113 3339 3332 3432 ΠΠΞΙῙΘΨ
3485 3356 3496 3366 ’

1991 3451 2330 3527 augescendi
2391 3450 2666 3507 meritum
2734 3447 2796 3503 in
2849 3446 3064 3503 nostris
3178 3420 3337 3483 Ubus·

1990 3534 2167 3591 etiam
2198 3536 2450 3605 respectu
2478 3529 2707 3604 praemii
2728 3528 3072 3599 essentialis,
3093 3440 3350 3662 {³³9⁵ae

1990 3616 2175 3671 solam
2203 3613 2566 3677 charitatem,
2595 3617 2691 3668 aut
2711 3612 2833 3686 ejus
2854 3609 3111 3666 informa
3174 3596 3348 3645 Onem·

1992 3693 2092 3752 sed
2137 3695 2314 3751 etiam
2362 3694 2644 3750 moralem
2686 3692 3001 3748 bonitatem
3027 3688 3115 3762 cuj
3179 3679 3350 3724 fflum‘

1992 3795 2103 3852 que
2130 3777 2386 3843 virtutis,
2412 3779 2616 3835 saltem
2655 3773 3112 3848 supernaturalis
3207 3755 3356 3821 fitque

1994 3862 2124 3920 ideo
2143 3862 2294 3935 quod
2333 3862 2379 3916 si
2428 3862 2607 3918 semel
2646 3861 2764 3916 haec
2791 3857 3015 3915 bonitas
3055 3871 3127 3911 au
3245 3839 3344 3894 ²⁰¹¹

1994 3943 2227 4001 etiamsi
2251 3943 2415 3999 nullo
2456 3941 2626 3999 modo
2664 3943 2878 3998 crescat
2898 3935 3163 3998 charitas,
3243 3910 3349 4004 (ξω

1996 4024 2197 4098 augeri
2223 4039 2400 4096 supra
2428 4023 2643 4080 dictum
2675 4022 2969 4078 meritum.
2997 4018 3210 4073 Senten
3269 4004 3346 4047 ω
3593 3990 3598 4027 ⁴

1998 4108 2147 4163 hanc
2166 4110 2404 4162 tuentur
2425 4106 2708 4161 Authores
2749 4103 2859 4170 illi,
2885 4099 2982 4173 qui
3011 4103 3166 4154 actus

1999 4207 2130 4247 rum
2158 4190 2442 4246 virtutum
2471 4187 2670 4243 dicunt
2698 4200 2858 4259 posse
2883 4197 3004 4241 esse
3025 4179 3237 4237 merito

1999 4269 2459 4344 independenter
2505 4268 2576 4325 ab
2631 4267 2896 4341 imperi0,
2955 4269 3012 4321 et
3077 4262 3246 4320 relati

1999 4351 2318 4417 charitatis,
2344 4365 2483 4423 quos
2503 4350 2629 4406 dub.
2664 4348 2894 4419 l,hujus
2914 4345 3056 4418 disp.
3081 4359 3238 4399 num.
3273 4344 3374 4409 18,

2002 4435 2330 4495 retulimus.
2383 4435 2600 4490 Eorum
2638 4427 2937 4503 potissima
2981 4424 3377 4483 fundamenta

2001 4517 2240 4575 adducta
2262 4513 2478 4572 ibidem
2499 4517 2654 4580 sunt,
2678 4515 2734 4567 et
2760 4509 2964 4567 soluta.
2990 4505 3142 4562 Addi
3167 4511 3377 4562 tamen
3425 4538 3585 4591 Am,

2002 4602 2187 4659 adhuc
2214 4603 2395 4673 potest
2421 4593 2796 4670 prim0‚.quia
2845 4589 2992 4647 illud
3042 4586 3378 4646 formaliter
3393 4593 3585 4632 mentm

2004 4688 2172 4758 auget
2196 4680 2475 4737 meritum
2504 4677 2568 4733 in
2594 4674 2809 4732 nostris
2830 4669 3065 4740 actibus,
3092 4666 3244 4744 quod
3270 4682 3378 4723 au-

2003 4772 2096 4841 get
2120 4779 2324 4821 eorum
2357 4759 2697 4836 dignitatem
2718 4761 2774 4814 et
2793 4755 3053 4812 valorem
3087 4772 3102 4808 e
3128 4748 3228 4807 sed
3248 4748 3377 4805 haec

2006 4851 2173 4923 auget
2187 4861 2307 4903 non
2327 4848 2553 4901 tantum
2577 4839 2761 4914 major
2781 4835 3051 4904 charitas,
3072 4831 3172 4892 sed
3192 4831 3376 4891 etiam

2007 4925 2283 5003 quaelibet
2307 4923 2494 4998 major
2541 4921 2766 4979 bonitas
2791 4914 3065 4982 moralis;
3114 4927 3182 4971 eo
3205 4900 3374 4973 ‘enim

3138 4980 3584 5121 digni&
