3647 5753
1445 414 1622 470 mse.
1667 415 1737 481 11,
1779 414 1944 470 DUB.
1996 416 2057 471 v.
3042 417 3143 469 421

288 592 321 659 ξ
347 592 407 656 7,
443 587 542 644 ubi
586 588 757 643 latius
800 587 946 642 hanc
982 584 1308 643 doctrinam
1349 585 1660 642 confirma-

292 669 513 724 vimus,

378 751 509 804 176.
532 748 639 806 Sed
667 746 896 822 objicies
923 764 1052 804 cum
1075 749 1308 821 Gregor.
1338 747 1573 804 Martin.
1599 749 1659 802 in

286 832 546 904 prm-enti
558 837 670 885 art.
686 831 740 891 2,
756 829 885 885 dub.
904 830 1026 895 3,in
1046 830 1273 902 resp.ad
1293 830 1347 896 6,
1362 828 1510 902 quod
1529 844 1659 902 pec-

289 916 484 966 catum
502 909 785 983 originale
810 925 925 965 non
952 909 1315 964 contrahitur
1341 925 1410 964 ex
1433 909 1660 964 vierea·

290 990 491 1056 tioniS,
519 992 607 1047 vel
639 1006 709 1045 ex
737 989 796 1045 vi
821 989 1079 1054 actionis,
1111 1003 1236 1061 quae
1261 993 1488 1044 tantum
1517 994 1600 1045 est
1625 1006 1659 1046 a

291 1074 428 1139 Dee,
455 1072 554 1129 sed
583 1089 652 1129 ex
683 1073 740 1128 vi
768 1072 1156 1146 generationis
1184 1072 1486 1136 naturaliS,
1531 1087 1658 1128 me-

290 1153 389 1210 dia
429 1168 544 1225 qua
571 1152 824 1209 Adamus
865 1158 977 1208 tam
1011 1157 1299 1217 naturam,
1325 1168 1498 1224 quam
1528 1168 1658 1225 pec-

290 1239 487 1289 catum
517 1239 739 1290 naturae
768 1231 1098 1299 transfudit,
1128 1236 1187 1287 ut
1207 1248 1473 1305 expresse
1499 1231 1660 1289 docet

89 1305 257 1348 ⁰·T¹¹⁰·
292 1316 358 1370 D.
411 1315 616 1371 Thom.
668 1330 843 1386 supra
888 1320 1069 1390 φησει.
1103 1315 1194 1378 83,
1237 1320 1347 1369 art.
1401 1315 1421 1368 1
1473 1314 1549 1368 ad
1597 1315 1651 1370 4.

291 1394 461 1451 Unde
501 1395 548 1451 si
598 1396 805 1467 aliquis
833 1395 1173 1451 miraculose
1201 1394 1549 1451 formaretur
1586 1411 1658 1451 ex

292 1493 469 1534 carne
518 1477 741 1540 Adami,
791 1482 847 1534 et
895 1494 1010 1533 non
1058 1474 1249 1532 media
1287 1477 1658 1552 generatione

81 747 279 801 objectio.

97 797 261 841 Martia.

295 1560 568 1626 naturali,
624 1560 875 1615 minime
935 1558 1303 1614 contraheret
1368 1563 1657 1630 peccatum

294 1640 597 1713 originale,
631 1646 692 1695 ut
732 1639 906 1695 tradit
953 1638 1104 1697 idem
1146 1641 1202 1695 S.
1229 1643 1430 1696 Doctor
1471 1646 1652 1718 quaest.

294 1719 386 1785 81,
417 1728 526 1777 art.
553 1724 607 1776 4.
640 1722 811 1793 Atqui
844 1720 1206 1793 reproductio
1242 1721 1500 1777 hominis
1540 1737 1658 1777 non

296 1805 379 1857 est
402 1803 696 1874 generatio
725 1802 1030 1869 naturalis,
1057 1817 1159 1857 nec
1185 1798 1248 1854 fit
1270 1801 1536 1870 mediate,
1562 1806 1660 1857 aut

300 1880 633 1939 immediate
672 1881 742 1938 ab
769 1872 1010 1948 Adamo,
1041 1881 1139 1938 sed
1184 1882 1349 1938 unice
1372 1886 1596 1937 tantum
1627 1898 1660 1939 a

299 1964 414 2019 Deo
440 1984 452 2019 :
480 1978 615 2037 ergo
643 1964 815 2019 homo
855 1961 1224 2035 reproductus
1246 1963 1495 2020 minime
1518 1979 1660 2020 con-

299 2046 547 2102 traheret
573 2050 856 2118 peccatum
886 2045 1186 2119 originale.

376 2128 503 2183 Haec
531 2132 721 2182 tamen
749 2125 987 2200 objectio
1009 2143 1078 2183 ex
1113 2126 1281 2182 dictis
1303 2131 1499 2182 manet
1520 2142 1660 2182 con-

302 2209 462 2264 vulsa
479 2233 494 2277 ;
521 2209 766 2265 libenter
781 2209 938 2265 enim
955 2209 1338 2271 concedimus,
1361 2208 1659 2264 hominem

304 2288 394 2343 vel
422 2289 609 2360 primo
631 2288 986 2361 productum,
1014 2291 1107 2347 vel
1133 2289 1534 2362 reproductum
1559 2305 1659 2361 per

304 2369 584 2426 actionem
614 2371 1037 2434 miraculosam,
1069 2371 1168 2444 qui
1212 2371 1374 2444 prius
1401 2387 1519 2427 non
1553 2371 1659 2426 ha-

303 2448 506 2506 buerat
541 2456 826 2523 peccatum
867 2453 1168 2526 originale,
1220 2452 1366 2508 illud
1414 2452 1661 2507 minime

304 2536 727 2587 contracturum
758 2533 895 2588 fore.
939 2533 1095 2597 Quod
1132 2539 1357 2590 tantum
1385 2532 1660 2589 evincunt

305 2611 640 2668 testimonia
667 2615 729 2669 D.
765 2613 964 2669 Thom.
1002 2617 1057 2670 et
1085 2615 1233 2671 ratio
1258 2614 1381 2670 illis
1409 2614 1626 2670 inserta
1640 2637 1655 2681 ;

307 2707 442 2750 nam
498 2697 715 2764 pactum
768 2709 894 2749 cum
939 2693 1159 2751 Adamo
1209 2695 1423 2750 initum
1468 2695 1658 2750 solum

309 2773 570 2846 respexit,
600 2778 655 2829 et
697 2773 1130 2847 comprehendit
1166 2792 1280 2841 eos,
1314 2776 1412 2848 qui
1441 2774 1512 2832 ab
1536 2775 1659 2848 ipso

305 2871 405 2929 per
429 2857 857 2930 generationem
902 2858 1197 2915 carnalem
1227 2856 1653 2916 descenderent.

303 2941 578 2995 Caeterum
642 2955 712 2996 ex
764 2941 1174 3012 suppositione,
1219 2940 1369 3014 quod
1414 2941 1542 3014 quis
1589 2939 1660 2996 ab

304 3018 522 3076 Adamo
562 3018 828 3092 praedicto
859 3019 1028 3078 modo
1055 3020 1428 3087 descenderit,
1454 3026 1511 3078 et
1538 3021 1660 3077 ori-

301 3099 491 3173 giuale
511 3106 798 3172 peccatum
829 3103 891 3158 in
928 3118 988 3158 se
1014 3104 1383 3168 contraxerit,
1415 3107 1471 3160 et
1496 3102 1567 3158 ab
1592 3118 1660 3159 eo

306 3195 406 3252 per
447 3181 691 3253 gratiam
734 3182 1044 3238 mundatus
1072 3200 1189 3240 non
1232 3184 1429 3249 fuerit,
1473 3198 1660 3257 quan-

300 3278 471 3334 quam
500 3269 689 3335 postea
717 3265 1098 3330 annihiletur,
1129 3271 1186 3321 et
1226 3266 1654 3339 reproducatur,

298 3341 564 3413 praedicto
578 3342 1118 3414 peccatoinficietur,
1140 3345 1252 3400 nisi
1271 3346 1333 3401 in
1352 3345 1662 3419 reproduc-

293 3422 447 3479 tione
474 3424 724 3498 gratiam
756 3422 1011 3496 recipiat.
1040 3425 1325 3489 Quoniam
1353 3426 1536 3483 adhuc
1566 3443 1660 3483 ac-

296 3509 382 3558 tus
406 3504 616 3560 Adami
659 3505 721 3559 in
742 3511 1022 3576 quantum
1052 3505 1161 3560 fuit
1188 3513 1476 3579 peccatum
1501 3513 1661 3562 natu-

296 3601 389 3651 rae,
443 3578 642 3643 manet
682 3586 1076 3643 irretractatus
1127 3587 1187 3644 in
1230 3588 1661 3646 abominatione

293 3665 515 3735 divina,
549 3672 608 3724 et
646 3671 729 3723 est
771 3667 1253 3741 impedimentum
1293 3670 1662 3745 inconjungi-

295 3747 409 3807 bile
434 3766 568 3807 cum
590 3749 775 3823 gratia
801 3748 1210 3818 sanctificante,
1230 3757 1286 3808 et
1306 3769 1661 3825 consequen-

295 3832 381 3884 ter
434 3828 625 3886 reddit
675 3829 1066 3886 voluntariam
1110 3832 1428 3887 carentiam
1476 3833 1654 3890 illius.

295 3911 414 3973 Quo
448 3909 603 3967 nihil
645 3910 894 3982 amplius
919 3911 1253 3983 requiritur,
1288 3918 1349 3968 ut
1396 3914 1662 3986 praedicta

298 3995 548 4064 privatio
594 3991 799 4048 habeat
842 3992 1126 4049 rationem
1160 3996 1506 4066 privationis
1533 4012 1662 4053 mo-

300 4075 455 4140 raliS,
480 4079 538 4130 et
556 4070 776 4128 inficiat
797 4072 1094 4129 hominem
1117 4074 1390 4148 originali
1415 4082 1658 4149 peccato,

297 4158 354 4213 Si
377 4162 571 4213 autem
600 4154 878 4226 inquiraS,
906 4155 1064 4212 auin
1092 4173 1219 4213 casu
1242 4157 1662 4230 objectionis,et

300 4235 630 4311 argumenti
673 4241 959 4308 peccatum
1001 4237 1064 4292 in
1095 4238 1527 4311 reproductione
1568 4255 1662 4296 re·-

297 4321 518 4375 sultans
565 4318 642 4373 sit
688 4317 841 4374 idem
893 4335 1137 4376 numero
1188 4337 1318 4377 cum
1371 4337 1456 4387 ee,
1511 4320 1662 4394 quod

297 4400 470 4457 homo
522 4396 769 4455 habebat
815 4404 948 4455 ante
1012 4401 1514 4470 annihilationem,
1570 4402 1662 4458 vel

297 4480 690 4556 distinguatur
720 4481 1015 4538 numerice
1062 4482 1132 4538 ab
1163 4483 1303 4548 illo?
1330 4482 1664 4556 Responde-

101 2134 288 2179 Diluitur.

298 4568 410 4632 tur,
440 4579 571 4621 esse
598 4560 752 4620 idem
797 4579 1060 4631 numero,
1105 4566 1309 4621 saltem
1338 4566 1658 4632 moraliter,

295 4660 424 4700 cum
449 4648 675 4718 peccato
704 4643 1091 4703 antecedenti:
1121 4646 1396 4718 quoniam
1425 4646 1665 4703 moralis

298 4722 574 4781 identitas
603 4723 809 4797 peccati
847 4723 1158 4781 habitualis
1187 4741 1303 4782 nou
1344 4725 1664 4783 desumitur

295 4820 366 4863 ex
386 4809 669 4880 tempore,
697 4807 788 4862 vel
812 4806 945 4862 aliis
972 4807 1398 4864 circunstantiis
1413 4808 1667 4865 acciden-

299 4885 531 4953 talibus,
565 4885 675 4942 sub
700 4884 909 4959 quibus
937 4888 1172 4958 ponitur
1193 4912 1207 4955 ;
1231 4886 1330 4944 sed
1374 4889 1666 4963 regulatur

301 4980 401 5037 per
441 4963 846 5023 habitudinem
879 4965 948 5022 ad
991 4972 1177 5023 actum
1209 4967 1665 5040 peccaminosum

302 5060 423 5103 non
476 5049 871 5112 retractatum,
918 5062 1084 5120 aquo
1125 5048 1186 5104 in
1233 5063 1335 5103 sua
1361 5062 1667 5105 conserva-

1793 586 1950 643 tione
1977 585 2258 659 dependet
2285 610 2297 643 :
2329 588 2627 661 praedictus
2654 604 2792 644 vero
2822 591 2975 643 actus
3006 602 3154 642 unus

1793 673 2014 723 tantum
2041 668 2168 733 fuit,
2194 675 2255 723 ut
2276 670 2638 742 supponitur,
2653 675 2708 724 et
2730 668 2885 724 idem
2910 682 3153 723 numero

1794 755 2121 821 perseverat
2161 749 2224 805 in
2254 749 2682 807 abominatione
2721 748 2923 805 divina
2958 770 2971 804 :
3003 746 3154 803 unde

1791 831 1968 887 etiam
2018 836 2305 904 peccatum
2354 832 2645 888 habituale
2671 836 2815 887 esset
2858 830 3009 886 idem
3040 843 3154 885 nu-

1792 927 1954 968 mero
1976 916 2107 968 ante
2129 913 2384 974 hominis
2413 912 2921 988 annihilationem,
2948 915 3003 966 et
3031 914 3154 982 post

1794 993 2292 1066 reproductionem
2324 994 2502 1050 illius.

1874 1077 1995 1133 177.
2050 1077 2328 1151 Arguitur
2365 1077 2568 1149 quinto
2620 1096 2632 1130 :
2685 1075 2960 1147 quoniam
3002 1075 3148 1129 Deus
3164 1074 3360 1126 Quintum

1792 1160 1972 1229 potest
1996 1155 2291 1214 destruere
2331 1161 2618 1230 peccatum
2646 1154 2857 1229 absque
2895 1152 3149 1227 quolibet
3164 1136 3361 1221 ωὲἱῖἓῖῃ,

1789 1236 1939 1294 dono
1966 1238 2279 1295 intrinseco
2305 1238 2688 1295 determinate
2707 1243 2937 1310 sumpto
2969 1257 2982 1292 ε
3012 1251 3149 1308 ergo

1791 1317 2002 1390 absque
2044 1317 2313 1375 omnibus
2352 1318 2519 1376 donis
2546 1339 2559 1374 ε
2585 1334 2721 1392 ergo
2749 1316 2959 1389 absque
2986 1315 3149 1373 omni

1790 1398 2107 1456 mutatione
2166 1399 2480 1456 intrinseca
2545 1399 2870 1471 peccatoris.
2934 1396 3155 1453 Ultima

1789 1479 2194 1552 consequentia
2217 1481 2471 1554 legitime
2494 1480 2744 1536 infertur
2764 1495 2836 1536 ex
2866 1478 3073 1550 prima,
3100 1479 3156 1532 et

1792 1558 1909 1616 haec
1934 1557 2379 1617 ex‘antecedenti
2400 1582 2411 1613 ε
2435 1562 2710 1635 quoniam
2731 1559 2881 1633 quod
2895 1562 3042 1615 Deus
3059 1572 3156 1613 ne-

1789 1645 1960 1712 queat
1981 1638 2276 1697 destruere
2315 1647 2601 1715 peccatum
2625 1640 2833 1714 absque
2865 1638 3156 1696 infusione

1791 1722 2007 1796 gratiae,
2024 1723 2221 1795 nequit
2237 1725 2561 1794 provenire,
2583 1723 2775 1780 nisiex
2795 1720 3155 1796 oppositione

1791 1802 2131 1859 immediata
2156 1803 2311 1860 inter
2336 1806 2586 1878 gratiam
2626 1812 2681 1862 et
2710 1811 3019 1877 peccatum;
3048 1817 3155 1873 op-

1794 1886 2001 1957 positio
2054 1891 2245 1941 autem
2303 1885 2643 1944 immediata
2687 1893 2949 1944 versatur
3001 1886 3155 1943 inter
3208 1933 3211 1936 .

1790 1973 2050 2025 extrema
2069 1967 2452 2026 determinate
2478 1975 2708 2043 sumpta
2743 1991 2755 2025 ε
2783 1986 2918 2044 ergo
2945 1970 2995 2025 si
3025 1986 3155 2042 pec-

1791 2055 1979 2107 catum
2012 2055 2191 2123 potest
2228 2049 2446 2107 destrui
2490 2051 2700 2124 absque
2727 2051 2984 2124 quolibet
3005 2051 3156 2108 dono

1791 2129 2169 2190 determinate
2189 2139 2436 2206 sumpto,
2463 2132 2679 2204 pariter
2700 2131 2917 2187 destrui
2940 2131 3156 2189 valebit

1790 2212 1918 2268 sine
1957 2212 2248 2271 infusione
2305 2214 2549 2287 alicujus
2594 2212 2753 2268 doni.
2799 2210 3156 2268 Antecedens

1792 2297 1983 2349 autem
2029 2293 2325 2358 suadetur;
2357 2310 2494 2350 nam
2537 2298 2838 2366 peccatum·
2869 2308 2986 2349 non
3016 2292 3158 2365 petit

1791 2372 1863 2429 ad
1889 2373 1980 2428 sui
2021 2371 2467 2431 destructionem
2509 2373 2757 2447 gratiam
2799 2370 3154 2431 habitualem

1790 2454 2170 2512 determinate
2208 2461 2532 2529 sumptam;
2566 2470 2701 2510 nam
2730 2455 2946 2510 destrui
2977 2458 3158 2526 potest

1793 2551 1895 2608 per
1915 2540 2102 2591 actum
2129 2535 2512 2602 contritioniS,
2543 2536 2636 2590 vel
2659 2533 2875 2590 amoris
2896 2533 3156 2590 elicitum

1791 2633 1921 2673 cum
1960 2618 2146 2691 gratia
2175 2617 2511 2674 auxiliante.
2538 2617 2607 2671 Et
2625 2615 2901 2671 similiter
2924 2630 3042 2672 non
3065 2630 3160 2688 pe·

1792 2697 1862 2752 tit
1888 2695 2269 2754 determinate
2290 2697 2358 2754 ad
2375 2697 2464 2752 sui
2491 2694 2937 2752 destructionem
2969 2700 3158 2751 actum

1793 2777 2030 2842 amoriS,
2058 2779 2149 2834 vel
2172 2777 2574 2844 contritionis;
2602 2776 2738 2848 quia
2764 2774 2985 2831 destrui
3006 2776 3160 2833 valet

1793 2874 1917 2931 per·
1941 2859 2126 2915 solam
2173 2857 2527 2916 infusionem
2575 2856 2774 2931 gratiae
2820 2855 3151 2924 habitualis,

1790 2938 2008 2995 secluso
2035 2940 2196 2995 omni
2225 2945 2370 3005 actu,
2404 2944 2465 2994 ut
2493 2937 2731 2994 tradunt
2767 2936 3159 2994 communiter

1792 3020 2075 3075 Doctores.
2135 3020 2283 3093 Ergo
2328 3018 2399 3074 ad
2444 3017 2892 3073 destructionem
2946 3016 3156 3089 peccati

1794 3100 2024 3154 nullum
2051 3098 2269 3156 donum
2317 3098 2698 3155 determinate
2722 3103 3019 3170 sumptum
3064 3112 3157 3152 re-

1792 3179 2063 3252 quiritur.

1869 3260 2261 3317 confirmatur
2302 3258 2509 3331 primo,
2541 3259 2677 3330 quia
2723 3258 2771 3313 si
2801 3256 3031 3330 aliquod
3058 3255 3154 3313 do·
3192 3265 3331 3357 Prtnffia

1793 3359 1935 3398 num
1951 3343 2296 3399 intresecum
2316 3342 2723 3413 requireretur,
2739 3339 2995 3397 maxime
3006 3338 3153 3412 quod
3193 3324 3350 3408 ffiffios‘

1792 3423 2058 3487 afficeret,
2079 3428 2136 3479 et
2152 3423 2487 3477 immutaret
2509 3422 2599 3478 vel
2625 3420 3010 3476 substantiam
3032 3420 3156 3476 ani·

1793 3518 1925 3569 mae,
1959 3502 2050 3556 vel
2069 3502 2425 3557 voluntatem
2455 3499 2585 3556 :sed
2613 3498 2682 3556 ad
2705 3498 3152 3555 destructionem

1794 3583 2001 3655 peccati
2032 3597 2150 3638 non
2180 3580 2495 3654 requiritur
2534 3578 2765 3653 aliquod
2785 3578 3001 3635 donum
3031 3578 3156 3635 affi-

1795 3664 1969 3731 cienS,
1995 3667 2051 3719 et
2072 3662 2388 3717 immutans
2409 3660 2893 3718 velsubstantiam
2918 3659 3151 3729 animae,

1793 3745 1887 3801 vel
1925 3744 2279 3799 voluntatem
2311 3763 2323 3798 ε
2355 3757 2491 3816 ergo
2532 3743 2762 3797 nullum
2803 3739 3022 3815 donum
3060 3741 3157 3797 in-

1794 3824 2109 3880 trinsecum
2139 3821 2458 3894 requiritur
2474 3820 2544 3879 ad
2565 3822 3007 3879 destructionem
3038 3838 3161 3895 pec·

1793 3909 1923 3964 cati.
1970 3906 2209 3979 Sequela
2255 3904 2595 3973 ostenditur,
2635 3904 2770 3978 quia
2795 3904 3015 3961 donum
3065 3906 3162 3961 in-

1797 3988 2106 4045 trinsecum
2157 4004 2276 4046 non
2316 3989 2636 4062 requiritur
2700 3988 2770 4045 ad
2824 3988 3162 4047 destructio-

1794 4085 1927 4127 nem
1977 4071 2202 4143 peccati,
2249 4071 2361 4126 nisi
2413 4076 2473 4126 ut
2529 4071 2791 4127 excludat
2836 4070 3166 4128 formaliter

1795 4156 2083 4225 peccatum
2123 4151 2417 4210 habituale
2458 4154 2709 4209 existens
2746 4154 2808 4209 in
2835 4153 3160 4210 substantia

1796 4233 2025 4301 animae,
2075 4234 2164 4290 vel
2193 4238 2255 4290 ut
2291 4238 2557 4290 retractet
2587 4238 2773 4289 actum
2800 4233 3161 4307 peccamino-

1793 4332 1923 4371 sum
1954 4316 2308 4388 praeteritum
2351 4321 2815 4389 perseverantem
2860 4314 3163 4373 moraliter

1794 4398 1859 4453 in
1875 4399 2188 4464 voluntate,
2216 4398 2279 4455 in
2305 4415 2416 4471 qua
2437 4403 2868 4454 consummatus
2889 4400 3008 4455 est:
3028 4414 3167 4472 ergo

1794 4479 1844 4535 si
1867 4479 2095 4552 aliquod
2124 4480 2340 4538 donum
2369 4481 2747 4536 intrinsecum
2773 4481 3169 4553 requireretur

1796 4560 1868 4619 ad
1888 4561 2332 4620 destructionem
2375 4562 2603 4635 peccati,
2638 4560 2871 4619 deberet
2913 4562 3155 4627 afficere,

1794 4647 1852 4700 et
1895 4642 2208 4701 immutare
2237 4643 2328 4700 vel
2371 4642 2755 4699 substantiam
2799 4642 3031 4708 animae,
3064 4642 3157 4699 vel

1795 4726 2177 4782 voluntatem.
2219 4725 2414 4781 Minor
2454 4729 2644 4781 autem
2686 4723 2959 4780 suadetur
2990 4744 3003 4779 ε
3032 4727 3158 4779 tum

1794 4807 1933 4879 quia
1959 4807 2140 4880 posita
2168 4807 2401 4880 praecise
2422 4806 2646 4863 visione
2681 4804 2943 4864 beatifica
2970 4806 3031 4861 in
3061 4805 3161 4861 in-

1797 4888 2044 4956 tellectu,
2070 4891 2126 4944 et
2145 4882 2365 4944 seclusa
2389 4892 2508 4944 tam
2538 4888 2700 4945 omni
2729 4886 2913 4962 gratia
2939 4902 2972 4942 a
2993 4884 3161 4941 subs-

1797 4967 1982 5024 tantia
2035 4967 2267 5034 animae,
2317 4982 2491 5040 quam
2538 4966 2700 5022 omni
2753 4964 3084 5039 operatione
3128 4979 3165 5021 e

1801 5050 2115 5117 voluntate,
2147 5064 2216 5106 eo
2260 5048 2384 5122 ipso
2408 5047 2793 5120 expelleretur
2835 5050 3157 5120 peccatum;
