3647 5753
89 4837 297 4888 Secunda

110 4890 281 4946 opinio.

1464 495 1640 553 DISP.
1687 496 1780 563 VI,
1825 495 1990 553 DUB.
2034 497 2104 555 11.
3065 500 3175 557 827

318 665 533 724 merita
571 681 625 721 v.
656 681 710 739 g.
736 666 800 722 B.
835 666 1097 743 Virginis
1115 667 1491 726 sufficientem
1518 668 1684 724 valo-

321 762 451 804 rem
508 746 853 812 habuerunt,
893 754 954 804 ut
1008 753 1157 807 Deus
1203 765 1406 808 eorum
1466 748 1681 806 intuitu

321 833 510 903 posset
528 828 600 884 de
625 828 926 902 condigno,
952 830 1075 888 sive
1095 847 1165 888 ex
1189 831 1412 905 justitia
1433 830 1682 904 gratiam

321 911 387 966 in
409 909 542 966 aliis
565 910 890 982 producere.
923 913 1002 969 De
1024 912 1171 970 facto
1192 918 1390 970 tamen
1412 912 1471 969 id
1492 910 1683 968 effica-

316 991 463 1047 citer
509 1007 628 1049 non
673 998 1038 1059 meruerunt,
1091 991 1165 1050 ob
1204 993 1486 1051 defectum
1533 992 1681 1065 pacti

319 1073 634 1145 respective
654 1073 724 1129 ad
752 1075 865 1132 tale
904 1075 1211 1148 praemium
1228 1098 1243 1142 ;
1272 1074 1408 1148 quia
1437 1076 1584 1131 Deus
1612 1071 1683 1130 de

320 1154 469 1211 facto
516 1154 835 1228 disposuit,
887 1164 948 1213 ut
992 1158 1258 1216 homines
1304 1156 1374 1214 de
1398 1156 1681 1232 condigno

312 1237 507 1293 solum
548 1243 912 1294 mererentur
938 1238 1347 1311 perfectionem
1390 1236 1530 1308 ipsis
1570 1237 1681 1292 tri-

322 1318 629 1386 buendam,
655 1322 777 1379 sive
798 1326 1173 1397 augmentum
1204 1320 1451 1395 propria?
1475 1321 1681 1377 sancti·

316 1400 474 1458 tatis.
525 1401 721 1471 Adde,
775 1402 994 1476 justum
1056 1419 1174 1460 non
1217 1418 1377 1477 posse
1417 1400 1487 1458 de
1533 1402 1680 1460 facto

320 1484 534 1539 mereri
578 1483 711 1538 aliis
736 1484 983 1557 gratiam
1011 1527 1025 1553 ,
1071 1483 1213 1556 quin
1251 1483 1335 1539 eis
1387 1488 1679 1539 mereatur

317 1564 722 1621 remissionem
771 1566 1011 1638 peccati3
1042 1564 1324 1637 siquidem
1353 1578 1554 1620 omnes
1579 1564 1678 1637 qui

310 1644 388 1701 de
410 1645 555 1703 tacto
576 1652 774 1703 carent
792 1648 1006 1720 gratia,
1033 1652 1322 1719 peccatum
1351 1644 1584 1703 habent.
1611 1648 1680 1702 Et

307 1727 450 1799 quia
491 1732 788 1802 repugnat,
822 1726 972 1801 quod
1022 1728 1151 1801 quis
1203 1726 1376 1783 alteri
1425 1726 1497 1784 de
1539 1742 1678 1783 con-

308 1809 491 1884 digno
528 1810 855 1883 praedictam
903 1811 1308 1868 remissionem
1357 1815 1673 1877 mereatur,

313 1898 614 1966 propterea
641 1893 703 1949 B.
732 1892 905 1967 Virgo
935 1909 1051 1951 non
1074 1895 1288 1950 meruit
1309 1892 1379 1949 de
1394 1892 1677 1967 condigno

314 1974 564 2030 aliorum
589 1971 1078 2048 justificationem,
1105 1974 1373 2046 quamvis
1398 1973 1522 2047 ejus
1551 1988 1677 2030 me-

313 2057 430 2112 rita
499 2056 809 2113 habuerint
878 2055 1251 2114 sufficientem
1298 2057 1558 2114 valorem
1605 2054 1677 2113 ad

314 2139 661 2196 merendum
688 2138 758 2197 de
776 2139 1061 2215 condigno
1086 2138 1334 2214 gratiam
1384 2139 1677 2212 praecisive

308 2236 347 2278 a
377 2224 720 2282 remissione
748 2224 978 2296 peccati.

389 2305 474 2361 Ad
503 2306 734 2363 tertiam
764 2303 1162 2379 respondetur,
1187 2305 1436 2379 gratiam
1479 2302 1677 2377 digni-

310 2387 488 2445 ficare
513 2403 686 2460 opera
715 2404 816 2460 per
845 2386 1083 2445 modum
1110 2388 1353 2444 seminis
1379 2385 1677 2443 continen-

312 2470 390 2525 tis
430 2470 773 2542 praemium;
818 2484 936 2527 non
983 2475 1176 2526 tamen
1220 2467 1476 2543 requiri,
1526 2465 1676 2540 quod

314 2552 435 2608 haec
472 2551 743 2608 virtualis
788 2551 1145 2609 continentia
1183 2552 1259 2608 sit
1288 2550 1676 2608 determinate

321 2633 572 2708 physica,
605 2628 703 2691 sed
731 2634 1006 2703 sufficere,
1050 2633 1200 2708 quod
1227 2634 1302 2690 sit
1327 2633 1588 2698 moralis,
1620 2641 1676 2694 et

317 2719 381 2774 in
400 2718 609 2775 morali
626 2717 1068 2776 aestimabilitate
1082 2718 1274 2791 operis
1294 2715 1587 2773 fundetur.
1609 2719 1677 2774 Et

314 2800 420 2857 hoc
446 2807 606 2874 pacto
630 2802 816 2878 gratia
846 2800 1019 2857 unius
1041 2801 1182 2876 justi
1207 2804 1292 2856 est
1316 2815 1515 2858 semen
1534 2816 1675 2858 con-

313 2883 508 2941 tinens
537 2885 790 2958 praemia,
824 2902 942 2942 non
963 2886 1150 2942 solum
1173 2884 1408 2959 proprio
1426 2883 1674 2959 subjecto

311 2964 680 3031 conferenda.
711 2965 809 3023 sed
836 2967 1128 3024 extraneis
1154 2964 1363 3030 danda,
1415 2970 1477 3020 ut
1505 2981 1674 3022 cons-

314 3051 398 3102 tat
432 3049 715 3121 exemplis
760 3065 822 3104 su
833 3064 935 3120 pra
959 3047 1216 3105 adductis
1241 3047 1669 3113 satisfactionis,

312 3133 371 3185 et
392 3129 585 3186 meriti
613 3129 683 3186 de
710 3145 980 3204 congruo.

390 3208 475 3264 Ad
507 3211 772 3266 ultimam
801 3206 1120 3265 omittendo
1160 3208 1464 3280 majorem,
1494 3222 1674 3281 nega-

314 3306 446 3346 mus
482 3291 812 3354 minorem;
845 3304 963 3345 non
990 3289 1150 3343 enim
1183 3293 1480 3361 repugnat,
1524 3287 1676 3361 quod

315 3373 465 3427 Deus
510 3371 663 3442 justo
712 3369 945 3434 revelet,
996 3384 1057 3425 se
1103 3369 1259 3424 nolle
1297 3370 1420 3442 ejus
1466 3369 1676 3426 merita

316 3453 606 3521 acceptare
633 3448 697 3503 in
718 3445 924 3503 ordine
951 3446 1021 3504 ad
1046 3447 1353 3520 praemium
1397 3449 1504 3523 ipsi
1536 3466 1675 3507 con-

315 3527 637 3597 terendum,
661 3527 760 3586 sed
790 3527 853 3585 in
880 3527 1085 3586 ordine
1111 3526 1181 3584 ad
1211 3528 1514 3601 praemium
1545 3530 1676 3587 aliis

314 3608 606 3677 dandum;
654 3607 938 3682 siquidem
995 3625 1114 3665 non
1156 3613 1436 3682 repugnat
1462 3653 1475 3674 ,
1525 3609 1675 3683 quod

317 3695 463 3749 Deus
503 3691 709 3750 habeat
748 3691 1076 3765 huJusmodi
1111 3690 1426 3759 decretum,
1457 3694 1675 3750 cumin

314 3774 610 3832 communi
663 3774 784 3831 fere
830 3774 1093 3831 omnium
1134 3773 1421 3830 sententia
1458 3777 1677 3834 actuale

313 3856 407 3928 jus
428 3854 497 3912 ad
521 3857 821 3929 praemium
846 3854 1249 3928 dependeatex
1271 3857 1671 3929 acceptatione,

315 3938 441 3995 sive
489 3941 869 3997 conventione
914 3938 1295 4011 praemiantiS,
1330 3944 1389 3994 ut
1417 3939 1676 3996 ostendi-

320 4038 450 4078 mus
470 4022 591 4078 loco
610 4039 783 4095 supra
802 4023 990 4080 citato.
1016 4022 1333 4095 Suppositis
1356 4028 1546 4079 autem
1570 4025 1674 4081 tali

319 4102 563 4169 decret0,
613 4108 669 4158 et
699 4103 1069 4167 revelatione,
1104 4120 1220 4160 non
1251 4102 1670 4176 imprudenter,

318 4183 418 4240 sed
438 4182 860 4240 consultissime
900 4189 1088 4256 ageret
1112 4185 1317 4256 justus,
1350 4184 1447 4258 qui
1490 4184 1575 4241 eis
1617 4201 1678 4243 se

315 4265 687 4323 conformans
732 4263 1027 4320 ordinaret
1079 4268 1315 4339 propria
1362 4268 1573 4323 merita
1604 4267 1675 4323 ad

317 4348 569 4403 aliorum
597 4347 860 4410 salutem,
894 4349 956 4398 ut
976 4344 1039 4399 in
1059 4346 1143 4401 eis
1169 4347 1372 4402 saltem
1400 4347 1677 4404 sortiren-

317 4435 413 4486 tur
432 4428 714 4486 effectum.
747 4429 860 4482 Nec
888 4427 949 4481 in
969 4441 1038 4482 eo
1064 4432 1271 4484 eventu
1302 4427 1679 4486 imminueret

321 4511 619 4585 proprium
650 4508 961 4583 profectum
987 4510 1290 4582 privative,
1338 4515 1435 4565 aut
1478 4511 1677 4569 deme-

320 4591 541 4654 ritorie,
572 4588 669 4646 sed
696 4595 921 4645 tantum
970 4590 1251 4664 negative,
1283 4597 1564 4663 quatenus
1605 4591 1677 4649 ob

317 4672 603 4729 delectum
651 4670 1054 4742 promissionis
1093 4670 1307 4727 divinas
1349 4688 1462 4729 non
1495 4678 1680 4746 posset

319 4752 618 4809 efficaciter
644 4766 807 4806 suam
834 4750 1241 4822 perfectionem
1271 4767 1499 4826 augere.

395 4835 487 4889 54.
532 4830 792 4888 Secunda
828 4830 1114 4887 sententia
1161 4838 1371 4889 nostras
1417 4833 1679 4891 secundae

323 4914 629 4974 assertioni
677 4914 968 4969 contraria
1015 4913 1280 4980 affirmat,
1327 4930 1443 4971 non
1491 4916 1669 4988 expli-

321 5013 471 5063 care,
529 4994 679 5069 quod
735 5010 911 5067 purus
937 4994 1110 5050 homo
1136 5000 1428 5052 mereatur
1456 4995 1527 5052 de
1550 5013 1681 5053 con-

322 5078 499 5153 digno
518 5078 765 5152 gratiam
796 5076 1072 5148 peccatori
1100 5075 1370 5141 dandam,
1416 5079 1540 5134 sive
1564 5079 1681 5151 jus·

322 5160 698 5217 tificationem
740 5175 772 5215 a
814 5164 1056 5232 peccato.
1102 5160 1181 5214 lta
1222 5161 1479 5215 sentiunt
1508 5163 1687 5219 Joan-

1815 684 1919 726 nes
1969 685 2003 726 a
2048 671 2104 727 S.
2143 670 2347 728 Thom.
2405 670 2644 746 Godoy,
2689 676 2744 729 et
2784 671 3313 729 communitersonn.
3340 696 3364 729 ι

1815 750 1919 806 alii
1963 753 2246 809 Authores
2290 771 2445 810 num.
2489 754 2552 810 31
2600 753 2788 810 relati.
2848 750 3006 817 Quod
3035 732 3388 826 pro-⁸533&

1813 828 1954 887 bant
1982 834 2172 906 primo
2191 849 2261 891 ex
2289 835 2353 890 D.
2385 834 2589 891 Thom.
2619 834 2654 888 3
2674 842 2828 906 part.
2858 840 3041 909 quast.
3072 833 3167 900 64,
3185 829 3390 926 {affin-

1812 918 1923 968 art.
1972 915 2030 978 4,
2081 913 2180 971 ubi
2216 914 2338 970 ait:
2370 934 2396 966 α
2440 913 2776 988 Respondeo
2838 912 3167 979 dicendum,

1817 1014 1846 1045 α
1887 995 2036 1068 quod
2058 998 2204 1054 sicut
2230 996 2445 1053 dictum
2467 1003 2570 1062 est,
2598 997 2857 1053 Christus
2883 995 2947 1052 in
2980 1010 3174 1053 sacra-

1819 1098 1848 1129 «
1888 1078 2101 1135 mentis
2165 1078 2369 1136 habuit
2438 1079 2726 1153 duplicem
2793 1084 3128 1152 potestatem
3154 1120 3167 1133 .

1819 1176 1846 1209 α
1889 1158 2078 1215 Unam
2119 1160 2506 1225 authoritatis,
2539 1174 2664 1232 quae
2701 1158 2971 1230 competit
2996 1157 3049 1213 ei
3077 1172 3174 1213 se-

1816 1259 1842 1291 «
1887 1239 2138 1296 cundum
2184 1241 2332 1313 quod
2384 1244 2528 1297 Deus
2571 1265 2585 1298 ε
2641 1246 2698 1299 et
2746 1241 2878 1297 talis
2928 1244 3172 1315 potestas

1818 1337 1847 1371 α
1888 1319 2039 1374 nulli
2066 1325 2339 1377 creaturae
2362 1321 2545 1393 potuit
2565 1320 3003 1386 communicari,
3025 1321 3172 1376 sicut

1818 1420 1846 1453 α
1887 1414 1992 1456 nec
2034 1399 2236 1457 divina
2280 1404 2545 1461 essentia.
2599 1405 2791 1460 Aliam
2833 1406 3169 1475 potestatem

1819 1501 1846 1533 α
1888 1479 2087 1541 habuit
2112 1484 2484 1550 excellentias,
2510 1501 2635 1557 quas
2672 1483 2944 1556 competit
2977 1482 3031 1539 ei
3077 1497 3172 1539 se-

1817 1581 1846 1613 «
1885 1560 2140 1617 cundum
2179 1563 2329 1636 quod
2358 1565 2550 1623 homo.
2601 1566 2672 1619 Et
2719 1565 2895 1621 talem
2925 1569 3172 1637 potesta-

1818 1663 1844 1695 «
1886 1646 2001 1697 tem
2076 1645 2260 1716 potuit
2337 1645 2628 1702 ministris
2698 1646 3164 1715 communicare,

1817 1745 1843 1777 ι
1886 1722 2077 1781 dando
2097 1726 2311 1783 scilicet
2329 1727 2412 1784 eis
2438 1732 2659 1784 tantam
2688 1727 2890 1802 gratiae
2912 1727 3169 1800 plenitu-

1816 1828 1845 1860 α
1883 1806 2103 1875 dinem,
2131 1814 2413 1868 uteorum
2438 1812 2712 1870 meritum
2736 1815 3072 1885 operaretur
3092 1810 3165 1869 ad

1816 1911 1844 1944 α
1871 1899 2362 1951 sacramentorum
2396 1895 2643 1963 effectus,
2671 1901 2733 1952 ut
2754 1894 2823 1952 ad
2846 1895 3168 1952 invocatio-

1812 1992 1841 2024 «
1887 1988 2020 2030 nem
2050 1976 2310 2032 nominis
2361 1976 2620 2049 ipsorum
2671 1974 3168 2034 sanctificarentur

1815 2076 1843 2108 α
1881 2064 2242 2115 sacramenta
2267 2100 2280 2124 ,
2311 2065 2392 2114 ·et
2446 2065 2510 2115 ut
2543 2059 2653 2133 ipsi
2701 2063 2929 2131 possent
2972 2076 3168 2117 sacra-

1812 2156 1841 2188 «
1885 2142 2079 2194 menta
2107 2138 2427 2206 instituere,
2459 2145 2516 2197 et
2535 2141 2663 2198 sine
2690 2141 2805 2197 ritu
2832 2156 3166 2199 sacramen-

1813 2237 1841 2270 «
1885 2222 2075 2275 torum
2096 2219 2359 2278 effectum
2387 2227 2877 2279 sacramentorum
2905 2222 3170 2281 conferre

1815 2319 1843 2350 α
1883 2300 2004 2356 solo
2054 2301 2320 2374 imperio.
2368 2324 2394 2356 n
2441 2305 2511 2358 Et
2547 2304 2769 2360 similia
2812 2302 2984 2361 habet
3019 2306 3080 2359 in
3104 2305 3160 2371 4,

1806 2379 1938 2435 dist.
1970 2383 2023 2445 5,
2056 2391 2240 2459 quast.
2279 2385 2325 2451 l,
2349 2393 2459 2442 art.
2487 2386 2540 2452 3,
2573 2388 2885 2464 quastiunc.
2917 2387 2973 2441 2.

1885 2462 2001 2518 Hoc
2022 2463 2085 2519 D.
2111 2464 2315 2520 Thom.
2346 2466 2764 2534 testimonium,
2797 2465 2945 2538 quod
2974 2466 3163 2539 pluri·
3177 2462 3366 2557 Ἢῡ·

1809 2557 1972 2599 mum
2005 2543 2117 2599 sibi
2158 2544 2353 2603 favere
2380 2547 2713 2603 existimant
2737 2549 2906 2623 hujus
2933 2548 3165 2621 opinio-

1810 2626 1904 2681 nis
1944 2628 2243 2695 Authores,
2291 2644 2408 2686 non
2461 2631 2709 2686 multum
2757 2637 2939 2705 urget,
2988 2636 3045 2688 et
3094 2631 3165 2688 ab

1806 2707 2024 2766 eisdem
2076 2711 2285 2783 exponi
2332 2711 2498 2769 debet
2541 2733 2555 2767 ε
2597 2713 2872 2785 quoniam
2922 2718 3165 2787 potestas

1807 2792 2181 2859 excellentias,
2212 2810 2384 2868 quam
2426 2795 2624 2852 habuit
2674 2796 2933 2853 Christus
2963 2796 3164 2855 Domi-

1808 2889 1938 2940 nuS,
1970 2874 2101 2930 talis
2123 2874 2252 2943 fuit,
2278 2883 2341 2934 ut
2365 2879 2487 2954 eius
2515 2879 2790 2935 meritum
2827 2885 3164 2952 operaretur

1808 2954 1878 3010 ad
1903 2963 2399 3016 sacramentorum
2436 2959 2665 3018 effectus
2693 2959 2955 3017 merendi
2984 2959 3166 3017 effica-

1806 3037 1949 3092 citer
1978 3040 2379 3097 remissionem
2420 3041 2649 3098 offensae
2677 3056 2778 3113 per
2799 3042 2956 3096 viam
2979 3057 3171 3113 aequa-

1809 3116 1884 3171 lis
1926 3118 2350 3193 satisfactionis
2382 3137 2510 3194 quae
2539 3122 2600 3177 in
2631 3137 2734 3176 usu
2777 3126 3172 3177 sacramento-

1810 3212 1942 3251 rum
1964 3213 2031 3253 ea
2051 3200 2493 3272 suscipientibus
2513 3202 2834 3273 applicatur
2855 3225 2868 3269 ;
2894 3205 2950 3257 et
2970 3206 3169 3259 tamen

1809 3277 1946 3334 hinc
1974 3293 2090 3336 non
2120 3279 2387 3350 infertur,
2421 3282 2570 3355 quod
2617 3283 2749 3338 talis
2792 3288 3036 3355 potestas
3063 3299 3170 3357 po-

1808 3357 1984 3414 tuerit
2012 3376 2155 3432 puro
2195 3361 2422 3418 homini
2453 3364 2889 3430 communicari,
2925 3381 3054 3421 cum
3096 3364 3167 3422 ad

1808 3437 2062 3495 similem
2093 3446 2425 3512 potestatem
2457 3443 2788 3516 requiratur
2814 3446 2979 3501 valor
3019 3444 3168 3501 sim-

1810 3518 2036 3592 pliciter
2082 3519 2384 3588 infinitus,
2430 3522 2730 3593 utdocent
2774 3525 3167 3583 communiter

1809 3600 2123 3658 Thomistae
2147 3644 2160 3667 ,
2217 3608 2273 3661 et
2320 3605 2601 3678 praecipue
2646 3606 2816 3681 hujus
2868 3608 3166 3682 opinionis

1810 3683 2037 3755 patroni
2063 3698 2228 3757 :ergo
2248 3700 2319 3741 ex
2340 3701 2425 3752 eo,
2451 3685 2599 3759 quod
2623 3689 2688 3743 D.
2715 3688 2924 3745 Thom.
2950 3695 3168 3747 asserat

1811 3771 2143 3838 potestatem
2171 3769 2541 3835 excellentias,
2573 3785 2745 3843 quam
2775 3772 3035 3829 Christus
3057 3773 3166 3831 ha-

1810 3848 1935 3904 buit
1955 3849 2102 3905 circa
2129 3847 2357 3906 effectus
2382 3858 2896 3919 sacramentorum,
2920 3856 3168 3926 potuisse

1809 3931 2222 3988 communicari
2253 3948 2408 4004 puras
2433 3939 2724 4002 creaturae,
2753 3950 2868 3992 non
2892 3937 3164 4004 infertur,

1809 4010 1957 4085 quod
2008 4028 2150 4085 pura
2196 4017 2456 4092 creatura
2504 4016 2752 4087 potuerit
2788 4015 2857 4073 de
2885 4016 3170 4092 condigno

1809 4094 2024 4151 mereri
2059 4093 2525 4168 justificationem
2568 4098 2893 4168 peccatoris,
2928 4101 3170 4175 velgra-

1809 4177 1952 4232 tiam
1980 4181 2043 4232 ut
2065 4177 2342 4249 peccatori
2372 4175 2655 4244 dandam;
2698 4182 2789 4237 vel
2819 4182 2867 4237 si
2902 4183 3006 4239 hoc
3027 4183 3170 4238 ulti-

1809 4274 1974 4314 mum
2014 4274 2085 4314 ex
2124 4258 2319 4316 verbis
2358 4259 2415 4314 S.
2447 4259 2699 4316 Doctoris
2724 4263 3032 4337 colligitur,
3065 4280 3168 4337 pa-

1811 4339 1956 4395 riter
1999 4340 2146 4397 illud
2176 4341 2336 4414 prius
2367 4339 2650 4397 inferetur
2682 4363 2694 4397 ε
2723 4343 2844 4417 ejus
2868 4347 3029 4401 enim
3071 4361 3169 4402 re-

1810 4421 2020 4479 solutio
2065 4420 2370 4478 indefinita
2397 4426 2498 4484 est,
2531 4427 2585 4478 et
2615 4438 2732 4479 non
2760 4424 2944 4498 magis
2984 4441 3167 4482 unum

1810 4503 2093 4570 effectum,
2121 4519 2292 4577 quam
2341 4504 2523 4559 alium
2564 4505 2814 4578 respicit.
2848 4508 3170 4580 Responde-

1811 4591 1907 4640 tur
1933 4600 2068 4658 ergo
2096 4588 2238 4658 Ang.
2273 4586 2687 4658 praeceptorem
2733 4587 2921 4644 solum
2974 4591 3172 4648 inten-

1812 4664 1967 4729 dere,
1992 4664 2142 4737 quod
2172 4681 2328 4737 purae
2348 4673 2625 4722 creaturas
2655 4667 2828 4739 possit
2853 4672 3174 4727 communi-

1812 4745 1930 4803 cari
2010 4751 2254 4818 potestas
2319 4745 2389 4801 ad
2456 4746 2883 4819 producendum
2942 4751 3171 4808 eosdem

1810 4825 2060 4890 effectus,
2092 4840 2233 4898 quos
2265 4826 2605 4883 Christusin
2632 4831 3006 4886 sacramentis
3035 4847 3174 4888 cau-

1811 4912 1898 4963 sat
1920 4931 1933 4974 ;
1964 4907 2212 4962 minime
2232 4922 2370 4963 vero
2393 4907 2462 4962 ad
2487 4908 2914 4980 producendum
2942 4911 3173 4970 eosdem

1811 4988 2060 5052 effectus,
2094 4993 2150 5045 et
2169 4986 2369 5045 eodem
2396 4989 2587 5047 modo.
2618 4989 2782 5047 Unde
2808 5008 2879 5048 ex
2907 4993 3176 5065 praedicto

1812 5072 2145 5128 testimonio
2183 5071 2371 5127 solum
2412 5073 2742 5146 colligitur,
2793 5072 2942 5144 quod
2999 5092 3178 5147 purus

1822 5155 1995 5211 homo
2045 5154 2291 5225 potuerit
2335 5155 2546 5212 mereri
2574 5156 2840 5229 gratiam,
2873 5162 2928 5212 ct
2976 5158 3177 5213 remis-

3327 793 3399 876 iar
