3647 5753
354 1052 507 1111 Ultima

337 1102 528 1195 dfflssffl'
547 1129 752 1187 Thom.
780 1132 1005 1203 inpraeS.
1023 1138 1131 1187 art.
1160 1134 1220 1187 in
1235 1150 1373 1206 resp.
1394 1133 1471 1187 ad
1491 1134 1545 1197 3,
1573 1132 1664 1188 his
1685 1130 1909 1189 verbis:

553 392 663 446 424
824 439 830 444 .
1487 391 1578 446 DE
1616 392 1645 444 J
1650 390 2199 445 USTIFICATIONE
2240 390 2322 444 IM
2328 390 2443 444 P11.

553 568 738 621 actum
768 565 1090 625 virtuosum
1117 566 1322 639 gratia,
1353 570 1411 623 et
1430 566 1708 624 charitate
1739 565 1922 622 infor-

552 650 793 709 matum,
825 646 922 719 qui
965 653 1252 718 peccatum
1301 649 1530 705 veniale
1561 648 1917 720 praeteritum

550 725 894 791 formaliter,
929 733 1027 782 aut
1054 729 1361 786 venialiter
1389 733 1685 797 retractet;
1709 733 1765 785 et
1791 729 1919 786 sine

549 806 877 880 hujusmodi
901 813 1059 864 motu
1102 814 1381 884 repugnat
1403 811 1687 866 maculam
1713 811 1917 866 venia-

552 887 696 942 lium
746 887 985 958 aut'erri,
1033 894 1091 945 ut
1138 891 1310 947 latius
1336 890 1755 948 declarabimus
1795 891 1918 947 loco

545 967 735 1026 citato.

622 1050 855 1106 Ultimae
899 1048 1328 1108 confirmationi
1377 1057 1528 1109 recte
1568 1051 1818 1108 occurrit
1846 1054 1908 1108 D.

554 1232 582 1263 α
622 1210 957 1277 Dicendum,
1008 1211 1158 1284 quod
1182 1213 1328 1269 sicut
1372 1216 1609 1288 August.
1660 1212 1800 1270 dicit
1847 1213 1911 1268 in

550 1314 576 1343 «
623 1290 722 1348 lib.
755 1290 825 1347 de
853 1293 1087 1365 nuptiis,
1120 1297 1176 1349 et
1195 1294 1513 1367 concupisc.
1544 1309 1666 1367 cap.
1696 1296 1810 1350 26:
1850 1292 1909 1348 Si

551 1396 576 1426 «
619 1390 651 1430 a
679 1379 901 1446 peccato
922 1374 1212 1440 desistere,
1247 1375 1351 1433 hoc
1376 1381 1523 1433 esset
1550 1391 1668 1432 non
1697 1375 1911 1432 habere

549 1478 574 1510 α
618 1461 926 1529 peccatum,
948 1457 1227 1515 sufficeret
1242 1463 1302 1514 ut
1320 1460 1424 1515 hoc
1442 1462 1706 1515 moneret
1723 1459 1910 1531 Scrip-

546 1560 573 1591 «
614 1542 783 1594 tura:
816 1538 927 1593 Fili
958 1540 1211 1611 peccasti,
1248 1556 1364 1596 non
1410 1539 1643 1613 adjicias
1670 1538 1902 1597 iterum.

544 1639 570 1670 ι(
615 1620 731 1675 Hoc
759 1624 948 1675 autem
980 1635 1096 1675 non
1132 1619 1353 1685 sufficit,
1386 1619 1485 1677 sed
1512 1620 1744 1676 additur
1795 1641 1808 1675 :
1839 1622 1909 1675 Et

544 1721 570 1752 ε(
612 1699 682 1756 de
704 1702 962 1773 pristinis
976 1701 1297 1774 deprecare,
1310 1707 1370 1758 ut
1384 1702 1488 1758 tibi
1509 1703 1903 1760 remittantur.

546 1802 571 1833 «
614 1778 1031 1839 Transit'enim
1056 1788 1343 1856 peccatum
1371 1788 1519 1852 actu,
1562 1788 1619 1841 et
1645 1788 1906 1845 remanet

545 1883 572 1914 «
603 1867 781 1928 reatu,
806 1868 1060 1936 utsupra
1080 1862 1295 1920 dictum
1318 1869 1403 1920 est
1418 1885 1443 1915 >2
1466 1866 1695 1938 (nempe
1716 1872 1899 1939 quast.

539 1945 630 2012 87,
655 1951 765 2000 art.
796 1946 874 2016 6).
911 1967 936 1999 α
967 1947 1036 2000 Et
1057 1945 1182 2003 ideo
1209 1962 1338 2003 cum
1381 1946 1593 2019 aliquis
1618 1962 1651 2002 a
1678 1951 1903 2019 peccato

544 2046 571 2077 ι(
613 2024 785 2081 unius
812 2026 942 2082 vitii
965 2027 1173 2083 transit
1212 2028 1276 2082 in
1307 2032 1594 2100 peccatum
1622 2026 1901 2084 contrarii

543 2127 570 2159 «
612 2108 761 2172 vitii,
793 2106 1007 2164 desinit
1038 2108 1269 2182 quidem
1300 2108 1510 2166 habere
1539 2114 1727 2166 actum
1752 2125 1900 2182 prae-

540 2207 567 2240 «
609 2190 863 2255 teritum,
889 2188 987 2245 sed
1018 2205 1134 2246 non
1155 2188 1366 2246 desinit
1387 2188 1597 2247 habere
1621 2194 1843 2245 reatum
1869 2212 1895 2244 u

540 2270 752 2339 (reatus
781 2270 1019 2326 nomine
1033 2271 1340 2345 maculam,
1365 2275 1422 2327 et
1438 2275 1722 2344 peccatum
1740 2270 1901 2327 habi-

535 2353 688 2409 tuale
702 2351 1024 2426 significat).
1054 2374 1079 2405 «
1101 2352 1266 2411 Unde
1286 2353 1461 2409 simul
1486 2352 1655 2410 habet
1676 2361 1897 2411 reatum

538 2454 564 2483 ιι
611 2432 905 2505 utriusque
934 2433 1170 2504 peccati;
1197 2449 1314 2489 non
1335 2433 1494 2490 enim
1525 2439 1744 2505 peccata
1764 2438 1898 2489 sunt

536 2534 563 2564 «
606 2511 717 2568 sibi
738 2515 1028 2570 contraria
1054 2530 1125 2570 ex
1154 2520 1314 2587 parte
1343 2515 1660 2572 aversionis
1686 2532 1719 2571 a
1757 2517 1890 2582 Deo,

538 2614 564 2645 «
605 2608 674 2648 ex
695 2609 806 2664 qua
829 2599 987 2665 parte
1009 2600 1298 2666 peccatum
1324 2601 1544 2651 reatum
1569 2594 1756 2656 habet.
1780 2616 1805 2647 n
1827 2598 1897 2651 Et

530 2678 722 2745 quaest.
750 2674 842 2730 cit.
869 2674 938 2731 de
961 2676 1137 2731 Verit.
1166 2680 1275 2731 art:
1298 2679 1333 2731 7
1350 2675 1664 2753 ad3inquit
1680 2694 1699 2729 .·
1717 2699 1744 2729 «
1764 2678 1895 2732 Pec-

539 2777 564 2807 «
605 2759 745 2822 cata,
795 2758 1059 2828 quamvis
1110 2756 1228 2812 sint
1273 2748 1567 2813 contraria
1612 2774 1683 2814 ex
1730 2766 1893 2831 parte

539 2843 574 2887 «·
606 2836 1016 2907 conversioniS,
1063 2852 1179 2894 non
1221 2841 1416 2895 tamen
1458 2842 1694 2911 oportet,
1739 2838 1892 2912 quod

535 2937 561 2967 «
603 2917 949 2983 aversioneS,
982 2920 1074 2974 vel
1115 2923 1304 2974 reatus
1353 2925 1718 2976 remanentes
1770 2921 1893 2976 sint

535 3017 560 3048 κ
602 3000 893 3055 contraria
918 3023 933 3066 ;
963 3000 1098 3072 quia
1124 3006 1259 3055 sunt
1297 2998 1525 3056 effectus
1567 3001 1890 3059 contrario-

535 3099 561 3131 «
605 3094 736 3135 rum
767 3095 867 3152 per
908 3081 1183 3144 accidens,
1211 3096 1340 3136 cum
1370 3080 1645 3137 eveniant
1684 3086 1890 3154 praeter

530 3178 557 3209 «
604 3158 985 3220 intentionem
1014 3160 1323 3233 operantis.
1358 3162 1442 3216 Ex
1482 3162 1889 3219 contrarietate

530 3261 556 3292 «
600 3247 790 3298 autem
819 3259 1120 3298 causarum
1145 3243 1405 3315 sequitur
1427 3245 1800 3302 contrarietas
1823 3243 1887 3299 in
1933 3275 1938 3278 -

528 3341 554 3373 «
599 3321 907 3391 effectibus,
959 3325 1056 3396 qui
1098 3328 1233 3380 sunt
1274 3340 1374 3397 per
1418 3341 1496 3394 se,
1541 3332 1597 3383 et
1643 3342 1759 3383 non
1786 3327 1886 3400 qui

530 3423 555 3453 ιι
595 3408 731 3459 sunt
753 3420 854 3476 per
877 3404 1153 3462 accidens,
1184 3405 1350 3462 Unde
1370 3422 1440 3462 ex
1462 3407 1769 3464 contrariis
1790 3424 1886 3464 ac-

530 3502 555 3533 «
599 3481 748 3538 tibus
775 3489 1091 3556 sequuntur
1113 3485 1387 3542 contrarii
1418 3485 1665 3550 habitus,
1691 3492 1747 3545 et
1773 3487 1888 3544 dis·

528 3583 555 3615 «
598 3564 905 3636 positiones
920 3589 934 3633 ;
961 3565 1290 3641 hujusmodi
1314 3567 1474 3623 enim
1501 3575 1635 3624 sunt
1655 3568 1886 3626 effectus

525 3665 551 3696 «
597 3652 823 3702 actuum
840 3648 1045 3720 peccati
1063 3649 1271 3706 secund
1283 3666 1377 3705 um
1394 3666 1557 3707 suam
1572 3651 1877 3723 speciem.»

522 3727 686 3785 Unde
708 3730 838 3786 licet
864 3746 1011 3785 unus
1040 3730 1268 3787 habitus
1294 3733 1535 3789 vitiosus
1561 3734 1885 3805 expellatur

520 3809 829 3882 aliquando
876 3828 977 3885 per
1024 3814 1205 3869 alium
1254 3813 1517 3871 habitum
1561 3815 1832 3871 vitiosum
1863 3838 1879 3882 ;

521 3897 918 3948 unumdamen
944 3899 1232 3965 peccatum
1259 3893 1549 3953 habituale
1571 3897 1768 3969 nequit
1786 3913 1884 3953 ex·

518 3971 670 4028 cludi
694 3989 795 4045 per
817 3973 975 4029 aliud
998 3981 1285 4046 peccatum
1316 3975 1637 4043 habituale;
1661 3976 1761 4034 sed
1778 3992 1882 4050 po-

520 4053 631 4110 tius
657 4054 838 4129 magis
879 4055 1144 4112 firmatur
1183 4051 1254 4114 ob
1294 4074 1507 4114 novum
1548 4059 1767 4115 obicem
1808 4057 1879 4115 ad

516 4134 761 4207 gratiam
782 4179 797 4202 ,
846 4135 908 4190 in
956 4135 1116 4208 cujus
1174 4137 1503 4193 voluntaria
1556 4138 1881 4210 privatione

514 4215 773 4271 consistit
793 4216 1037 4271 essentia
1058 4219 1267 4289 peccati
1290 4217 1601 4274 habitualis
1622 4219 1879 4275 hominis

513 4295 722 4351 elevati
745 4296 815 4352 ad
838 4296 1013 4354 finem
1040 4300 1561 4370 supernaturalem,
1590 4305 1650 4354 ut
1671 4299 1878 4372 saepius

517 4374 795 4433 diximus,

983 4482 1265 4536 DL'BIUM
1304 4481 1400 4537 vl.

519 4580 717 4641 Utrum
741 4591 1020 4656 peccatum
1058 4585 1289 4640 mortale
1314 4584 1553 4640 hominis
1577 4586 1775 4643 elevati
1800 4587 1878 4643 ad

584 4656 748 4722 finem
795 4660 1269 4732 supernaturalem
1312 4663 1484 4732 possit
1522 4661 1586 4716 de
1629 4665 1874 4734 potentia

583 4730 689 4788 Dei
715 4732 969 4788 absoluta
996 4737 1211 4809 auferri
1237 4734 1436 4810 absque
1457 4735 1731 4808 infusione
1744 4753 1876 4808 yra-

582 4808 669 4863 tis
688 4808 1102 4880 sanctificantis,

586 4921 876 4979 Habemus
903 4939 973 4980 ex
999 4922 1164 4980 dictis
1191 4922 1364 4980 dubio
1385 4923 1743 4997 praecedenti,
1776 4939 1873 4981 re-

516 5001 854 5060 missionem
896 5004 1103 5076 peccati
1133 5002 1442 5061 habitualis
1469 5004 1725 5061 hominis
1749 5005 1873 5062 ele-

2049 565 2166 622 vati
2213 564 2285 622 ad
2329 567 2828 638 supernaturalem
2876 563 3073 631 finem,
3123 563 3249 621 fieri
3291 579 3401 621 non

2050 662 2212 719 posse
2238 646 2448 719 absque
2467 647 2787 703 mutatione
2815 646 3129 701 intrinseca
3156 650 3401 719 peccato·

2050 727 2150 783 ris.
2196 727 2261 781 In
2288 728 2449 801 cujus
2474 726 2635 783 dubii
2676 726 2981 792 decisione,
3014 730 3072 783 et
3111 742 3399 801 progressu

2049 807 2330 879 praecipue
2355 808 2578 881 egimus
2616 804 2896 863 adversus
2921 806 3207 864 Authores
3246 809 3402 862 extra

2046 890 2299 946 scholam
2324 891 2387 946 D.
2414 891 2679 957 Thomae3
2703 905 2841 945 nam
2869 891 2924 946 S.
2959 888 3214 946 Doctoris
3234 886 3402 943 disci-

2046 970 2169 1042 puli
2189 986 2419 1027 summo
2443 985 2723 1027 consensu
2746 969 3157 1041 conspirarunt
3188 968 3248 1024 in
3273 983 3400 1040 pro-

2046 1047 2354 1123 pugnanda
2379 1049 2644 1108 doctrina
2683 1050 2955 1106 hactenus
2980 1047 3212 1105 tradita.
3246 1050 3401 1104 Nunc

2043 1136 2300 1202 superest
2325 1128 2661 1197 videndum,
2693 1146 2819 1203 quas
2859 1130 3048 1187 forma
3095 1129 3400 1185 intrinseca

2045 1213 2374 1286 requiratur
2402 1212 2472 1269 ad
2499 1213 2886 1285 expiationem
2929 1212 3178 1284 peccati?
3206 1214 3271 1266 In
3295 1228 3401 1283 quo

2043 1309 2158 1351 non
2198 1310 2402 1367 parum
2448 1291 2727 1349 dissident
2769 1293 2878 1365 ipsi
2907 1292 3235 1361 Thomistae,
3274 1308 3396 1348 cum

2039 1375 2246 1449 quibus
2276 1374 2518 1446 proinde
2547 1374 2830 1447 praecipua
2856 1373 3021 1431 nobis
3061 1376 3400 1431 concertatio

2039 1457 2170 1514 erit.
2204 1459 2352 1511 Nam
2397 1471 2528 1511 cum
2559 1454 2679 1511 fere
2706 1454 3244 1520 omnes-affirment,
3289 1457 3395 1511 im-

2041 1536 2374 1609 possibilem
2394 1550 2517 1592 esse
2540 1534 2940 1592 remissionem
2963 1536 3173 1607 peccati
3196 1534 3400 1608 absque

2040 1612 2444 1672 immutatione
2495 1614 2803 1687 peccatoris
2855 1630 2956 1686 per
3016 1615 3239 1688 aliquid
3293 1615 3397 1687 ipsi

2038 1697 2345 1753 intrinsece
2369 1694 2821 1768 superadditum,
2850 1710 2967 1751 non
3016 1697 3179 1767 pauci
3200 1711 3397 1752 eorum

2036 1774 2370 1843 defendunt,
2399 1775 2469 1833 ad
2499 1775 2557 1831 id
2583 1775 2838 1834 sufficere
2865 1776 3115 1848 aliquem
3145 1776 3400 1834 hominis

1997 1850 2013 1858 ’
2035 1862 2244 1923 actum,
2299 1861 2498 1929 utputa
2538 1856 2967 1919 contritionem
2997 1856 3234 1928 quidam
3265 1872 3400 1914 vero

2034 1945 2329 2006 asserunt,
2395 1938 2612 2011 requiri
2679 1938 2930 1996 formam
2995 1938 3355 1995 habitualem
3379 1982 3392 2004 ,

2034 2038 2243 2095 nempe
2287 2021 2534 2096 gratiam
2576 2020 3049 2077 sanctificantem.
3085 2022 3198 2077 Pro
3243 2022 3400 2095 qu'us

2032 2101 2317 2160 decisione
2361 2106 2583 2174 oportet
2628 2101 2882 2159 breviter
2931 2101 3281 2174 praemittere
3308 2117 3392 2167 ea,

2032 2183 2096 2239 in
2135 2185 2342 2258 quibus
2368 2184 2698 2249 Thomistae,
2732 2199 2861 2241 cum
2892 2189 3126 2240 versant
3159 2184 3266 2240 hoc
3290 2184 3398 2239 du-

2033 2262 2213 2333 bium,
2241 2264 2449 2339 majori
2469 2282 2541 2324 ex
2567 2270 2727 2339 parte
2753 2265 3127 2322 conveniunt.

2658 2447 2770 2514 §1-

2249 2563 2601 2665 Separantur
2639 2599 2786 2648 certa
2824 2592 2893 2647 ab
2934 2593 3179 2648 incertis.

2106 2746 2227 2801 180.
2260 2747 2326 2802 In
2349 2747 2556 2819 primis
2584 2744 2880 2802 recolenda
2906 2749 3041 2800 sunt
3066 2762 3192 2817 quae
3216 2748 3391 2804 latius
3404 2761 3545 2804 Praenst

2022 2822 2149 2880 dub.
2178 2827 2399 2898 praeced.
2424 2830 2456 2897 g
2486 2828 2528 2894 l,
2558 2823 2961 2898 praemisimus,
2989 2822 3261 2884 videlicet
3282 2833 3392 2886 sta·
3426 2810 3548 2853 ‘²⁰³²‘

2021 2908 2147 2959 tum
2177 2906 2386 2977 peccati
2407 2905 2674 2962 mortalis
2696 2904 2952 2961 hominis
2971 2907 3183 2963 elevati
3207 2910 3280 2965 ad
3302 2926 3390 2965 su·

2022 2988 2451 3056 pernaturalem
2499 2984 2677 3041 finem
2728 2986 2986 3057 plurima
3031 2989 3189 3045 mala
3228 3005 3389 3047 com-

2022 3066 2210 3138 plecti,
2262 3067 2418 3123 inter
2454 3083 2582 3140 quae
2629 3072 2994 3138 computatur
3040 3069 3220 3126 etiam
3268 3072 3391 3145 pri-

2020 3148 2176 3204 vatio
2234 3147 2437 3220 gratiae
2494 3145 2904 3204 sanctificantis
2941 3172 2955 3215 ;
3019 3165 3084 3206 ac
3144 3152 3387 3223 proinde

2021 3228 2422 3284 remissionem
2447 3227 2925 3301 perfectissimam
2949 3231 3157 3302 peccati
3183 3231 3387 3290 afferre

2017 3323 2210 3364 secum
2259 3310 2686 3381 reparationem
2739 3300 2996 3384 ejusdem
3047 3312 3267 3386 gratiae.
3322 3316 3384 3369 In

2017 3403 2129 3461 quo
2155 3404 2325 3446 sensu
2348 3389 2588 3447 evidens
2613 3394 2698 3447 est
2722 3406 3062 3465 repugnare,
3089 3392 3242 3466 quod
3257 3393 3385 3451 des-

2015 3476 2244 3527 truatur
2298 3479 2586 3545 peccatum
2614 3514 2628 3538 ,
2684 3473 2828 3545 quin
2879 3472 3069 3531 denuo
3121 3475 3385 3547 praedicta

2015 3554 2204 3628 gratia
2230 3554 2458 3612 homini
2486 3555 2966 3613 communicetur.
2997 3555 3104 3612 Sed
3132 3574 3209 3614 an
3259 3575 3384 3615 ma-

2016 3635 2144 3691 cula
2173 3677 2186 3700 ,
2235 3640 2292 3690 et
2335 3634 2655 3710 indignitas
2706 3634 3026 3692 intrinseca
3080 3640 3384 3709 peccatoris

2014 3719 2184 3786 queat
2204 3712 2461 3772 absolute
2489 3716 2613 3771 tolli
2642 3715 2771 3770 sine
2790 3715 3106 3773 intrinseca
3126 3719 3379 3793 ejusdem

2016 3795 2324 3865 peccatoris
2345 3795 2684 3861 mutatione,
2711 3810 2829 3852 non
2856 3801 2980 3852 erat
3002 3796 3142 3855 adeo
3170 3799 3378 3873 perspi-

2013 3890 2205 3931 cuum.
2239 3874 2554 3931 Thomistae
2582 3880 2775 3931 autem
2797 3876 3185 3934 communiter
3214 3884 3376 3936 tuen-

2012 3959 2109 4010 tur
2135 3956 2462 4029 negativam
2494 3956 2865 4023 sententiam,
2898 3961 2961 4012 ut
2996 3957 3125 4014 dub.
3152 3960 3370 4033 praeoed.

2015 4037 2380 4094 resolvimus.
2433 4040 2501 4093 Et
2549 4040 2630 4095 ita
2676 4041 3033 4096 conveniunt
3078 4044 3267 4112 primo
3317 4042 3375 4098 in

2011 4115 2352 4173 affirmando
2376 4119 2775 4176 necessitatem
2804 4120 3047 4194 alicujus
3067 4121 3375 4182 intrinsece

2010 4196 2385 4269 superadditi,
2408 4203 2471 4254 ut
2497 4200 2826 4257 destruatur
2852 4202 3098 4267 macula,
3123 4208 3182 4259 et
3206 4208 3372 4260 cesset

2010 4275 2330 4350 indignitas
2352 4278 2678 4335 intrinseca
2701 4280 3021 4351 peccatoris.

2083 4357 2453 4414 Conveniunt
2480 4364 2758 4432 praeterea
2782 4360 2845 4416 in
2873 4361 3196 4428 asserendo,
3224 4361 3364 4436 quod
3380 4364 3517 4412 unulfo

2009 4437 2114 4495 hoc
2161 4439 2543 4498 intrinsecum
2587 4441 2753 4514 debet
2793 4443 3085 4514 pertinere
3114 4444 3186 4502 ad
3211 4412 3537 4525 ordi-”fssffl5

2008 4533 2140 4575 nem
2168 4523 2688 4593 supernaturalem,
2735 4528 2798 4577 ut
2823 4522 2997 4580 homo
3022 4524 3360 4582 emundetur
3374 4511 3520 4609 ssssffgd

2005 4614 2042 4654 a
2085 4605 2328 4672 peccat0,
2362 4601 2512 4673 quod
2551 4618 2682 4658 cum
2723 4602 2870 4660 foret
2913 4602 2985 4660 ad
3031 4604 3356 4677 praedictum
3410 4594 3488 4657 ‹im

2005 4677 2272 4738 ordinem
2312 4680 2587 4750 elevatus,
2618 4683 2926 4739 commisit.
2964 4683 3137 4758 quue
3175 4686 3356 4758 palam
3383 4670 3498 4755 Ἧῗ,

2005 4759 2258 4818 int'ertur
2301 4777 2373 4819 ex
2416 4777 2620 4819 eorum
2663 4763 2984 4837 principiis.
3021 4767 3188 4828 ,Tum
3231 4764 3359 4839 quia

2004 4842 2153 4899 illud
2181 4844 2583 4912 intrinsecum,
2612 4845 2763 4918 quod
2792 4848 3111 4921 requiritur
3135 4849 3205 4907 ad
3237 4848 3362 4905 des-

2004 4924 2349 4982 tructionem
2399 4926 2628 4999 peccati,
2679 4928 2966 5001 praecipue
3002 4926 3252 4987 deservit
3296 4923 3359 4983 ad

2002 5003 2408 5079 expellendam
2430 5005 2792 5064 aversionem
2811 5023 2845 5065 a
2864 5012 2981 5067 Deo
3002 5010 3207 5067 ultimo
3220 5006 3357 5143 fig&

2902 5094 2922 5105 ⁸
3112 5104 3261 5163 quan
3303 5100 3355 5141 lu
