3647 5753
404 427 514 484 542
1053 419 1147 474 DE
1186 409 1797 471 DISPOSITIONIBUS
1835 407 1935 464 AD
1971 399 2638 460 JUSTIFICATIONEM.

403 597 717 654 deliberate
744 591 960 669 agebat,
996 589 1095 648 sed
1120 606 1191 647 ex
1218 583 1600 662 applicatione
1637 581 1759 646 Dei,

403 685 520 735 tam
550 677 800 751 physica,
826 689 996 748 quam
1034 670 1243 728 morali
1269 687 1282 722 :
1316 674 1439 724 tum
1467 667 1600 741 quia
1626 678 1766 736 ope-

405 760 551 816 ratio
589 759 871 831 incipiens
910 772 1041 812 cum
1079 769 1201 811 esse
1244 752 1348 819 rei,
1379 767 1442 808 se
1488 748 1658 806 habet
1704 752 1767 802 ut

404 840 751 914 proprietas;
780 844 835 894 et
876 837 1002 894 ideo
1040 833 1361 909 generanti,
1409 836 1505 888 aut
1545 827 1764 887 creanti

400 922 722 998 specialiter
775 920 1130 977 attribuitur.
1182 921 1248 974 In
1297 914 1496 987 impiis
1547 918 1761 976 autem,

401 1007 500 1081 qui
522 1011 684 1063 extra
710 1008 1133 1061 sacramentum
1149 999 1435 1073 justitiam
1459 995 1762 1068 accipiunt,

404 1088 562 1145 adest
589 1086 824 1142 libertas
860 1084 1144 1141 sufficiens
1185 1097 1305 1138 non
1331 1081 1518 1138 solum
1560 1075 1630 1133 ad
1672 1091 1769 1132 ac-

404 1167 741 1243 ceptandam
763 1166 1067 1239 justitiam,
1100 1163 1197 1221 sed
1224 1163 1400 1221 etiam
1429 1158 1500 1215 ad
1530 1173 1768 1232 peccan-

407 1249 545 1306 dum
569 1249 919 1311 mortalitem
941 1247 1206 1320 quamvis
1228 1245 1339 1302 hoc
1355 1242 1635 1316 posterius
1652 1254 1771 1296 non

410 1332 482 1391 ad
518 1332 809 1389 libertatis
850 1330 1277 1405 perfectionem,
1322 1325 1420 1384 sed
1461 1324 1649 1398 potius
1700 1320 1772 1378 ad

293 1484 303 1494 ·
409 1415 895 1473 defectibilitatem
937 1412 1239 1486 pertineat.
1287 1409 1607 1465 videantur
1646 1408 1774 1462 Me-

187 1487 373 1589 {ergggh
408 1495 546 1553 dina
583 1496 711 1552 dab.
742 1496 798 1563 2,
824 1497 1060 1568 Gregor.
1091 1493 1260 1547 Mart.
1303 1489 1428 1546 dub.
1459 1491 1514 1556 2,
1540 1490 1774 1543 Arauxo

194 1585 370 1631 Martia.
406 1576 532 1633 dab.
565 1579 742 1644 unico,
787 1594 823 1631 a
850 1593 1007 1630 num.
1047 1573 1140 1638 49,
1180 1573 1375 1628 Zumel
1414 1570 1559 1643 disp.
1588 1569 1643 1636 3,
1673 1566 1775 1641 qui

194 1637 378 1730 ἱῗξξῗζ
409 1657 799 1714 difficultatem
823 1656 969 1712 hanc
997 1654 1169 1711 latius
1196 1649 1546 1726 expendunt.

1014 1818 1046 1887 ἕ
1086 1817 1180 1873 IV.

415 1975 552 2033 Alia
583 1974 855 2031 conclusio
882 1972 1047 2028 alteri
1077 1971 1233 2027 dubii
1249 1971 1408 2045 parti
1432 1967 1774 2042 respondem.

212 2143 405 2201 secunua
490 2131 548 2186 5.
593 2128 907 2186 Dicendum
927 2134 1010 2186 est
1038 2126 1304 2191 secundo,
1336 2125 1406 2183 ad
1429 2122 1783 2201 justificatio-

210 2198 399 2238 ⁸⁸⁵⁰¹²¹⁰
421 2227 555 2268 nem
584 2211 752 2285 impii
781 2210 999 2283 requiri
1035 2214 1224 2266 actum
1258 2206 1393 2265 fidei
1413 2227 1425 2270 ;
1448 2223 1566 2264 non
1587 2211 1783 2263 tamen

419 2292 692 2359 sufficere,
744 2292 842 2349 sed
887 2292 1125 2363 insuper
1168 2288 1484 2346 desiderari
1526 2288 1781 2361 aliquam

210 2374 390 2469 {2333
420 2374 734 2432 voluntatis
795 2373 1187 2446 operationem
1208 2414 1221 2428 .
1293 2369 1592 2428 Conclusio
1666 2369 1787 2424 haec

204 2486 260 2517 ex
274 2474 408 2532 scrip·
421 2455 605 2528 quoad
635 2458 937 2525 utramque
959 2460 1180 2527 partem
1208 2456 1291 2510 est
1316 2451 1387 2508 de
1425 2449 1557 2518 fide,
1590 2455 1647 2508 et
1671 2450 1785 2506 late

251 2529 356 2568 ¹⁰¹²·
422 2537 563 2595 solet
589 2535 811 2593 ostendi
841 2552 875 2592 a
897 2535 1230 2594 Doctoribus
1259 2533 1563 2592 Catholicis
1587 2536 1787 2589 contra

424 2616 716 2673 haereticos
743 2617 923 2672 nostri
952 2616 1248 2689 temporis,
1276 2615 1478 2671 Prima
1504 2614 1625 2687 ejus
1655 2627 1786 2684 pars

211 2707 256 2746 S·
276 2705 406 2747 uarc.
424 2702 641 2755 constat
664 2695 962 2754 evidenter
989 2714 1061 2754 ex
1087 2697 1404 2769 scriptura3
1436 2709 1573 2750 nam
1601 2692 1788 2751 Marci

209 2755 396 2798 ⁸⁹³⁰³¹¹‘
427 2779 527 2836 alt.
561 2777 808 2834 dicitur:
841 2777 953 2849 Oui
984 2795 1094 2833 non
1120 2777 1425 2841 crediderit,
1456 2774 1787 2831 condemna—

426 2861 594 2917 bitur.
629 2861 697 2916 Et
721 2861 885 2917 Joan.
927 2861 946 2916 l
980 2882 992 2916 :
1018 2859 1181 2916 Dedit
1206 2861 1285 2915 eis
1299 2851 1619 2932 potestatem
1643 2856 1788 2929 filios

426 2941 532 2999 Dei
569 2943 708 3014 fieri,
741 2942 828 2996 his
853 2943 948 3019 qui
973 2941 1196 2997 credant
1223 2943 1285 2996 in
1311 2943 1528 2995 nomine
1552 2941 1686 3011 ejus,
1719 2939 1789 2992 Et

426 3038 545 3096 cap.
572 3024 634 3077 3:
662 3022 774 3095 Qui
799 3040 906 3078 non
927 3023 1095 3078 credit
1115 3024 1177 3077 in
1195 3039 1337 3087 eum,
1358 3022 1484 3093 jam
1500 3021 1789 3093 judicatus

209 3099 279 3193 ἐξ
291 3099 410 3191 {⁴13}
425 3111 522 3160 est.
565 3103 651 3159 Ad
679 3106 846 3160 Rom.
878 3104 913 3158 5
940 3124 953 3159 ε
981 3102 1284 3174 Justificati
1309 3120 1382 3157 em
1404 3103 1526 3171 fide.
1557 3100 1644 3157 Ad
1672 3102 1787 3157 He-

231 3197 393 3242 concil.
427 3187 607 3245 braeos
661 3190 755 3242 ll:
788 3185 925 3244 Sine
960 3186 1064 3258 fide
1102 3184 1428 3258 impossibile
1465 3191 1540 3240 est
1571 3184 1791 3258 placere

112 3256 115 3261 ’
212 3251 407 3292 Laterau.

212 3297 394 3391 3333&
425 3269 586 3408 lDeo.L
591 3269 756 3327 Unde
784 3270 913 3361 haec·
935 3268 1150 3325 veritas
1186 3268 1466 3362 asseritur
1493 3267 1557 3323 in
1584 3267 1789 3324 Conci-

228 3396 383 3491 fflssz
423 3348 1425 3501 ’ἕῗῑηῑῗὲῗζαὲἶῗῗ’ἶῗῑιᾶειῗζῗᾞξζθᾎ
1451 3347 1790 3505 ἒξρῗέῗιῐῗ

423 3522 474 3572 et
498 3534 624 3572 can.
655 3517 709 3584 3,
743 3522 799 3572 et
839 3515 901 3571 in
931 3513 1204 3589 Symbolo
1244 3517 1307 3570 D.
1337 3514 1657 3582 Athanasii,
1688 3513 1787 3570 ubi

424 3595 675 3653 dicitur:
717 3595 845 3654 Haee
880 3602 957 3652 est
983 3597 1113 3668 fides
1138 3596 1426 3661 catholica,
1471 3614 1640 3672 quam
1678 3597 1791 3651 nisi

423 3679 671 3752 fideliter,
721 3682 1056 3757 firmiterque
1099 3678 1407 3746 crediderit,
1448 3680 1638 3735 salvus
1681 3696 1791 3736 esse

423 3780 533 3818 non
553 3763 771 3835 poterit.

498 3846 554 3901 6.
587 3843 802 3900 Deinde
824 3842 1099 3916 probatur
1122 3844 1364 3911 ratione,
1389 3861 1564 3917 quam
1586 3846 1650 3901 D.
1677 3845 1784 3902 Th.

426 3926 486 3981 in
506 3942 663 3998 prees.
695 3931 805 3980 art.
835 3925 890 3990 4,
916 3924 996 3980 sic
1018 3925 1286 3997 proponit
1311 3946 1324 3981 :
1361 3947 1386 3978 α
1429 3929 1576 3982 Deus
1598 3930 1792 3982 movet

432 4028 459 4060 α
502 4005 763 4063 animam
803 4005 1060 4062 hominis
1112 4006 1500 4065 convertendo
1549 4021 1676 4063 eam
1719 4004 1790 4063 ad

435 4112 462 4143 α
499 4090 773 4161 seipsum,
808 4093 869 4143 ut
895 4088 1106 4145 dicitur
1146 4091 1206 4145 in
1228 4091 1429 4162 psalm.
1462 4091 1553 4156 84,
1583 4105 1792 4145 secun-

414 4186 457 4224 ·«
498 4169 637 4225 dum
668 4169 844 4225 aliam
886 4170 1160 4235 litteram,
1193 4172 1341 4226 Deus
1380 4174 1439 4225 tu
1480 4184 1791 4227 conversus

430 4273 457 4305 α
493 4248 814 4307 vivificabis
843 4266 946 4307 nos
973 4271 986 4306 :
1009 4256 1068 4307 et
1084 4249 1213 4310 ideo
1235 4250 1305 4307 ad
1320 4247 1790 4323 justificationem

430 4356 458 4387 α
499 4331 669 4405 impii
694 4333 1010 4404 requiritur
1031 4339 1218 4390 motus
1246 4334 1472 4401 mentis,
1504 4350 1614 4406 quo
1651 4349 1792 4391 con-

429 4436 456 4467 «
501 4414 747 4471 vertitur
775 4415 838 4470 in
865 4417 1067 4472 Deum.
1098 4416 1298 4473 Prima
1327 4419 1519 4471 autem
1547 4430 1791 4471 conver-

432 4517 459 4548 «
500 4495 586 4551 sio
634 4496 695 4551 in
741 4497 921 4553 Deum
969 4494 1034 4553 fit
1079 4513 1180 4571 per
1223 4495 1427 4563 fidem,
1476 4495 1790 4553 secundum

432 4596 458 4629 α
503 4573 650 4632 illud
679 4575 749 4633 ad
775 4576 942 4635 Hebr.
982 4580 1039 4634 ll
1073 4602 1086 4635 ι
1116 4576 1490 4636 Accedentem
1513 4577 1583 4634 ad
1610 4580 1788 4635 Deum

434 4679 462 4712 α
504 4661 726 4731 oportet
751 4658 999 4728 credere,
1031 4658 1163 4732 quia
1203 4664 1304 4716 est.
1341 4661 1409 4714 Et
1434 4658 1562 4716 ideo
1602 4663 1792 4715 motus

432 4760 459 4793 α
500 4739 636 4797 fidei
651 4741 967 4814 requiritur
978 4738 1049 4797 ad
1064 4739 1531 4814 justificationem
1548 4739 1734 4813 impii.
1757 4760 1784 4791 υ

503 4821 910 4889 confirmatur,
943 4827 1000 4879 et
1025 4821 1382 4887 declaratur:
1410 4821 1545 4897 quia
1573 4820 1643 4878 ad
1666 4820 1792 4895 jus-

427 4904 798 4963 tificationem
854 4906 1020 4979 impii
1077 4906 1412 4980 requiritur,
1469 4902 1619 4977 quod
1671 4905 1793 4979 ejus

427 4987 696 5043 voluntas
722 4992 1093 5045 convertatur
1133 4988 1196 5045 in
1225 4991 1406 5046 Deum
1444 4991 1794 5059 supernatu-

433 5068 615 5124 ralem
640 5065 837 5136 finem,
871 5085 904 5125 a
929 5084 1041 5141 quo
1069 5084 1169 5142 per
1197 5075 1484 5142 peccatum
1513 5067 1788 5135 discessit,

228 3855 392 3952 ffiss.

1895 580 1959 634 ut
2001 574 2197 632 statim
2239 573 2529 630 dicemus:
2561 570 2659 629 sed
2699 567 2895 627 omnis
2930 569 3124 622 motus
3160 576 3267 618 vo·-

1898 655 2136 712 luntatis
2180 653 2452 726 supponit
2503 651 2892 726 cognitionem
2941 645 3272 703 intellectus

1900 736 2271 811 proponentis
2297 735 2606 808 objectum:
2647 740 2703 789 et
2729 730 2982 805 cognitio
3023 726 3125 783 Dei
3164 740 3267 781 su-

1902 817 2286 892 pernaturalis
2325 814 2462 871 finis
2489 830 2608 870 non
2637 812 2882 869 habetur
2923 825 3023 883 per
3064 809 3268 864 lumen

1901 900 2196 964 naturale,
2239 896 2338 954 sed
2386 912 2486 969 per
2540 896 2741 951 lumen
2789 891 2961 949 fidei:
3014 903 3151 964 ergo
3195 889 3269 945 ad

1896 980 2363 1056 justificationem
2393 976 2560 1049 impii
2590 974 2800 1048 aliquis
2827 972 2960 1029 fidei
2989 977 3145 1028 actus
3165 968 3270 1027 de-

1902 1060 2220 1117 sideratur.
2277 1057 2438 1123 Quod
2497 1055 2781 1113 motivum
2851 1052 3036 1126 tangit
3092 1051 3270 1108 etiam

1902 1143 1965 1195 D.
1993 1140 2198 1198 Thom.
2231 1139 2353 1194 loco
2377 1135 2640 1209 proxime
2660 1134 2832 1190 citato
2858 1135 2919 1187 in
2946 1148 3085 1203 resp.
3111 1131 3186 1186 ad
3209 1132 3267 1197 2,

1905 1220 2003 1278 ubi
2051 1222 2167 1277 ait:
2214 1221 2321 1277 Per
2358 1219 2718 1289 coynitionem
2757 1213 3072 1269 naturalem
3111 1212 3272 1268 Ιιοηιο

1905 1320 2014 1358 non
2061 1303 2397 1358 convertitur
2447 1300 2508 1353 in
2553 1296 2747 1362 Deum,
2778 1294 2841 1349 in
2885 1301 3156 1371 quantum
3194 1300 3273 1348 est

1905 1385 2166 1458 objectum
2181 1381 2556 1452 beatitudinis,
2572 1388 2621 1435 et
2625 1381 2658 1450 j
2662 1379 3046 1448 ustificationis
3060 1392 3228 1431 causa
3252 1395 3266 1430 :

1908 1467 2050 1522 unde
2075 1466 2207 1521 talis
2230 1464 2464 1535 coquitio
2505 1477 2616 1516 non
2654 1459 2857 1531 suffieit
2896 1458 2972 1512 ad
2987 1457 3270 1528 justifica—

1910 1550 2127 1604 tionem.
2174 1548 2284 1603 Per
2323 1543 2472 1620 quod
2512 1541 2838 1600 excluditur
2864 1540 3064 1612 opinio
3107 1541 3274 1613 Vegae
3311 1544 3443 1597 Vea-

1911 1629 2004 1685 lib.
2029 1630 2084 1695 6,
2115 1629 2179 1682 de
2201 1625 2505 1691 Justificat.
2535 1641 2658 1697 cap.
2690 1624 2726 1676 2
2751 1629 2799 1677 et
2824 1638 2931 1697 seq.
2967 1620 3276 1677 asserentis

1911 1709 2082 1767 fidem
2109 1709 2612 1782 supernaturalem
2643 1719 2760 1760 non
2781 1718 2903 1759 esse
2926 1700 3067 1758 adeo
3091 1715 3276 1758 neces-

1911 1791 2125 1847 sariam
2172 1788 2243 1846 ad
2282 1786 2770 1862 justificationem,
2809 1781 2950 1855 quin
2999 1784 3125 1838 sine
3172 1781 3276 1836 illa
3363 1839 3366 1842 ,

1913 1873 2102 1929 valeat
2141 1871 2356 1943 impius
2396 1866 2698 1942 justificari
2732 1863 3050 1922 secundum
3091 1864 3274 1935 legem

1914 1953 2277 2013 ordinariam
2298 1952 2361 2007 in
2383 1951 2576 2024 aliquo
2605 1944 3072 2004 extraordinario
3097 1959 3276 2000 even-

1915 2041 1993 2101 tu,
2021 2038 2220 2106 utputa
2258 2033 2549 2105 supposita
2588 2027 2917 2105 ignorantia
2945 2022 3275 2080 invincibili

1916 2114 2326 2190 mysteriorum
2374 2111 2540 2168 fidei.
2594 2109 2754 2176 Quod
2795 2108 2972 2165 etiam
3013 2105 3279 2163 docuerat

1916 2200 2080 2256 Sotus
2119 2196 2212 2254 lib.
2255 2199 2293 2252 2
2330 2196 2393 2250 de
2431 2202 2658 2259 natura,
2690 2201 2739 2247 et
2766 2192 2975 2262 qratia,
3007 2205 3125 2259 cap.
3187 2189 3272 2252 11,
3327 2181 3476 2226 3⁰2²*-

1918 2283 1979 2339 in
2004 2281 2185 2355 priori
2211 2279 2482 2337 editione.
2515 2280 2798 2334 Caeterum
2829 2274 2891 2329 in
2922 2273 3050 2328 aliis
3076 2268 3277 2326 editio-

1919 2365 2109 2431 nibuS,
2133 2367 2271 2422 etin
2297 2365 2348 2428 4,
2380 2364 2507 2417 dist.
2543 2364 2589 2426 1,
2620 2367 2801 2438 quast.
2828 2361 2881 2424 2,
2909 2363 3018 2412 art.
3047 2356 3100 2418 3,
3129 2354 3277 2409 hanc

1918 2448 2262 2505 sententiam
2294 2443 2639 2508 retractavit,
2669 2447 2727 2498 et
2750 2438 2983 2513 quidem
3026 2436 3234 2492 merito
3261 2450 3276 2485 :

1921 2545 2056 2586 nam
2098 2528 2427 2587 testimonia
2452 2540 2627 2598 supra
2667 2524 2848 2579 relata
2880 2520 3047 2576 illam
3074 2532 3282 2589 excep—

1920 2610 2136 2668 tionem
2166 2625 2284 2666 non
2321 2607 2682 2682 permittunt.

1992 2695 2048 2748 7.
2093 2690 2199 2748 Sed
2228 2690 2500 2765 objicies:
2543 2702 2679 2743 nam
2720 2686 2769 2740 si
2813 2681 2883 2739 ad
2917 2679 3284 2754 justificatio-
3323 2687 3482 2741 Obiec-

1922 2791 2055 2832 nem
2083 2774 2252 2848 impii
2291 2772 2684 2845 requireretur
2723 2773 2877 2824 actus
2915 2764 3068 2828 fidei,
3110 2761 3284 2818 debe-
3350 2739 3432 2783 ²¹⁰·

1923 2858 2311 2933 ret‘attingere
2335 2856 2530 2914 omnia
2555 2851 2873 2913 credibilia,
2901 2864 3033 2905 cum
3065 2861 3181 2903 non
3209 2845 3287 2901 sit

1922 2943 2108 3016 major
2125 2942 2270 2997 ratio
2286 2938 2356 2996 de
2373 2953 2683 3011 uno,quam
2700 2936 2769 2992 de
2784 2934 2900 2989 alio
2919 2930 3047 2988 :sed
3068 2928 3287 3001 impius

1923 3024 1986 3079 in
2013 3020 2253 3077 instanti
2275 3017 2700 3092 justificationis
2731 3030 2846 3071 non
2875 3013 3032 3070 valet
3059 3009 3127 3067 ad
3155 3025 3286 3066 om-

1923 3103 2024 3161 nia
2062 3100 2361 3159 credibilia
2388 3099 2699 3162 attendere,
2745 3096 2837 3151 vel
2878 3090 3152 3151 omnibus
3192 3106 3287 3146 as-

1921 3185 2177 3242 sentire:
2207 3198 2344 3257 ergo
2384 3180 2452 3238 ad
2476 3177 2944 3255 justificationem
2967 3173 3138 3247 impii
3168 3187 3287 3229 non

1925 3267 2242 3341 requiritur
2268 3269 2423 3322 actus
2449 3262 2603 3320 fidei.
3123 3287 3128 3293 ·
3393 3295 3406 3317 .

1999 3339 2395 3414 Respondetur
2447 3332 2805 3395 concedendo
2851 3333 3143 3405 sequelam
3198 3329 3506 3385 in—Dilnim·

1922 3424 2208 3481 tellectam
2248 3420 2318 3477 de
2345 3418 2684 3492 attingentia
2725 3414 2991 3473 omnium
3033 3409 3283 3468 credibi-

1925 3505 2071 3560 lium
2093 3502 2197 3559 sub
2226 3502 2447 3558 ratione
2466 3498 2761 3557 communi
2785 3494 3113 3561 credibilis;
3144 3507 3281 3548 nam

1923 3604 1990 3645 eo
2018 3588 2160 3660 ipso,
2204 3582 2354 3657 quod
2393 3583 2521 3656 quis
2558 3581 2738 3638 credit
2780 3580 2945 3641 hanc,
2982 3579 3074 3633 vel
3116 3577 3282 3632 illam

1923 3669 2228 3727 veritatem
2281 3665 2353 3722 ob
2406 3665 2812 3722 authoritatem
2865 3660 2965 3717 Dei
3017 3659 3279 3725 dicentiS,

1924 3750 2104 3808 credit
2123 3747 2471 3814 virtualiter,
2492 3748 2631 3804 etin
2658 3743 2843 3801 animi
2869 3738 3283 3814 praeparatione

1923 3832 2122 3891 omnia
2149 3829 2468 3888 credibilia.
2501 3825 2772 3902 Neganda
2788 3830 2979 3881 autem
2999 3828 3097 3884 est,
3118 3821 3165 3875 si
3184 3820 3283 3875 in-

1925 3915 2218 3989 telligatur
2244 3911 2314 3968 de
2334 3912 2620 3984 explicita,
2646 3913 2702 3965 et
2729 3907 2962 3965 formali
2993 3904 3288 3977 attingen-

1925 3999 2004 4054 tia
2050 3997 2454 4072 cujuscumque
2493 3990 2754 4049 veritatis
2802 3990 3103 4048 revelatae:
3146 4002 3290 4042 nam

1924 4088 2202 4154 quantum
2232 4078 2302 4136 ad
2343 4079 2447 4135 hoc
2489 4090 2606 4132 non
2652 4078 2737 4131 est
2781 4072 2978 4129 eadem
3024 4070 3170 4128 ratio
3217 4069 3298 4127 de

1925 4163 2195 4220 omnibus
2256 4157 2673 4218 credibilibus:
2742 4153 3006 4228 quaedam
3077 4153 3300 4226 quippe

1924 4250 2077 4311 sunt,
2132 4259 2379 4317 quorum
2430 4239 2613 4314 magis
2651 4236 2922 4309 explicita
2968 4234 3170 4292 notitia
3218 4233 3295 4289 ad

1918 4324 2386 4399 justificationem
2401 4320 2779 4383 desideratur,
2804 4324 2863 4373 ut
2879 4317 3096 4389 optime
3109 4316 3298 4389 signi·

1925 4409 2115 4467 ficavit
2145 4411 2210 4463 D.
2232 4408 2439 4464 Thom.
2464 4406 2575 4461 loco
2597 4406 2765 4460 citato
2788 4403 2846 4456 in
2866 4416 3105 4471 respons.
3132 4399 3210 4453 ad
3229 4398 3288 4461 3.

1924 4491 2023 4549 ubi
2062 4487 2251 4547 eidem
2286 4486 2588 4563 obJ‘ectioni
2630 4482 2878 4542 occurrit
2917 4480 3008 4536 his
3047 4477 3242 4536 verbis
3273 4500 3291 4533 ε

1931 4596 1958 4629 α
1998 4569 2333 4634 Dicendum,
2378 4566 2526 4641 quod
2551 4566 2698 4622 sicut
2723 4563 3023 4637 Apostolus
3052 4559 3187 4615 dicit
3214 4556 3291 4614 ad

1931 4676 1958 4710 α
1997 4653 2153 4712 Rom.
2195 4652 2266 4706 4:
2296 4647 2559 4706 Credenti
2609 4647 2672 4703 in
2716 4661 2849 4702 eum
2890 4643 2988 4716 qui
3011 4637 3291 4714 justificat

1932 4759 1957 4793 α
2002 4735 2269 4809 impium,
2303 4730 2663 4805 reputabitur
2709 4726 2848 4784 fides
2886 4724 2956 4783 ad
2997 4723 3293 4799 justitiam

1930 4840 1956 4873 α
1998 4816 2314 4875 secundum
2367 4812 2722 4888 propositum
2774 4809 2974 4884 gratiae
3025 4806 3143 4864 Dei.
3204 4806 3292 4860 Ex

1932 4923 1957 4957 α
1998 4915 2110 4974 quo
2150 4901 2319 4971 patet,
2364 4895 2514 4970 quod
2559 4892 2623 4948 in
2663 4891 3068 4967 justificatione
3116 4886 3296 4960 impii

1932 5005 1958 5037 α
2001 4979 2317 5055 requiritur
2343 4983 2499 5035 actus
2539 4973 2691 5038 fidei,
2722 4978 3003 5046 quantum
3045 4969 3115 5028 ad
3158 4969 3286 5034 hoc,

1932 5087 1958 5118 α
1999 5061 2148 5138 quod
2178 5062 2350 5121 homo
2376 5057 2569 5117 credat
2595 5060 2774 5112 Deum
2803 5071 2926 5112 esse
2947 5051 3293 5130 justificato-

3159 5148 3289 5194 tem
