3647 5753
278 3219 434 3262 conflr-

286 3274 433 3311 utatur.

478 347 549 399 24

633 544 658 575 «
688 521 777 577 Fit
803 537 985 588 mora,
1013 537 1130 578 non
1157 520 1341 577 causis
1372 535 1578 592 anceps
1597 532 1841 592 suspen-

710 618 736 648 «
764 595 922 652 ditur
953 596 1109 651 ullis,

633 693 658 723 «
684 673 797 726 Nec
822 669 971 742 quod
1004 670 1125 726 sola
1153 674 1353 742 potest,
1377 684 1515 725 cura
1550 666 1842 740 officioque

704 767 730 795 «
761 743 1021 801 ministri

631 842 656 871 «
689 819 1022 891 Exequitur,
1042 817 1349 885 famulisve
1376 817 1560 873 vicem
1582 816 1842 873 commit-

705 915 731 945 α
761 894 831 949 tit
853 891 1060 967 agendi
1096 912 1108 946 ε

629 992 654 1022 «
684 968 788 1033 Qui
820 966 1065 1040 quanvis
1094 966 1276 1021 multa
1300 964 1648 1021 admoneant
1668 980 1841 1019 man-

703 1064 729 1093 «
757 1041 888 1097 data
916 1040 1190 1107 vocantis,

631 1139 657 1168 «
689 1116 948 1179 Pulsant,
983 1129 1100 1171 non
1141 1114 1362 1171 intrant
1415 1113 1660 1169 animas.
1694 1115 1842 1168 Deus

706 1212 733 1243 α
760 1204 896 1262 ergo
921 1190 1172 1260 sepultos

631 1288 657 1317 «
686 1263 946 1330 Suscitat,
991 1268 1045 1318 et
1089 1262 1265 1320 solvit
1315 1261 1523 1336 peccati
1570 1260 1841 1333 compede

704 1361 730 1391 ιι
762 1338 1002 1394 vinctos

636 1437 660 1465 «
694 1413 795 1469 Ille
820 1410 1136 1468 obscuratis
1160 1411 1256 1467 dat
1281 1405 1549 1468 cordibus
1580 1409 1843 1467 intellec-

632 1586 657 1614 «
687 1492 933 1618 I‘slgmexelx·
966 1558 1194 1632 injustis
1259 1560 1440 1633 justos
1485 1557 1651 1626 facit,
1693 1557 1843 1614 indit

706 1658 732 1687 α
762 1649 1038 1699 amorem,

633 1734 658 1763 «
689 1713 810 1775 Quo
873 1707 1199 1764 redametur
1249 1722 1451 1763 amans
1479 1727 1491 1762 :
1545 1712 1598 1764 et
1654 1722 1838 1773 amor,

705 1807 731 1837 α
761 1798 929 1856 quem
955 1781 1220 1845 conserit,
1268 1782 1389 1853 ipse
1414 1786 1519 1837 est.

632 1882 656 1911 α
688 1860 851 1913 Hunc
890 1856 1079 1929 itaque
1125 1854 1407 1922 effectum,
1448 1871 1560 1927 quo
1605 1860 1844 1910 sumunt

709 1954 735 1985 «
766 1934 993 1987 mortua
1020 1930 1223 1996 vitam,

631 2031 655 2057 a
685 2009 806 2072 Quo
854 2004 1103 2062 tenebrae
1130 2003 1279 2060 fiunt
1326 2005 1543 2069 lumen,
1575 2018 1686 2075 quo
1725 2002 1843 2058 im-

703 2104 730 2134 «
773 2078 991 2136 munda
1019 2080 1326 2144 nitescunt,

633 2179 658 2208 α
689 2158 811 2221 Quo
835 2154 996 2210 stulti
1018 2169 1219 2226 sapere
1261 2153 1568 2225 incipiunt,
1593 2151 1845 2226 aegrique

704 2252 730 2283 «
760 2230 1073 2286 valescunt.

630 2328 655 2357 «
690 2307 871 2361 Nemo
895 2303 996 2359 alii
1023 2301 1119 2358 dat
1152 2325 1166 2369 ς
1198 2317 1369 2358 nemo
1395 2299 1505 2356 sibi
1536 2321 1549 2355 ε
1580 2315 1697 2356 non
1720 2299 1845 2356 lite·

710 2399 734 2430 «
768 2393 833 2434 ra
860 2378 1017 2451 legiS,

630 2473 655 2504 «
686 2453 799 2507 Nec
828 2450 1109 2506 naturalis
1146 2449 1450 2521 sapientia,
1497 2463 1621 2521 quae
1664 2447 1844 2504 semel

705 2546 729 2573 a
773 2529 896 2580 acta

636 2621 660 2651 α
692 2601 758 2654 In
805 2604 1049 2670 praeceps
1090 2595 1202 2651 labi
1262 2597 1442 2661 novit,
1501 2606 1846 2669 consurgere

711 2695 736 2724 «
769 2671 963 2727 nescit.
995 2691 1021 2721 n

557 2777 692 2839 Quae
726 2772 1006 2838 doctrina,
1035 2777 1093 2827 ut
1136 2773 1198 2829 in
1227 2773 1492 2847 margine
1519 2771 1839 2840 adnotatur,

474 2854 774 2928 desumpta
799 2860 885 2913 est
902 2870 975 2912 ex
1000 2856 1064 2913 D.
1092 2857 1412 2929 Augustino
1433 2856 1552 2912 loco
1580 2854 1844 2929 proxime

471 2940 641 2994 citato
690 2938 753 2993 de
796 2939 1038 3011 pradest.
1079 2935 1190 2994 SS.
1236 2943 1289 2993 et
1343 2936 1594 3010 procedit
1642 2942 1845 2994 contra

474 3021 849 3084 collatorem,
908 3025 963 3076 et
1010 3019 1154 3076 alios
1212 3019 1718 3093 SemipelagianOS,
1787 3024 1844 3075 et

473 3102 1065 3175 semipelagianorum
1100 3100 1391 3173 reliquias,

545 3181 1331 3255 36.Confirmatur,quoniam
1339 3183 1501 3256 juxta
1516 3182 1840 3239 doctrinam

472 3264 809 3336 Scripturae,
854 3269 910 3320 et
960 3266 1193 3338 August.
1224 3265 1410 3339 gratia
1465 3265 1670 3321 collata
1721 3263 1843 3320 illis

470 3345 567 3416 qui
593 3361 823 3417 prorsus
846 3343 1188 3418 indispositi,
1216 3351 1272 3401 et
1298 3345 1724 3417 inattemperati
1746 3345 1841 3401 vi·-

472 3422 754 3480 debantur
798 3423 869 3480 ad
910 3423 1267 3497 sequendam
1298 3426 1396 3481 Dei
1450 3425 1833 3493 vocationem,

470 3520 566 3560 eos
612 3504 786 3561 traxit
812 3503 882 3559 ad
927 3520 1284 3564 consensum,
1341 3510 1505 3577 atque
1553 3503 1680 3561 ideo
1731 3504 1839 3560 fuit

471 3602 740 3661 congrua,
793 3593 849 3643 et
875 3585 1069 3642 efficax
1103 3607 1117 3641 ε
1170 3603 1203 3642 e
1240 3591 1440 3642 contra
1491 3601 1627 3643 vero
1652 3587 1839 3660 gratia

474 3666 895 3723 communicata
922 3665 1060 3730 illie,
1093 3666 1191 3737 qui
1236 3666 1461 3722 nullam
1491 3665 1839 3723 videbantur

473 3746 684 3804 habere
697 3747 1213 3820 indispositionem,
1229 3753 1285 3802 et
1300 3747 1833 3820 improportionem,

474 3831 532 3882 ut
587 3828 699 3883 Deo
748 3825 1175 3900 responderent,
1206 3827 1357 3899 ipsos
1403 3826 1473 3883 ad
1495 3844 1836 3885 consensum

474 3923 590 3963 non
620 3907 794 3962 traxit
824 3932 838 3974 ;
870 3923 931 3963 ac
960 3906 1198 3979 proinde
1244 3907 1353 3962 fuit
1379 3923 1496 3964 non
1523 3907 1737 3973 efficax,
1781 3913 1838 3964 et

475 4002 593 4043 non
637 4002 908 4060 congrua.
943 3989 1089 4062 Ergo
1114 3988 1362 4062 gratiam
1388 4003 1509 4044 esse
1529 3987 1831 4051 efficacem,

473 4069 565 4124 vel
618 4066 978 4135 inefficacem,
1012 4082 1128 4125 non
1174 4066 1435 4124 consistit
1463 4068 1526 4123 in
1578 4083 1660 4134 eo,
1684 4067 1835 4140 quod

472 4147 761 4204 tribuatur
804 4148 864 4204 in
890 4163 957 4203 ea
985 4149 1295 4212 occasione,
1329 4146 1391 4202 in
1431 4163 1543 4219 qua
1585 4147 1836 4205 liberum

471 4227 782 4285 arbitrium
828 4227 937 4299 ipsi
986 4231 1414 4300 attemperatur‚
1458 4226 1552 4283 vel
1587 4243 1706 4284 non
1746 4234 1837 4284 at-

471 4315 844 4383 temperatur‚
869 4307 1222 4365 Antecedens
1237 4307 1419 4380 quoad
1443 4308 1695 4380 primam
1709 4326 1837 4383 par-

472 4396 587 4449 tem
609 4391 880 4448 suadetur
906 4391 1170 4462 exemplo
1193 4392 1258 4445 D.
1292 4390 1475 4455 Pauli,
1502 4390 1598 4462 qui
1621 4390 1837 4450 divinae

471 4473 672 4547 gratiae
715 4471 1007 4545 respondit
1048 4470 1111 4526 in
1167 4486 1234 4526 ea
1261 4470 1572 4537 occasione,
1623 4471 1684 4527 in
1724 4488 1837 4544 qua

470 4553 785 4610 secundum
845 4567 1046 4611 omnes
1091 4549 1491 4622 dispositiones
1545 4555 1837 4611 naturales

472 4632 774 4690 videbatur
802 4633 983 4707 magis
1022 4631 1569 4703 improportionatus
1615 4632 1836 4690 adeam

262 4712 951 4786 maala-consequendam.
987 4710 1151 4769 Unde
1177 4711 1297 4784 ipse
1325 4711 1394 4768 ad
1436 4714 1664 4770 Galatas
1710 4732 1831 4788 cap.

303 4785 364 4820 185
385 4783 417 4820 l.

481 4798 530 4862 l,
577 4794 767 4868 inquit
799 4816 812 4850 ε
867 4792 1011 4851 Cum
1042 4792 1268 4865 placuit
1315 4794 1382 4860 ei,
1414 4797 1511 4871 qui
1538 4812 1620 4849 me
1660 4812 1837 4865 seqre-

468 4877 623 4946 ‚qavt't
637 4892 710 4930 cae
728 4883 880 4931 utero
899 4875 1098 4930 matris
1118 4891 1258 4939 meat,
1287 4880 1337 4928 et
1358 4878 1573 4932 vocavit
1594 4894 1694 4950 per
1698 4893 1838 4948 ,qra-

473 4960 615 5014 tiam
654 4974 833 5013 suam.
865 4959 994 5013 Non
1042 4954 1230 5010 dixit:
1281 4953 1424 5013 Cum
1469 4965 1586 5014 crat
1629 4967 1838 5035 tempus

1517 342 1608 395 DE
1647 340 1915 396 GRA'rlA
1958 335 2299 391 EFFICACI.

1972 521 2356 589 opportunum,
2400 511 2618 590 qnando
2670 514 3059 580 attemperatus
3129 508 3363 579 sueram-

1972 595 2077 652 Dei
2094 595 2304 665 qratia,
2337 599 2467 648 tunc
2486 609 2568 647 me
2594 592 2810 645 vocavit
2838 608 2858 657 ,·
2877 587 2974 645 sed
3011 592 3195 644 totum
3247 586 3362 643 hoc

1974 674 2269 749 negotium
2297 672 2368 729 ad
2417 671 2841 744 beneplacitum
2870 668 3085 726 divinae
3131 668 3359 723 volun-

1973 756 2106 812 tatis
2169 753 2461 820 reducens,
2520 752 2662 809 Cum
2729 752 2958 825 placuit,
3032 748 3241 822 inquit,
3301 750 3359 804 εἰ

1973 838 2193 891 vocanti
2221 852 2303 890 me
2326 852 2421 907 per
2436 836 2681 904 qratiam
2700 849 2879 888 suam.
2907 829 3074 886 Unde
3100 833 3346 903 August.

1975 917 2034 971 in
2059 915 2152 972 lib.
2183 915 2247 970 de
2268 915 2475 983 qratia,
2502 912 2672 968 libero
2692 912 2943 977 arbitrio,
2976 927 3097 982 cap.
3128 912 3183 975 5,
3215 909 3344 964 ait:

1980 995 2052 1053 Ue
2077 995 2140 1050 de
2160 994 2288 1049 coelo
2313 1001 2617 1058 vocaretur,
2651 1000 2698 1047 et
2728 999 2843 1047 tam
2884 1007 3105 1061 mayna,
3129 997 3180 1045 et
3216 991 3353 1063 effi-

1973 1077 2262 1133 caci-§sima
2339 1076 2618 1131 vocatione
2665 1079 3084 1139 converteretur,
3151 1073 3353 1140 yratia

1974 1156 2078 1213 Dei
2097 1164 2216 1213 erat
2242 1157 2357 1211 sola
2373 1174 2390 1209 .·
2418 1157 2550 1232 quia
2571 1156 2769 1209 merita
2800 1156 2917 1225 ejus
2936 1160 3093 1208 erant
3113 1168 3350 1222 mayna,

1973 1236 2065 1292 sed
2108 1236 2284 1291 mala.
2312 1234 2568 1291 Profecto
2608 1234 2655 1289 si
2684 1234 2807 1289 sola
2827 1234 3016 1307 gratia
3056 1230 3354 1304 praestitit,

1974 1322 2037 1372 ut
2056 1316 2272 1374 vocatio
2298 1316 2401 1371 illa
2423 1315 2600 1372 fuerit
2614 1313 3022 1376 efficacissima,
3040 1316 3097 1368 et
3110 1310 3350 1377 merita,

3413 837 3566 893 Dap,

3411 894 3546 955 8⁰32}-

3439 946 3538 980 ΝΒ·
3643 968 3644 999 l

1972 1396 2097 1453 sive
2123 1395 2290 1452 Pauli
2328 1393 2733 1467 dispositiones
2780 1392 3124 1466 oppositum,
3154 1406 3358 1463 quan·
3441 1456 3450 1461 .

1975 1483 2098 1533 tum
2111 1481 2233 1533 erat
2248 1474 2319 1532 de
2337 1491 2415 1541 se,
2436 1473 2739 1548 exigebant
2757 1498 2771 1540 ;
2793 1473 3058 1546 profecto,
3082 1473 3346 1543 inquam,

1974 1559 2160 1632 gratia
2207 1557 2381 1613 traxit
2436 1557 2681 1613 Paulum
2745 1554 2974 1628 quando
3040 1552 3358 1610 videbatur

1976 1637 2155 1693 nimis
2203 1636 2591 1709 indisposituS,
2644 1640 2701 1691 et
2743 1637 3213 1709 inattemperatus
3271 1633 3353 1689 ad

1973 1720 2324 1795 sequendam
2378 1720 2478 1777 Dei
2531 1719 2909 1776 vocationem.
2979 1740 3004 1770 α
3054 1716 3351 1773 Adversus

1974 1802 2183 1875 quippe
2200 1799 2402 1865 aFide,
2432 1819 2457 1850 n
2483 1798 2671 1871 inquit
2692 1798 2844 1856 idem
2863 1800 2917 1855 S.
2941 1800 3140 1855 Doctor
3160 1797 3255 1852 lib.
3276 1797 3357 1852 de

1973 1884 2216 1957 praedest.
2243 1882 2352 1940 SS.
2385 1899 2506 1954 cap.
2544 1883 2580 1936 2
2613 1902 2638 1934 «
2668 1897 2843 1953 quam
2865 1878 3146 1955 instabat,
3176 1879 3355 1951 eique

1982 1990 2008 2019 «
2040 1967 2412 2023 vehementer
2458 1981 2711 2030 aversus,
2756 1971 2989 2036 repente
3026 1967 3110 2019 est
3148 1961 3218 2019 ad
3263 1962 3352 2018 il·-

1983 2070 2008 2099 «
2040 2048 2157 2103 lam
2187 2047 2505 2119 potentiore
2544 2045 2729 2120 gratia
2750 2061 3094 2110 conversus;
3126 2049 3186 2098 ut
3224 2058 3369 2099 non·

1983 2150 2008 2181 «
2036 2128 2226 2183 solum
2267 2144 2337 2184 ex
2373 2127 2608 2183 nolente
2649 2124 2811 2182 fieret
2849 2127 3050 2182 volens
3088 2121 3344 2187 credere,

1983 2230 2008 2261 (ι
2040 2223 2245 2264 verum
2274 2208 2449 2263 etiam
2494 2222 2564 2263 ex
2588 2212 2989 2280 persequutore
3031 2219 3346 2278 persequu-

1983 2311 2008 2341 «
2040 2287 2255 2345 tionem
2285 2288 2346 2343 in
2389 2287 2510 2360 ejus
2537 2286 2717 2353 Fidei,
2765 2303 2936 2359 quam
2968 2283 3346 2359 persequeba-

1984 2392 2010 2423 «
2041 2374 2149 2436 tur,
2181 2369 2518 2426 defensione
2537 2375 2850 2441 pateretur.
2871 2371 3151 2425 Donatum
3170 2368 3344 2440 quip—

1984 2473 2009 2502 «
2041 2466 2108 2523 pe
2136 2450 2228 2506 illi
2269 2454 2394 2506 erat
2422 2466 2453 2506 a
2482 2449 2730 2515 Christo,
2765 2465 2882 2507 non
2910 2449 3096 2506 solum
3126 2453 3186 2503 ut
3222 2464 3345 2505 cre-

1984 2555 2008 2585 «
2038 2531 2197 2589 deret
2220 2533 2280 2588 in
2323 2548 2477 2598 eum,
2507 2547 2713 2588 verum
2758 2531 2933 2587 etiam
2965 2536 3024 2586 ut
3053 2534 3344 2603 pateretur

1983 2637 2007 2667 «
2041 2630 2143 2687 pro
2168 2630 2254 2671 eo,
2281 2616 2350 2668 Et
2390 2614 2517 2671 ideo
2543 2613 2952 2670 commendans
3011 2613 3179 2669 istam
3203 2629 3340 2687 gra-

1984 2716 2008 2746 «
2039 2695 2201 2758 tiam,
2234 2710 2358 2767 quae
2384 2709 2502 2750 non
2528 2691 2842 2749 secundum
2890 2693 3083 2764 aliqua
3110 2692 3338 2756 merita,

1984 2796 2009 2826 α
2050 2774 2148 2831 sed
2170 2774 2352 2831 effecit
2373 2773 2572 2830 omnia
2601 2772 2748 2830 bona
2778 2773 2986 2829 merita
3017 2794 3030 2828 ε
3057 2788 3173 2829 non
3206 2772 3345 2844 quia

1984 2878 2008 2908 «
2039 2854 2231 2913 idonei
2277 2872 2495 2924 sumus,
2554 2855 2762 2929 inquit,
2818 2854 3064 2929 cogitare
3129 2852 3345 2927 aliquid

1983 2959 2007 2989 «
2037 2938 2199 3009 quasi
2240 2953 2310 2995 ex
2339 2938 2522 3006 nobie,
2555 2938 2652 2995 sed
2691 2937 3028 2994 sufficientia
3057 2941 3248 2993 nostra
3273 2953 3346 2994 ex

1983 3042 2008 3072 α
2035 3022 2148 3076 Deo
2192 3025 2288 3076 est
2319 3041 2343 3072 ι)
2373 3020 2537 3077 Unde
2565 3022 2642 3076 ita
2665 3019 2839 3086 abest,
2875 3025 2936 3075 ut
2956 3023 3102 3075 Deus
3135 3034 3347 3076 vocans

1975 3104 2212 3159 Saulum
2234 3102 2639 3175 exploraverit,
2683 3107 2738 3159 et
2765 3102 3163 3175 expectaverit,
3195 3101 3344 3174 quod

1978 3181 2227 3239 liberum
2238 3182 2359 3255 ejus
2376 3180 2687 3237 arbitrium
2701 3182 3341 3256 attempereturgratiae,

1973 3262 2121 3335 quod
2146 3263 2332 3336 potius
2353 3263 2544 3335 ipsum
2563 3262 2852 3319 vocaverit
2864 3261 3091 3334 quando
3105 3266 3229 3319 erat
3249 3278 3349 3320 no·

1975 3344 2118 3410 lens,
2151 3341 2380 3416 quando
2416 3349 2540 3400 erat
2569 3359 2929 3416 persequens,
2959 3343 3188 3416 quando
3228 3358 3348 3400 non

1973 3429 2098 3481 erat
2111 3441 2183 3481 ex
2195 3440 2256 3481 se
2293 3423 2554 3490 idoneus,
2578 3423 2807 3496 quando
2832 3429 2956 3480 erat
2977 3424 3348 3481 vehementer

1975 3521 2212 3561 aversus
2245 3526 2258 3560 ε
2286 3503 2382 3559 ubi
2407 3504 2559 3560 nihil
2609 3503 2774 3561 nobis
2803 3503 3170 3576 relinquitur,
3192 3504 3346 3576 quod

1971 3585 2284 3659 cogitemus
2335 3585 2636 3657 praeiuisse
2659 3584 2720 3639 in
2750 3585 2930 3641 Paulo
2970 3584 3154 3655 ipsum
3182 3583 3343 3640 divi-

1974 3681 2065 3721 nae
2087 3665 2371 3721 vocationi
2414 3669 2799 3738 attemperans
2824 3688 2837 3731 ;
2866 3662 2964 3721 sed
2986 3667 3207 3718 tantum
3235 3680 3343 3737 pa-

1972 3750 2051 3802 tet
2100 3744 2170 3800 ad
2214 3748 2573 3818 potentiorem
2619 3747 2886 3815 qratiam,
2924 3751 2980 3802 et
3022 3746 3341 3819 efficacissi-

1968 3844 2119 3883 mam
2138 3829 2472 3883 vocationem
2489 3842 2770 3884 recursus.

2042 3907 2296 3965 Secunda
2334 3909 2513 3964 etiam
2561 3908 2943 3965 antecedentis
2967 3923 3097 3980 pars
3124 3915 3342 3965 constat

1969 3990 2235 4062 exemplo
2256 3989 2484 4053 Adami,
2516 3990 2614 4061 qui
2647 3990 2898 4045 maxime
2944 3994 3125 4062 aptus,
3157 3995 3213 4046 et
3253 3995 3342 4046 at-

1971 4074 2321 4142 temperatus
2361 4068 2667 4126 videbatur
2712 4067 2782 4125 ad
2807 4068 3155 4141 sequendam
3184 4086 3345 4142 pror-

1968 4165 2063 4204 sus
2084 4148 2347 4206 divinam
2372 4150 2620 4224 gratiam
2647 4174 2662 4218 ;
2686 4148 2970 4223 siquidem
2999 4150 3178 4205 nullis
3219 4166 3346 4224 age·

1970 4232 2138 4289 batur
2165 4231 2530 4305 passionibus
2555 4232 2925 4297 inordinatis,
2960 4232 3123 4289 nullo
3143 4248 3343 4289 macu-

1970 4313 2196 4372 labatur
2262 4319 2503 4387 peccato,
2550 4331 2653 4372 nec
2706 4315 2825 4370 ulla
2862 4313 3343 4371 obtenebrabatur

1971 4395 2339 4471 ignorantia:
2369 4401 2425 4452 et
2482 4393 2873 4452 nihilominus
2922 4394 3110 4467 gratia
3137 4396 3235 4451 Dei
3276 4396 3341 4451 in

1968 4491 2035 4532 eo
2073 4474 2269 4532 efficax
2304 4474 2575 4540 nonfuit,
2633 4473 2733 4531 sed
2771 4474 2882 4531 levi
2932 4478 3111 4530 tactus
3150 4479 3343 4531 tenta—

1971 4557 2127 4613 tione
2171 4555 2396 4613 desecit.
2427 4554 2594 4613 Unde
2618 4559 2855 4631 August.
2882 4555 2977 4612 lib.
3019 4557 3084 4612 de
3121 4574 3340 4629 correp-

1970 4641 2113 4696 tione
2138 4648 2188 4695 et
2246 4641 2452 4709 qratia,
2484 4657 2614 4712 cap.
2669 4641 2751 4705 12,
2797 4637 2878 4695 ait
2911 4659 2924 4694 ε
2966 4638 3212 4717 Denique
3249 4641 3343 4696 illc

1971 4720 2175 4789 Adam,
2219 4728 2268 4776 et
2317 4728 2548 4778 terrente
2598 4721 2769 4788 nullo,
2800 4727 2850 4777 et
2889 4722 3112 4794 insuper
3148 4729 3341 4779 contra

1972 4804 2074 4859 Dei
2113 4804 2363 4859 terrentis
2401 4804 2696 4876 imperium
2743 4802 2906 4859 libato
2932 4819 3064 4858 usus
3082 4801 3337 4869 arbitrio,

1970 4900 2079 4939 non
2103 4885 2249 4938 stetit
2276 4884 2337 4938 in
2363 4890 2522 4940 tanta
2547 4884 2823 4955 felicitate,
2851 4885 2910 4938 in
2926 4890 3084 4940 tanta
3109 4901 3343 4956 nonpec·

1970 4963 2136 5021 candi
2165 4965 2457 5037 facilitate.

3075 5046 3166 5102 37.
3199 5045 3341 5110 Quae

3381 4571 3530 4616 D.Au·

3383 4624 3525 4672 gusti-

3408 4682 3506 4715 nus.
