3647 5753
187 2868 199 2876 ⁴
282 2871 440 2914 counr-

473 394 596 463 206'
1509 404 1601 458 DE
1641 402 1908 458 GRAT1A
1952 403 2291 465 EFFJCACI.

479 581 569 630 tus
592 590 625 631 a
657 576 778 634 solo
805 579 918 634 Deo
951 576 1277 650 impressu5‚
1326 575 1423 632 sed
1472 592 1503 632 a
1554 575 1848 631 voluntate

491 671 553 712 se
581 663 847 718 movente
866 656 1108 713 elicitus.
1144 658 1291 713 Tum
1333 657 1528 722 etiam,
1558 657 1692 728 quia
1719 653 1848 711 ideo

492 737 728 810 ponitur
754 735 898 792 illud
927 736 1216 794 decretum
1237 754 1308 793 ex
1327 752 1407 802 se,
1439 742 1496 793 et
1528 736 1598 793 ab
1624 735 1846 792 intrin-

490 833 619 875 seco
639 816 853 883 efficax,
885 817 1018 888 quia
1040 818 1306 874 voluntas
1346 821 1533 874 creata
1557 821 1641 873 est
1680 814 1750 871 de
1786 830 1850 894 se

489 913 662 972 agens
682 897 1006 971 potentiale,
1025 905 1082 954 et
1097 897 1435 955 indifferens
1449 896 1519 953 ad
1535 896 1713 971 agend
1722 913 1842 963 um;

481 986 540 1035 et
560 979 631 1035 ab
660 986 861 1054 agente
914 981 1229 1052 potentiali,
1289 985 1345 1037 et
1395 978 1846 1035 indeterminato

485 1077 606 1118 non
635 1060 884 1135 procedit
910 1062 1296 1119 determinata
1336 1059 1612 1134 operatio,
1658 1061 1771 1116 nisi
1812 1076 1846 1116 a

485 1143 678 1215 primo
701 1148 986 1208 movente,
1008 1148 1064 1199 et
1077 1142 1498 1199 determinante
1519 1145 1839 1206 moveatur,

486 1228 544 1280 et
564 1223 880 1297 applicetur
908 1223 977 1280 ad
1007 1240 1206 1291 unum,
1255 1229 1315 1279 ut
1352 1240 1482 1280 curn
1519 1226 1839 1279 Comment.

483 1306 544 1360 in
595 1304 815 1378 Physic.
860 1313 1015 1361 textu
1054 1307 1145 1371 48,
1204 1303 1379 1360 tradit
1432 1307 1497 1360 D.
1551 1303 1755 1360 Thom.
1811 1305 1835 1359 l

484 1393 633 1459 part.
665 1393 847 1461 quaest.
881 1388 964 1452 19,
990 1394 1098 1441 art.
1131 1386 1166 1440 3
1189 1385 1316 1440 ad5
1347 1409 1360 1451 ;
1393 1383 1548 1457 atqui
1577 1385 1844 1443 voluntas

489 1466 841 1539 relinquitur
871 1466 1215 1539 potentialiS,
1265 1470 1321 1522 et
1366 1464 1838 1531 indeterminata,

482 1547 599 1603 nisi
625 1547 842 1620 aliquid
865 1547 1242 1604 intrinsecum
1269 1545 1536 1619 recipiat3
1560 1562 1689 1602 cum
1714 1546 1843 1601 nul-

479 1629 602 1684 lum
627 1628 874 1700 patiatur
902 1629 965 1685 in
991 1643 1053 1684 se
1073 1628 1469 1692 mutationem,
1500 1626 1594 1684 vel
1638 1627 1840 1684 alieta-

477 1713 593 1764 tem
623 1724 794 1783 :ergo
828 1725 946 1765 non
966 1708 1227 1772 cohaeret,
1266 1705 1601 1779 praedictum
1642 1705 1841 1763 decre-

481 1795 604 1845 turn
625 1806 746 1847 osse
768 1789 1151 1847 necessarium
1175 1787 1245 1845 ad
1261 1790 1620 1861 operationes
1637 1788 1841 1845 volun·

483 1871 664 1928 tarias
689 1877 981 1937 creaturae,
1012 1875 1070 1926 et
1107 1869 1464 1942 superfluum
1507 1884 1629 1925 esse
1670 1870 1841 1925 auxi-

482 1951 627 2007 lium
652 1951 759 2024 ipsi
794 1951 1191 2018 intrinsecum,
1222 1954 1279 2008 et
1323 1950 1634 2007 inhaerenS.
1688 1951 1837 2006 Tum

479 2039 769 2106 praeterea‚
819 2034 954 2107 quia
1005 2036 1151 2090 Deus
1203 2050 1303 2107 per
1356 2033 1501 2090 illud
1548 2032 1837 2091 decretum

476 2113 673 2170 efficax
724 2119 916 2171 movet
959 2115 1314 2171 voluntatem
1367 2112 1437 2170 ad
1484 2113 1767 2187 agendum
1821 2135 1835 2169 ε

477 2211 613 2269 ergo
668 2195 957 2269 imprimit
1003 2196 1111 2268 ipsi
1156 2195 1374 2268 aliquid
1428 2196 1712 2268 praevium
1766 2194 1837 2251 ad

483 2278 897 2348 operationem.
925 2277 1207 2335 Probatur
1233 2278 1671 2350 consequentia;
1698 2293 1835 2334 nam

480 2375 591 2432 qua
613 2365 772 2431 parte
794 2363 1004 2424 movet,
1031 2357 1195 2415 debet
1216 2359 1277 2413 in
1300 2373 1367 2414 ea
1390 2358 1617 2434 aliquid,
1632 2357 1839 2432 produ·

478 2454 624 2503 cere,
658 2440 802 2495 alias
831 2440 1094 2494 voluntas
1115 2439 1355 2494 immota
1384 2439 1710 2511 persisteret
1737 2460 1750 2493 ε
1780 2444 1836 2495 et

476 2535 590 2591 qua
613 2525 773 2592 parto
795 2523 985 2575 movet
1012 2518 1081 2575 ad
1133 2518 1438 2593 agendum,
1484 2518 1649 2575 debet
1687 2518 1834 2575 illud

478 2599 816 2673 productum
863 2601 1256 2673 operationem
1305 2600 1654 2673 praecedere;
1686 2602 1835 2658 alio-

475 2678 618 2752 quin
642 2695 757 2736 non
787 2685 1044 2736 moveret
1090 2680 1159 2735 ad
1208 2678 1512 2754 agendum,
1563 2680 1660 2737 sed
1702 2698 1833 2738 cum

476 2774 505 2814 a
547 2763 686 2815 eret.

510 2774 632 2893 gAd
663 2836 779 2893 haec
807 2857 819 2892 :
849 2838 929 2893 ita
955 2837 1016 2894 se'
1044 2835 1211 2894 habet
1246 2837 1450 2904 virtus,
1496 2839 1587 2896 vel
1634 2838 1835 2897 decre-

287 2926 430 2963 ufflwr·
476 2923 595 2974 tum
627 2917 724 2973 Dei
773 2916 842 2972 ad
877 2917 1338 2974 constituendum
1376 2919 1730 2977 voluntatem
1768 2921 1833 2977 in

475 3004 600 3057 actu
625 2999 832 3072 prim0,
860 3005 919 3055 ut
943 2999 1116 3071 possit
1164 3016 1347 3073 agere,
1397 3001 1547 3057 sicut
1575 3018 1636 3059 se
1664 3001 1832 3060 habet

472 3079 763 3137 decretum
792 3080 891 3135 Dei
920 3079 989 3136 ad
1031 3080 1402 3147 movendum,
1447 3087 1502 3139 et
1534 3083 1822 3156 applican-

470 3161 610 3216 dum
661 3161 841 3234 ipsam
893 3161 956 3216 in
998 3167 1121 3217 actu
1151 3162 1417 3230 secundo,
1452 3169 1512 3219 ut
1539 3169 1665 3238 agat
1693 3186 1705 3221 :
1733 3164 1833 3221 sed

475 3244 740 3300 voluntas
763 3243 961 3316 nequit
979 3244 1246 3301 constitui
1277 3245 1340 3301 in
1363 3251 1486 3303 actu
1518 3246 1725 3319 primo,
1773 3252 1833 3303 ut

471 3324 648 3396 possit
674 3340 857 3398 agere,
877 3340 976 3397 per
997 3324 1286 3383 decretum
1305 3327 1400 3384 Dei
1417 3327 1826 3396 extrinsecum,

473 3405 566 3460 vel
593 3421 691 3477 per
718 3405 989 3462 virtutem
1018 3405 1279 3463 divinam
1307 3408 1413 3480 ipsi
1443 3408 1822 3477 assistentem,

473 3486 726 3557 utsupra
754 3484 1108 3541 ostendimus
1132 3486 1273 3559 disp.
1306 3490 1359 3553 5,
1410 3487 1537 3544 dub.
1570 3488 1604 3543 3
1631 3512 1645 3556 ;
1695 3505 1832 3564 ergo

473 3564 671 3636 nequit
691 3566 927 3632 moveri,
956 3569 1012 3622 et
1040 3566 1315 3638 applicari
1347 3566 1409 3622 in
1459 3572 1582 3623 actu
1624 3584 1831 3627 secun-

472 3640 563 3711 do,
597 3650 657 3700 ut
679 3650 805 3720 agat
827 3663 927 3719 per
945 3647 1132 3703 solum
1161 3645 1450 3703 decretum
1479 3648 1578 3704 Dei
1601 3651 1831 3706 extrin-

470 3741 686 3783 secum.
730 3727 894 3784 Unde
944 3732 1185 3801 oportet,
1230 3728 1378 3801 quod
1429 3730 1574 3786 sicut
1620 3730 1826 3799 virtuS,

469 3821 581 3878 qua
618 3808 982 3864 constituitur
1021 3808 1083 3864 in
1136 3814 1261 3865 actu
1313 3810 1501 3882 primo
1542 3812 1825 3883 proximo,

473 3901 591 3942 non
618 3893 701 3944 est
719 3888 902 3944 virtus
924 3890 1194 3956 increata,
1215 3889 1311 3946 sed
1335 3889 1552 3963 aliquid
1574 3896 1829 3948 creatum

166 3992 190 4025 ι
260 3965 581 4043 &mom-ipsi
630 3968 937 4037 inhaerenS,
991 3975 1050 4026 ut
1082 3970 1239 4028 docet
1290 3974 1351 4027 D.
1408 3971 1613 4028 Thom.
1663 3975 1713 4039 2,
1768 3975 1823 4042 2,

471 4055 654 4124 quaest.
681 4050 770 4117 23,
802 4057 912 4106 art.
943 4051 996 4115 3,
1029 4055 1085 4107 et
1105 4052 1411 4106 statuimus
1451 4052 1572 4109 loco
1610 4052 1779 4110 citato
1811 4073 1827 4109 ε

474 4129 554 4186 ita
574 4131 766 4198 motio,
797 4136 853 4188 et
873 4132 1175 4206 applicatio
1195 4134 1432 4189 actualis
1453 4148 1572 4190 non
1610 4134 1686 4190 sit
1725 4134 1830 4192 de-

466 4215 687 4268 cretum
715 4212 1100 4269 extrinsecum
1145 4213 1264 4279 Dei,
1295 4214 1393 4270 sed
1421 4213 1638 4287 aliquid
1665 4230 1830 4272 crea-

468 4297 591 4349 tum
622 4294 931 4361 inhaerens,
981 4299 1037 4352 et
1085 4294 1465 4352 intrinsecum
1513 4297 1820 4355 voluntati.

469 4376 540 4430 Et
565 4378 700 4449 quia
730 4378 940 4434 veritas
960 4377 1130 4452 hujus
1155 4379 1491 4436 assertionis
1530 4396 1562 4436 a
1599 4380 1826 4437 fortiori

466 4455 905 4513 confirmabitur
926 4459 1296 4532 argumentis
1321 4474 1446 4531 quae
1467 4475 1570 4532 pro
1591 4474 1829 4532 sequen·

466 4536 621 4594 tibus
644 4539 1050 4612 expendemus,
1084 4539 1295 4596 idcirco
1322 4554 1464 4613 opus
1494 4556 1609 4597 non
1636 4546 1720 4598 est
1763 4541 1827 4597 in

461 4632 531 4674 ea
553 4616 874 4676 roboranda
896 4618 1144 4693 amptius
1164 4619 1492 4676 immorari.

277 4734 427 4788 Objeo-
542 4698 669 4792 291.
715 4700 828 4755 Nec
860 4699 1053 4765 refert,
1083 4699 1131 4755 si
1180 4699 1243 4755 in
1284 4698 1542 4756 savorem
1589 4699 1736 4796 Scoti
1765 4702 1827 4756 in

274 4784 425 4831 nones.
474 4778 674 4844 1,dzst.
705 4782 760 4847 2,
805 4788 984 4858 quaest.
1038 4782 1092 4848 2,
1145 4784 1177 4851 ς
1218 4779 1457 4849 ostenso,
1506 4791 1555 4838 et
1593 4784 1722 4845 (last,
1766 4785 1821 4851 8,

463 4867 648 4993 guz-st.
680 4861 734 4927 5,
774 4859 925 4930 §Ad
973 4869 1296 4932 aryumema
1341 4863 1452 4934 (cui
1504 4862 1827 4921 contrarius

506 4938 690 4995 icendi
720 4937 923 4995 modus
948 4940 1132 5014 magis
1159 4940 1395 5007 arridet,
1441 4947 1498 4999 et
1530 4943 1612 5000 sic
1650 4943 1828 5000 intel-

463 5018 666 5093 ligitur
694 5036 726 5076 a
752 5019 1067 5092 discipuliS‚
1116 5028 1178 5077 ut
1225 5022 1409 5081 videri
1453 5030 1634 5097 potest
1677 5023 1825 5098 apud

1984 576 2202 634 Fuente
2229 580 2265 634 2
2319 578 2598 653 Physicor.
2633 588 2817 659 φηςι.
2842 583 2899 649 5,
2931 580 3263 654 elimontem-ee
3282 578 3337 642 3,

1976 663 2088 712 art.
2118 658 2197 729 3,)
2218 657 2452 733 objicias
2467 664 2652 734 primo
2693 680 2711 714 .·
2739 677 2875 717 narn
2920 660 3103 733 magis
3135 657 3345 715 subor-

1976 734 2211 794 dinatur
2232 742 2497 798 voluntas
2523 747 2710 799 creata
2748 744 2881 808 Deo,
2925 755 3103 814 quam
3138 743 3341 811 poten·-

1977 816 2069 873 tiae
2119 818 2330 877 animae
2380 821 2707 878 subduntur
2772 820 3059 878 voluntati
3116 839 3130 874 :
3182 819 3341 892 atqui

1976 899 2242 958 voluntas
2270 910 2461 961 movet
2501 904 2643 960 alias
2695 903 2910 960 animae
2949 900 3234 975 potentias
3268 898 3339 955 ad

1976 982 2280 1056 agendum,
2310 987 2453 1058 quin
2480 986 2565 1042 eis
2593 986 2897 1059 imprimat
2921 982 3146 1056 aliqu-id⁴
3187 998 3339 1055 prae-

1976 1063 2136 1119 vium
2178 1062 2249 1121 ad
2294 1065 2530 1123 illarum
2578 1066 2969 1140 operationes;
3013 1061 3113 1119 sed
3158 1064 3343 1135 posito

1974 1143 2181 1201 efficaci
2209 1144 2409 1202 affectu
2439 1146 2771 1211 voluntatiS,
2797 1146 2994 1201 statim
3031 1160 3132 1217 per
3165 1149 3338 1200 natu-

1976 1224 2157 1280 ralem
2184 1226 2593 1299 sympathiam,
2627 1232 2682 1283 et
2696 1224 3231 1282 subordinationem
3252 1240 3337 1281 se-

1972 1310 2233 1377 quuntur
2260 1308 2510 1364 actiones
2534 1312 2871 1363 caeterarum
2902 1305 3291 1379 potentiarum
3318 1323 3333 1360 ε

1973 1401 2107 1461 ergo
2138 1389 2284 1444 Deus
2311 1394 2503 1445 movet
2542 1390 2895 1445 voluntatem
2937 1393 3186 1444 creatam
3232 1401 3337 1459 per

1972 1465 2499 1536 decretum‘efficax,
2524 1470 2666 1543 quin
2707 1469 2816 1542 ipsi
2868 1468 3169 1541 imprimat
3220 1467 3334 1523 ali-

1971 1547 2108 1621 quid
2137 1549 2438 1621 praevium,
2464 1554 2526 1606 ut
2556 1554 2847 1623 operetur.
2872 1548 3120 1607 Secundo
3147 1549 3335 1612 :Quo-

1934 1689 1935 1692 Ἴ
1972 1628 2130 1697 niam
2167 1630 2451 1685 auxilium
2492 1629 2686 1687 efficax
2741 1630 2892 1685 nihil
2945 1629 3333 1686 communicat

1974 1709 2252 1767 voluntati
2278 1711 2573 1783 pertinens
2600 1710 2670 1767 ad
2699 1715 2888 1767 actum
2920 1709 3196 1782 primum,
3228 1707 3324 1765 sed

1969 1803 2097 1845 eam
2140 1789 2358 1847 reducit
2404 1789 2475 1847 ad
2517 1797 2705 1848 actum
2750 1789 3065 1847 secundum
3113 1811 3125 1844 :
3178 1790 3334 1863 atqui

1972 1871 2239 1927 voluntas
2266 1871 2630 1928 constituitur
2661 1872 2724 1927 in
2772 1876 2894 1927 actu
2942 1870 3190 1928 secundo
3233 1885 3337 1944 per

1969 1967 2133 2008 suam
2162 1953 2554 2026 operationem
2589 1976 2602 2009 ε
2645 1969 2779 2027 ergo
2814 1953 3097 2009 auxilium
3138 1950 3331 2009 efficax

1971 2034 2121 2090 nihil
2168 2035 2452 2107 praevium
2501 2035 2887 2092 communicat
2933 2034 3215 2091 voluntati
3262 2031 3337 2090 ab

1968 2114 2090 2187 ejus
2110 2115 2441 2187 operatione
2480 2115 2807 2181 diversum;
2856 2113 2953 2170 sed
3005 2120 3089 2172 est
3141 2114 3332 2186 ipsum

1967 2195 2163 2252 efficax
2191 2198 2480 2254 decretum
2510 2197 2629 2262 Dei,
2668 2203 2947 2269 quatenus
2970 2197 3334 2268 operationes

1969 2281 2194 2350 nostras
2234 2281 2444 2345 causat,
2482 2282 2537 2333 et
2590 2277 2784 2333 infert.
2842 2275 3039 2342 Tertio,
3098 2276 3233 2348 quia
3279 2276 3328 2331 si

1967 2359 2115 2412 Deus
2137 2374 2236 2431 per
2257 2358 2547 2415 decretum
2569 2358 2759 2414 efficax
2783 2357 3014 2415 deberet
3038 2358 3328 2430 indispen-

1965 2438 2227 2496 sabiliter
2292 2438 2511 2513 aliquid
2565 2439 2874 2513 producere
2922 2441 3199 2514 praevium
3254 2439 3323 2495 ad

1966 2519 2356 2591 operationem
2383 2525 2674 2585 creatum,
2701 2520 2821 2594 jam
2841 2523 2986 2576 Deus
3011 2535 3125 2576 non
3144 2525 3325 2592 posset

1965 2597 2184 2655 efficere
2245 2600 2579 2658 immediate
2630 2600 2883 2673 aliquam
2930 2600 3322 2672 operationem

1964 2684 2232 2744 creatam,
2268 2680 2701 2738 immediatione
2724 2680 2976 2751 virtum,
3012 2687 3067 2737 et
3108 2696 3322 2753 suppo-

1964 2760 2093 2827 siti;
2126 2761 2225 2818 sed
2246 2765 2433 2819 solum
2463 2761 2896 2819 immediatione
2940 2762 3168 2819 virtutis
3207 2779 3239 2818 a
3266 2778 3330 2820 se

1965 2839 2184 2899 diffusae
2211 2863 2223 2899 :
2252 2859 2596 2916 consequens
2635 2849 2722 2901 est
2761 2843 2986 2910 falsum,
3034 2847 3091 2900 et
3129 2848 3328 2900 contra

1965 2924 2029 2977 D.
2055 2923 2262 2980 Thom.
2286 2924 2383 2996 qui
2412 2924 2476 2980 in
2502 2925 2663 2981 omni
2687 2925 2886 2982 effectu
2914 2929 3104 2981 creato
3132 2925 3323 2981 consi-

1964 3001 2126 3060 derat
2149 3004 2367 3078 aliquas
2396 3006 2664 3073 rationeS,
2696 3022 2821 3079 quae
2841 3007 2947 3062 soli
2973 3009 3085 3062 Deo
3112 3022 3327 3063 corres-

1966 3085 2235 3158 pondent,
2256 3093 2310 3144 et
2330 3104 2469 3160 quas
2486 3090 2605 3160 ipse
2623 3086 2957 3145 immediate
2970 3088 3137 3144 efficit
3157 3109 3169 3144 ε
3192 3104 3328 3163 ergo

1965 3168 2110 3223 Deus
2138 3183 2237 3240 per
2262 3166 2552 3225 decretum
2580 3169 2776 3226 efficax
2804 3186 2920 3227 non
2945 3169 3201 3242 producit
3224 3171 3327 3227 ali-

1962 3247 2100 3320 quid
2131 3249 2432 3321 praevium,
2456 3250 2795 3307 et·medians
2819 3251 2971 3308 inter
2996 3251 3323 3323 praedictum

1963 3330 2272 3397 decretum,
2305 3336 2361 3388 et
2404 3332 2795 3404 operationem
2822 3339 3127 3401 creaturam
3158 3340 3325 3407 atque

1964 3411 2091 3469 ideo
2119 3412 2406 3470 auxilium
2453 3412 2648 3470 efficax
2674 3414 2940 3471 consistet
2990 3415 3053 3470 in
3099 3414 3322 3472 decreto

1962 3494 2063 3551 Dei
2089 3500 2149 3550 ut
2169 3501 2455 3560 causante,
2487 3500 2543 3552 et
2570 3496 2857 3554 inferente
2890 3502 3116 3553 nostras
3145 3498 3321 3554 actio-

1964 3589 2083 3630 nes,
2117 3573 2351 3646 Quarto,
2375 3574 2509 3647 quia
2534 3574 2583 3630 si
2610 3576 2898 3632 auxilium
2940 3575 3134 3633 efficax
3178 3582 3321 3635 esset

1962 3653 2179 3727 aliquid
2209 3654 2278 3711 ad
2305 3660 2467 3711 extra
2521 3655 2875 3728 productum,
2932 3662 2987 3712 et
3042 3656 3319 3714 voluntati

1961 3735 2328 3808 impressum,
2354 3751 2421 3793 eo
2449 3736 2573 3808 ipso
2600 3736 3016 3794 determinaret
3035 3739 3221 3810 ipsum
3250 3736 3321 3793 ad

1962 3832 2163 3881 unum,
2181 3820 2251 3873 'et
2277 3833 2394 3874 non
2422 3816 2691 3875 influeret
2717 3834 2846 3874 cum
2873 3833 2940 3874 ea
2983 3818 3324 3874 universali·

1962 3900 2092 3962 tate,
2125 3901 2292 3970 atque
2327 3898 2663 3964 eminentia,
2691 3914 2864 3969 quam
2905 3896 3074 3953 habet
3112 3898 3322 3954 volun-

1962 3981 2045 4032 tas
2107 3976 2309 4033 divina
2361 3977 2431 4034 ad
2478 3977 2829 4035 causandum
2876 3994 3049 4051 opera
3097 3983 3316 4042 nostra,

1960 4062 2078 4113 tam
2105 4056 2288 4131 quoad
2316 4056 2720 4126 substantiam,
2753 4074 2925 4131 quam
2965 4056 3148 4131 quoad
3191 4072 3324 4113 mo-

1959 4136 2099 4193 dum
2120 4160 2135 4204 ;
2158 4142 2214 4194 et
2235 4143 2644 4210 consequenter
2673 4136 3007 4211 praedictum
3034 4137 3322 4194 auxilium

1960 4217 2190 4275 laederet
2218 4217 2540 4276 libertatem
2586 4240 2599 4276 ε
2641 4236 2988 4292 consequens
3008 4225 3093 4277 est
3118 4218 3323 4276 absur-

1959 4301 2097 4358 dum
2131 4322 2144 4358 :
2173 4317 2308 4376 ergo
2334 4301 2617 4358 auxilium
2645 4302 2839 4359 efficax
2866 4302 3016 4359 nihil
3040 4300 3197 4359 aliud
3214 4306 3317 4370 est,

1958 4398 2129 4455 quam
2144 4381 2434 4439 decretum
2451 4381 2648 4439 efficax
2670 4383 2767 4440 Dei
2784 4400 3011 4439 summa
3039 4379 3321 4439 infallibi-

1960 4463 2138 4528 litate,
2183 4466 2350 4535 atque
2376 4463 2655 4520 suavitate
2689 4468 2911 4520 nostras
2962 4462 3324 4536 operationes

1960 4541 2294 4617 producens

2033 4623 2182 4692 Haec,
2210 4622 2468 4694 inquam,
2490 4638 2605 4679 non
2624 4622 2900 4688 referunt,
2928 4621 3024 4679 sed
3052 4620 3217 4679 facile
3237 4622 3325 4678 di·
3357 4637 3533 4694 aeonu-

1958 4702 2199 4758 luuntur
2225 4717 2296 4758 ex
2316 4700 2500 4758 dictis.
2529 4700 2614 4757 Ad
2641 4702 2892 4773 primam
2934 4702 3093 4758 enim
3133 4700 3323 4775 objec-
3337 4686 3559 4786 ciffi&-

1957 4781 2175 4839 tionem
2205 4780 2580 4854 respondetur
2607 4781 2796 4855 primo
2826 4780 3086 4857 negando
3127 4781 3324 4839 mino-
3378 4795 3490 4830 nem.

1960 4879 2115 4932 rem;
2138 4863 2275 4936 quia
2295 4863 2461 4921 valde
2489 4862 2783 4937 probabile
2817 4868 2919 4929 est,
2962 4864 3325 4921 voluntatem

1956 4959 2191 5001 movere
2211 4948 2446 5000 caeteras
2494 4944 2772 5017 potentias
2825 4960 2942 5001 non
2990 4959 3092 5016 per
3134 4944 3324 5002 solum

1958 5022 2220 5080 affectum
2263 5022 2541 5080 efficacem
2591 5023 2730 5096 ipsis
2771 5024 3176 5091 extrinsecum,
3225 5023 3326 5082 sed

3223 5119 3327 5177 per
