3647 5753
534 317 643 380 228
1563 318 1657 372 DE
1697 319 1968 374 GRATIA
2008 320 2349 381 EFFICACI.

531 509 650 551 non
677 495 847 561 valet,
867 493 1017 567 quod
1040 495 1243 551 Petrus
1278 508 1395 551 non
1422 492 1662 560 errabit,
1686 492 1737 549 si
1763 509 1896 550 om-

529 574 629 629 nia
674 574 910 640 auxilia,
944 573 1342 648 quibusillum
1379 572 1631 648 adiuvat,
1675 579 1895 647 queunt

526 668 656 708 cum
680 668 878 711 errore
904 653 1162 711 absolute
1202 653 1475 729 conjungi
1505 676 1520 720 ;
1569 652 1713 722 sive,
1744 659 1801 711 et
1829 653 1893 710 in

528 731 681 790 idem
713 733 878 800 redit,
928 733 978 790 si
1008 735 1237 790 nullum
1286 733 1659 807 praedicatum
1693 749 1892 791 essen-

526 813 683 879 tiale,
741 819 840 870 aut
882 815 1261 871 intrinsecum
1309 813 1539 880 habent,
1591 814 1681 871 cui
1724 830 1892 873 error

524 894 794 969 conjungi
818 899 1093 969 repugnet
1106 923 1120 963 ς
1145 895 1259 951 nisi
1286 894 1446 952 enim
1468 895 1574 951 hoc
1598 910 1891 967 suppona-

523 981 637 1042 tur,
671 976 940 1050 possibile
966 982 1069 1044 est,
1117 975 1267 1050 quod
1301 976 1386 1032 eis
1421 976 1659 1051 auxiliis
1687 978 1888 1049 positis

521 1073 687 1115 error
726 1057 1003 1124 succedat,
1032 1063 1089 1114 et
1124 1057 1340 1114 eisdem
1381 1058 1781 1131 conjungatur.
1817 1060 1887 1115 Et

518 1138 657 1210 quia
694 1153 894 1195 omnes
933 1143 1089 1194 actus
1134 1136 1522 1204 indeliberati,
1574 1138 1638 1195 iu
1675 1138 1888 1212 quibus

520 1218 853 1277 Adversarii
878 1221 1162 1277 rationem
1184 1220 1389 1277 auxilii
1411 1219 1650 1277 efficacis
1676 1221 1886 1277 consti-

519 1305 710 1367 tuunt,
759 1302 890 1359 talis
927 1301 1274 1359 conditionis
1318 1308 1469 1370 sunt,
1523 1308 1583 1358 ut
1627 1302 1886 1361 absolute

514 1389 732 1454 queant
782 1399 912 1439 cum
959 1383 1219 1440 dissensu
1260 1381 1557 1457 componi,
1609 1394 1884 1457 operante

518 1464 756 1523 homine
785 1471 984 1522 contra
1025 1464 1103 1530 id,
1131 1465 1201 1521 ad
1228 1465 1377 1537 quod
1399 1467 1540 1523 tales
1569 1473 1724 1523 actus
1745 1483 1882 1524 sua-

513 1545 678 1622 dent,
727 1551 783 1603 et
822 1546 1112 1603 inclinant
1136 1570 1150 1613 ;
1194 1547 1405 1605 idcirco
1450 1548 1648 1621 nequit
1691 1549 1754 1605 in
1797 1549 1882 1606 eis

515 1626 733 1684 actibus
752 1629 964 1685 salvari
993 1627 1237 1685 efficacia
1258 1629 1464 1686 auxilii
1499 1645 1630 1686 cum
1658 1645 1725 1687 ea
1749 1646 1880 1687 cer-

513 1706 782 1774 titudine,
827 1725 1001 1781 quam
1051 1709 1151 1766 Dei
1196 1710 1479 1776 voluntaS,
1530 1714 1586 1767 et
1636 1710 1879 1768 scientia

516 1793 770 1860 poscunt,
798 1795 858 1843 ut
872 1794 1089 1846 constat
1108 1806 1178 1847 ex
1206 1789 1390 1846 dictis.
1493 1800 1505 1814 ·

327 1896 480 1942 mum,
589 1870 718 1925 317.
753 1871 991 1942 Propter
1013 1870 1132 1926 haec
1156 1869 1440 1926 Authores
1467 1869 1632 1927 nobis
1652 1876 1879 1929 contra-

233 1967 236 1970 Α
291 1945 588 2004 Adversa-rii
621 1948 891 2007 videntur
919 1948 1148 2007 tandem
1182 1948 1410 2006 tandem
1438 1948 1741 2008 admittere
1761 1952 1876 2007 ali-

308 1995 481 2096 ,2¹33ss
512 2030 649 2102 quid
678 2031 1077 2097 intrinsecum,
1104 2032 1308 2088 saltem
1333 2030 1577 2097 modale,
1606 2048 1706 2105 per
1725 2033 1876 2107 quod

345 2093 424 2138 ⁵¹⁰·
512 2118 668 2169 actus
713 2112 1079 2170 indeliberati
1121 2114 1183 2169 in
1230 2129 1353 2170 esse
1392 2113 1598 2170 auxilii
1637 2115 1874 2186 efficacis

508 2196 950 2263 constituantur,
983 2198 1039 2252 et
1082 2195 1353 2252 differant
1399 2195 1470 2252 ab
1498 2197 1631 2252 aliis
1657 2198 1876 2269 actibus

509 2275 908 2333 indeliberatis
946 2274 1198 2349 ejusdem
1227 2275 1454 2348 speciei,
1498 2277 1595 2349 qui
1624 2277 1873 2336 efficaces

506 2373 623 2414 non
644 2364 797 2425 sunt,
822 2356 918 2413 sed
943 2355 1286 2412 fraudantur
1305 2356 1526 2414 effectu.
1547 2358 1705 2424 Quod
1732 2362 1871 2418 satis

502 2443 695 2510 aperte
739 2436 1024 2511 significat
1050 2440 1280 2494 Arauxo
1303 2436 1457 2495 infra
1488 2438 1821 2497 referendus
1854 2462 1867 2498 ε

504 2535 640 2575 nam
683 2523 979 2591 postquam
1022 2519 1284 2584 asseruit,
1330 2517 1459 2574 fieri
1490 2535 1669 2592 posse,
1717 2521 1868 2595 quod

498 2615 631 2655 cum
677 2598 893 2655 eisdem
961 2599 1199 2655 auxiliis
1254 2600 1757 2671 praevenientibus,
1812 2609 1869 2660 et

501 2680 986 2754 praemoventibus
1015 2681 1334 2747 moraliter,
1355 2682 1479 2738 sive
1498 2698 1629 2738 cum
1650 2683 1866 2742 eisdem

501 2762 753 2820 motibus
800 2761 1214 2829 indeliberatiS‚
1257 2762 1320 2818 in
1346 2762 1553 2835 quibus
1583 2765 1865 2824 rationem

496 2843 703 2901 auxilii
733 2842 970 2901 efficacis
999 2844 1120 2916 ipse
1159 2843 1473 2911 constituit,
1506 2861 1654 2902 unus
1693 2846 1866 2906 homo

494 2930 880 2992 convertatur,
907 2930 961 2981 et
991 2926 1138 2982 alter
1167 2941 1283 2982 non
1312 2931 1682 2984 convertatur
1699 2951 1714 2996 ς
1743 2933 1864 2986 sta-

496 3007 602 3063 tim
625 3005 873 3065 advertit
894 3007 951 3063 id
978 3006 1421 3081 intelligendum
1442 3024 1564 3065 esse
1590 3007 1661 3066 de
1693 3010 1863 3067 iden-

495 3089 656 3146 titate
679 3090 1029 3146 auxiliorum
1060 3095 1337 3163 quantum
1365 3091 1440 3146 ad
1457 3091 1822 3149 substantiam
1843 3112 1863 3162 ,-

286 3195 459 3250 Araujo.
493 3172 627 3246 quia
656 3172 716 3225 in
735 3170 842 3234 his,
868 3170 1075 3242 inquit,
1108 3174 1205 3249 qui
1225 3173 1588 3239 consentiunt,
1607 3174 1857 3246 peculia·

490 3267 604 3304 rem
653 3250 895 3328 aliquem
939 3250 1137 3327 hubent
1182 3252 1432 3325 efficacias
1475 3254 1700 3310 modum
1752 3256 1861 3312 hac

479 3332 868 3403 prcwenientia
906 3331 1151 3399 animilia,
1197 3349 1351 3409 quem
1408 3349 1518 3388 non
1562 3334 1758 3390 liabent
1799 3338 1859 3391 in

485 3411 574 3466 his
600 3415 698 3489 qui
735 3412 1084 3467 dissentiunt.

328 3509 403 3564 ‚uu
562 3492 722 3556 Quod
749 3493 798 3548 si
823 3493 901 3549 ita
926 3509 1015 3549 res
1035 3490 1299 3557 sehabet,
1326 3491 1477 3548 nihil
1507 3492 1627 3551 fere
1654 3493 1859 3553 docent

286 3556 454 3652 &333ss
487 3571 546 3626 hi
591 3573 891 3639 AuthoreS,
935 3570 1083 3645 quod
1132 3587 1249 3628 non
1290 3571 1484 3629 doceat
1529 3577 1857 3633 communis

282 3665 306 3698 a
336 3662 457 3703 οπω-
485 3653 916 3712 Thomistarum
931 3653 1219 3710 sententia
1238 3653 1308 3710 de
1321 3654 1596 3727 qualitate
1618 3655 1856 3730 physica

270 3714 460 3801 r'tffi'ss-
484 3733 802 3803 efficaciter,
827 3742 884 3792 et
905 3736 1136 3810 physice
1159 3743 1544 3809 praemovente
1559 3759 1573 3803 ;
1602 3742 1659 3793 et
1678 3753 1854 3809 quaes-

267 3809 454 3899 difflffla
486 3815 704 3873 tionem
735 3821 1005 3873 revocant
1033 3814 1102 3872 ad
1131 3816 1585 3873 controversiam
1635 3815 1706 3874 de
1743 3834 1851 3876 no-

460 3889 667 3963 'mine,
700 3912 804 3954 nec
849 3897 912 3953 in
964 3911 1032 3965 ea
1074 3895 1316 3952 vincunt
1364 3901 1424 3951 ut
1466 3912 1540 3952 ex
1589 3895 1852 3955 dicendis

481 3978 784 4036 constabit.
818 3977 966 4044 Quid
1012 3978 1171 4035 enim
1219 3977 1535 4035 deferimus
1583 3980 1849 4051 qualitati

484 4060 712 4130 praevias
733 4058 963 4132 physice
987 4057 1382 4131 praemoventi,
1398 4056 1548 4129 quod
1570 4058 1660 4114 illi
1677 4059 1849 4118 modo

476 4154 539 4193 su
550 4138 841 4211 peraddito
857 4136 1105 4196 motibus
1120 4136 1669 4204 indeliberatis,sive
1681 4154 1849 4197 sanc·

477 4218 550 4273 tis
571 4217 1029 4293 cogitationibus,
1045 4222 1101 4273 et
1123 4215 1519 4273 affectionibus
1543 4233 1576 4273 a
1594 4219 1705 4275 Deo
1728 4220 1846 4275 im-

474 4297 667 4355 missis
720 4298 907 4371 reipsa
961 4314 1076 4354 non
1121 4298 1429 4356 conveniat
1455 4300 1483 4354 Ρ
1544 4299 1844 4358 Antecedit

472 4379 632 4435 enim
662 4378 755 4435 hic
801 4378 1003 4435 modus
1048 4385 1203 4435 actus
1226 4377 1570 4452 simpliciter
1604 4377 1836 4448 liberOS,

470 4474 681 4532 eosque
716 4458 858 4516 adeo
894 4459 1287 4516 infallibiliter
1333 4458 1533 4527 infert,
1566 4464 1631 4515 ut
1657 4476 1841 4533 neque

472 4538 762 4596 divinitus
818 4543 985 4613 queat
1028 4556 1158 4597 cum
1199 4539 1459 4597 dissensu
1511 4540 1834 4610 conciliari,

471 4635 575 4677 nec
597 4635 699 4693 per
719 4620 1042 4677 dissensum
1071 4621 1281 4693 expelli
1311 4642 1325 4676 ε
1353 4636 1478 4694 quaa
1503 4625 1591 4678 est
1615 4622 1839 4694 asperi-

468 4704 555 4756 tas
603 4716 886 4773 appareus
929 4700 992 4757 in
1047 4700 1419 4773 praemotione
1459 4701 1711 4775 physica,
1764 4701 1838 4759 ob

465 4797 640 4854 quam
684 4799 801 4840 non
831 4782 1158 4841 admittitur
1185 4801 1218 4840 a
1255 4784 1489 4842 Molinae
1513 4783 1830 4857 discipulis,

468 4864 689 4920 Rursus
707 4865 953 4922 efficacia
980 4865 1111 4921 talis
1139 4865 1293 4924 modi
1316 4865 1690 4939 superadditi,
1709 4867 1834 4926 sive

471 4943 807 5001 infallibilis
851 4946 973 5020 ejus
1001 4961 1179 5003 nexus
1223 4963 1352 5003 cum
1380 4963 1679 5015 consensu,
1714 4964 1831 5006 non

2028 494 2350 555 desumitur
2375 498 2445 556 ab
2474 501 2597 573 ipso
2639 500 2837 559 effectu
2883 503 3247 578 subsequut0,
3292 524 3388 566 nec

2027 592 2099 634 ex
2150 577 2452 652 hypothesi
2516 582 2744 639 effectus
2774 626 2788 649 ,
2840 600 2942 642 nec
2993 586 3272 645 fundatur
3325 592 3385 646 iu

2026 656 2265 714 scientia
2316 659 2508 717 media
2532 678 2838 719 consensus
2878 664 3263 726 conditionate
3297 670 3388 726 fu·
3446 679 3451 683 ’

2027 737 2142 793 turi
2193 761 2207 806 ς
2264 740 2380 796 haec
2423 740 2583 797 enim
2633 759 2999 818 summopere
3050 757 3386 807 aversantur

2024 818 2308 876 Authores
2353 821 2522 895 huius
2567 824 2880 892 sententiae,
2911 831 2967 882 et
2988 838 3385 902 recognoscunt

2026 914 2258 970 prorsus
2285 901 2475 959 aliena
2492 901 2561 959 ab
2580 905 3020 979 Augustiniana,
3045 913 3102 964 et
3128 909 3380 967 Thomis·

2023 979 2132 1037 tica
2151 980 2365 1041 divinae
2383 985 2582 1058 gratiae
2602 986 2864 1052 efficacia,
2880 1005 3052 1060 quam
3079 992 3373 1064 explicari,

2019 1065 2077 1116 et
2099 1061 2245 1117 tueri
2267 1069 2567 1120 conantur.
2583 1065 2801 1123 Deinde
2818 1068 3016 1141 nequit
3031 1070 3161 1127 talis
3182 1072 3378 1129 modus

2019 1142 2329 1199 consistere
2366 1143 2430 1199 in
2475 1144 2681 1219 maJ'ori
2710 1151 2864 1202 actus
2892 1146 3258 1207 indeliberati
3287 1152 3380 1209 in-

2022 1221 2301 1287 tensione,
2349 1224 2702 1290 extensione,
2758 1227 2850 1283 vel
2892 1226 3196 1286 duratione
3226 1249 3239 1283 ε
3296 1233 3379 1290 has

2016 1301 2228 1375 quippe
2258 1304 2506 1361 rationes
2535 1320 2652 1362 non
2675 1304 2885 1363 habent
2914 1306 3374 1370 indissolubilem

2016 1382 2437 1440 connexionem
2464 1401 2595 1440 cum
2622 1401 2900 1443 consensu
2951 1386 3285 1458 deliberato,
3320 1400 3377 1449 ut

2015 1464 2157 1520 satis
2182 1464 2358 1538 liquet
2385 1481 2457 1522 ex
2483 1467 2757 1524 hactenus
2792 1468 2976 1525 dictis.
3004 1472 3196 1528 Restat
3221 1490 3370 1550 ergo,

2014 1542 2163 1616 quod
2214 1547 2343 1602 talis
2387 1547 2587 1604 modus
2615 1548 2831 1605 actibus
2859 1548 3253 1609 indeliberatis
3278 1573 3371 1611 su-

2015 1627 2343 1699 peradditus
2363 1629 2437 1685 sit
2452 1629 2712 1703 quaedam
2729 1631 2816 1687 vis
2835 1630 3051 1688 eisdem
3061 1635 3373 1694 secundum

2011 1708 2257 1780 speciem
2309 1710 2552 1782 sumptis
2604 1710 2986 1778 accidentalis,
3038 1715 3371 1790 participata

2011 1800 2083 1842 ex
2109 1786 2338 1845 infinita
2359 1789 2600 1846 efficacia
2622 1789 2837 1848 divinae
2856 1793 3169 1849 voluntatis
3190 1794 3371 1854 inten-

2011 1865 2200 1926 dentis
2227 1868 2481 1928 absolute
2509 1887 2871 1939 consensum,
2894 1889 3129 1946 quasque
3154 1874 3372 1933 deserat

2011 1949 2131 2024 ejus
2154 1949 2487 2023 imperium,
2519 1957 2576 2009 et
2605 1952 2833 2009 reducat
2855 1961 2970 2010 tam
2995 1956 3365 2025 voluntatem,

2010 2045 2184 2102 quam
2214 2031 2589 2103 praecedentia
2617 2033 2835 2090 auxilia
2862 2035 3006 2105 (sive
3034 2041 3189 2093 actus
3233 2037 3371 2095 deli·

2009 2108 2191 2166 berati
2213 2111 2351 2178 sint,
2382 2112 2504 2169 sive
2525 2117 2663 2185 non)
2691 2113 2759 2170 ad
2788 2114 3050 2171 effectum
3099 2117 3369 2192 gignendi

2010 2189 2405 2249 infallibiliter
2430 2210 2790 2251 consensum.
2820 2197 2942 2259 Quo
2970 2203 3131 2269 pacto
3155 2198 3369 2254 coinci-

2007 2270 2092 2327 dit
2147 2274 2335 2347 reipsa
2360 2291 2490 2332 cum
2519 2277 2794 2349 qualitate
2846 2277 3079 2352 physice
3124 2295 3367 2351 praemo-

2006 2359 2176 2410 vente
2205 2377 2220 2421 3
2253 2355 2371 2412 haec
2401 2357 2560 2412 enim
2590 2357 2764 2413 etiam
2779 2366 2861 2414 est
2884 2358 2972 2413 vis
2999 2358 3361 2433 incompleta,

2007 2438 2069 2487 ut
2116 2432 2271 2490 infra
2312 2452 2464 2491 num.
2515 2437 2616 2492 331
2677 2436 2949 2503 dicemus,
2990 2444 3280 2512 potestque
3306 2440 3366 2495 in

2006 2512 2111 2570 hoc
2134 2530 2303 2570 sensu
2334 2514 2558 2583 modus,
2589 2524 2685 2573 aut
2704 2518 2950 2590 qualitas
2977 2518 3225 2576 modalis
3267 2536 3367 2593 ap-

2006 2593 2232 2664 pellari.
2259 2594 2422 2651 Unde
2460 2612 2587 2652 cum
2615 2597 2891 2653 contrarii
2919 2599 3202 2656 Authores
3236 2615 3366 2656 ver-

2005 2672 2091 2729 bis
2114 2675 2468 2747 proscribant
2492 2679 2827 2750 qualitatem
2852 2680 3082 2753 physice
3114 2697 3361 2754 praemo-

2003 2760 2251 2824 ventem,
2278 2757 2440 2813 illam
2465 2758 2526 2814 in
2557 2775 2636 2824 re,
2667 2765 3021 2832 etquantum
3050 2760 3119 2816 ad
3161 2777 3359 2818 omnes

1999 2834 2229 2893 effectus
2250 2836 2599 2897 admittunt:
2629 2841 2928 2914 solumque
2950 2840 3013 2896 in
3039 2856 3106 2899 eo
3133 2858 3165 2899 a
3200 2857 3359 2899 com-

2000 2916 2167 2972 muni
2213 2925 2547 2976 caeterorum
2595 2922 3027 2979 'l'homistarum
3074 2922 3357 2979 sententia

2002 2997 2285 3066 recedunt,
2310 2999 2459 3073 quod
2484 3001 2526 3056 ii
2549 3009 2830 3067 asserunt,
2855 3003 3190 3075 qualitatem
3214 3002 3358 3060 hanc

2000 3078 2334 3138 immediate
2354 3082 2574 3139 allicere
2613 3084 2946 3156 potentiam,
2973 3100 3211 3156 eamque
3230 3100 3359 3141 curn

1998 3164 2121 3217 actu
2150 3163 2497 3237 conjungere
2525 3187 2541 3230 3
2572 3164 2662 3219 illi
2690 3180 2830 3221 vero
2856 3164 3164 3231 affirmant,
3207 3165 3355 3237 quod

1998 3240 2300 3314 praedictus
2345 3242 2550 3301 modus
2602 3244 2770 3300 aflicit
2816 3244 3152 3302 immediate
3203 3251 3358 3302 actus

1995 3320 2424 3392 indeliberatOS,
2458 3330 2519 3379 ut
2562 3323 2906 3381 deliberatos
2939 3325 3257 3392 efficaciter,
3299 3333 3359 3384 et

1994 3400 2389 3459 infallibiliter
2429 3403 2703 3460 inserant.
2738 3406 2801 3459 ln
2829 3421 2940 3477 quo
2977 3406 3151 3462 etiam
3194 3412 3358 3463 ante-

1993 3482 2292 3554 ponendus
2332 3490 2415 3541 est
2454 3486 2779 3542 communis
2843 3485 3047 3543 modus
3088 3488 3354 3561 loquendi

1992 3563 2420 3622 Thomistarum
2452 3590 2465 3633 ;
2513 3583 2648 3623 nam
2685 3568 2959 3639 potentia,
2986 3573 3174 3624 etnon
3198 3577 3352 3626 actus

1990 3643 2404 3704 indeliberatus
2425 3648 2595 3705 habet
2618 3648 2848 3722 proprie
2872 3649 3153 3721 loquendo
3183 3653 3358 3710 ratio-

1990 3740 2124 3782 nem
2168 3727 2437 3801 principii
2487 3734 2738 3802 respectu
2792 3734 2945 3786 actus
2990 3729 3292 3788 deliberati
3335 3754 3349 3789 ε

1986 3805 2249 3876 quocirca
2294 3809 2545 3880 potentia
2575 3810 2778 3881 potiuS,
2811 3826 2983 3881 quam
3013 3808 3167 3866 actds
3195 3811 3356 3868 inde-

1988 3882 2283 3952 liberatuS,
2315 3886 2480 3945 debet
2521 3889 2854 3946 immediate
2880 3889 3021 3946 affici
3063 3907 3130 3947 ea
3154 3892 3352 3963 quali-

1986 3970 2116 4035 tate,
2168 3974 2265 4024 aut
2291 3970 2479 4039 modo,
2515 3972 2578 4027 in
2618 3971 2824 4046 quibus
2863 3972 3107 4029 efficacia
3152 3972 3347 4030 divini

1986 4048 2254 4122 principii
2282 4052 2671 4125 participatur.
2701 4053 3026 4109 Praesertim
3047 4069 3176 4109 cum
3194 4059 3351 4110 actus

1981 4128 2331 4188 deliberatus
2355 4134 2533 4191 soleat
2558 4136 2687 4192 elici
2729 4136 2791 4191 iu
2834 4136 3096 4201 instanti,
3143 4137 3205 4192 in
3231 4154 3349 4209 quo

1981 4215 2137 4266 actus
2179 4211 2594 4271 indeliberatus
2640 4216 2762 4288 jam
2811 4230 2928 4271 non
2969 4216 3161 4272 existit
3218 4237 3230 4272 :
3284 4224 3349 4274 et

1980 4307 2277 4366 nunquam
2303 4293 2569 4352 eliciatur
2590 4295 2799 4368 absque
2846 4297 3067 4354 auxilio
3107 4298 3341 4363 efficaci.

1977 4372 2128 4445 quod
2151 4379 2285 4431 tuuc
2322 4377 2569 4433 exercite
2591 4376 2903 4449 potentiam
2930 4377 3246 4445 efficaciter,
3286 4386 3347 4438 et

1977 4452 2369 4514 infallibiliter
2390 4456 2633 4530 applicet
2660 4455 2729 4512 ad
2752 4456 3055 4529 agendum.

3169 5042 3339 5109 gvi.
