3647 5753
614 386 727 443 860
1654 383 1747 437 DE
1788 383 2098 437 PRAEMIO
2138 383 2419 441 MERITI.

618 557 876 623 ratione,

612 642 859 716 gratiam
914 642 975 698 in
1029 643 1147 697 alia
1191 640 1511 703 duratione,
1552 638 1656 694 hoc
1698 637 1981 709 posterius

615 721 906 779 decretum
935 729 1080 779 esset
1123 737 1355 795 prorsus
1382 720 1721 793 gratiosum,
1752 718 1900 773 sicut
1925 722 1981 773 et

617 802 874 876 primum
900 827 914 868 ;
940 808 995 858 et
1015 803 1244 859 collatio
1281 799 1561 873 praedictae
1590 797 1978 854 continuatio-

614 885 726 950 nis,
754 889 810 941 et
838 884 1249 957 permanentiae
1277 899 1395 941 non
1425 881 1661 938 haberet
1690 881 1977 937 rationem

615 968 862 1040 praemii,
908 965 1005 1022 sed
1052 966 1208 1031 novi,
1258 969 1316 1021 et
1360 964 1645 1037 simplicis
1687 960 1974 1018 beneficii.

612 1047 767 1104 Sicut
787 1049 946 1104 enim
976 1048 1164 1119 prima
1195 1046 1488 1119 productio
1506 1044 1705 1119 gratiae
1727 1059 1846 1098 non
1869 1043 1978 1099 ha·-

612 1129 707 1187 bet
749 1132 1029 1187 rationem
1073 1130 1316 1203 praemii,
1364 1130 1498 1203 quia
1541 1143 1658 1183 non
1704 1126 1978 1198 supponit

612 1212 856 1278 merita;
886 1211 963 1267 ita
986 1212 1343 1267 conservatio
1390 1211 1494 1265 illa
1534 1224 1604 1263 ex
1642 1207 1699 1263 vi
1737 1207 1976 1262 alterius

607 1294 841 1361 decreti,
867 1311 990 1367 quae
1010 1302 1154 1351 esset
1176 1296 1334 1350 velut
1361 1290 1609 1350 secunda
1652 1290 1968 1363 productiO,

610 1392 728 1432 non
760 1382 943 1449 posset
967 1383 1300 1449 conceptum
1331 1374 1557 1448 praemii
1591 1373 1806 1441 sortiri,
1839 1372 1974 1445 quia

610 1474 729 1515 non
774 1463 1116 1531 supponeret
1162 1458 1371 1515 merita
1414 1472 1772 1531 permanere.
1806 1454 1973 1511 Unde

606 1540 678 1595 ad
738 1545 1142 1614 argumentum
1198 1540 1260 1595 in
1310 1554 1540 1594 summa
1593 1536 1973 1609 respondetur

604 1619 866 1693 negando
931 1618 1186 1677 absolute
1245 1621 1411 1676 illam
1480 1618 1931 1691 propositionem
1951 1660 1964 1683 ,

599 1699 751 1770 quod
777 1700 921 1755 Deus
944 1702 1001 1755 in
1028 1701 1132 1754 tali
1155 1708 1348 1755 eventu
1373 1699 1682 1754 alliceretur
1702 1716 1738 1752 a
1760 1700 1971 1752 meritis

598 1783 674 1837 ad
711 1784 1100 1838 decernendum
1139 1787 1580 1855 permanentiam
1621 1783 1822 1859 moliar
1869 1797 1967 1851 pro

598 1866 718 1921 alia
745 1867 1035 1921 duratione
1062 1884 1162 1939 per
1201 1868 1421 1921 modum
1446 1865 1661 1938 praemii
1684 1866 1774 1918 :et
1798 1860 1966 1919 debet

599 1948 798 2022 negari
842 1950 1222 2022 suppositum.
1277 1950 1411 2012 Quae
1463 1946 1723 2003 doctrina
1785 1949 1967 2017 potest

595 2028 927 2086 confirmari
950 2047 1020 2087 ex
1043 2030 1150 2095 his,
1178 2044 1301 2102 quae
1319 2029 1574 2085 diximus
1597 2026 1726 2081 dub.
1752 2028 1807 2091 3,
1823 2040 1961 2080 nam

594 2128 666 2169 ex
691 2130 776 2181 eo,
802 2114 951 2187 quod
990 2117 1138 2170 Deus
1183 2111 1375 2168 videat
1417 2111 1626 2167 merita
1675 2109 1813 2182 justi
1860 2123 1962 2180 pro

594 2195 785 2268 aliqua
806 2195 1129 2261 duratione,
1159 2211 1276 2252 non
1297 2194 1574 2267 sequitur,
1607 2190 1754 2263 quod
1786 2190 1962 2265 possit

590 2276 674 2331 eis
702 2278 857 2333 allici
881 2277 949 2333 ad
977 2274 1403 2335 decernendum
1435 2289 1536 2346 per
1558 2271 1794 2328 modum
1820 2286 1960 2343 prae-

592 2358 696 2414 mii
748 2364 1171 2432 reparationem
1223 2364 1348 2433 post
1395 2358 1654 2429 lapsum;
1699 2350 1755 2411 et
1795 2360 1957 2411 utro-

589 2437 759 2511 bique
805 2443 1017 2498 militat
1056 2441 1256 2498 eadem
1303 2438 1468 2500 ratio.
1526 2442 1585 2493 ut
1623 2441 1841 2493 constat
1887 2451 1955 2491 ex

587 2522 847 2593 proxime
869 2522 1052 2589 dictis,
1079 2529 1135 2579 et
1171 2521 1338 2578 facile
1364 2518 1753 2577 consideranti
1783 2533 1953 2574 cons-

584 2601 746 2657 tabit.

398 2680 540 2772 Pugna
657 2679 744 2734 Ad
775 2683 1023 2753 primam
1046 2681 1561 2744 confirmationem,
1587 2676 1798 2733 omissa
1822 2694 1952 2734 ma-

387 2740 549 2838 ἷιῗέιίῗ,
575 2760 711 2834 jori,
744 2769 799 2819 et
824 2763 998 2819 etiam
1022 2762 1260 2826 minori,
1294 2776 1570 2833 negamus
1594 2774 1951 2831 consequen-

368 2828 756 2922 fflffi‘ffl'wiam
785 2859 919 2899 nam
948 2858 1060 2900 una
1081 2858 1151 2899 ex
1173 2837 1616 2905 conditionibus,
1645 2845 1707 2894 ut
1729 2837 1949 2913 aliquid

579 2922 927 2981 decernatur
974 2941 1074 2997 per
1114 2923 1349 2980 modum
1401 2921 1644 2995 praemii,
1677 2927 1762 2977 est
1799 2919 1947 2992 quod

579 3005 887 3061 videantur
910 3007 1116 3063 merita
1142 3020 1481 3077 permanere
1510 3017 1686 3074 usque
1728 3001 1798 3058 ad
1838 3001 1948 3058 du-

580 3088 862 3145 rationem
889 3089 1188 3153 inclusive,
1218 3089 1280 3143 in
1302 3104 1413 3159 qua
1436 3087 1559 3144 sore
1580 3086 1945 3142 collationem

576 3171 802 3240 praemii
825 3170 1176 3226 decernitur.
1202 3172 1267 3224 Et
1294 3169 1372 3223 ita
1397 3168 1799 3240 permanentia
1828 3172 1944 3222 tam

575 3252 939 3316 meritorum,
984 3268 1157 3324 quam
1197 3251 1412 3324 gratiae,
1453 3250 1542 3305 cui
1585 3249 1939 3314 innituntur,

574 3348 750 3404 usque
780 3332 850 3388 ad
879 3334 1044 3388 illam
1086 3331 1452 3387 durationem
1494 3329 1790 3394 inclusive,
1826 3344 1942 3385 non

573 3415 819 3484 pertinet
849 3414 917 3469 ad
957 3413 1239 3469 rationem
1287 3411 1531 3484 praemii,
1574 3409 1673 3467 sed
1700 3425 1759 3466 se
1787 3415 1942 3465 tenet

570 3512 643 3551 ex
686 3500 844 3567 parte
873 3496 1217 3551 meritorum
1250 3509 1349 3565 per
1378 3492 1612 3549 modum
1643 3491 1933 3564 principii,

571 3576 661 3632 vel
707 3575 999 3648 requisiti;
1045 3580 1101 3632 et
1146 3579 1553 3645 consequenter
1594 3588 1711 3628 non
1754 3577 1939 3644 posset

570 3674 672 3730 per
694 3657 925 3715 modum
955 3658 1182 3730 praemii
1205 3655 1458 3713 decerni.
1476 3654 1721 3709 Minoris
1744 3660 1935 3711 autem

571 3737 848 3809 probati0‚
894 3745 1174 3812 quatenus
1222 3737 1353 3793 huic
1399 3734 1673 3791 doctrinae
1722 3736 1934 3807 opponi

566 3820 815 3887 videtur,
850 3839 967 3878 non
1006 3826 1167 3895 urget
1192 3843 1204 3884 2
1234 3821 1368 3891 quia
1398 3818 1528 3872 licet
1556 3833 1935 3890 perseveran-

567 3902 650 3957 tia
692 3918 807 3958 non
851 3908 1152 3959 concurrat
1193 3899 1263 3956 ad
1294 3898 1543 3970 primam
1585 3898 1778 3953 meriti
1822 3899 1934 3954 eli-

566 3981 858 4048 cientium,
890 3981 988 4038 sed
1039 3981 1209 4053 possit
1237 3995 1365 4036 eam
1411 3994 1759 4050 supponere;
1791 3994 1932 4035 con-

565 4063 747 4117 currit
771 4071 963 4119 tamen
993 4062 1062 4119 ad
1096 4061 1290 4117 meriti
1330 4059 1843 4124 conservationem,
1876 4067 1931 4116 et

562 4159 689 4199 eam
716 4159 1153 4218 praesuppoiiere
1176 4158 1292 4197 non
1321 4141 1472 4196 valet
1496 4158 1508 4192 z
1541 4144 1595 4195 et
1617 4139 1720 4195 hoc
1742 4146 1931 4212 poste-

565 4226 686 4280 rius
707 4226 928 4290 sufficit,
957 4241 1028 4281 ne
1053 4222 1475 4297 perseverantia
1501 4220 1673 4292 possit
1693 4220 1925 4278 decerni

561 4322 663 4378 per
703 4306 939 4362 modum
979 4305 1224 4379 praemii,
1259 4309 1320 4358 ut
1359 4305 1576 4358 constat
1620 4317 1691 4357 ex
1734 4302 1919 4361 dictis.

558 4394 946 4461 Augmentum
984 4404 1120 4444 vero
1146 4387 1344 4460 gratiae
1384 4381 1611 4438 diversa
1641 4383 1807 4457 longe
1839 4402 1926 4442 ra-

558 4471 713 4526 tione
739 4487 799 4525 se
822 4469 1008 4534 habet,
1035 4470 1169 4542 quia
1199 4482 1313 4522 non
1340 4464 1630 4520 concurrit
1652 4463 1719 4519 ad
1750 4467 1924 4522 meri-

552 4556 745 4608 torum
773 4551 1147 4617 elicientium,
1177 4564 1279 4604 nec
1301 4545 1371 4602 ad
1399 4561 1597 4601 eorum
1625 4561 1920 4603 conserva-

549 4634 806 4697 tioncm;
850 4636 1036 4687 stante
1082 4631 1240 4686 enim
1294 4627 1497 4701 gratia,
1553 4633 1922 4697 perseverant

547 4714 725 4770 etiam
772 4713 999 4776 merita,
1052 4712 1176 4766 sive
1221 4707 1405 4782 gratia
1453 4711 1745 4780 augeatur,
1797 4710 1921 4765 sive
1986 4712 1994 4820 Ι

547 4812 686 4852 non.

328 4886 519 4929 occurri·
623 4876 708 4931 Ad
736 4873 1047 4932 secundam
1076 4871 1574 4929 confirmationem
1604 4871 1919 4943 responde-

334 4940 503 5027 cfflfnffi
549 4964 642 5013 tur
673 4955 932 5030 negando
963 4955 1286 5018 minorem3
1332 4969 1467 5008 nam
1511 4953 1570 5008 in
1614 4969 1680 5009 eo
1706 4959 1915 5009 eventu

540 5038 900 5096 conservatio
951 5038 1150 5110 gratiae
1207 5036 1266 5090 in
1324 5034 1562 5090 instanti
1613 5035 1671 5102 B,
1722 5035 1910 5089 solum

944 559 1188 615 ulterius
1247 557 1578 613 decerneret
1641 570 1982 612 conservare
2033 632 2042 633 ἶ

2116 553 2278 611 fieret
2305 572 2376 614 ex
2398 555 2590 615 debito
2611 557 2905 614 fidelitatis
2944 559 3043 615 Dei
3077 558 3493 632 promittentis·

2114 636 2260 692 sicut
2284 639 2332 693 si
2364 640 2614 711 primam
2642 643 2889 716 gratiam
2913 641 3331 714 justificantem
3356 658 3492 714 pro·

2114 719 2370 776 mitteret
2389 721 2493 778 sub
2521 721 2851 778 conditione
2872 722 3115 796 alicujus
3138 730 3300 781 actus
3329 729 3493 779 natu-

2115 800 2295 855 ralis:
2352 800 2413 857 in
2459 819 2571 876 quo
2615 811 2823 859 eventu
2882 809 3101 859 certum
3162 811 3287 869 est,
3338 804 3491 878 quod

2114 880 2382 952 praedicta
2436 885 2623 957 gratia
2683 892 2800 941 non
2854 883 3274 941 retribueretur
3330 887 3490 957 operi

2113 964 2368 1021 naturali
2420 971 2696 1039 tanquam
2758 968 3066 1039 praemium
3135 967 3494 1041 respondens

2110 1046 2320 1104 merito
2373 1046 2442 1105 de
2494 1050 2800 1124 condigno.
2857 1049 2940 1105 Ad
2991 1050 3243 1105 minoris
3297 1056 3490 1105 autem

2110 1126 2511 1201 probationem
2534 1130 2842 1188 dicendum
2865 1136 2967 1196 est,
2990 1132 3272 1203 majorem
3296 1132 3489 1188 solum

2108 1207 2399 1267 verificari
2444 1212 2674 1284 quando
2719 1217 2995 1284 tempore,
3051 1227 3164 1284 quo
3213 1229 3307 1269 res
3349 1230 3489 1285 pro-

2109 1291 2285 1349 missa
2311 1295 2622 1362 confertur,
2657 1300 2984 1369 perseverat
3011 1295 3311 1361 meritum,
3339 1297 3487 1370 ejus-

2105 1388 2214 1444 que
2267 1378 2695 1446 perseverantia
2736 1376 3016 1435 antecedit
3066 1375 3352 1449 praedictae
3398 1378 3482 1433 rei

2105 1453 2491 1513 collationem.
2550 1459 2609 1514 Si
2652 1459 2812 1514 enim
2857 1458 3128 1514 meritum
3176 1461 3316 1512 tunc
3366 1472 3485 1523 non

2105 1542 2448 1605 perseveret,
2498 1537 2629 1594 licet
2674 1538 2984 1611 aliquando
3037 1538 3232 1602 fuerit,
3280 1539 3486 1610 nequit

2101 1615 2207 1670 sub
2234 1623 2503 1690 conceptu
2528 1621 2763 1691 proprio
2804 1620 3029 1692 praemii
3070 1619 3349 1683 conferri,
3381 1620 3483 1676 sed

2100 1697 2288 1753 solum
2329 1715 2402 1755 ex
2444 1698 2737 1768 fidelitate,
2782 1700 3072 1774 supposita
3121 1699 3477 1758 conditione.

2101 1780 2167 1835 Et
2196 1780 2277 1837 ita
2305 1783 2591 1842 accederet
2618 1785 2680 1840 in
2714 1801 2845 1841 casu
2875 1785 3043 1857 hujus
3071 1782 3478 1841 confirmatio-

2100 1860 2223 1927 nis;
2282 1878 2419 1918 nam
2480 1864 2910 1936 perseverantia
2974 1865 3324 1920 meritorum
3374 1881 3481 1937 pro

2098 1940 2336 1998 instanti
2379 1946 2441 2007 B,
2476 1961 2594 2002 non
2622 1946 2962 2020 praecederet
2994 1944 3195 2020 gratiae
3234 1962 3478 2003 conser-

2098 2026 2388 2082 vationem
2438 2045 2539 2100 pro
2583 2030 2684 2087 illo
2725 2030 2984 2094 instanti,
3014 2028 3109 2086 sed
3140 2028 3250 2100 ipsi
3283 2031 3478 2101 potius

2095 2106 2466 2166 inniteretur.
2499 2109 2665 2166 Unde
2705 2111 2904 2184 gratia?
2943 2111 3310 2166 conservatio
3353 2127 3474 2167 non

2094 2186 2241 2245 foret
2288 2192 2591 2261 praemium
2635 2198 2791 2248 actus
2839 2193 3125 2249 meritorii
3171 2193 3361 2249 eliciti
3410 2196 3474 2248 in

2092 2270 2335 2328 instanti
2363 2275 2429 2341 A,
2462 2273 2560 2330 sed
2589 2275 2941 2330 tribueretur
2963 2266 3362 2346 dependenter
3402 2275 3475 2332 ab

2093 2351 2215 2417 illo,
2246 2369 2363 2409 nan
2392 2360 2456 2409 ut
2481 2360 2782 2412 exercente
2810 2355 2929 2410 vim
2960 2357 3175 2421 meriti,
3201 2353 3307 2411 sed
3336 2362 3472 2411 tan-

2088 2447 2261 2503 quam
2304 2449 2336 2489 a
2385 2436 2635 2507 simplici
2682 2434 3027 2493 conditione.
3085 2439 3223 2500 Quas
3261 2440 3473 2494 omnia

2090 2521 2326 2587 possunt
2376 2518 2642 2590 exemplo
2707 2516 3028 2585 declarari;
3086 2534 3223 2574 nam
3284 2521 3470 2577 etiam

2088 2604 2270 2669 posset
2302 2601 2446 2655 Deus
2489 2600 2691 2672 pacisci
2719 2618 2847 2657 cum
2873 2604 3038 2657 Petro
3062 2602 3124 2657 in
3146 2602 3306 2658 hunc
3337 2620 3470 2660 mo-

2085 2679 2224 2736 dum
2259 2681 2371 2740 :Si
2408 2684 2599 2756 feceris
2643 2691 2826 2739 actum
2872 2689 3218 2740 meritorium
3263 2688 3328 2739 in
3371 2689 3465 2742 in-

2083 2764 2257 2817 stanti
2281 2761 2355 2829 A,
2379 2766 2645 2836 reparabo
2672 2766 2774 2820 tibi
2797 2769 3042 2836 qratiam
3061 2774 3180 2837 post
3211 2768 3459 2838 lapsum.

2084 2845 2147 2900 ln
2188 2860 2298 2917 quo
2337 2851 2546 2902 eventu
2593 2848 2879 2921 reparatio
2908 2853 3028 2921 post
3070 2850 3296 2921 lapsum
3343 2867 3463 2909 non

2080 2931 2226 2981 esset
2275 2928 2579 2998 praemium
2629 2930 2823 2985 meriti
2875 2929 3264 3002 praecedentiS,
3310 2933 3466 3005 quod

2081 3006 2508 3073 mortificatum,
2560 3014 2617 3065 et
2671 3009 3015 3081 impeditum
3066 3011 3461 3082 supponitur;

2078 3085 2175 3141 sed
2207 3094 2519 3158 poneretur
2567 3089 2960 3153 infallibiliter
3001 3089 3400 3163 dependenter
3430 3110 3466 3149 a

2078 3167 2345 3240 praedicto
2367 3174 2511 3235 actu,
2544 3174 2818 3241 tanquam
2849 3188 2881 3227 a
2910 3187 3085 3237 mera,
3114 3177 3166 3226 et
3186 3171 3460 3244 simplici

2075 3247 2420 3305 conditione.
2454 3249 2608 3305 Idem
2639 3265 2773 3324 ergo
2803 3252 2863 3307 in
2894 3251 3155 3324 praesenti
3179 3267 3313 3307 casu
3346 3253 3456 3309 di-

2075 3328 2318 3385 cendum
2349 3334 2451 3387 est.

2156 3412 2275 3468 103.
2319 3412 2597 3486 Arguitur
2646 3413 2892 3471 secundo
2938 3436 2950 3470 :
3005 3415 3138 3487 quia
3177 3416 3454 3474 Christus
3491 3437 3565 3477 sen

2072 3493 2349 3548 Dominus
2389 3493 2601 3548 meruit
2641 3492 2709 3550 de
2743 3494 3023 3569 condigno
3049 3496 3452 3555 continuatio·
3467 3484 3565 3585 {¹³3}

2072 3587 2205 3627 nem
2254 3572 2488 3629 unionis
2535 3573 2917 3647 hypostaticae,
2957 3592 3082 3648 quae
3126 3582 3212 3633 est
3251 3581 3455 3652 gratia
3511 3589 3565 3626 ¹²¹

2068 3652 2481 3718 substantialis,
2506 3659 2562 3708 et
2586 3656 2936 3727 principium
2961 3656 3154 3713 meriti
3176 3657 3450 3716 infiniti:

2067 3748 2202 3807 ergo
2248 3748 2363 3787 non
2413 3740 2709 3809 repugnat,
2743 3736 2887 3808 quod
2923 3737 3107 3809 justus
3145 3748 3454 3798 mereatur

2066 3813 2135 3870 de
2176 3812 2456 3887 condigno
2503 3818 2997 3874 continuationem
3043 3819 3248 3891 gratias
3289 3823 3452 3878 acci-

2065 3894 2329 3958 dentalis,
2363 3912 2485 3967 quse
2510 3903 2594 3953 est
2636 3899 2986 3971 principium
3017 3900 3213 3955 meriti
3257 3899 3447 3960 finiti.

2065 3978 2478 4048 Consequentia
2504 3985 2652 4051 patet
2674 3997 2706 4034 a
2725 3980 2985 4051 paritate.
3005 3981 3070 4034 Et
3094 3983 3454 4040 antecedens

2064 4056 2338 4131 probatur
2372 4080 2384 4114 :
2424 4062 2558 4131 quia
2601 4062 2861 4116 Christus
2902 4061 3178 4117 Dominus
3221 4067 3454 4121 meruit

2062 4138 2131 4196 de
2149 4139 2431 4213 condigno
2447 4158 2608 4198 suam
2628 4143 3258 4206 resurrectionem,sive
3273 4148 3458 4204 unio-

2063 4236 2195 4276 nem
2227 4222 2475 4292 partium
2507 4223 2886 4278 humanitatis
2915 4229 3034 4294 post
3061 4222 3353 4293 triduum,
3387 4235 3454 4284 ut

2059 4300 2260 4358 docent
2306 4304 2499 4375 plures
2544 4304 2815 4375 Theologi
2844 4306 2879 4357 3
2915 4312 3061 4376 part..
3093 4313 3277 4375 qimst.
3325 4311 3400 4363 19
3430 4335 3446 4375 ;

2058 4383 2174 4439 haec
2218 4392 2408 4442 autem
2456 4386 2595 4442 unio
2643 4386 2750 4440 fuit
2796 4387 3150 4443 continuatio
3191 4389 3449 4447 unionis

2057 4464 2422 4537 hypostaticae
2454 4492 2466 4526 ι
2497 4483 2652 4540 ergO‚
2683 4474 2787 4523 etc.

2129 4547 2523 4619 Respondetur
2569 4547 2828 4621 negando
2881 4549 3238 4615 antecedens,
3289 4556 3565 4632 quiana„

2053 4627 2193 4683 unio
2221 4628 2572 4700 hypostatica
2603 4631 3037 4702 praerequiritur
3071 4631 3142 4686 ad
3166 4634 3445 4692 existen—
3515 4639 3565 4674 sn

2053 4709 2213 4772 tiam,
2241 4715 2295 4764 et
2324 4710 2814 4767 continuationem
2840 4713 3182 4769 meritorum
3207 4716 3444 4774 Christi

2053 4789 2304 4856 Domini,
2325 4795 2379 4844 et
2402 4790 2480 4846 ita
2505 4807 2615 4846 non
2643 4792 2824 4863 potuit
2845 4792 3045 4849 cadere
3064 4793 3168 4847 sub
3192 4794 3444 4854 influxu

2048 4869 2393 4926 meritorum
2437 4872 2614 4926 iltius.
2649 4871 2731 4926 Ad
2782 4874 3178 4944 probationem
3229 4885 3445 4936 autem

2049 4951 2111 5007 in
2140 4953 2497 5009 contrarium
2520 4953 2814 5025 (quidquid
2838 4956 2910 5010 sit
2938 4955 3008 5013 de
3030 4958 3274 5015 veritate
3302 4977 3445 5019 ma·

2042 5033 2226 5107 joris),
2263 5035 2518 5110 neganda
2555 5041 2639 5091 est
2679 5036 2873 5092 minor
2895 5061 2910 5103 ;
2953 5055 3089 5094 nam
3120 5040 3252 5096 licet
3281 5044 3444 5102 unio

3150 5120 3434 5197 physica,

3563 5237 3564 5266 l
