3647 5753
475 391 587 446 508
1405 382 1496 436 DE
1535 381 2118 437 JUSTIFICATIONE
2158 381 2361 436 1MP11.

479 575 635 625 nem,
673 564 728 614 et
755 557 1080 613 maximam
1108 553 1595 611 defectibilitatem
1623 558 1844 608 naturae

477 641 765 703 humanae,
786 654 909 709 quae
928 642 1124 709 suapte
1152 635 1439 709 exigentia
1459 634 1515 690 id
1540 633 1843 708 regiminis

478 735 660 793 genus
674 718 944 791 exposcit,
974 732 1075 773 nec
1097 716 1342 788 postulat
1370 716 1648 789 majorem
1673 712 1844 770 inde-

479 800 915 863 sectibilitatem‚
950 805 1046 856 aut
1084 799 1305 870 assequi
1355 789 1524 852 susim
1570 796 1747 852 finem
1778 795 1843 851 in

479 878 770 944 omnibus,
800 880 979 935 autin
1003 878 1264 952 pluribus
1286 876 1632 944 individuis;
1659 875 1756 932 sed
1781 875 1843 931 in

480 960 867 1034 paucioribuS,
887 965 942 1016 et
965 959 1129 1016 valde
1153 960 1318 1015 raris.
1348 958 1693 1014 Recolantur
1719 971 1844 1028 quae

480 1042 739 1098 diximus
766 1042 879 1096 loco
898 1044 1084 1097 citato,

258 1148 458 1194 mmm„
555 1122 643 1177 Ad
688 1120 1186 1177 confirmationem
1234 1134 1509 1193 negamus
1553 1117 1843 1189 sequelam

290 1201 444 1293 ffi‘tlg·
484 1203 835 1259 intellectam
864 1200 934 1257 de
960 1200 1358 1266 obstinatione,
1389 1204 1445 1255 et
1470 1197 1844 1254 damnatione

429 1281 438 1290 '
483 1284 718 1356 proprie
738 1282 922 1338 dietis.
948 1283 1096 1337 Tum
1119 1281 1250 1354 quia
1277 1279 1568 1343 obstinati,
1594 1284 1650 1334 et
1676 1277 1838 1334 dam-

486 1363 608 1419 nati
638 1377 756 1418 non
784 1362 971 1417 solum
995 1376 1111 1417 non
1141 1364 1373 1434 possunt
1416 1373 1627 1416 exuere
1666 1357 1845 1413 mise-

486 1444 656 1508 riam,
689 1443 753 1498 in
804 1459 914 1515 qua
965 1447 1117 1506 sunt,
1172 1441 1269 1496 sed
1311 1457 1414 1496 nec
1466 1440 1660 1496 valent
1702 1453 1845 1510 opus

484 1524 707 1580 morale
747 1521 1088 1599 simpliciter
1128 1520 1344 1578 bonum
1384 1518 1621 1584 efficere,
1654 1517 1726 1574 ob
1750 1533 1847 1573 ac-

485 1606 699 1661 tualem
741 1605 944 1660 saltem
988 1603 1298 1658 virtualem
1345 1600 1844 1674 prosequutionem

484 1685 622 1741 finis
669 1684 944 1758 perversi,
976 1683 1068 1739 cui
1096 1682 1476 1738 immobiliter
1504 1681 1798 1738 adhaerent
1829 1700 1843 1735 ε

486 1769 659 1826 homo
681 1773 869 1824 autem
895 1768 956 1822 in
981 1766 1139 1838 puris
1159 1764 1437 1831 condituS,
1464 1764 1601 1821 etin
1625 1768 1846 1837 peccato

488 1849 740 1906 existens
756 1852 957 1922 posset,
985 1846 1121 1901 dum
1146 1846 1384 1912 viveret,
1417 1846 1647 1919 singula
1673 1860 1847 1917 opera

489 1930 790 1987 moraliter
835 1928 985 1984 bona
1024 1926 1261 1993 efficere,
1292 1931 1347 1983 et
1396 1942 1464 1982 ea
1510 1941 1627 1982 non
1667 1925 1846 1981 semel

486 2012 748 2079 efficeret,
784 2018 844 2067 ut
869 2010 1250 2083 explicuimus
1279 2009 1388 2064 loco
1416 2011 1602 2073 citata,
1633 2007 1758 2062 dub.
1786 2010 1841 2063 2.

486 2095 635 2149 Tum
658 2093 851 2158 etiam,
878 2091 1013 2164 quia
1040 2088 1330 2157 obstinati,
1364 2094 1419 2145 et
1440 2087 1698 2144 damnati
1729 2103 1847 2143 non

483 2183 720 2251 possunt
739 2191 910 2231 suum
936 2179 1147 2230 statum
1175 2173 1459 2246 deponere
1487 2186 1586 2243 per
1628 2170 1847 2226 auxilia

486 2259 820 2316 communia
870 2257 1070 2331 gratias
1114 2255 1590 2327 supernaturaliS,
1623 2261 1679 2310 et
1703 2254 1848 2310 citra

486 2340 857 2405 miraculum3
885 2340 1058 2395 homo
1081 2344 1270 2392 autem
1293 2337 1357 2392 in
1380 2337 1546 2409 puris
1562 2334 1843 2399 condituS,

483 2425 541 2476 et
568 2424 788 2491 peccato
816 2417 1044 2473 affectus
1072 2423 1255 2489 posset
1277 2432 1377 2488 per
1402 2414 1667 2487 praedicta
1688 2413 1849 2470 auxi-

487 2498 568 2554 lia
607 2499 733 2554 sine
779 2498 899 2552 ullo
946 2498 1228 2553 miraculo
1252 2498 1470 2562 sanari,
1501 2496 1635 2567 quia
1664 2498 1850 2566 posset

487 2581 636 2635 Deus
665 2576 1113 2634 misericorditer
1139 2578 1311 2633 illum
1334 2577 1631 2633 hominem
1662 2575 1731 2632 ad
1760 2576 1849 2631 al-

487 2659 696 2715 tiorem
724 2664 933 2713 statum
964 2656 1172 2729 absque
1216 2658 1337 2713 ullo
1387 2657 1668 2712 miraculo
1711 2671 1849 2712 eve-

487 2739 645 2796 here.
679 2740 826 2793 Tum
855 2736 1116 2809 denique,
1150 2752 1286 2793 nam
1312 2736 1459 2808 quod
1487 2736 1762 2803 damnati,
1793 2741 1850 2793 et

489 2817 761 2875 obstinati
810 2822 1094 2888 nequeant
1137 2817 1413 2882 converti,
1465 2823 1518 2873 et
1559 2822 1849 2890 peccatum

487 2915 717 2964 exuere,
740 2914 857 2955 non
881 2898 1154 2954 fundatur
1178 2899 1477 2970 primario,
1500 2905 1596 2955 aut
1618 2898 1850 2970 praecise

490 2978 555 3032 in
602 2979 922 3034 extrinseca
963 2978 1337 3049 dispositione
1365 2979 1462 3033 Dei
1491 2977 1851 3035 decernentis

489 3075 788 3132 nunquam
810 3059 1072 3116 conferre
1124 3059 1262 3132 ipsis
1311 3059 1529 3116 auxilia
1578 3059 1850 3132 requisita

487 3139 559 3195 ad
605 3140 1038 3197 conversionem
1066 3164 1080 3207 ;
1110 3140 1208 3196 sed
1254 3140 1529 3196 fundatur
1570 3141 1850 3212 praecipue

488 3221 552 3275 in
576 3220 889 3276 intrinseca
910 3218 1334 3285 damnatorum,
1354 3225 1408 3275 et
1429 3218 1849 3277 obstinatorum

487 3300 877 3372 dispositione,
908 3315 1032 3372 quae
1069 3300 1337 3371 exposcit,
1392 3305 1450 3355 ut
1502 3303 1648 3357 Deus
1677 3316 1851 3371 prze-

488 3379 702 3436 dictam
729 3380 1047 3436 carentiam
1091 3380 1443 3436 auxiliorum
1472 3379 1755 3447 decernat,
1790 3384 1853 3434 ut

268 3469 327 3510 1).
351 3467 441 3510 'rho
488 3460 649 3518 docet
690 3463 752 3516 D.
799 3461 1001 3517 Thom.
1062 3463 1079 3515 l
1131 3469 1281 3533 part.
1312 3469 1492 3539 quoest.
1524 3463 1616 3528 64,
1645 3468 1755 3516 art.
1789 3464 1844 3528 2,

488 3550 540 3597 et
586 3549 763 3615 quoest.
806 3544 887 3608 16,
918 3543 983 3596 de
1028 3540 1204 3608 Male,
1254 3549 1362 3598 art.
1408 3545 1462 3609 6,
1496 3547 1552 3598 et
1588 3559 1850 3598 commu-

491 3622 645 3678 niter
683 3622 992 3677 Thomistae
1026 3629 1222 3678 contra
1249 3624 1474 3679 Scotum
1514 3627 1570 3679 et
1623 3625 1851 3679 Duran-

491 3702 651 3758 dum.
685 3707 755 3757 At
782 3701 929 3774 quod
975 3702 1146 3759 homo
1186 3704 1249 3759 in
1288 3704 1446 3775 puris
1486 3701 1764 3767 condituS,
1795 3709 1852 3759 et

492 3782 558 3838 in
612 3789 831 3854 peccato
882 3781 1132 3840 existens
1184 3800 1301 3840 non
1343 3789 1525 3856 posset
1569 3784 1845 3850 converti,

490 3879 609 3921 non
674 3864 1014 3921 fundaretur
1074 3867 1353 3938 praecipue
1412 3866 1472 3921 in
1525 3866 1851 3923 conditione

490 3944 840 4011 intrinseca,
909 3946 1031 4001 sive
1089 3946 1152 4001 in
1212 3946 1641 4004 inflexibilitate
1704 3962 1850 4020 prae-

490 4025 628 4081 dicti
670 4026 926 4082 hominis
959 4026 1127 4094 (hanc
1174 4028 1382 4099 quippe
1427 4043 1545 4083 non
1592 4026 1845 4092 haberet,

489 4103 588 4160 sed
635 4110 818 4177 posset
867 4120 995 4160 cum
1050 4106 1304 4170 auxiliis,
1337 4122 1460 4178 quae
1494 4108 1640 4161 Deus
1680 4105 1852 4162 modo

490 4184 801 4257 dispensat,
834 4188 1110 4257 converti)
1137 4186 1234 4243 sed
1276 4185 1618 4242 fundaretur
1640 4186 1702 4241 in
1729 4185 1852 4241 dis-

492 4266 775 4337 positione
828 4267 1182 4333 accidentali,
1235 4283 1439 4338 nempe
1485 4267 1548 4322 in
1588 4283 1655 4323 eo
1700 4267 1850 4339 quod

491 4349 642 4405 Deus
684 4350 934 4406 noluerit
977 4350 1274 4406 hominem
1304 4349 1373 4405 ad
1396 4348 1660 4405 altiorem
1689 4348 1852 4404 ordi-

492 4445 629 4485 nem
680 4432 926 4488 elevare.
979 4435 1047 4488 Et
1098 4431 1224 4487 ideo
1271 4436 1491 4503 peccato
1535 4432 1845 4504 suppositO,

493 4515 722 4566 tantum
776 4513 1109 4580 inferretur,
1166 4512 1316 4586 quod
1367 4518 1627 4569 maneret
1678 4514 1852 4570 homo

498 4592 890 4651 infallibiliter
906 4597 968 4653 in
993 4596 1262 4669 praedicto
1281 4601 1428 4651 statu
1435 4618 1450 4662 ;
1465 4600 1517 4652 et
1540 4594 1644 4652 hoc
1662 4597 1850 4652 solum

496 4680 582 4732 est
609 4674 949 4747 impotentia
982 4694 1346 4750 consequens.

280 4767 483 4811 unimam
571 4756 703 4811 293.
745 4756 1023 4829 Arguitur
1063 4758 1270 4813 ultimo
1303 4778 1316 4812 :
1344 4757 1477 4829 quia
1510 4756 1558 4811 si
1588 4755 1759 4812 homo
1787 4756 1852 4810 in

281 4827 482 4910 ωξῆξξξῃ,
501 4835 662 4908 puris
688 4834 948 4892 conditus
985 4838 1239 4911 graviter
1269 4853 1501 4909 peccans
1539 4834 1853 4892 offenderet

498 4919 681 4971 Deum
704 4915 1025 4981 authorem,
1056 4923 1110 4972 et
1131 4915 1305 4974 finem
1326 4916 1846 4989 supernaturalem,

500 5000 795 5053 teneretur
840 4995 1045 5053 elicere
1089 4995 1399 5070 aliquando
1447 4994 1851 5051 contritionem

1973 551 2494 624 supernaturalem,
2528 555 2590 605 ut
2616 551 2965 608 satisfaceret
2987 568 3090 624 pro
3113 553 3336 627 injuria

1974 632 2154 698 illata,
2182 633 2345 706 juxta
2384 648 2751 689 communem
2792 632 3113 689 doctrinam
3142 636 3336 692 Theo-

1973 714 2235 788 logorum
2263 731 2391 770 cum
2419 715 2483 769 D.
2521 715 2728 770 Thom.
2761 714 2793 767 3
2814 723 2960 788 part.
3008 723 3189 792 quest.
3233 719 3332 785 85,

1973 805 2081 853 art.
2115 799 2169 862 5,
2194 797 2338 853 sicut
2365 798 2499 869 quia
2537 812 2635 869 per
2661 795 2805 852 illud
2836 803 3122 869 peccatum
3145 799 3334 858 offen-

1974 877 2133 935 deret
2157 881 2336 935 Deum
2360 879 2678 944 authorem,
2700 884 2756 934 et
2777 877 2954 936 finem
2981 883 3328 946 naturalem,

1951 965 2266 1034 &teneretur
2294 958 2357 1013 in
2379 958 2644 1014 omnium
2666 960 2949 1016 sententia
2975 961 3182 1018 elicere
3202 978 3335 1018 con·

1975 1043 2270 1098 tritionem
2326 1041 2687 1107 naturalem,
2727 1046 2780 1097 et
2820 1057 2881 1098 se
2910 1049 3240 1100 convertere
3267 1044 3332 1100 in

1977 1127 2157 1181 Deum
2204 1124 2529 1179 naturalem
2577 1120 2793 1179 finem:
2823 1139 2894 1179 ex
2937 1142 3049 1198 quo
3088 1127 3333 1183 ulterius

1976 1203 2137 1262 fieret
2161 1246 2174 1270 ,
2223 1207 2285 1258 ut
2332 1200 2631 1275 praedictus
2678 1202 2849 1259 homo
2875 1211 3129 1275 peccaret
3155 1207 3332 1263 omit-

1975 1283 2149 1341 tendo
2193 1288 2381 1338 actum
2428 1282 2793 1340 contritionis
2832 1286 3329 1356 supernaturalis;

1977 1378 2324 1434 consequens
2343 1368 2429 1418 est
2450 1362 2781 1429 absurdum,
2808 1368 2862 1419 et
2886 1364 3065 1418 nimis
3090 1363 3331 1430 durum;

1976 1444 2259 1518 siquidem
2306 1460 2476 1500 nemo
2524 1450 2709 1516 peccat
2759 1445 3079 1503 omittendo
3099 1445 3157 1501 id
3184 1446 3332 1519 quod

1978 1526 2163 1582 facere
2207 1541 2325 1581 non
2367 1530 2547 1597 potest
2573 1549 2585 1591 ;
2631 1530 2687 1581 et
2734 1525 2904 1582 homo
2957 1526 3020 1582 in
3069 1527 3334 1599 praedieto

1978 1613 2126 1664 statu
2151 1613 2371 1664 careret
2391 1606 2660 1663 omnibus
2691 1608 2943 1676 auxiliiS‚
2970 1625 3094 1682 quae
3116 1609 3184 1665 ad
3205 1627 3332 1667 con-

1979 1686 2273 1746 tritionem
2322 1689 2825 1760 supernaturalem
2883 1689 3282 1746 desiderantur
3317 1713 3329 1745 :

1978 1786 2114 1843 ergo
2159 1770 2330 1826 homo
2376 1784 2610 1841 peccans
2641 1770 2703 1825 in
2733 1769 3000 1842 praedicto
3038 1777 3186 1827 statu
3217 1787 3333 1827 non

1978 1850 2289 1908 offenderet
2311 1854 2489 1907 Deum
2513 1851 2834 1916 authorem,
2867 1857 2923 1907 et
2944 1850 3120 1908 finem
3142 1869 3334 1925 super-

1979 1933 2336 1994 naturalem,
2385 1936 2552 2003 atque
2596 1930 2725 1988 ideo
2772 1948 2889 1987 non
2927 1930 3210 2006 indigeret
3233 1950 3332 1988 su-

1980 2011 2335 2084 pernaturali
2362 2011 2548 2085 gratia
2577 2011 2647 2067 ad
2676 2010 3078 2083 deponendum
3122 2017 3331 2068 statum

1980 2094 2209 2166 peccati.
3283 2159 3290 2168 ,

2054 2171 2478 2239 confirmatur,
2533 2174 2668 2246 quia
2715 2190 2786 2230 ex
2830 2174 3086 2246 opposito
3131 2172 3326 2240 fieret,
3366 2185 3530 2228 counr-

1980 2259 2203 2325 peccata
2253 2254 2507 2310 venialia
2559 2254 2622 2308 in
2677 2252 2945 2325 praedicto
2978 2259 3125 2309 statu
3171 2270 3332 2311 com·
3373 2239 3519 2278 mano.

1981 2333 2156 2388 missa
2196 2349 2312 2388 non
2356 2350 2514 2406 posse
2539 2334 2666 2388 sine
2695 2333 3117 2405 supernaturali
3144 2334 3336 2406 gratia

1980 2415 2183 2477 deleri;
2214 2415 2361 2488 quod
2406 2421 2490 2471 est
2528 2421 2726 2471 contra
2761 2430 3121 2472 communem
3144 2416 3336 2473 Theo-

1982 2497 2242 2569 logorum
2288 2496 2659 2552 sententiam.
2711 2497 2947 2568 Sequela
2974 2495 3333 2552 ostenditur:

1982 2592 2118 2632 nam
2148 2577 2273 2633 ideo
2299 2583 2585 2649 peccatum
2609 2577 2851 2632 mortale
2878 2574 3133 2648 praedicti
3156 2581 3337 2634 status

1981 2657 2179 2729 nequit
2229 2657 2357 2713 sine
2401 2656 2846 2728 supernaturali
2876 2657 3066 2729 gratia
3118 2655 3300 2714 deleri
3327 2700 3341 2723 ‚

1981 2736 2114 2807 quia
2143 2737 2325 2810 tangit
2346 2736 2609 2792 aversive
2637 2738 2816 2791 Deum
2838 2737 3344 2807 supernaturalem

1982 2818 2302 2882 authorem,
2328 2823 2384 2873 et
2406 2816 2581 2872 finem
2606 2838 2617 2872 :
2641 2816 2737 2873 sed
2766 2817 3019 2873 venialia
3048 2817 3223 2874 etiam
3241 2834 3344 2874 suo

1983 2898 2152 2955 modo
2198 2899 2545 2971 attingerent
2568 2898 2828 2954 aversive
2857 2901 3035 2955 Deum
3058 2914 3343 2971 superna-

1981 2980 2228 3035 turalem
2261 2979 2580 3044 authorem,
2612 2984 2668 3034 et
2690 2976 2890 3045 finem;
2920 2977 3207 3052 siquidem
3226 2978 3343 3034 dis-

1983 3064 2262 3131 ponerent
2290 3059 2359 3114 ad
2397 3061 2639 3115 mortale
2663 3101 2676 3123 ,
2709 3058 2858 3131 quod
2900 3065 3092 3116 causat
3127 3060 3336 3115 imme-

1982 3138 2133 3196 diate
2163 3139 2562 3197 aversionem:
2592 3156 2727 3213 ergo
2755 3156 2872 3197 non
2904 3144 3130 3213 possent
3155 3139 3333 3196 deleri

1984 3218 2192 3292 absque
2210 3220 2401 3291 aliqua
2426 3221 2855 3291 supernaturali
2885 3220 3221 3276 mutatione.

2056 3299 2449 3371 Respondetur
2504 3299 2764 3374 negando
2813 3301 3106 3372 sequelam
3132 3342 3144 3363 ,
3204 3298 3336 3372 quia
3349 3302 3544 3345 Occurri-

1982 3378 2254 3452 obligatio
2293 3379 2700 3448 satisfaciendi,
2728 3397 2850 3452 quae
2880 3380 3079 3436 reddat
3101 3357 3559 3445 inexcu-¹1¹}‚'02{{¹‚¹'

1982 3460 2224 3517 sabilem
2253 3460 2644 3527 omissionem,
2688 3477 2804 3517 non
2850 3468 2934 3518 est
2972 3476 3332 3518 commensu-

1984 3540 2166 3596 randa
2195 3540 2427 3612 praecise
2455 3557 2626 3612 penes
2652 3539 2931 3597 damnum
2960 3541 3207 3606 illatum,
3237 3538 3336 3596 sed

1983 3624 2166 3697 magis
2189 3639 2359 3695 penes
2389 3622 2543 3677 vires
2563 3623 2701 3695 ejuS,
2728 3624 2825 3693 qui
2857 3629 3081 3681 tenetur
3106 3620 3337 3678 satisfa-

1983 3719 2127 3761 cere.
2154 3703 2261 3766 Qui
2282 3703 2442 3759 enim
2465 3701 2600 3756 facit
2619 3701 2769 3773 quod
2789 3709 2873 3758 est
2900 3705 2962 3759 in
2983 3719 3057 3769 se,
3084 3707 3138 3758 et
3155 3715 3337 3773 quan·

1983 3790 2105 3839 tum
2136 3789 2331 3857 potest,
2361 3788 2421 3838 ut
2448 3782 2758 3838 satisfaciat
2780 3785 3072 3858 condigne,
3096 3795 3337 3839 excusa-

1983 3870 2077 3920 tur
2099 3881 2132 3920 a
2154 3880 2303 3920 novo
2331 3869 2571 3935 peccato,
2604 3865 2873 3935 quamvis
2897 3865 3257 3938 condignam,
3283 3866 3342 3917 et

1984 3946 2261 4017 aequalem
2291 3944 2518 4000 offensae
2544 3944 2994 4001 satisfactionem
3023 3960 3142 4001 non
3168 3941 3343 3999 exhi-

1984 4027 2130 4083 beat.
2164 4029 2285 4090 Qua
2309 4025 2531 4081 ratione
2554 4025 2684 4080 licet
2705 4025 2916 4082 offensa
2940 4026 3344 4099 quuscumque

1985 4108 2193 4182 peccati
2241 4106 2435 4180 gravis
2479 4106 2554 4160 sit
2599 4104 2849 4171 infinita,
2883 4123 3007 4179 quae
3054 4104 3295 4179 proinde
3321 4148 3335 4169 ,

1983 4196 2260 4264 quantum
2288 4194 2373 4244 est
2398 4187 2467 4243 de
2485 4203 2563 4251 se,
2596 4188 2826 4245 deberet
2850 4190 3074 4261 expiari
3111 4204 3214 4261 per
3242 4188 3341 4243 in-

1983 4270 2210 4326 finitam
2254 4268 2735 4335 satisfactionem
2786 4269 3171 4325 nihilominus
3221 4283 3340 4324 non

1983 4358 2208 4410 tenetur
2233 4352 2402 4408 homo
2429 4351 2624 4421 (etiam
2655 4350 3084 4423 praescindendo
3112 4368 3144 4408 a
3170 4351 3342 4407 satis-

1984 4433 2228 4489 factione
2256 4431 2464 4486 Christi
2490 4432 2743 4502 Domini)
2769 4432 3215 4489 satisfactionem
3245 4433 3345 4487 in-

1982 4512 2208 4569 finitam
2250 4511 2476 4578 offerre,
2512 4511 2592 4567 ita
2628 4518 2688 4567 ut
2713 4528 2840 4568 eam
2872 4528 2987 4569 non
3016 4511 3346 4569 exhibendo

1984 4597 2201 4665 peccet;
2243 4591 2377 4664 quia
2432 4590 2687 4648 absolute
2728 4609 2846 4648 non
2892 4598 3074 4666 potest
3118 4598 3342 4649 tantam

1984 4673 2238 4746 praebere
2288 4673 2732 4730 satisfactionem
2761 4718 2772 4730 .
2828 4675 2936 4732 Sed
2992 4673 3088 4731 ubi
3163 4674 3297 4732 facit
3321 4717 3338 4740 ,‚

1983 4760 2262 4827 quantum
2286 4758 2368 4809 est
2398 4753 2460 4808 in
2485 4769 2561 4820 se,
2590 4760 2649 4809 ut
2674 4755 3004 4821 satisfaciat,
3038 4759 3344 4811 excusatur

1985 4851 2017 4891 a
2042 4850 2194 4892 novo
2217 4839 2457 4907 peccat0,
2488 4834 2639 4908 quod
2666 4835 2982 4893 omittendo
3008 4836 3350 4893 satisfactio-

1985 4931 2120 4973 nem
2167 4915 2570 4972 committeret.
2625 4918 2807 4973 Homo
2854 4924 3048 4974 autem
3087 4917 3152 4972 in
3191 4921 3346 4973 statu

1987 5011 2266 5068 purorum
2292 5001 2437 5052 esset
2471 4996 2814 5068 simpliciter
2836 4997 3123 5070 impotens
3149 4995 3220 5052 ad
3247 5012 3348 5053 sa—

2936 5075 3345 5134 tisfaciendum
