3647 5753
1406 355 1582 410 DISP.
1628 354 1671 418 Ι,
1716 351 1884 407 DUB.
1926 353 2021 409 vl.
3014 355 3128 410 695

1759 539 1864 597 per
1885 524 2124 583 modum
2145 542 2370 585 coronae
2397 525 2564 585 nobis
2603 526 2931 584 conferatur
2958 548 2971 583 ε
3005 540 3123 582 non

1757 606 1895 678 quia
1913 608 2132 665 seclusa
2153 610 2421 682 praedicta
2450 610 2832 683 promissione
2856 625 3029 681 opera
3049 624 3122 665 ex

1756 688 1944 763 gratia
1966 688 2111 747 facta
2137 692 2385 749 habeant
2413 693 2697 750 rationem
2745 693 2960 759 meriti,
3009 692 3122 748 nisi

1757 774 1982 826 tantum
2036 771 2399 845 incomplete,
2443 778 2499 831 et
2540 790 2641 847 per
2668 772 2928 829 medium
2966 777 3123 828 actus

1757 851 1956 923 primi,
1986 857 2047 908 ut
2072 850 2290 911 dictum
2311 859 2414 912 est.

1838 933 1929 989 51.
1973 933 2179 1007 Arguit
2197 936 2444 994 secundo
2464 938 2633 1010 Vasq.
2664 937 2722 992 Si
2747 935 2817 993 ad
2839 937 3117 993 meritum
3132 938 3314 1031 (1ῗῇξῖ

1755 1016 2078 1072 necessaria
2122 1022 2207 1074 est
2259 1019 2582 1090 promissio,
2626 1020 2762 1077 talis
2816 1019 3118 1095 promissio
3151 1044 3321 1089 gumen·

1755 1094 1924 1153 debet
1944 1096 2300 1156 innotescere
2327 1100 2476 1172 apud
2511 1117 2622 1169 eoS,
2652 1103 2750 1176 qui
2793 1107 3114 1167 merentur,
3181 1090 3281 1129 “¹¹¹¹-

1753 1183 1811 1235 et
1832 1177 1901 1234 ab
1930 1178 2051 1235 illis
2073 1182 2350 1254 acceptari
2381 1183 2510 1241 :sed
2533 1186 2727 1258 plures
2748 1184 2947 1242 fideles
2970 1181 3119 1257 apud

1757 1259 1938 1314 Deum
1980 1266 2298 1327 merentur,
2329 1261 2428 1335 qui
2458 1268 2654 1320 tamen
2688 1279 2806 1320 non
2834 1280 3120 1340 cognove-

1756 1342 1896 1393 runt
1921 1338 2042 1412 ejus
2065 1341 2528 1412 promissionem,
2563 1359 2665 1400 nec
2693 1360 2819 1401 eam
2864 1349 3121 1417 accepta-

1757 1421 1914 1485 runt,
1942 1425 2003 1475 ut
2022 1435 2095 1476 ex
2120 1437 2182 1478 se
2209 1427 2412 1479 notum
2433 1427 2517 1479 est
2548 1444 2561 1480 ε
2593 1439 2746 1498 ergo.
2778 1425 2962 1498 Major
2982 1440 3121 1480 sua-

263 528 478 594 Minor‚
531 533 591 586 et
633 527 1041 601 consequentia
1105 531 1384 585 constant.
1442 526 1627 600 Major

263 627 402 668 vero
432 609 706 683 probatur
733 632 747 667 :
780 615 900 666 tum
930 609 1064 682 quia
1088 609 1221 664 talis
1243 612 1397 665 actus
1424 613 1508 664 est
1533 605 1627 663 di-

258 709 407 768 gnus
429 693 547 750 vita
592 697 806 750 aeterna
840 707 1018 766 :ergo
1061 697 1316 748 meretur
1344 692 1508 748 illam
1556 688 1626 746 de

259 774 562 850 condigno.
597 776 746 831 Tum
772 775 970 837 etiam,
1002 773 1140 846 quia
1184 774 1372 847 gratia
1412 772 1624 828 dicitur

9 852 163 895 ¹0³⁰·
185 854 227 895 ⁴·
257 859 421 914 Joan.
453 860 488 912 4
518 878 531 913 ε
561 855 706 913 Fons
731 872 883 934 aqum
900 854 1154 910 salientis
1181 857 1242 909 in
1271 856 1443 909 vitam
1469 860 1626 908 arter-

260 955 412 1003 nam,
466 953 583 993 non
625 935 742 992 alia
784 935 1027 1000 ratione,
1073 934 1191 990 nisi
1235 933 1370 1007 quia
1416 933 1623 990 mediis

259 1019 381 1074 suis
411 1017 626 1075 actibus
656 1016 725 1073 ad
757 1019 934 1074 vitam
961 1022 1238 1074 aeternam
1266 1031 1623 1088 consequen-

260 1100 397 1157 dam
446 1100 627 1156 tendit
672 1120 687 1157 ε
735 1106 791 1158 et
834 1100 906 1158 ob
947 1099 1192 1157 eandem
1225 1099 1511 1156 rationem
1572 1100 1618 1163 1.

9 1176 246 1220 ΝΟΜ-ἃ
261 1180 429 1238 Ιοαη.
455 1181 508 1240 3.
542 1179 753 1236 dicitur
779 1198 956 1236 semen
990 1180 1094 1237 Dei
1123 1198 1141 1237 .·
1178 1195 1332 1253 ergo,
1363 1183 1470 1235 etc.

9 1272 221 1317 solutio.
337 1259 735 1333 Respondetur
781 1261 1042 1336 negando
1094 1261 1394 1335 maJ‘orem,
1452 1263 1510 1315 et
1551 1257 1621 1314 ad

264 1341 517 1414 primam
585 1340 979 1413 probationem
1027 1346 1091 1397 ut
1147 1339 1616 1413 respondeamus,

38 1435 230 1488 nispai.
261 1423 504 1482 observa
530 1439 601 1480 ex
641 1425 970 1496 Hispalensi
992 1425 1056 1482 in
1082 1427 1138 1488 2,
1171 1421 1270 1479 ubi
1291 1440 1487 1495 supra,
1515 1438 1622 1479 no-

263 1504 428 1561 tabili
456 1507 512 1569 4,
539 1503 687 1577 quod
716 1510 870 1561 actus
891 1504 962 1562 de
981 1504 1264 1578 condigno
1285 1503 1622 1561 meritorius

262 1585 501 1643 aliunde
529 1578 717 1651 habet,
750 1587 899 1660 quod
926 1587 1001 1643 sit
1021 1586 1337 1663 condignus
1360 1585 1615 1658 praemi0,

258 1673 316 1725 et
343 1667 580 1725 aliunde
600 1668 749 1741 quod
772 1670 847 1725 sit
872 1669 1148 1742 complete
1182 1668 1517 1726 meritorius
1545 1667 1622 1724 il-

259 1750 373 1805 lius
401 1771 413 1806 ε
446 1765 582 1805 nam
609 1755 663 1806 et
696 1752 844 1808 ratio
866 1750 1156 1826 condigni,
1188 1756 1243 1807 et
1272 1750 1420 1808 ratio
1448 1750 1622 1807 meri-

257 1829 394 1887 torii
444 1829 755 1902 aliquando
798 1835 1158 1904 separantur,
1209 1836 1264 1887 et
1294 1831 1455 1904 prius
1495 1830 1624 1887 sine

258 1910 565 1982 posteriori
616 1911 920 1983 reperitur,
976 1917 1035 1966 ut
1083 1916 1236 1984 patet
1289 1912 1351 1966 in
1405 1910 1623 1967 actibus

256 1988 458 2046 liberis
496 1989 814 2058 beatorum,
846 1991 942 2063 qui
967 2007 1096 2047 cum
1125 1992 1243 2047 sint
1265 1992 1499 2064 aequalis
1525 2007 1623 2048 va·

258 2072 416 2135 loris,
451 2078 505 2128 et
526 2072 823 2147 dignitatis
844 2089 975 2131 cum
1005 2074 1265 2147 praemio,
1294 2080 1461 2147 atque
1483 2073 1622 2130 adeo

255 2162 537 2227 quantum
558 2161 642 2212 est
667 2173 739 2212 ex
765 2172 845 2223 se,
881 2158 1126 2230 praemio
1152 2156 1445 2231 condigni,
1477 2156 1623 2212 sicut

258 2241 413 2293 actus
456 2239 663 2300 nostri;
708 2254 827 2295 non
876 2244 1070 2296 tamen
1115 2245 1251 2296 sunt
1285 2239 1348 2295 in
1386 2244 1510 2295 actu
1538 2255 1622 2295 se-

258 2318 443 2376 cundo
467 2321 773 2377 meritorii.
801 2321 967 2377 Ratio
982 2322 1143 2378 enim
1162 2320 1433 2395 condigni
1458 2321 1623 2377 desu-

260 2400 445 2457 mitur
471 2416 542 2457 ex
583 2403 702 2459 sola
743 2401 1043 2476 dignitate,
1076 2408 1132 2461 et
1157 2404 1356 2460 valore
1398 2404 1619 2460 intrin-

263 2497 391 2538 seco
418 2488 604 2550 actus;
634 2482 915 2540 etidcirco
933 2484 1277 2556 'quicumque
1304 2490 1456 2540 actus
1476 2485 1623 2558 eJus-

259 2563 391 2620 dem
416 2565 631 2621 valoris
650 2580 782 2620 cum
811 2565 1004 2637 aliquo
1027 2567 1263 2638 praemio
1283 2566 1396 2623 dici
1442 2573 1621 2639 potest

253 2660 324 2702 eo
344 2643 682 2718 condignus.
706 2647 778 2701 At
807 2647 952 2703 ratio
974 2648 1260 2705 meritorii
1283 2647 1347 2702 in
1370 2654 1493 2704 actu
1526 2664 1619 2706 se-

254 2724 444 2782 cundo
462 2724 617 2780 addit
632 2743 694 2781 su
704 2742 808 2799 pra
823 2727 1080 2784 valorem
1088 2728 1109 2802 j
1118 2744 1180 2783 us
1198 2726 1269 2784 ad
1285 2730 1614 2800 praemium,

251 2805 315 2862 in
376 2821 486 2879 quo
536 2807 855 2864 necessario
903 2807 1221 2864 includitur
1272 2810 1577 2882 promissio
1601 2834 1616 2878 3

251 2886 389 2959 quia
459 2888 573 2944 nisi
629 2888 841 2960 aliquis
896 2891 1198 2963 praemium
1246 2891 1615 2963 promisisset,

250 2969 630 3042 quantumvis
668 2970 818 3025 alius
848 2976 1081 3044 propter
1111 2972 1278 3027 illum
1309 2972 1614 3040 laboraret,

253 3050 487 3105 nullum
532 3049 854 3122 acquireret
875 3053 970 3125 jus
998 3054 1061 3108 in
1089 3053 1279 3126 ipsum
1306 3075 1320 3109 ε
1348 3070 1451 3111 nec
1476 3059 1622 3112 esset

166 3186 169 3187 γ
257 3130 409 3186 unde
452 3130 534 3187 sic
562 3130 850 3188 laboranti
883 3134 994 3189 tale
1023 3133 1330 3206 praemium
1379 3134 1448 3191 de
1477 3135 1621 3193 facto

253 3210 581 3277 deberetur,
635 3215 959 3285 praesertim
1006 3214 1056 3270 si
1111 3214 1410 3287 praedictus
1457 3215 1621 3273 labor

249 3290 306 3347 ei
328 3292 391 3346 in
418 3292 579 3365 cujus
596 3291 935 3365 obsequium
963 3291 1046 3359 fit,
1073 3299 1218 3350 esset
1240 3293 1464 3351 debitus
1489 3295 1620 3351 aliis

253 3370 458 3437 titulis,
491 3371 641 3426 sicut
672 3372 867 3429 omnis
916 3371 1078 3429 labor
1115 3378 1309 3431 noster
1354 3376 1471 3431 Deo
1518 3374 1622 3433 de-

256 3451 531 3582 baffi-,his
557 3542 693 3600 ergo
713 3528 783 3584 ad
809 3528 1059 3600 primam
1085 3529 1483 3601 probationem
1512 3532 1620 3588 mi-

259 3606 422 3661 noris
473 3605 776 3665 dicendum
823 3615 927 3675 est,
983 3609 1132 3683 quod
1186 3611 1318 3667 licet
1370 3619 1528 3668 actus
1584 3629 1618 3669 a

254 3687 464 3760 gratia,
499 3693 555 3744 et
599 3690 877 3748 charitate
931 3691 1240 3764 procedens
1268 3692 1492 3761 habeat,
1526 3710 1619 3752 se-

255 3766 417 3822 clusa
462 3768 862 3838 promissione,
913 3770 1285 3828 sufficientem
1335 3774 1612 3841 valorem,

254 3851 313 3903 et
352 3849 633 3919 aequalem
678 3848 1019 3923 dignitatem
1058 3868 1188 3908 cum
1223 3854 1461 3925 praemio
1488 3854 1618 3911 vitae

256 3932 508 3992 aeternae,
536 3945 662 3985 ,non
689 3936 882 3987 tamen
925 3932 1190 4003 praedicta
1235 3936 1618 4007 promissione

250 4010 475 4065 seclusa
497 4010 660 4066 estin
677 4016 799 4067 actu
823 4011 1066 4069 secundo
1081 4015 1416 4072 meritorius
1433 4018 1611 4083 illius,

258 4106 360 4147 nec
379 4092 602 4148 confert
631 4092 893 4164 operanti
922 4092 991 4150 de
1013 4094 1158 4152 facto
1180 4097 1274 4170 jus
1308 4097 1378 4153 ad
1407 4098 1573 4154 illam
1602 4119 1614 4154 ε

259 4188 395 4229 nam
424 4173 571 4230 ratio
600 4174 910 4240 meritorii,
946 4182 1006 4231 ut
1048 4176 1263 4233 dictum
1300 4185 1402 4243 est,
1440 4196 1616 4252 supra

258 4253 544 4310 rationem
592 4255 863 4329 condigni
901 4255 1058 4313 addit
1081 4259 1364 4315 rationem
1392 4259 1570 4316 debiti
1598 4285 1613 4328 ;

255 4351 381 4409 quae
406 4337 710 4409 (praecipue
750 4339 813 4394 in
842 4338 1048 4395 ordine
1076 4338 1144 4396 ad
1191 4344 1394 4414 Deum)
1441 4343 1599 4399 intel·

258 4418 360 4493 ligi
387 4420 583 4492 nequit
608 4419 736 4476 sine
767 4422 1166 4493 promissione.

330 4499 417 4555 Ad
436 4499 743 4558 secundam
763 4502 1159 4575 probationem
1176 4502 1348 4571 dicas,
1367 4505 1616 4579 gratiam

256 4582 449 4637 vocari
495 4598 693 4638 semen
731 4584 951 4656 gloriae,
977 4590 1032 4641 et
1072 4586 1291 4643 fontem
1320 4603 1478 4659 aqum
1521 4603 1617 4644 sa-

256 4661 452 4716 lientis
480 4661 542 4717 in
591 4662 776 4718 illam.
833 4664 982 4720 Tum
1009 4665 1144 4737 quia
1171 4666 1332 4722 omni
1382 4665 1615 4723 habenti

250 4741 504 4814 gratiam
544 4741 783 4798 debetur
809 4744 995 4817 gloria
1015 4746 1147 4819 Jure
1176 4744 1544 4813 haereditatiS,
1560 4754 1616 4805 et

255 4818 559 4876 filiationis
592 4821 874 4894 adoptivae
923 4826 1044 4882 Dei.
1073 4828 1222 4888 Tum
1250 4828 1445 4895 etiam,
1481 4829 1617 4900 quia

256 4899 466 4958 mediis
516 4901 697 4974 ipsius
748 4902 967 4961 actibus
1010 4907 1293 4965 efficimur
1338 4909 1522 4983 digni,
1554 4917 1617 4967 ut

251 4982 624 5042 antecedente
666 4985 1048 5058 promissione
1086 4991 1205 5057 Dei,
1233 4992 1352 5049 vita
1398 4997 1616 5052 aeterna

1754 1498 1941 1565 detur,
1973 1501 2109 1574 quia
2152 1518 2270 1560 non
2298 1504 2416 1560 alia
2444 1503 2665 1561 ratione
2690 1511 2872 1579 potest
2901 1507 3118 1581 requiri

1756 1583 2064 1655 promissio
2087 1585 2187 1640 Dei
2218 1585 2285 1642 ad
2311 1586 2606 1652 meritum,
2634 1587 2750 1644 nisi
2771 1603 2842 1644 ex
2865 1589 2966 1646 tali
2991 1605 3119 1663 pro-

1755 1663 2032 1720 missione
2053 1664 2147 1737 jus
2176 1665 2407 1739 aliquod
2447 1666 2686 1740 J'ustitiae
2727 1669 2880 1726 inter
2909 1686 3031 1736 nos,
3063 1675 3121 1727 et

1754 1745 1936 1799 Deum
1965 1743 2189 1801 oriatur
2223 1767 2236 1801 ε
2264 1762 2336 1803 ex
2358 1748 2741 1819 promissione
2778 1754 2970 1807 autem
3001 1766 3118 1807 non

1752 1824 1995 1897 cognita,
2040 1829 2095 1882 et
2124 1832 2409 1899 acceptata
2435 1826 2506 1884 ab
2546 1843 2615 1885 eo
2643 1829 2735 1884 cui
2758 1827 2840 1895 fit,
2883 1831 3116 1887 nullum

1754 1907 1943 1962 oritur
1963 1907 1984 1979 j
1994 1908 2200 1964 ustitiae
2216 1908 2329 1982 jus,
2358 1915 2421 1966 ut
2441 1926 2510 1967 ex
2525 1925 2586 1967 se
2600 1916 2819 1968 constat
2844 1931 2857 1974 ;
2880 1913 2929 1968 si
2955 1913 3116 1969 enim

1756 1988 1961 2044 Petrus
2012 1989 2158 2046 mihi
2213 1996 2442 2047 centum
2510 1992 2822 2064 promittat,
2879 1999 2934 2050 et
2981 1995 3115 2051 talis

1757 2069 2066 2141 promissio
2118 2070 2265 2126 mihi
2323 2086 2440 2128 non
2481 2072 2813 2140 innotescat,
2871 2079 2970 2130 aut
3012 2089 3116 2149 ego

1754 2167 1873 2207 non
1896 2156 2177 2226 acceptem
2206 2153 2391 2218 illam,
2420 2155 2622 2211 Petr'us
2649 2171 2767 2212 non
2795 2161 3023 2213 tenetur
3043 2172 3117 2214 ex

1749 2233 1975 2308 justitia
2002 2234 2320 2307 adimplere
2367 2237 2717 2308 promissum
2751 2258 2764 2293 ε
2812 2254 2968 2312 ergo,
3002 2243 3109 2296 etc.

1830 2315 2253 2376 confirmatur:
2289 2333 2427 2374 nam
2450 2319 2604 2376 inter
2626 2321 2825 2386 Deum,
2852 2328 2906 2375 et
2925 2321 3113 2376 Chris·
3144 2317 3303 2411 0022?

1753 2402 1879 2453 tum
1902 2399 2229 2468 Dominum,
2255 2404 2561 2473 antequam
2585 2401 2650 2458 in
2678 2417 2878 2458 rerum
2908 2408 3116 2460 natura
3156 2379 3217 2411 ωε
3292 2398 3304 2411 ‘

1753 2485 1816 2535 ut
1844 2481 2016 2538 homo
2037 2482 2326 2547 existeret,
2359 2484 2591 2539 nullum
2627 2484 2812 2556 potuit
2834 2500 2955 2541 esse
2983 2502 3116 2557 pac-

1754 2567 1898 2626 tum,
1925 2561 2018 2618 vel
2045 2563 2351 2634 promissio
2372 2562 2442 2619 ab
2466 2564 2588 2636 ipso
2615 2565 2840 2621 Christo
2871 2567 3116 2624 Domino

1755 2647 2057 2716 acceptata,
2105 2651 2166 2699 ut
2205 2661 2278 2701 ex
2316 2660 2377 2701 se
2408 2650 2608 2702 notum
2636 2651 2720 2702 est
2765 2667 2778 2701 :
2823 2646 2925 2702 sed
2953 2653 3120 2706 ante-

1751 2740 1926 2796 quam
1954 2726 2225 2784 existeret
2251 2727 2314 2783 in
2357 2743 2555 2785 rerum
2585 2732 2794 2784 natura
2817 2733 2877 2783 ut
2920 2730 3111 2799 hom0,

1752 2809 1901 2863 Deus
1935 2806 2268 2865 intuebatur
2314 2808 2473 2864 illius
2531 2808 2760 2874 merita,
2820 2809 2892 2867 ob
2938 2827 3117 2885 eaque

1753 2887 2022 2945 Patribus
2060 2890 2412 2947 Testamenti
2455 2891 2680 2946 Veteris
2699 2892 2947 2965 gratiam
2968 2908 3108 2950 con-

1753 2968 1884 3023 tulit
1911 2984 2080 3041 :ergo
2114 2968 2439 3043 hujusmodi
2470 2971 2681 3027 merita
2707 2971 3110 3029 antecedenter

1753 3045 1826 3102 ad
1853 3048 2296 3121 acceptationem
2325 3050 2613 3106 habebant
2654 3050 2980 3107 formaliter
3016 3068 3115 3108 ra-

1753 3129 1971 3186 tionem
1996 3131 2359 3189 meritorum.

1829 3211 2226 3283 Respondetur
2268 3213 2339 3270 ad
2386 3218 2814 3288 argumentum,
2864 3214 3113 3271 admissa
3127 3233 3316 3280 Diluitur

1753 3292 1982 3365 majori,
2041 3294 2303 3368 negando
2343 3297 2632 3353 minorem
2661 3320 2675 3354 2
2723 3297 2858 3368 quia
2917 3295 3114 3353 fideles
3127 3294 3311 3379 ωξιζξξῶ

1751 3388 1955 3429 omnes
1981 3389 2111 3430 cum
2139 3374 2208 3432 ad
2237 3391 2419 3434 annos
2444 3377 2806 3434 discretionis
2830 3392 3112 3450 pervene—

1754 3454 1892 3521 rint,
1939 3456 2088 3511 scire
2135 3455 2344 3512 debent
2397 3460 2573 3514 Deum
2617 3464 3113 3516 remuneratorem

1750 3550 1874 3591 esse
1911 3534 2196 3593 bonorum
2225 3554 2487 3610 operum,
2520 3555 2642 3611 quae
2670 3539 2734 3593 in
2776 3538 3112 3613 obsequium

1751 3617 1934 3690 ipsius
1959 3625 2320 3688 exercentur,
2347 3622 2511 3695 juxta
2557 3622 2704 3678 illud
2746 3625 2999 3695 Apostoli
3043 3623 3113 3680 ad

1753 3699 1928 3756 Hebr.
1966 3702 1984 3755 l
2006 3703 2053 3756 1:
2087 3700 2436 3757 ,decedentem
2458 3704 2532 3758 ad
2559 3704 2734 3761 Deum
2761 3714 2964 3779 oportet
2991 3724 3112 3761 cre-
3127 3710 3193 3753 Ad
3216 3710 3324 3753 11⁰¹>-

1750 3781 1893 3847 dere,
1926 3784 2059 3859 quia
2081 3789 2176 3848 est,
2210 3790 2258 3837 et
2287 3785 2689 3861 inquirentibus
2709 3805 2763 3842 se
2788 3806 3114 3844 remunera·
3196 3762 3256 3801 ¹¹‘

1752 3869 1837 3916 tor
1855 3864 1946 3917 sit.
1981 3866 2046 3919 In
2068 3878 2180 3936 quo
2200 3864 2530 3922 virtualiter
2557 3870 2781 3934 saltem,
2834 3876 2891 3925 et
2921 3870 3114 3941 impli-

1751 3945 1860 4001 cite
1879 3951 2239 4019 cognoscunt,
2271 3952 2324 4002 et
2347 3954 2636 4021 acceptant
2662 3948 2925 4006 divinam
2976 3967 3112 4024 pro-

1750 4027 2089 4083 missionem
2134 4026 2203 4083 de
2248 4029 2594 4088 conserendo
2641 4032 2946 4104 praemium
3006 4051 3110 4106 pro

1751 4107 1995 4163 meritis.

1825 4180 1981 4237 Adde
2021 4181 2160 4237 satis
2186 4198 2325 4252 esse,
2364 4183 2514 4256 quod
2561 4185 2807 4241 Ecclesia
2850 4184 3111 4244 fidelium

1750 4263 2015 4319 omnium
2040 4269 2242 4330 mater,
2278 4266 2368 4321 vel
2402 4266 2662 4321 Christus
2706 4268 2984 4323 Dominus
3020 4268 3113 4341 ip-

1748 4343 1868 4398 sius
1893 4359 2153 4415 sponsus,
2180 4351 2235 4401 et
2260 4350 2444 4418 caput,
2505 4347 2830 4418 praedictam
2861 4350 3113 4420 promis-

1748 4425 1973 4482 sionem
2017 4432 2324 4499 acceptent,
2354 4432 2414 4483 ut
2460 4430 2607 4487 Deus
2653 4447 2723 4487 ex
2752 4431 2809 4487 vi
2839 4431 3000 4487 illius
3022 4438 3111 4490 te-

1750 4512 1957 4564 neatur
2008 4510 2218 4566 merita
2254 4518 2452 4568 nostra
2494 4528 2867 4570 remunerare
2905 4538 2921 4581 ;
2971 4531 3112 4573 nam

1750 4590 2058 4662 promissio
2103 4592 2249 4649 tacta
2301 4593 2635 4666 parentibus
2683 4596 2746 4651 in
2787 4596 2991 4655 ordine
3037 4598 3111 4655 ad

1749 4672 1920 4738 filios,
1945 4678 2001 4728 et
2028 4671 2097 4728 ab
2124 4674 2208 4730 eis
2237 4692 2338 4748 pro
2360 4675 2498 4732 filiis
2521 4683 2819 4750 acceptata,
2847 4685 3111 4736 censetur

1748 4759 2032 4826 acceptata
2062 4770 2092 4809 a
2134 4753 2292 4820 filiis,
2349 4761 2404 4812 et
2449 4762 2630 4828 potest
2676 4759 2798 4813 illis
2848 4758 3112 4815 conferre

1743 4834 1839 4907 jus
1858 4833 2096 4906 justitiae
2115 4833 2183 4889 ad
2209 4850 2331 4890 rem
2354 4836 2718 4907 promissam,
2741 4833 2903 4912 'iuxta
2927 4840 3113 4911 legem

1750 4912 1911 4985 Quod
1934 4913 2140 4968 dicitur
2166 4915 2220 4980 2,
2247 4915 2307 4986 ff.
2333 4915 2397 4969 de
2424 4914 2566 4971 verb.
2600 4915 2973 4986 obliyationib.

1821 4992 1911 5048 Ad
1932 4991 2432 5053 confirmationem
2463 4995 2857 5068 respondetur,
2909 4997 3110 5054 Chris-
