3647 5753
1401 370 1733 440 QUAESTIO
1772 375 1935 432 cxn.
2980 395 3092 451 265

229 540 407 580 rentem.
446 535 685 580 Secundum
728 535 854 590 igitur
886 540 1059 593 primam
1106 544 1429 597 magnitudinem
1467 546 1599 599 gratia

228 596 393 643 gratum
425 589 589 634 taciens
619 601 701 635 nou
718 598 958 646 potestesse
990 596 1137 649 major,
1155 603 1198 642 et
1216 600 1350 643 minor
1362 621 1377 651 ,-
1397 603 1492 656 quia
1510 614 1599 656 gra·

232 647 286 690 tia
304 647 540 691 secundnm
561 649 625 691 sui
646 648 844 692 rationem
857 650 1071 705 conjungit
1085 653 1289 698 bominem
1303 667 1461 701 summo
1473 659 1596 712 bono,

228 705 341 759 quod
374 711 442 749 est
471 707 599 750 Deus,
629 706 712 750 Sed
737 716 789 750 ex
818 713 933 760 parte
958 709 1136 763 subjecti
1164 714 1294 764 gratia
1314 720 1444 767 potest
1471 717 1600 760 susci·

230 765 332 813 pere
350 760 499 813 magiS.
522 761 588 805 vel
608 762 757 813 minus.
776 763 1074 815 proutscilicet
1105 777 1208 811 unus
1238 770 1460 820 perfectius
1482 771 1600 820 illus-

230 821 366 859 tratur
381 827 405 859 a
427 816 583 861 lumine
600 817 761 870 gratiae.
779 830 899 871 qnam
917 820 1036 864 alius.
1067 822 1194 875 cujus
1212 824 1471 871 diversitatis
1488 829 1599 873 ratio

227 873 400 927 quidem
431 880 498 917 est
522 873 662 927 aliqua
678 884 732 918 ex
749 881 863 928 parte
882 879 1150 930 pra-parantis
1167 890 1214 924 se
1229 882 1283 924 ad
1305 884 1477 934 gratiam
1493 904 1504 937 ς
1525 887 1595 939 qui

227 931 343 973 enim
373 930 505 982 magis
522 940 569 973 se
585 930 638 973 ad
657 931 829 984 gratiam
861 940 1074 986 praeparat,
1093 935 1323 987 pleniorem
1342 941 1512 992 gratiam
1530 953 1598 985 ac·

228 987 346 1041 cipit.
369 987 454 1031 Sed
476 997 530 1031 ex
549 987 624 1030 hac
640 993 755 1040 parte
772 999 853 1033 nou
868 997 1004 1053 potest
1021 994 1153 1055 accipi
1181 994 1310 1048 prima
1342 998 1447 1040 ratio
1473 998 1596 1052 bujus

225 1041 507 1089 diversitatis.
535 1042 632 1095 quia
665 1049 907 1096 praeparatio
934 1045 987 1088 ad
1014 1053 1188 1100 gratiam
1218 1060 1299 1092 nou
1318 1057 1381 1095 est
1401 1053 1593 1107 bominis,

225 1097 307 1142 uisi
342 1097 388 1140 in
405 1101 602 1150 quantum
622 1097 797 1141 liberum
820 1099 1038 1144 arbitrium
1063 1101 1155 1154 ejus
1171 1111 1418 1158 praeparatur
1444 1117 1468 1150 a
1485 1110 1592 1153 Deo.

213 1155 357 1199 .Unde
374 1155 508 1208 prima
520 1165 643 1198 causa
661 1155 784 1208 hujus
796 1156 1054 1202 diversitatis
1071 1161 1311 1214 accipienda
1328 1170 1462 1209 estex
1481 1173 1596 1220 parte

227 1213 366 1266 ipsius
394 1213 492 1263 Dei,
510 1211 580 1266 qui
609 1212 888 1257 diversimode
904 1225 989 1259 siue
1005 1221 1150 1269 gratiae
1176 1219 1283 1264 dona
1311 1222 1594 1276 dispensatad

229 1272 321 1318 hoc.
357 1270 469 1323 quod
504 1279 556 1314 ex
588 1268 769 1315 diversis
796 1272 993 1325 gradibus
1021 1275 1299 1329 pulchritudo,
1318 1283 1360 1323 ct
1393 1282 1595 1334 perfectio

225 1327 436 1371 Ecclesiae
471 1334 721 1381 consurgat:
754 1329 860 1373 sicut
892 1330 1015 1375 etiam
1047 1333 1236 1378 diversos
1270 1338 1423 1389 gradus
1457 1350 1594 1385 rerum

227 1383 431 1435 instituit,
463 1388 507 1426 ut
534 1388 646 1427 esset
679 1382 913 1429 universum
943 1387 1180 1439 perfectum.
1216 1392 1335 1436 Unde
1364 1395 1512 1447 Apost.
1539 1396 1596 1438 aa

228 1440 387 1495 Ephes.
406 1445 445 1490 4,
460 1446 670 1495 postquam
689 1442 865 1492 dixerat.
881 1444 1100 1500 unicuique
1116 1447 1209 1491 data
1225 1454 1290 1492 est
1300 1450 1432 1502 gratia
1449 1463 1594 1496 secun·

224 1500 320 1543 dum
342 1508 577 1542 mensuram
594 1497 832 1544 donationis
847 1501 1016 1551 Christi,
1037 1507 1289 1549 enumeratis
1306 1508 1488 1553 diversis
1533 1521 1594 1554 ra·

230 1554 316 1603 tiis,
338 1554 587 1606 subjungit:
606 1553 672 1595 Ad
690 1556 1080 1602 consummationem
1097 1561 1337 1606 Sanctorum
1356 1562 1399 1606 in
1416 1564 1496 1608 aedi
1529 1576 1594 1610 ca-

224 1608 388 1652 tiouem
405 1607 591 1661 corporis
607 1608 776 1652 Christi.

270 1664 339 1707 Ad
380 1663 554 1717 primum
584 1674 685 1717 ergo
704 1664 939 1718 dicendum,
957 1669 1066 1722 quod
1085 1680 1180 1714 cura
1208 1671 1349 1716 divina
1370 1673 1592 1727 dupliciter

222 1719 489 1768 considerari
508 1725 657 1772 potest.
688 1721 781 1765 Uno
799 1723 920 1766 modo
946 1731 1139 1776 quantum
1168 1728 1222 1771 ad
1253 1728 1384 1781 ipsum
1404 1729 1592 1775 divinum

221 1781 361 1819 actum
370 1807 381 1823 .
400 1774 469 1829 qui
487 1781 552 1818 est
563 1775 741 1827 simplex
752 1783 794 1820 et
812 1778 1042 1824 uniformis.
1059 1784 1112 1824 Et
1128 1783 1353 1827 secundum
1371 1785 1448 1828 boc
1459 1797 1591 1838 aequa·

226 1833 322 1877 liter
338 1842 394 1876 se
414 1832 538 1876 babet
554 1832 648 1885 ejus
665 1843 759 1876 cura
773 1833 827 1876 ad
839 1844 996 1886 omnes,
1012 1838 1104 1890 quia
1119 1839 1281 1884 scilicet
1294 1852 1374 1885 uno
1384 1848 1476 1887 actu
1495 1845 1591 1889 sim·

224 1890 320 1942 plici
351 1895 398 1933 et
417 1889 592 1942 majora.
611 1897 652 1934 et
673 1891 829 1933 minora
848 1891 1071 1945 dispensat.
1092 1895 1190 1939 Alio
1208 1898 1328 1941 modo
1345 1904 1478 1951 potest
1496 1911 1590 1944 con·

223 1945 402 1989 siderari
432 1955 489 1989 ex
518 1952 633 1997 parte
660 1956 819 1996 corum.
849 1957 940 2000 quae
962 1947 1004 1991 in
1036 1951 1237 1995 creaturis
1253 1963 1306 1997 ex
1325 1954 1466 1999 diviua
1493 1967 1591 2001 cura

225 2004 491 2056 proveniunt.
503 2005 556 2046 Et
569 2004 793 2048 secundum
809 2006 883 2048 hoc
900 2006 1111 2051 invenitur
1124 2010 1395 2063 inaequalitas.
1409 2013 1452 2056 in
1466 2026 1591 2068 quan·

227 2067 308 2104 tum
337 2060 729 2106 scilicetDeussua
755 2073 852 2107 cura
880 2064 1124 2119 quibusdam
1143 2069 1314 2122 majora,
1343 2073 1590 2124 quibusdam

225 2116 384 2161 minora
403 2116 600 2170 providet
617 2117 740 2160 dona.

271 2173 337 2216 Ad
365 2172 597 2217 secuudum
617 2172 854 2223 dicendum.
880 2176 992 2229 qnod
1012 2178 1119 2222 ratio
1148 2179 1222 2223 illa
1238 2182 1429 2234 procedit
1445 2194 1590 2228 secun·

225 2230 319 2274 dum
336 2230 517 2283 primum
536 2231 699 2274 modum
719 2233 1016 2286 magnitudinis
1033 2235 1178 2287 gratiae
1191 2257 1206 2287 ,·
1227 2249 1308 2282 uon
1330 2241 1441 2285 enim
1458 2248 1590 2296 potest

227 2286 358 2338 gratia
387 2286 617 2330 secundum
650 2287 726 2329 hoc
752 2287 884 2341 major
900 2299 1009 2342 esse,
1027 2292 1136 2344 quod
1158 2294 1288 2346 majus
1308 2295 1458 2341 bonum
1477 2300 1589 2343 ordi·

228 2349 321 2395 net;
357 2343 434 2387 sed
466 2353 519 2387 ex
549 2353 615 2394 eo,
646 2344 756 2397 quod
789 2349 932 2398 magis,
964 2349 1028 2391 vel
1061 2349 1197 2394 minus
1221 2351 1387 2397 ordinat
1403 2355 1456 2398 ad
1478 2355 1589 2401 idem

227 2400 380 2444 bonurn
398 2399 545 2451 magis,
564 2400 628 2445 vel
647 2404 784 2446 minus
801 2403 1142 2458 mrticipandum,
1159 2414 1396 2462 potestesse
1410 2413 1590 2458 diversi·

228 2462 292 2498 tas
321 2456 587 2506 intensionis,
610 2456 675 2500 vel
701 2459 961 2503 remissionis
988 2462 1212 2506 secundum
1230 2465 1588 2521 participationem

228 2512 428 2564 subjecti,
446 2513 549 2556 etin
568 2514 650 2566 ipsa
665 2516 813 2566 gratia,
832 2522 875 2559 et
894 2517 937 2560 in
961 2517 1075 2562 finali
1093 2520 1240 2572 gloria.

277 2569 346 2613 Ad
383 2569 549 2614 tertium
581 2570 814 2640 dicendurm
840 2575 948 2627 quod
986 2576 1067 2619 vita
1095 2580 1294 2623 naturalis
1326 2583 1505 2635 pertinet
1533 2586 1586 2630 ad

225 2627 504 2670 substantiam
523 2628 896 2679 bominis;ettdco
913 2642 994 2675 non
1024 2635 1171 2688 recipit
1200 2637 1343 2690 magis,
1363 2645 1406 2684 et
1435 2642 1586 2686 minus.

225 2683 311 2728 Sed
341 2685 471 2729 vitam
496 2686 636 2738 gratiae
664 2688 879 2742 participat
911 2689 1031 2734 homo
1055 2693 1402 2742 accidentaliter:
1428 2703 1471 2742 et
1490 2700 1588 2744 ideo

219 2751 313 2784 eam
339 2746 476 2793 potest
493 2741 611 2785 bomo
629 2743 775 2796 magis,
794 2745 862 2790 vel
880 2745 1017 2791 minus
1037 2749 1203 2795 habere.

297 2892 512 2953 Prima*
530 2899 802 2955 conclusio
829 2919 847 2953 .·
873 2901 932 2956 Si
967 2904 1153 2977 gratia
1192 2907 1585 2967 consideretur

215 2993 288 3034 ex
311 2984 477 3051 parte
497 2977 721 3052 objecti,
743 2997 842 3038 seu
866 2981 1024 3051 finiS,
1039 2990 1095 3041 et
1110 2986 1291 3057 quoad
1310 2991 1579 3062 speciem,

215 3073 336 3116 non
362 3065 452 3116 est
479 3061 668 3134 major
697 3062 760 3117 in
785 3079 916 3130 uno,
941 3081 1114 3137 quam
1137 3067 1200 3121 in
1222 3069 1354 3127 alio.

284 3171 552 3231 Secunda
576 3176 885 3232 conclusio:
906 3179 964 3234 Si
985 3180 1171 3253 gratia
1190 3184 1584 3246 consideretur

210 3269 282 3310 ex
306 3258 474 3327 parte
496 3252 758 3327 subjecti,
785 3260 841 3312 et
859 3259 1043 3330 quoad
1065 3260 1472 3334 intensionem,
1498 3275 1585 3325 est

211 3336 401 3410 major
431 3336 499 3391 in
530 3352 668 3403 uno,
694 3352 864 3411 quam
894 3340 957 3395 in
985 3341 1121 3399 alio.

278 3518 488 3579 Prima
515 3524 808 3582 conclusio
833 3532 1050 3584 constat
1076 3544 1147 3586 ex
1166 3529 1331 3587 dictis
1349 3531 1489 3605 disp.
1519 3532 1575 3598 4,

197 3597 327 3657 dub.
364 3603 421 3668 8,
456 3602 564 3659 ubi
610 3606 933 3671 statuimuS,
967 3623 1084 3665 non
1122 3625 1245 3667 esse
1285 3611 1581 3683 possibiles

195 3682 418 3752 gratias
446 3683 875 3742 sanctificantes
901 3688 1086 3760 specie
1129 3688 1388 3748 diversas
1419 3713 1432 3747 ε
1464 3691 1580 3748 ibi-

193 3776 307 3832 que
358 3764 756 3836 expendimus
804 3767 1108 3836 rationem,
1140 3787 1251 3843 qua
1273 3773 1336 3828 D.
1368 3772 1575 3829 Thom.

195 3843 383 3901 utitur
412 3845 480 3902 in
511 3846 622 3903 hoe
675 3848 935 3907 articulo.
984 3851 1302 3909 Secundam
1329 3856 1473 3927 (quae
1496 3858 1581 3911 est

192 3922 266 3981 de
293 3922 431 3999 fide)
451 3926 599 3982 satis
625 3925 925 3986 efficaciter
946 3929 1148 4004 probat
1182 3934 1328 3990 ratio
1348 3936 1402 3990 S.
1437 3936 1580 3995 Doce

193 4006 360 4063 toris.
418 4009 779 4065 Recolantur
828 4028 953 4084 quae
998 4013 1254 4069 diximus
1308 4022 1468 4071 tract.
1518 4018 1574 4087 2,

191 4087 336 4161 disp.
367 4090 426 4155 5,
458 4090 594 4146 dub.
632 4092 649 4145 l
684 4095 741 4146 et
765 4092 820 4157 2,
856 4091 950 4148 ubi
996 4094 1300 4153 statuimus
1327 4096 1580 4155 visiones

191 4166 320 4223 beat
328 4167 488 4225 ificas
502 4186 633 4227 esse
644 4169 954 4243 inaequales
968 4175 1152 4247 quoad
1165 4176 1573 4246 intensionem,

186 4249 286 4305 sed
309 4266 433 4307 non
461 4267 636 4324 posse
656 4253 1055 4327 multiplicari,
1089 4262 1185 4314 aut
1219 4273 1283 4315 se
1307 4259 1580 4318 excedere

185 4327 476 4404 quantum
511 4332 589 4391 ad
606 4333 1013 4407 perfectionem
1023 4339 1417 4410 essentialem
1441 4358 1579 4399 nam

187 4412 450 4471 rationes
479 4430 594 4487 pro
645 4419 888 4488 utraque
945 4425 1105 4491 parte
1149 4417 1364 4476 ibidem
1419 4421 1579 4480 factae

185 4493 443 4631 gliphant
469 4496 658 4553 etiam
702 4501 1006 4572 utramque
1048 4502 1470 4560 conclusionem
1509 4507 1574 4562 D.

280 4591 406 4633 om.

339 5062 650 5123 Salmant.
685 5058 849 5118 cars.
879 5062 1101 5137 theoloy.
1126 5072 1253 5123 tom.
1300 5064 1369 5125 X.

1986 548 2570 631 DISPUTATIO
2624 560 2825 633 VIII.

2059 755 2162 819 De
2196 759 2432 823 causis
2465 766 2750 845 yratz'ee.

1799 933 2053 994 Quatuor
2089 949 2284 991 causas
2310 937 2609 1011 cujuslibet
2656 943 2883 1002 effectus
2909 953 3089 1006 consi-

1719 1010 1929 1090 derant
1955 1017 2340 1073 communiter
2356 1021 2703 1095 Philosophi,
2733 1042 2939 1101 nempe
2964 1031 3053 1087 effi
3070 1061 3090 1074 ·

1726 1093 1990 1160 cientem,
2008 1094 2262 1162 finalem,
2281 1103 2660 1171 materialem,
2678 1113 2732 1163 et
2749 1109 3053 1169 formalem
3070 1137 3084 1180 ;

1725 1190 1864 1246 quas
1894 1193 2125 1234 rursum
2173 1182 2358 1237 solent
2398 1183 2460 1238 in
2489 1186 2631 1241 alias
2668 1191 2828 1261 quasi
2875 1193 3089 1265 species

1726 1256 1957 1326 partiri.
1978 1258 2142 1316 Unde
2170 1263 2351 1318 acturi
2386 1263 2457 1321 de
2485 1269 2893 1344 causis-‘gratiae
2918 1274 3087 1331 habi-

1725 1336 1920 1402 tualiS,
1967 1337 2239 1396 debemus
2259 1343 2501 1400 eandem
2547 1350 3081 1422 considerationem,

1722 1421 1778 1473 et
1805 1419 2174 1489 partitionem
2199 1422 2440 1491 imitari,
2470 1431 2529 1481 ut
2572 1432 2820 1501 praecisis
2847 1433 2937 1491 his
2964 1451 3089 1508 quae

1722 1497 2113 1558 difficultatem
2144 1519 2260 1561 non
2307 1505 2538 1572 habent.
2584 1513 2676 1568 vel
2723 1514 2862 1571 alibi
2907 1532 3083 1589 expo-

1724 1585 1964 1647 nuntur,
1995 1581 2066 1638 ad
2093 1598 2158 1639 ea
2179 1600 2304 1656 quaa
2326 1597 2634 1659 supersunt
2655 1593 2745 1649 hic
2768 1594 3080 1668 tractanda,

1721 1664 1940 1737 stylum
1967 1673 2392 1726 convertamus
2425 1674 2491 1727 Et
2517 1674 2748 1745 quidem
2778 1694 2942 1736 causa
2971 1680 3082 1737 for·
3124 1689 3280 1794 {guig-a

1721 1826 1953 1882 titutiva
1981 1827 2099 1894 rei;
2133 1829 2249 1886 alia
2268 1833 2606 1902 extrinseca,
2638 1839 2759 1896 sive
2784 1844 3081 1916 exempla·
3120 1796 3257 1884 θέἷῑῖῑ

1722 1746 1896 1801 malis
1915 1744 2126 1819 duplex
2150 1755 2251 1818 est,
2285 1752 2401 1808 alia
2432 1753 2761 1824 intrinseca,
2795 1776 2891 1817 seu
2914 1748 3121 1819 cons-’¹'

1723 1907 1821 1963 ris,
1855 1909 1999 1963 Cum
2049 1914 2239 1966 autem
2266 1914 2449 1985 gratia
2470 1916 2825 1990 sit-quaedam
2871 1923 3076 1992 forma,

1721 2003 1838 2043 non
1871 1987 2090 2061 indiget
2130 2005 2296 2046 causa
2325 1992 2556 2051 tormali
2599 1998 2933 2069 intrinseca,
2983 2004 3083 2061 sed

1722 2068 1910 2139 potius
1933 2067 2055 2139 ipsa
2080 2070 2374 2126 constituit
2427 2074 2737 2135 intrinsece
2784 2081 3081 2139 hominem

1718 2155 1966 2222 gratum,
1997 2151 2447 2223 utexplicuimus
2461 2157 2601 2229 disp.
2633 2160 2829 2222 4,‹lub.
2855 2164 3082 2228 2.Quod

1719 2244 1858 2284 vero
1882 2235 2065 2301 posset
2086 2231 2177 2288 hic
2203 2231 2273 2289 de
2291 2249 2349 2289 ca
2359 2251 2457 2292 usa
2477 2237 2597 2309 ejus
2618 2240 2956 2309 extrinseca,
2982 2259 3082 2300 seu

1718 2309 2039 2381 exemplari
2070 2312 2327 2367 revocari
2359 2314 2420 2369 in
2448 2314 2709 2380 dubium,
2735 2321 3083 2392 explicatum

1720 2389 2063 2461 reliquimus
2103 2391 2213 2445 loco
2260 2394 2351 2447 cit.
2397 2394 2523 2452 dub.
2555 2399 2609 2460 4,
2664 2397 2760 2453 ubi
2802 2398 3078 2468 diximus,

1717 2469 1966 2540 qualiter
1993 2470 2177 2543 gratia
2201 2473 2515 2546 participet,
2541 2477 2664 2533 sive
2688 2479 2946 2536 imitetur
2975 2498 3084 2539 na-

1720 2556 1910 2605 turam
1959 2549 2223 2607 divinam
2251 2552 2356 2608 sub
2407 2563 2676 2629 conceptu
2738 2566 2974 2626 naturae,
3028 2569 3084 2619 et

1719 2636 1887 2704 prout
1915 2631 2188 2704 importat
2208 2633 2407 2691 modos
2428 2636 2750 2709 infinitatiS,
2778 2644 3079 2710 esseitatiS,

1716 2717 1772 2768 et
1799 2711 2235 2770 illimitationiS.
2413 2774 2418 2777 ,
2625 2772 2632 2779 ,

1791 2795 2009 2857 Rursus
2023 2809 2189 2850 causa
2204 2796 2522 2853 materialis
2540 2800 2654 2857 alia
2677 2808 2759 2858 est
2774 2807 3076 2878 receptiva,

1716 2881 1772 2933 et
1799 2876 1915 2933 alia
1937 2875 2294 2949 dispositiva.
2313 2879 2379 2933 Et
2407 2879 2689 2951 loquendo
2709 2884 2778 2940 de
2798 2903 2963 2943 causa
2986 2902 3082 2944 re·-
3104 2956 3111 2959 Λ

1714 2958 2142 3031 ceptiva,liquet
2157 2974 2227 3015 ex
2248 2958 2416 3015 dictis
2432 2961 2552 3018 loco
2566 2964 3084 3034 citato‚dub.5‚sub-

1710 3039 1921 3113 jectum
1953 3040 2353 3097 immediatum
2382 3045 2580 3117 gratias
2612 3046 2923 3106 habitualis
2957 3067 3080 3108 esse

1713 3118 2093 3177 substantiam
2124 3114 2353 3186 animm,
2381 3128 2478 3178 aut
2496 3126 2754 3198 spiritus.
2780 3132 2868 3185 An
2886 3138 3077 3189 autem

1716 3200 1821 3257 hoe
1870 3200 2184 3274 subjectum
2228 3202 2463 3275 recipiat
2487 3208 2733 3279 gratiam
2762 3212 3076 3269 secundum

1714 3281 2147 3352 coaptatiomem
2172 3283 2515 3350 naturalem,
2542 3286 2632 3341 vel
2657 3290 2968 3347 secundum
2982 3308 3080 3349 ca-

1715 3360 2011 3431 pacitatem
2034 3358 2496 3426 obedientialem,
2522 3378 2592 3420 ex
2614 3365 2870 3424 dicendis
2890 3371 3015 3427 dub.
3043 3374 3080 3427 2

1712 3440 2320 3513 constabit.Dispositio
2336 3449 2526 3499 autem
2550 3447 2666 3503 alia
2688 3456 2772 3503 est
2790 3452 3071 3522 proxima,

1712 3528 1767 3578 et
1787 3522 1901 3578 alia
1926 3526 2144 3578 remota
2169 3546 2182 3589 ;
2212 3528 2269 3579 et
2293 3524 2541 3595 qualiter
2564 3532 2801 3601 utraque
2841 3531 2909 3587 ad
2936 3549 3071 3608 gra-

1713 3604 1853 3659 tiam
1878 3604 2222 3675 requiratur,
2248 3610 2303 3661 et
2327 3609 2806 3673 concurrat,haud
2836 3613 3073 3675 obscure

1710 3688 1930 3741 constat
1956 3699 2026 3740 ex
2053 3683 2217 3739 dictis
2243 3684 2382 3758 disp.
2416 3687 2469 3751 3,
2494 3687 2618 3745 dub.
2652 3694 2687 3744 5
2707 3711 2830 3749 cum
2855 3712 2964 3775 seq.
3017 3706 3076 3756 et

1711 3765 1895 3839 magis
1921 3763 2198 3820 constabit
2218 3780 2288 3821 ex
2309 3764 2562 3823 dicendis
2577 3777 2738 3828 tract.
2762 3791 2869 3853 seq.
2887 3778 3078 3853 disp-3

1708 3852 2013 3919 perentam.

1785 3923 2002 3980 Deinde
2028 3939 2193 3980 causa
2216 3922 2408 3982 finalis
2433 3928 2577 3985 solet
2597 3929 2778 3989 dividi
2810 3935 2873 3992 in
2896 3936 3071 3997 finem

1711 4007 1982 4062 ultimum
2006 4011 2062 4063 et
2110 4021 2227 4062 non
2257 4008 2548 4066 ultimum.
2582 4013 2649 4066 Et
2677 4015 2958 4088 loquendo
3003 4022 3079 4081 de

1710 4085 1826 4143 fine
1845 4086 2186 4158 simpliciter
2213 4088 2436 4154 ultimo,
2455 4097 2672 4149 certum
2701 4103 2783 4152 est
2803 4102 3069 4172 gratiam,

1709 4167 1854 4222 sicut
1872 4172 1928 4223 et
1953 4167 2148 4223 omnia
2196 4168 2312 4224 alia
2354 4171 2511 4228 entia
2555 4181 2761 4243 creata,
2796 4181 3077 4253 respicere

1709 4250 1897 4306 solum
1921 4251 2099 4305 Deum
2124 4255 2399 4324 tanquam
2421 4250 2596 4310 finem
2618 4257 2960 4332 simpliciter
2983 4267 3075 4322 ul-

1711 4331 1941 4386 timum.
1990 4331 2248 4395 Qualiter
2293 4339 2483 4390 autem
2536 4344 2808 4398 creaturas
2844 4360 3078 4421 compa-

1712 4417 1916 4468 rentur
1939 4410 2008 4467 ad
2035 4413 2211 4468 Deum
2253 4413 2357 4470 sub
2388 4415 2609 4474 ratione
2631 4418 2780 4489 finiS,
2814 4441 2889 4481 an
2916 4430 3077 4486 scili·

1710 4498 1798 4548 cet
1823 4497 1885 4547 ut
1907 4491 2115 4557 media,
2149 4508 2224 4549 an
2249 4495 2365 4551 alio
2382 4496 2569 4562 modo,
2602 4503 2987 4574 explicuimus
3006 4528 3076 4568 ex

1713 4571 1970 4645 professo
1998 4578 2158 4627 tract.
2191 4574 2246 4638 8,
2277 4574 2417 4647 disp.
2447 4577 2502 4642 2,
2532 4578 2655 4633 dub.
2680 4584 2734 4638 5.
2766 4586 2874 4642 Sed
2902 4591 2951 4644 si
2984 4593 3074 4650 lo-

1710 4667 1958 4726 quamur
1995 4648 2067 4708 de
2125 4649 2243 4708 fine
2294 4668 2412 4710 non
2455 4657 2799 4731 simpliciter
2846 4669 3070 4740 ultimo,

1709 4732 1899 4808 gratia
1926 4747 2172 4804 praesens
2195 4732 2326 4789 licet
2345 4732 2414 4790 ad
2455 4734 2711 4797 diversos
2747 4744 3074 4821 hujusmodi

1711 4811 1858 4870 fines
1921 4810 2223 4869 ordinetur
2246 4855 2260 4879 ,
2324 4815 2710 4878 nihilominus
2752 4831 3077 4900 specialiter

1713 4893 1946 4966 respicit
1972 4892 2263 4962 Christum
2295 4895 2604 4955 Dominum
2635 4908 2696 4957 ut
2740 4905 2917 4967 finem
2948 4930 3075 4973 ma-

1710 4974 1799 5050 gis
1846 4972 2244 5046 principalem.
2296 4976 2376 5033 De
2400 4993 2512 5051 quo
2554 4980 2589 5035 3
2626 4994 2780 5056 part.
2816 5005 3069 5065 agemus,

2864 5088 2927 5143 18
