3647 5753
543 379 616 432 54
1570 369 1664 423 DE
1703 367 1975 423 GRATIA
2014 364 2356 445 EFFICACI.

546 560 669 610 tum
711 548 1164 624 inconjungibile
1203 563 1333 604 cum
1372 545 1653 611 dissensu,
1700 559 1909 616 nempe

541 634 845 693 scientiam
874 631 1124 688 mediam
1163 629 1342 685 t'uturi
1383 642 1689 685 consensus
1715 649 1728 692 ;
1757 623 1908 697 quod

547 712 1029 788 impedimentum
1060 707 1534 767 estinaut'eribile
1556 712 1671 762 tam
1702 722 1733 761 a
1768 707 1904 770 Deo,

542 810 719 870 quam
735 810 767 849 a
794 798 982 850 creatu
992 807 1056 848 ra
1075 815 1089 857 ;
1114 796 1231 846 tam
1251 789 1312 845 in
1326 795 1473 845 statu
1501 786 1905 848 conditionatO.

544 892 720 951 quam
770 876 832 931 in
884 878 1031 930 statu
1073 870 1330 928 absoluto
1355 894 1369 937 ;
1417 876 1472 925 et
1500 874 1616 925 tam
1660 865 1911 940 potentia

549 954 926 1019 antecedenti,
958 968 1130 1025 quam
1161 950 1410 1023 potentia
1431 947 1816 1020 consequenti,
1851 950 1911 1001 ut

545 1042 767 1097 constat
791 1050 865 1091 ex
903 1034 1176 1089 hactenus
1222 1031 1425 1087 dictis:
1467 1044 1603 1102 ergo
1644 1026 1912 1100 praedicta

545 1119 734 1195 gratia
755 1115 905 1174 tollit
932 1118 1264 1187 potestatem
1288 1111 1357 1168 ad
1378 1111 1725 1167 dissensum.
1753 1110 1914 1163 Patet

546 1195 970 1269 consequentia,
995 1194 1130 1267 quia
1154 1200 1212 1249 ut
1239 1190 1572 1248 Adversarii
1596 1187 1906 1251 affirmant,

550 1295 670 1338 nou
696 1275 866 1333 datur
891 1290 1029 1331 vera
1057 1279 1298 1347 potestas
1325 1271 1394 1329 ad
1421 1270 1761 1333 dissensum,
1796 1265 1911 1323 nisi

516 1382 523 1391 ·
549 1359 717 1416 detur
744 1372 881 1413 vera
929 1359 1172 1428 potestas
1200 1352 1268 1409 ad
1317 1348 1694 1408 auferendum
1724 1348 1914 1419 impe-

550 1439 873 1495 dimentum
897 1431 1348 1507 inconjungibile
1371 1429 1500 1488 cum
1525 1431 1646 1488 illo.

1148 1619 1179 1685 g
1221 1616 1315 1670 ιν.

650 1764 1023 1839 Impuynatur
1060 1764 1302 1836 amplius
1338 1760 1582 1835 efficacia
1623 1762 1815 1831 qratiae

798 1866 835 1902 a
879 1847 1108 1902 scientia
1136 1844 1315 1899 media
1344 1843 1665 1916 dependens.

335 2018 526 2063 Tertium
628 1997 721 2052 79.
764 1994 958 2051 Tertio
1024 1991 1296 2066 probatur
1345 1995 1542 2047 nostra
1581 1988 1871 2049 conclusio
1897 2007 1911 2043 e

336 2067 521 2162 ,5223AE
553 2077 826 2149 quoniam
853 2074 1099 2132 efficacia
1118 2074 1315 2147 gratiae
1335 2071 1631 2128 derivatur
1654 2087 1686 2127 a
1710 2069 1914 2126 divina

377 2176 488 2211 vem
553 2155 971 2229 omnipotentia
992 2178 1005 2221 ;
1028 2154 1169 2221 sive,
1196 2158 1249 2208 et
1273 2153 1335 2208 in
1359 2150 1511 2208 idem
1537 2150 1702 2215 redit,
1728 2148 1913 2224 gratia

357 2222 523 2309 ἪΨ·
552 2236 722 2295 habet
740 2252 861 2294 esse
885 2235 1184 2300 efficacem,
1209 2239 1265 2290 et
1291 2232 1558 2307 conjungi
1589 2227 1915 2287 infallibili·

548 2321 637 2374 ter
663 2333 791 2374 cum
812 2330 1111 2380 consensu,
1133 2313 1269 2385 quia
1297 2315 1443 2369 Deus
1471 2327 1571 2384 per
1594 2311 1756 2367 illam
1785 2324 1915 2381 ope·

552 2413 691 2454 rans
727 2401 810 2453 est
850 2395 1214 2466 omnipotens
1248 2413 1261 2447 :
1307 2391 1405 2448 sed
1460 2391 1580 2446 haec
1622 2391 1915 2463 nequeunt

548 2474 837 2532 verificari
862 2474 933 2532 de
953 2474 1157 2548 gratia,
1182 2488 1306 2545 quae
1334 2473 1394 2528 in
1418 2487 1521 2526 sua
1540 2470 1785 2527 efficacia
1809 2467 1915 2526 de-

547 2555 790 2629 pendeat
837 2571 872 2610 a
914 2554 1153 2610 scientia
1197 2551 1388 2609 media
1414 2572 1427 2606 :
1489 2566 1623 2624 ergo
1668 2549 1914 2606 efficacia

551 2634 750 2711 gratiae
770 2640 854 2692 est
882 2632 1274 2706 independens
1295 2649 1328 2687 a
1349 2630 1615 2704 praedicta
1634 2628 1876 2686 scientia
1897 2652 1910 2695 ς

551 2722 608 2774 et
633 2719 1042 2787 consequenter
1069 2729 1171 2769 nec
1196 2716 1298 2778 est,
1351 2728 1453 2768 nec
1505 2708 1733 2777 dicitur,
1777 2724 1915 2766 vere

552 2795 763 2863 efficax,
788 2796 923 2868 quia
956 2793 1283 2851 conseratur
1303 2806 1370 2848 eo
1399 2797 1671 2863 tempore,
1718 2788 1915 2862 inquo

554 2894 656 2952 per
669 2875 968 2935 scientiam
988 2874 1236 2933 mediam
1256 2873 1499 2946 praevisa
1515 2872 1623 2929 t'uit
1645 2870 1915 2929 habitura

552 2959 835 3017 effectum.
908 2960 1159 3029 Utraque
1202 2956 1607 3028 consequentia
1630 2947 1638 2956 ”
1670 2958 1911 3012 constat.

341 2997 534 3043 Eme-acia

355 3047 502 3100 statim
551 3041 736 3114 MaJor
757 3046 945 3098 autem
960 3045 1052 3096 est
1077 3053 1342 3111 expresse
1370 3040 1431 3094 D.
1465 3037 1767 3112 Augustini
1791 3037 1915 3109 plu-

328 3105 443 3190 egga
473 3107 535 3189 ‘f
553 3121 714 3181 ribus
735 3123 799 3179 in
827 3120 1181 3195 locis-statim
1208 3119 1547 3178 referendis.
1597 3118 1761 3176 Unde
1781 3135 1914 3176 cum

329 3195 538 3289 fflffgfflg.
552 3203 955 3260 sanctissimus
986 3204 1154 3258 Pater
1201 3204 1463 3259 Clemens
1504 3202 1651 3266 VIII,
1682 3207 1916 3259 contro-

358 3298 490 3338 tatem
551 3283 805 3340 versiam
844 3282 915 3340 de
959 3282 1210 3339 Auxiliis
1236 3282 1580 3339 decrevisset
1627 3281 1915 3340 resolvere

328 3349 529 3436 ἓῖῗωῑῖῗξ
546 3367 710 3440 juxta
730 3369 985 3421 mentem
1002 3366 1065 3420 D.
1091 3362 1411 3438 Augustini,
1431 3360 1716 3433 quoddam
1738 3361 1915 3434 scrip-

357 3441 479 3484 v111.
551 3453 674 3504 tum
697 3463 766 3504 ex
787 3446 907 3520 ejus
928 3444 1196 3518 operibus
1218 3444 1452 3518 proprio
1475 3440 1688 3509 labore,
1709 3449 1771 3499 ut
1787 3459 1915 3516 par·

550 3527 808 3585 ticularis
829 3528 1031 3583 Doctor
1053 3525 1279 3599 collegit
1295 3525 1357 3581 in
1377 3521 1707 3596 quindecim
1729 3522 1913 3595 capita

547 3607 941 3671 distributum,
974 3604 1036 3661 in
1056 3621 1302 3677 quorum
1329 3604 1532 3677 quinto
1560 3603 1676 3659 haec
1702 3602 1916 3660 haben·

547 3693 644 3744 tur
675 3710 688 3745 ε
742 3686 870 3744 Haec
891 3688 1080 3757 qratia
1124 3685 1282 3740 habet
1303 3701 1463 3740 suam
1512 3683 1817 3757 efficaciam
1843 3682 1913 3737 ab

547 3769 941 3843 omnipotentia
976 3769 1092 3832 Dei,
1116 3772 1165 3821 et
1186 3785 1220 3821 a
1241 3766 1501 3832 dominic,
1535 3763 1676 3842 quod
1701 3780 1804 3819 sua
1831 3762 1915 3817 di-

550 3853 683 3907 υἰηα
711 3849 979 3922 Majestas
1004 3849 1161 3903 habet
1183 3850 1243 3903 in
1269 3847 1577 3903 voluntates
1601 3847 1908 3912 hominum,

546 3933 690 3986 sicut
714 3937 765 3984 et
785 3931 844 3984 in
881 3936 1068 3984 catera
1088 3930 1296 3993 omnia,
1347 3943 1462 4004 quar
1485 3925 1585 3981 sub
1606 3925 1734 3998 caelo
1759 3930 1909 3990 sunt,

549 4012 845 4069 secundum
873 4009 940 4068 S.
968 4010 1364 4079 Auqustinum.
1398 4005 1505 4063 Sed
1533 4023 1663 4062 cum
1686 4010 1914 4062 mortuo

550 4093 863 4158 Clemente,
907 4089 1104 4146 eadem
1131 4104 1297 4146 causa
1335 4086 1772 4143 continuaretur
1807 4081 1914 4139 sub

550 4174 731 4229 Paulo
770 4173 838 4237 V,
880 4170 1025 4227 etin
1051 4168 1488 4242 congregatione
1513 4167 1604 4234 38,
1650 4170 1913 4239 ageretur

330 4259 501 4351 83:235:
550 4251 622 4310 de
642 4253 743 4309 illo
771 4249 1082 4308 Clementis
1106 4250 1331 4320 scripto,
1366 4248 1535 4302 Pater
1564 4243 1791 4316 Basilida
1818 4260 1915 4301 ne-

503 4337 515 4349 ’
549 4333 706 4407 gavit
727 4329 873 4387 illud
900 4328 1212 4401 capitulum
1235 4329 1288 4393 5,
1315 4325 1611 4383 continere
1633 4329 1908 4392 mentem,

329 4453 515 4497 amum
550 4421 606 4472 et
631 4412 975 4470 sententiam
1001 4411 1066 4464 D.
1097 4407 1422 4482 Augustini.
1468 4410 1539 4461 At
1560 4408 1637 4461 M.
1671 4409 1730 4462 F.
1757 4405 1915 4463 Tho-

357 4484 530 4546 ana-⁶
551 4510 677 4551 mas
703 4493 774 4550 de
813 4494 1018 4547 Lemos
1056 4488 1298 4544 Bastidae
1324 4503 1383 4543 se
1422 4487 1700 4559 opposuit,
1733 4490 1787 4542 et
1811 4500 1914 4557 pro

373 4560 479 4595 '¹¹⁰⁸‘
551 4576 843 4632 Clemente
863 4569 1158 4643 respondit
1181 4569 1241 4624 in
1264 4569 1416 4624 hunc
1436 4567 1670 4624 modum
1699 4587 1712 4621 ε
1749 4587 1774 4618 α
1796 4567 1914 4622 Ve-

557 4678 583 4710 α
615 4655 845 4711 niamus
871 4651 940 4709 ad
963 4649 1128 4718 illud,
1154 4649 1304 4723 quod
1328 4649 1723 4723 principaliter
1746 4647 1914 4703 Pater

557 4757 583 4789 α
616 4733 929 4808 proposuit,
974 4729 1237 4805 negando
1276 4728 1590 4802 capitulum
1618 4749 1623 4754 ·
1647 4726 1914 4800 quintum

558 4837 584 4868 a
613 4814 909 4871 continere
947 4810 1267 4868 doctrinam
1309 4811 1364 4866 S.
1416 4807 1740 4882 Augustini,
1784 4805 1913 4862 cum

559 4917 585 4949 α
615 4896 720 4961 ait,
763 4894 1011 4969 gratiam
1048 4891 1259 4949 habere
1298 4890 1601 4948 efficaciam
1630 4905 1699 4946 ex
1720 4887 1916 4945 omni-

560 5001 585 5032 «
613 4975 867 5051 potentia
884 4975 1005 5041 Dei,
1030 4980 1086 5032 et
1104 4991 1175 5032 ex
1200 4971 1459 5030 dominio
1479 4969 1628 5045 quod
1648 4970 1918 5044 omnipo-

2045 558 2072 589 «
2101 540 2226 593 tens
2253 534 2423 593 habet
2445 535 2506 592 in
2537 536 2858 593 voluntates
2886 536 3210 600 hominum,
3258 536 3410 593 sicut

2047 640 2074 671 α
2105 619 2167 675 in
2187 622 2390 674 caetera
2409 634 2534 690 quaa
2552 616 2658 673 sub
2678 619 2820 674 coelo
2839 622 2992 676 sunt.
3024 617 3182 683 Quod
3211 625 3409 676 autem

2048 720 2074 754 α
2105 699 2214 755 ista
2234 700 2309 754 sit
2341 698 2599 755 doctrina
2639 699 2698 753 S.
2727 699 3051 772 Augustini,
3094 704 3312 755 constat
3334 714 3412 756 ex

2048 802 2075 833 α
2105 778 2446 838 formalibus
2467 778 2658 835 verbis
2683 803 2698 846 ;
2722 779 2802 835 sic
2822 781 2980 836 enim
3011 781 3267 852 primum
3290 785 3414 837 tes·

2049 883 2075 914 α
2106 859 2416 917 timonium
2441 858 2737 914 inductum
2762 858 2930 916 habet
2955 881 2968 914 z
2998 861 3183 916 Bonas
3211 860 3412 917 homi-

2049 964 2076 995 «
2107 958 2248 998 num
2288 941 2611 998 voluntates
2663 941 2740 997 ita
2790 956 2913 998 esse
2953 942 3015 998 in
3062 942 3164 999 Dei
3214 949 3415 1015 potes-

2049 1048 2075 1079 α
2106 1030 2239 1090 tate,
2284 1029 2343 1080 ut
2369 1039 2464 1080 eas
2489 1039 2601 1096 quo
2627 1024 2894 1088 voluerit,
2917 1024 3083 1080 iaciat
3106 1024 3409 1082 inclinari.

2049 1130 2076 1161 «
2106 1108 2244 1162 Ecce
2294 1103 2366 1161 ad
2410 1104 2888 1176 omnipotentiam
2942 1105 3042 1161 Dei
3088 1105 3305 1163 reducit
3341 1106 3414 1163 in

2050 1186 2368 1245 «terminis
2414 1185 2718 1241 efficaciam
2769 1185 2970 1260 gratiae
3019 1189 3415 1245 convertentis

2051 1292 2077 1323 α
2106 1267 2411 1325 hominum
2441 1267 2784 1321 voluntates
2814 1268 2880 1319 Et
2903 1266 2965 1322 in
2986 1267 3230 1324 secundo
3252 1269 3418 1325 testi·

2051 1372 2077 1403 α
2107 1347 2304 1404 monio
2331 1347 2410 1402 ita
2432 1344 2642 1402 dicitur
2675 1366 2688 1401 ε
2715 1347 2891 1401 Deum
2921 1347 3319 1413 occultissima,
3353 1354 3420 1405 et

2051 1454 2078 1485 α
2108 1427 2501 1503 potentissima
2522 1443 2639 1483 suae
2664 1425 2964 1484 medicinae
2992 1434 3261 1501 potestate
3284 1446 3422 1503 per·

2051 1534 2078 1565 α
2106 1511 2311 1567 ducere
2328 1509 2631 1566 hominum
2651 1508 2969 1565 voluntates
2983 1526 3092 1582 quo
3112 1512 3231 1566 vult
3246 1529 3257 1561 :
3272 1526 3421 1584 ergo

2050 1614 2079 1649 α
2108 1590 2320 1665 apertis
2342 1588 2534 1646 verbis
2555 1589 2692 1645 dicit
2708 1588 2777 1644 ad
2800 1590 3281 1662 omnipotentiam
3309 1591 3417 1648 Dei

2052 1698 2078 1729 α
2108 1672 2399 1747 pertinere
2425 1671 2589 1726 illam
2617 1669 2943 1728 efficaciam.
2973 1673 3039 1728 Et
3067 1673 3129 1728 in
3158 1672 3419 1729 testimo·

2051 1776 2078 1807 α
2110 1752 2208 1808 nio
2253 1750 2421 1807 tertio
2462 1750 2582 1805 loco
2622 1747 2852 1807 inducto
2894 1752 2974 1806 ita
3012 1749 3223 1807 dicitur
3255 1772 3269 1807 z
3317 1752 3419 1808 Sic

2052 1854 2079 1886 α
2106 1831 2264 1889 enim
2293 1828 2461 1893 velle,
2511 1834 2567 1885 et
2595 1830 2748 1886 nolle
2771 1829 2833 1885 in
2875 1830 3144 1895 nolentis,
3176 1835 3274 1885 aut
3302 1846 3418 1887 vo-

2052 1934 2079 1966 «
2110 1910 2279 1967 lentis
2305 1913 2389 1965 est
2434 1912 2724 1980 potestate,
2769 1915 2830 1965 ut
2855 1907 3116 1965 divinam
3146 1925 3264 1966 non
3293 1910 3420 1966 im-

2052 2014 2078 2045 α
2109 1990 2317 2065 pediat,
2340 2005 2440 2046 nec
2460 1994 2687 2061 superet
2710 1995 3060 2063 potestatem.
3085 1990 3154 2045 Et
3175 1989 3416 2047 tandem

2052 2095 2078 2127 «
2110 2073 2170 2128 in
2199 2071 2313 2128 alio
2339 2070 2668 2127 testimonio
2698 2072 2774 2126 ita
2796 2068 2965 2126 habet
2997 2091 3010 2126 ε
3054 2070 3176 2126 Nisi
3210 2071 3419 2127 rectis-

2051 2178 2078 2209 «
2107 2156 2252 2211 sime
2292 2153 2674 2217 crederemUS,
2724 2159 2781 2209 et
2826 2169 3141 2227 perversas,
3192 2160 3247 2211 et
3311 2156 3416 2211 Fi-

2052 2258 2078 2291 «
2104 2235 2199 2292 dei
2241 2234 2558 2292 contrarias
2596 2233 2918 2291 voluntates
2956 2235 3417 2307 omnipotentem

2051 2339 2079 2370 α
2110 2318 2288 2373 Deum
2336 2314 2405 2372 ad
2444 2312 2792 2370 credendum
2834 2330 2994 2386 posse
3051 2320 3410 2372 convertere.

2052 2418 2078 2449 α
2108 2395 2287 2471 Igitur
2315 2393 2687 2450 manifestum
2715 2397 2817 2457 est,
2850 2408 2972 2450 esse
3000 2393 3326 2459 formalem,-
3358 2401 3420 2452 et

2052 2499 2078 2531 «
2106 2490 2436 2547 expressam
2458 2474 2516 2529 S.
2541 2471 2841 2546 Augustini
2866 2473 3233 2541 sententiam,
3260 2474 3417 2547 quod

2051 2580 2078 2611 α
2106 2557 2293 2631 gratia
2320 2552 2489 2611 habet
2517 2569 2681 2609 suam
2722 2552 3026 2611 efficaciam
3054 2553 3124 2611 ad
3162 2571 3420 2613 conver-

2053 2658 2078 2690 «
2107 2635 2345 2693 tendum
2375 2632 2679 2690 hominum
2713 2632 2885 2690 corda
2911 2650 2982 2691 ex
3010 2634 3410 2709 Deiomnipo-

2052 2739 2078 2771 «
2108 2716 2287 2774 tentia
2313 2739 2326 2783 ;
2350 2730 2479 2771 cum
2509 2713 2580 2770 ad
2619 2713 2717 2769 Dei
2746 2714 3227 2786 omnIpotentiam
3254 2732 3421 2773 sem-

2052 2821 2078 2853 «
2108 2813 2209 2871 per
2233 2800 2489 2854 recurrat
2516 2796 2886 2870 AugustinuS,
2916 2812 3046 2852 cum
3068 2795 3139 2854 de
3164 2797 3421 2855 efficacia

2052 2903 2078 2933 α
2105 2880 2304 2956 gratiae'
2332 2880 2430 2936 Dei
2455 2879 2728 2951 loquitur.
2752 2876 2858 2936 Sed
2885 2881 3080 2936 Patres
3104 2882 3418 2938 reverendi

1999 3018 2002 3021 ,
2052 2984 2078 3014 ι
2113 2960 2242 3018 ideo
2313 2964 2522 3033 negant
2584 2959 2761 3015 Deum
2827 2976 2932 3016 sua
2994 2962 3422 3034 omnipotentia

2052 3063 2079 3094 α
2107 3038 2405 3097 efficaciter
2434 3053 2665 3095 movere
2704 3038 2952 3095 liberum
2995 3040 3329 3109 arbitrium,
3361 3049 3422 3099 et

2051 3143 2078 3174 α
2108 3118 2319 3176 habere
2339 3118 2664 3175 dominium
2691 3135 2861 3193 super
2892 3120 3055 3189 illud,
3080 3122 3213 3195 quia
3240 3138 3421 3179 cons-

2054 3223 2079 3258 α
2108 3201 2326 3257 tituunt
2352 3199 2602 3258 liberum
2645 3200 2956 3258 arbitrium
3014 3210 3349 3276 exemptum
3384 3222 3419 3262 a

2052 3302 2078 3332 α
2108 3279 2369 3337 dominio
2407 3281 2528 3346 Dei;
2551 3279 2704 3336 etita
2726 3281 2874 3352 quod
2898 3284 3042 3338 Deus
3064 3283 3238 3355 possit
3262 3284 3419 3340 illud

2051 3384 2079 3415 α
2109 3377 2329 3435 rogare,
2349 3366 2405 3418 et
2424 3360 2696 3427 suadere;
2721 3376 2837 3417 non
2855 3369 3043 3418 autem
3068 3364 3243 3434 possit
3261 3364 3418 3421 illud

2053 3463 2079 3493 α
2110 3441 2439 3504 immutare,
2491 3440 2796 3506 inflectere,
2835 3447 2891 3497 et
2919 3442 3234 3498 transferre
3260 3443 3419 3513 (istis

2051 3546 2078 3577 «
2105 3524 2264 3580 enim
2292 3522 2562 3580 terminis
2591 3524 2769 3579 utitur
2790 3513 2846 3578 S'.
2879 3525 3247 3598 Augustinus)
3272 3542 3422 3598 quo-

2052 3626 2077 3658 α
2106 3620 2347 3678 cumque
2368 3605 2488 3676 ipse
2510 3604 2774 3661 voluerit.
2804 3626 2829 3657 ι)
2865 3607 3145 3663 Hactenus
3173 3608 3421 3680 praedic-

2045 3691 2135 3742 tus
2162 3686 2262 3743 ille
2287 3684 2579 3759 Magister.

2120 3767 2189 3821 Et
2206 3765 2471 3837 quamvis
2492 3765 2733 3839 allegata
2761 3766 3091 3824 testimonia
3117 3767 3254 3824 satis
3279 3769 3419 3825 evi-

2043 3844 2248 3903 denter
2270 3843 2511 3916 probent
2532 3845 2694 3901 illam
2725 3846 2899 3903 tuisse
2944 3849 3248 3922 Augustini
3268 3865 3419 3906 sen·
3454 3873 3626 3922 ung,

2045 3925 2306 3989 tentiam,
2329 3930 2506 3998 potest
2523 3924 2581 3981 id
2598 3925 2784 3997 ipsum
2808 3927 3057 3999 amplius
3071 3927 3415 3987 confirmari

2046 4006 2179 4064 aliis
2220 4023 2335 4063 non
2381 4008 2576 4064 minus
2619 4008 2981 4065 evidentibus
3031 4010 3086 4066 S.
3150 4012 3415 4069 Doctoris

2045 4085 2508 4143 authoritatibus.
2535 4091 2679 4143 Nam
2696 4088 2790 4145 lib.
2809 4089 2873 4143 de
2886 4097 3112 4162 corrept.
3131 4097 3179 4144 et
3191 4095 3409 4160 qratia,

2045 4184 2164 4240 cap.
2208 4169 2291 4233 14,
2335 4167 2524 4239 inquit
2556 4189 2569 4223 ε
2630 4190 2655 4221 α
2697 4170 2844 4224 Deus
2870 4170 2998 4226 sine
3034 4168 3209 4226 dubio
3235 4169 3414 4229 habet

2052 4269 2078 4300 α
2108 4247 2498 4303 humanorum
2524 4247 2808 4316 cordium,
2830 4265 3184 4322 quocumque
3204 4252 3417 4309 volue-

2051 4351 2079 4383 α
2109 4328 2204 4393 rit,
2261 4327 2732 4386 inclinandorum
2783 4331 3417 4403 omnipotentissimam

2052 4431 2078 4461 α
2110 4413 2460 4482 potestatem.
2497 4429 2521 4458 n
2564 4411 2632 4464 Et
2660 4409 2815 4466 infra
2843 4431 2856 4465 ε
2893 4433 2918 4463 α
2943 4410 3122 4484 Magis
3149 4411 3319 4468 habet
3348 4413 3418 4470 in

2052 4511 2078 4543 α
2107 4494 2379 4561 potestate
2407 4489 2730 4547 voluntates
2752 4491 3078 4556 hominum,
3102 4507 3274 4563 quam
3298 4492 3418 4564 ipsi

2053 4590 2079 4621 α
2106 4584 2256 4624 suas.
2291 4589 2316 4619 ι)
2348 4568 2415 4623 Et
2445 4568 2538 4624 lib.
2569 4569 2633 4623 de
2654 4573 2843 4639 ,qratia
2870 4578 2918 4625 et
2948 4570 3115 4627 libero
3152 4571 3411 4641 arbitrie,

2046 4666 2166 4722 cap.
2217 4649 2309 4712 21,
2355 4649 2435 4704 ait
2469 4670 2482 4704 ε
2519 4672 2543 4701 α
2585 4651 2716 4724 Agit
2755 4652 3120 4724 omnipotens
3159 4655 3307 4710 Deus
3345 4653 3416 4710 in

2052 4751 2078 4781 α
2108 4727 2277 4785 corde
2306 4728 2611 4785 hominum
2640 4731 2812 4787 etiam
2843 4739 3061 4789 motum
3093 4733 3415 4789 voluntatis

2052 4831 2078 4862 α
2106 4825 2327 4876 eorum,
2351 4815 2411 4865 ut
2439 4826 2541 4882 per
2561 4826 2656 4867 eos
2677 4817 2822 4885 agat,
2848 4811 2995 4885 quod
3015 4828 3116 4885 per
3130 4828 3227 4869 eos
3242 4829 3416 4886 agere

2054 4913 2080 4943 α
2109 4890 2229 4963 ipse
2255 4890 2525 4948 voluerit.
2553 4911 2577 4941 υ
2612 4892 2681 4946 Et
2712 4892 2948 4965 loquens
2971 4891 3184 4949 ibidem
3212 4893 3282 4949 de
3304 4909 3417 4949 au—

2046 4971 2210 5037 xilio,
2236 4988 2348 5044 quo
2369 4973 2515 5030 Deus
2535 4987 2631 5028 cor
2659 4972 2807 5047 regis
2833 4974 3066 5030 Assueri
3090 4974 3224 5030 irati
3248 4989 3412 5031 man-

3179 5059 3413 5110 suetum

3465 4582 3610 4624 mem.
