3647 5753
1424 462 1601 519 DISP.
1646 461 1739 529 lv,
1783 461 1949 517 DUB.
2000 460 2096 515 IV.
3022 447 3144 503 659
3234 501 3238 506 .

281 633 550 704 potentiae
618 632 1024 691 obedientialis
1092 635 1273 691 alium
1323 634 1644 692 terminum

282 715 528 789 respicit,
556 732 729 788 quam
751 718 1275 790 supernaturalem,
1296 734 1425 775 cum
1449 717 1514 774 in
1542 718 1646 774 hoc

280 796 404 870 ejus
420 795 726 867 quidditaS,
764 802 821 853 et
848 804 1059 854 natura
1099 798 1210 854 sita
1230 798 1327 854 sit.
1361 800 1427 852 Et
1448 798 1511 853 in
1540 797 1647 854 hoc

66 870 247 914 D·'1'¹¹0·
280 891 452 933 sensu
499 875 647 931 dixit
700 878 763 934 D.
807 877 1016 934 Thom.
1059 879 1123 935 in
1172 880 1461 951 praesenti,
1494 877 1643 951 quod

281 957 614 1011 naturaliter
638 960 831 1015 anima
858 966 936 1014 est
950 961 1142 1029 qratioe
1168 976 1355 1032 capam
1382 978 1477 1028 ;eo
1498 961 1646 1015 enim

282 1039 420 1111 ipso,
444 1039 586 1116 quod
610 1040 763 1113 sacta
790 1047 869 1096 est
894 1042 968 1096 ad
993 1042 1292 1111 imaqinem
1319 1041 1436 1110 Dei,
1461 1058 1648 1114 capax

278 1127 356 1175 est
384 1118 601 1191 Deiper
634 1121 905 1194 qratiam,
924 1127 984 1174 ut
1029 1120 1267 1192 Auyust.
1312 1122 1465 1178 dicit.
1500 1120 1647 1185 Quia

278 1215 397 1256 non
412 1201 614 1256 asserit
635 1202 951 1273 potentiam
969 1200 1183 1259 animae
1212 1201 1284 1259 ad
1306 1200 1637 1258 habendam

278 1284 528 1357 gratiam
556 1298 677 1340 esse
703 1284 1034 1351 naturalem,
1086 1289 1147 1340 ut
1185 1283 1422 1358 quidam
1450 1285 1648 1339 minus

283 1368 434 1421 recte
454 1369 751 1437 exponunt
770 1363 1140 1421 obscurantes
1167 1369 1414 1429 textum;
1445 1369 1645 1420 notum

282 1445 494 1517 quippe
519 1451 644 1500 erat
670 1447 724 1501 S.
772 1446 1016 1512 Doctori‚
1050 1447 1364 1519 potentiam
1402 1444 1472 1501 ad
1512 1459 1647 1518 gra-

284 1527 510 1592 tiam,et
524 1529 765 1585 virtutes
787 1527 1010 1584 infusas
1030 1545 1153 1586 esse
1174 1529 1642 1603 obedientialem,

286 1613 347 1664 ut
369 1608 491 1682 ipse
518 1610 693 1667 tradit
714 1618 898 1690 quaest.
931 1611 1047 1675 l,de
1073 1612 1391 1677 virtutibus,
1413 1618 1525 1666 art.
1559 1611 1642 1677 10,

281 1697 333 1745 et
377 1699 557 1769 quaest.
610 1695 693 1758 12,
733 1694 797 1747 de
835 1695 1082 1762 veritate,
1136 1701 1247 1750 art.
1283 1696 1319 1749 3
1348 1693 1423 1748 ad
1458 1694 1541 1758 18,
1593 1696 1650 1748 et

284 1771 445 1829 alibi.
478 1771 585 1829 Sed
612 1774 757 1830 dixit
798 1775 1166 1846 capacitatem
1197 1775 1409 1831 animae
1438 1774 1508 1830 ad
1538 1773 1648 1829 ha-

283 1852 531 1910 bendam
569 1855 839 1927 gratiam,
866 1863 991 1928 quae
1045 1856 1240 1928 utique
1278 1862 1361 1912 est
1392 1854 1650 1928 potentia

283 1932 710 2001 obedientialis»,
766 1952 889 1992 esse
913 1937 1278 2001 naturaliter,
1313 1936 1418 1992 hoc
1443 1941 1544 2001 est,
1579 1935 1650 1991 ab

284 2015 618 2081 intrinseco,
671 2022 725 2073 et
752 2023 956 2090 suapte
993 2019 1323 2075 conditione
1364 2015 1436 2073 ab
1465 2017 1649 2089 ipsam

285 2096 532 2170 gratiam
559 2117 572 2159 ;
601 2098 736 2169 quia
770 2100 1161 2157 essentialiter
1204 2097 1434 2171 respicit
1475 2097 1649 2154 talem

92 2241 242 2336 ξὲξξξό
289 2181 700 2308 actgissraizursus
727 2253 994 2327 quaelibet
1021 2253 1294 2326 potentia,
1319 2253 1449 2308 sive
1477 2256 1650 2309 natu-

68 2340 266 2434 ejiffggsm
294 2334 452 2399 raliS,
497 2336 619 2392 sive
664 2335 1068 2394 obedientialis
1107 2337 1201 2402 sit,
1235 2351 1302 2391 eo
1349 2336 1473 2408 ipso
1499 2333 1649 2407 quod

109 2411 248 2486 mni,
294 2415 742 2472 determinatum
765 2419 1080 2474 terminum
1108 2417 1358 2491 respicit,
1384 2415 1652 2472 vendicat

290 2495 486 2560 etiam,
544 2503 599 2553 et
648 2496 995 2554 determinat
1038 2499 1343 2572 specialem
1386 2495 1646 2560 modum,

291 2592 392 2649 per
450 2593 619 2650 quem
678 2577 844 2635 debet
903 2579 972 2635 ad
1031 2580 1373 2637 exercitium
1432 2576 1643 2634 reduci.

287 2657 461 2714 Verbi
489 2658 690 2732 gratia,
744 2662 996 2732 potentia
1048 2661 1334 2716 naturalis
1386 2659 1651 2716 materiae

284 2737 354 2795 ad
421 2738 746 2795 habendam
812 2742 1071 2797 animam
1132 2740 1383 2813 exposcit
1449 2737 1645 2794 deter-

284 2820 507 2876 minata
555 2820 887 2889 accidentia,
922 2838 1020 2896 per
1047 2839 1175 2895 quae
1201 2821 1561 2894 disponatur,
1593 2825 1651 2876 et

282 2906 550 2962 trahatur
572 2905 641 2963 ad
670 2907 883 2963 animae
930 2906 1227 2964 unionem.
1266 2908 1333 2961 Et
1371 2903 1649 2961 similiter

285 2988 540 3060 potentia
561 2985 966 3044 obedientialis
988 2987 1200 3043 animae
1224 2985 1294 3043 ad
1323 2983 1649 3041 habendam

284 3068 532 3141 gratiam
581 3069 829 3141 postulat
874 3069 1256 3126 determinari
1288 3084 1389 3140 per
1427 3068 1652 3140 aliquas

284 3148 688 3221 dispositiones
709 3149 963 3224 ejusdem
991 3149 1233 3215 ordiniS‚
1261 3153 1317 3205 et
1335 3148 1650 3205 secundum

284 3231 479 3288 varias
526 3230 914 3308 subJ'ectorum
961 3232 1341 3298 conditioneS,
1372 3236 1433 3287 ut
1459 3232 1651 3305 expli-

286 3313 511 3372 cuimus
536 3315 677 3389 disp.
722 3316 948 3389 praeced.
979 3314 1108 3372 dub.
1135 3317 1191 3371 5.
1223 3316 1293 3369 Et
1337 3316 1475 3387 quia
1503 3316 1650 3372 Deus

288 3403 481 3455 movet
501 3396 571 3455 de
598 3398 744 3456 facto
772 3400 971 3456 omnia
1011 3400 1157 3455 sicut
1205 3405 1338 3472 apta
1364 3402 1501 3454 sunt
1522 3415 1651 3456 mo-

288 3481 435 3549 veri,
467 3487 522 3536 et
550 3480 814 3553 providet
860 3481 1076 3537 cunctis
1126 3480 1295 3537 rebus
1335 3480 1649 3537 secundum

291 3578 491 3620 earum
532 3563 943 3629 conditionem,
975 3572 1031 3622 et
1080 3572 1349 3622 naturam
1384 3584 1397 3629 ;
1439 3565 1651 3622 idcirco

294 3658 397 3716 per
418 3643 569 3701 hunc
590 3645 974 3711 ordinarium,
991 3651 1046 3703 et
1060 3662 1427 3703 communem
1452 3662 1649 3702 rerum

293 3740 525 3781 cursum
547 3725 850 3782 innotescit
876 3726 1057 3794 nobis,
1087 3725 1225 3799 quid
1260 3725 1531 3784 omnibus
1556 3742 1652 3784 re-

288 3807 394 3865 bus
420 3825 490 3866 ex
528 3813 727 3882 suapte
753 3808 1080 3867 conditione
1107 3810 1424 3867 intrinseca
1464 3811 1528 3867 in
1551 3826 1651 3867 or-

282 3888 420 3948 dine
467 3895 582 3946 tam
631 3890 882 3947 naturali
915 3932 927 3955 ,
978 3906 1151 3962 quam
1213 3889 1650 3963 supernaturali

279 3974 604 4031 conveniat.
634 3973 740 4029 Sed
761 3972 897 4045 quia
922 3974 1065 4029 Deus
1088 3973 1321 4046 operari
1339 3974 1492 4030 valet
1517 3989 1649 4029 con-

280 4064 388 4122 tra,
445 4063 501 4114 et
549 4074 725 4130 supra
769 4073 962 4115 rerum
1011 4056 1387 4132 exigentiam,
1415 4062 1472 4113 et
1498 4056 1649 4114 hanc

281 4140 585 4200 efficaciam
603 4141 941 4214 quandoque
968 4141 1270 4199 ostendere
1291 4141 1452 4211 vult;
1483 4156 1648 4215 prop-

284 4230 444 4281 terea
483 4241 602 4282 non
642 4225 819 4282 semel
845 4223 1065 4281 reducit
1115 4241 1315 4281 rerum
1340 4224 1646 4296 potentiaS,

287 4308 342 4364 et
366 4306 700 4378 capacitates
746 4304 815 4363 ad
844 4305 1117 4363 exercitia
1165 4321 1235 4362 ex
1281 4309 1443 4378 parte
1490 4303 1649 4361 modi

287 4389 399 4445 sibi
428 4405 544 4445 non
565 4388 987 4446 convenientia.
1035 4388 1102 4443 Et
1125 4387 1189 4444 in
1231 4388 1306 4444 iis
1344 4386 1651 4445 eventibus

291 4473 606 4529 intervenit
647 4471 1019 4537 miraculum,
1069 4471 1195 4527 sive
1221 4470 1452 4527 effectus
1484 4470 1650 4527 sitin

289 4555 476 4628 seipso
496 4554 795 4611 entitative
824 4555 1125 4625 naturalis,
1156 4560 1211 4610 et
1233 4555 1651 4625 praecontentus

292 4636 355 4693 in
376 4636 589 4693 virtute
604 4635 1021 4708 potentiae,sive
1034 4634 1333 4692 non.Sicut
1350 4632 1509 4690 enim
1533 4632 1652 4689 haec

288 4717 615 4778 differentia
642 4714 711 4773 de
750 4716 1040 4772 materiali
1081 4730 1141 4772 se
1167 4713 1339 4770 habet
1365 4714 1435 4770 ad
1460 4715 1637 4771 inna-

289 4806 407 4857 tam
423 4796 824 4855 habitudinem
850 4796 1002 4853 inter
1027 4796 1362 4869 potentiam,
1390 4801 1446 4852 et
1462 4799 1649 4851 actum

287 4878 400 4936 sibi
425 4877 985 4951 correspondente-m,
1000 4882 1064 4933 ut
1083 4892 1258 4950 supra
1287 4873 1641 4932 dicebamus:

288 4963 369 5020 ita
394 4962 569 5019 etiam
590 4975 650 5016 se
678 4959 847 5017 habet
867 4959 938 5016 de
966 4959 1257 5024 materali,
1285 4963 1350 5014 ut
1381 4955 1650 5030 praedicta

288 5043 564 5104 habitudo
587 5059 702 5100 non
726 5034 1085 5111 attendatur,
1101 5047 1157 5098 et
1170 5040 1508 5098 exercitium
1532 5055 1649 5097 non

288 5127 496 5187 habeat
522 5123 779 5193 modum,
805 5141 975 5200 quem
997 5124 1176 5199 exigit
1197 5122 1474 5197 potentia.
1494 5123 1649 5188 Qua·-

1778 631 2040 690 mobrem
2056 631 2186 688 licet
2212 627 2467 703 potentia
2484 627 2558 682 sit
2577 623 2882 692 naturaliS,
2914 624 2970 678 et
2986 621 3145 675 actus

1777 713 1849 771 ab
1876 731 1943 772 ea
1972 715 2259 787 inspectus
2286 710 2569 767 naturalis
2595 709 2670 763 sit
2699 725 2712 771 ;
2741 707 2789 762 si
2822 711 3017 760 tamen
3046 715 3141 757 re-

1777 795 1968 853 ductio
2016 811 2133 851 non
2178 793 2278 849 fiat
2315 794 2480 868 juxta
2526 787 2760 846 modum
2803 790 3066 843 exactum
3110 796 3143 837 a

1779 877 2052 951 potentia,
2074 882 2132 934 et
2160 882 2304 944 actu,
2332 874 2679 931 miraculum
2705 869 3038 927 intervenit.
3072 866 3141 920 Et

1778 960 1859 1015 ita
1879 959 2082 1017 accidit
2126 960 2189 1016 in
2238 955 2660 1014 resurrectione
2712 951 2928 1009 mortui
2956 968 2969 1013 ;
2999 965 3140 1006 nam

1779 1039 1911 1096 licet
1937 1040 2136 1096 anima
2178 1039 2255 1094 sit
2281 1038 2470 1095 forma
2511 1036 2814 1101 naturalis,
2841 1039 2895 1090 et
2934 1046 3142 1088 secun-

1778 1120 1917 1177 dum
1967 1137 2029 1178 se
2086 1121 2568 1194 praecontineatur
2615 1119 2678 1174 in
2732 1114 2981 1189 potentia
3035 1127 3144 1168 na-

1778 1208 1838 1258 tu
1847 1203 1955 1259 rali
1980 1204 2259 1271 materiae;
2277 1200 2663 1257 nihilominus
2677 1199 2812 1270 quia
2828 1196 2966 1268 petit
2980 1191 3144 1249 uniri

1777 1284 1951 1342 modo
1979 1284 2255 1351 naturali,
2289 1282 2480 1340 media
2504 1280 2897 1356 generatione,
2928 1280 2984 1332 et
3010 1274 3144 1330 aliis

1779 1364 2271 1439 dispositionibuS,
2330 1378 2455 1436 quae
2500 1363 2565 1418 in
2610 1361 2733 1433 ejus
2775 1358 2998 1413 ratione
3025 1370 3143 1412 non

1781 1448 2187 1520 reperiuntur,
2206 1444 2416 1502 idcirco
2441 1440 2783 1501 resurrectio
2804 1442 2888 1495 est
2912 1436 3144 1508 simpli-

1779 1527 1921 1584 citer
1942 1527 2311 1584 miraculum.
2344 1528 2589 1583 Econtra
2613 1538 2748 1579 vero
2777 1519 2927 1576 visio
2955 1515 3143 1573 beati-

1779 1610 1905 1679 fica,
1946 1611 2084 1668 ‘licet
2108 1608 2569 1684 supernaturalis
2615 1606 2691 1662 sit
2723 1604 2905 1676 ;'quia
2938 1607 3133 1657 tamen

1780 1693 2106 1750 continetur
2135 1692 2195 1747 in
2214 1692 2465 1763 potentia
2486 1685 2859 1763 obedientiali
2885 1680 3145 1739 hominis

1780 1773 1987 1829 elevati
2025 1788 2125 1843 per
2171 1772 2371 1829 lumen
2417 1770 2635 1846 gloriae,
2667 1770 2725 1823 et
2767 1781 2866 1837 per
2893 1761 3145 1837 gratiam

1781 1858 2259 1918 consummatam,
2309 1857 2367 1909 et
2416 1856 2616 1922 suapte
2652 1851 2859 1903 natura
2913 1843 3052 1916 petit
3105 1858 3139 1898 a

1783 1935 2055 2009 praedicto
2102 1934 2386 2007 principio
2414 1931 2565 1997 elici,
2609 1946 2715 1986 nec
2738 1926 3005 1985 vendicat
3030 1923 3143 1980 sibi

1783 2018 1964 2075 alium
1990 2014 2379 2088 productionis
2403 2012 2674 2080 modum;
2701 2015 3001 2083 propterea
3022 2006 3145 2080 ejus

1782 2099 2073 2157 elicientia
2106 2097 2455 2154 miraculosa
2482 2111 2599 2152 non
2641 2099 2742 2150 est.
2772 2092 2926 2147 Sicut
2945 2106 2978 2146 e
3003 2103 3145 2146 con-
3192 2166 3195 2171 ¹

1783 2200 1951 2241 verso
1969 2182 2017 2239 si
2040 2181 2199 2239 fieret
2240 2180 2356 2237 alio
2378 2177 2568 2247 modo,
2610 2174 2960 2233 miraculum
2991 2171 3145 2228 dice-

1785 2271 1959 2334 retur,
2014 2267 2158 2322 sicut
2182 2264 2463 2338 contingit
2512 2263 2575 2319 in
2604 2260 2805 2317 Paulo.
2840 2260 2977 2321 Quae
3003 2255 3144 2311 satis
3185 2259 3306 2302 Nota.

1782 2349 2055 2407 evincunt
2108 2347 2391 2403 rationem
2441 2341 2711 2399 miraculi
2768 2336 3145 2412 regulandam

1784 2445 1902 2486 non
1919 2443 2040 2485 esse
2052 2442 2222 2500 penes
2243 2426 2578 2498 qualitatem
2597 2422 2825 2479 effectus
2848 2419 2915 2475 in
2931 2418 3138 2489 seipsO‚

1782 2510 1882 2567 sed
1912 2525 2082 2582 penes
2104 2506 2362 2572 modum,
2395 2522 2506 2580 quo
2529 2503 2591 2559 fit
2621 2528 2635 2571 ς
2667 2508 2729 2558 ut
2751 2508 2885 2556 tunc
2908 2499 3148 2572 alicujus

1786 2593 1870 2649 rei
1915 2591 2211 2666 productio
2262 2590 2486 2646 dicatur
2530 2586 2831 2649 naturaliS,
2890 2599 2988 2639 seu
3031 2596 3150 2638 non

1784 2675 2151 2739 miraculosa,
2178 2669 2408 2745 quando
2435 2670 2498 2726 fit
2537 2666 2850 2724 secundum
2881 2662 3139 2730 modum,

1782 2772 1954 2829 quem
1985 2754 2241 2828 potentia
2267 2758 2326 2809 et
2359 2758 2515 2809 actus
2558 2749 2672 2806 sibi
2694 2744 3150 2820 correspondens

1783 2840 2115 2912 exposcunt:
2141 2834 2488 2891 miraculosa
2509 2847 2648 2889 vero
2677 2830 2899 2888 dicatur
2922 2822 3152 2900 quando

1782 2918 1850 2975 fit
1874 2925 2092 2983 contra,
2122 2916 2213 2973 vel
2239 2931 2415 2988 supra
2443 2914 2622 2970 talem
2648 2911 2883 2969 modum
2905 2934 2917 2976 ;
2943 2909 3069 2964 sive
3094 2905 3152 2962 id

1786 3016 1936 3066 raro,
1978 3000 2101 3055 sive
2143 2998 2494 3070 frequenter,
2521 2999 2576 3051 et
2623 2994 2747 3049 sive
2782 2993 2844 3047 in
2865 2986 3156 3046 effectibus

1783 3079 2149 3139 naturalibus
2175 3078 2489 3151 contingat.
2540 3078 2759 3132 Verum
2777 3071 3020 3145 quidem
3043 3073 3148 3132 est,

1783 3164 2012 3220 effectus
2066 3160 2444 3216 miraculosos
2498 3154 2886 3213 communiter
2914 3150 3024 3206 dici
3053 3164 3154 3204 su-

1785 3242 2222 3316 pernaturales,
2275 3239 2411 3312 quia
2456 3236 2737 3294 excedunt
2781 3234 3148 3306 capacitatem

1783 3324 2068 3386 innatam,
2094 3321 2299 3376 saltem
2341 3335 2413 3376 ex
2435 3322 2595 3391 parte
2641 3309 3149 3376 modi;etsimili-

1784 3410 1871 3462 ter
1917 3404 1981 3460 in
2032 3399 2397 3476 paucioribus
2447 3398 2800 3471 contingere,
2832 3394 2969 3466 quia
2999 3393 3146 3447 Deus

1782 3484 2169 3544 communiter
2212 3480 2496 3555 loquendo
2524 3484 2794 3552 operatur
2835 3472 3149 3532 secundum

1783 3568 2040 3635 modum,
2072 3581 2240 3640 quem
2272 3565 2410 3638 ipsae
2440 3578 2530 3620 res
2557 3568 2676 3617 tam
2726 3560 2790 3616 in
2813 3556 3018 3615 ordine
3041 3570 3150 3611 na-

1784 3652 1981 3718 turali,
2026 3665 2198 3724 quam
2242 3643 2672 3720 supernaturali
2718 3642 2828 3698 sibi
2871 3638 3151 3696 determi-

1784 3739 1928 3791 nant
1973 3731 2043 3790 ab
2090 3730 2425 3787 intrinseco.
2467 3725 2572 3782 Sed
2620 3729 2817 3781 tamen
2865 3723 2954 3777 his
2975 3720 3151 3777 etiam

1782 3813 2209 3874 conditionibus
2254 3808 2671 3874 deficientibus,
2717 3807 2979 3863 salvatur
3006 3819 3151 3860 vera

1784 3898 1931 3955 ratio
1975 3894 2240 3953 miraculi
2272 3906 2373 3964 per
2402 3890 2534 3956 hoc,
2583 3887 2732 3962 quod
2780 3884 3000 3959 aliquid
3052 3882 3152 3941 fiat

1782 3995 1958 4053 supra
1985 3975 2240 4040 modum,
2268 3973 2361 4029 vel
2402 3970 2573 4028 modo
2626 3968 2941 4033 contrario,
2972 3981 3145 4040 quam

1783 4061 2029 4136 postulat
2052 4064 2174 4114 tum
2206 4072 2295 4113 res
2339 4052 2655 4110 secundum
2682 4067 2761 4118 se,
2789 4054 2912 4104 tum
2944 4050 3148 4120 poten-

1783 4143 1882 4205 tia,
1912 4141 2002 4198 cui
2026 4155 2126 4213 per
2145 4154 2207 4195 se
2230 4132 2656 4207 correspondet.

1859 4225 2017 4280 Hanc
2062 4218 2384 4277 doctrinam
2431 4216 2569 4272 satis
2616 4217 2810 4287 aperte
2857 4208 3033 4266 tradit
3079 4210 3145 4270 D,
3186 4214 3341 4308 (ligim-

1781 4308 1986 4363 Thom.
2013 4305 2075 4359 in
2094 4315 2253 4377 μήτε.
2285 4307 2398 4356 art.
2451 4299 2535 4365 10,
2587 4300 2644 4353 in
2688 4313 2829 4367 resp.
2860 4294 2934 4349 ad
2968 4293 3021 4356 3,
3049 4290 3252 4373 ubihaee
3271 4313 3369 4358 doc-

1783 4388 1864 4446 ait
1888 4408 1901 4443 :
1925 4406 1950 4439 ιι
1976 4383 2313 4447 Dicendum,
2333 4377 2484 4454 quod
2504 4376 2869 4451 sapientiam,
2897 4379 2950 4430 et
2971 4373 3150 4429 scien·
3164 4371 3348 4459 ῑιξξῦτθὴξξ

1786 4489 1813 4522 α
1845 4467 1986 4523 tiam
2042 4464 2215 4523 homo
2255 4467 2424 4518 natus
2473 4465 2558 4517 est
2607 4457 2904 4530 acquirere
2956 4471 2990 4511 a
3036 4455 3152 4510 Deo

1788 4570 1813 4603 κ
1845 4562 1946 4621 per
1972 4544 2274 4619 proprium
2303 4542 2628 4617 ingenium,
2679 4541 2736 4593 et
2774 4534 3033 4592 studium
3059 4539 3155 4602 ;et

1785 4651 1811 4683 «
1844 4627 1972 4684 ideo
2004 4624 2233 4699 quando
2262 4628 2469 4697 praeter
2500 4621 2654 4676 hunc
2700 4616 2937 4672 modum
2981 4616 3154 4673 homo

1785 4731 1812 4763 α
1843 4708 2089 4782 sapiens,
2134 4705 2227 4762 vel
2273 4705 2461 4762 sciens
2487 4700 2746 4763 efficitur,
2779 4703 2865 4753 est
2892 4697 3151 4752 miracu-

1785 4815 1811 4846 «
1844 4793 2028 4849 lum.»
2054 4788 2186 4856 Ubi,
2218 4793 2280 4844 ut
2306 4786 2484 4852 vides,
2518 4798 2635 4840 non
2665 4784 2891 4838 revocat
2927 4779 2982 4835 S.
3007 4779 3153 4834 Doc-

1779 4882 1871 4934 tor
1905 4875 2188 4931 rationem
2225 4867 2494 4927 miraculi
2525 4865 2595 4923 ad
2621 4879 2743 4920 rem
2793 4861 3022 4925 factam,
3051 4858 3153 4917 sed

1780 4957 1851 5015 ad
1916 4954 2152 5013 modum
2195 4967 2305 5024 quo
2358 4949 2438 5008 fit.
2493 4949 2564 5003 Et
2601 4943 2879 5002 similiter
2935 4942 2952 4996 l
2992 4948 3147 5013 part.

1780 5046 1964 5113 φακοὶ.
2020 5036 2141 5102 105,
2176 5040 2284 5090 art.
2314 5036 2351 5089 7
2379 5032 2454 5088 ad
2490 5034 2542 5097 2,
2598 5026 2894 5101 explicans
2927 5021 3152 5081 diffini-

1780 5121 2000 5178 tionem
2026 5115 2299 5174 miraculi
2340 5112 2412 5170 ab
2452 5115 2689 5186 August.
2732 5105 3023 5164 traditam.
3054 5104 3152 5163 in·
