3647 5753
258 3800 446 3845 Secunda

259 3850 432 3943 suffitu·
472 3845 591 3912 Dei,
621 3849 678 3901 et
715 3845 1075 3903 contritionis
1102 3862 1220 3903 non
1267 3846 1478 3905 habere
1520 3864 1592 3906 ex
1626 3854 1834 3906 natura

292 3949 432 3993 Ratio.

487 372 599 429 338
1415 371 1509 426 DE
1547 372 1577 424 J
1582 370 2078 426 USTIFICATION
2086 370 2130 425 Ε
2169 370 2371 427 IMPII.

488 541 621 598 licet
667 540 812 598 nolit
857 540 1164 599 concedere
1219 557 1348 599 eam
1395 557 1517 599 esse
1566 541 1637 600 de
1689 541 1845 599 Fide.

487 619 646 686 Quod
666 636 795 677 cum
823 621 903 678 ita
922 621 1014 689 sit,
1041 622 1326 679 nescimus
1347 624 1597 695 qualiter
1619 620 1851 696 praedic-

486 705 579 757 tus
603 701 827 758 Author
852 708 984 759 tom.
1024 705 1041 758 l
1091 706 1152 758 in
1190 704 1304 775 312·
1342 703 1486 776 disp.
1528 706 1584 770 2,
1621 720 1743 775 cap.
1791 704 1845 771 6,

486 797 640 838 num.
669 784 764 850 62,
793 783 1090 856 scripserit
1116 804 1130 840 ε
1163 805 1190 837 «
1213 784 1459 840 Memini
1507 789 1698 840 autem
1718 799 1851 841 con-

490 883 516 914 «
546 862 822 930 tritionis‚
872 864 1006 937 quia
1052 864 1117 921 in
1145 863 1342 922 adulto
1369 865 1466 938 qui
1503 863 1850 938 justificatur

491 966 517 997 α
545 950 709 1002 extra
754 947 1207 1014 Sacramentum,
1262 948 1447 1023 magis
1490 953 1713 1005 certum
1762 951 1850 1003 est

488 1046 515 1077 κ
545 1040 680 1082 eum
720 1025 1021 1100 justificari
1045 1029 1411 1095 contritione,
1453 1045 1626 1101 quam
1661 1027 1847 1101 gratia

489 1127 515 1158 «
548 1105 848 1173 habituali,
881 1113 944 1164 ut
969 1108 1326 1166 ostendimus
1359 1111 1405 1176 l,
1436 1111 1491 1176 2,
1523 1109 1669 1182 disp.
1711 1109 1842 1177 203,

492 1208 519 1240 α
546 1203 670 1261 cap.
700 1189 754 1245 3.
784 1210 809 1241 n
836 1192 983 1246 Nam
1007 1191 1292 1263 quomodo
1319 1191 1437 1248 haec
1461 1190 1638 1248 verba
1657 1192 1849 1249 cohae-

488 1272 653 1324 reant
670 1284 801 1324 cum
829 1270 962 1326 aliis
1003 1272 1264 1345 proxime
1293 1272 1507 1339 relatis,
1540 1287 1657 1329 non
1679 1270 1848 1329 facile

485 1355 752 1422 apparet;
793 1350 887 1408 hic
922 1353 1083 1409 enim
1126 1353 1303 1411 refert
1340 1368 1401 1410 se
1425 1353 1683 1410 docuisse
1723 1354 1847 1411 loco

481 1429 670 1497 citato,
702 1428 962 1488 adultum
989 1439 1154 1491 extra
1173 1436 1606 1491 Sacramentum
1629 1432 1847 1508 justifi-

479 1510 598 1566 cari
625 1525 730 1583 per
766 1512 1193 1582 contritionem,
1237 1530 1367 1571 cum
1409 1519 1603 1571 tamen
1629 1529 1697 1570 eo
1726 1515 1846 1571 loco

469 1588 781 1665 concludat
824 1591 1086 1649 adultum
1125 1592 1197 1650 de
1235 1594 1380 1651 facto
1402 1610 1519 1652 non
1541 1593 1844 1669 justificari

481 1686 586 1745 per
604 1674 1031 1746 contritionem,
1054 1676 1152 1733 sed
1175 1692 1275 1750 per
1299 1676 1547 1751 gratiam
1575 1676 1845 1734 habitua-

485 1754 619 1811 lem.
676 1754 893 1812 Deinde
946 1758 1031 1813 inv
1055 1759 1239 1833 priori
1285 1758 1615 1816 testimonio
1658 1758 1839 1827 docet,

482 1836 694 1893 melius
736 1852 859 1895 aese
914 1855 1168 1898 asserere
1211 1840 1677 1915 justificationem
1724 1857 1843 1899 non

484 1914 613 1974 fieri
644 1933 746 1991 per
769 1920 1196 1989 contritionem,
1216 1922 1314 1980 sed
1343 1938 1444 1995 per
1464 1921 1726 1978 habitum
1747 1946 1759 1988 ς
1779 1923 1843 1979 in

483 1997 784 2069 posteriori
827 2005 1017 2056 autem
1064 2002 1311 2058 affirmat
1348 2003 1675 2075 oppositum
1721 2017 1844 2060 esse

481 2077 664 2151 magis
677 2084 895 2136 certum
910 2103 923 2137 ε
949 2098 1072 2154 quae
1085 2082 1198 2140 duo
1214 2089 1503 2156 nequeunt
1517 2083 1837 2150 conciliari,

482 2159 597 2215 nisi
637 2159 860 2218 dicatur
899 2164 1109 2220 melius
1135 2179 1256 2221 esse
1296 2180 1550 2221 asserere
1588 2164 1738 2238 quod
1757 2169 1843 2222 est

480 2240 677 2298 minus
714 2249 950 2313 certum,
982 2248 1073 2303 vel
1100 2261 1223 2303 esse
1242 2247 1425 2321 magis
1450 2252 1669 2304 certum
1691 2246 1842 2320 quod

479 2338 597 2380 non
617 2324 846 2398 expedit
861 2326 1165 2395 affirmare.
1188 2326 1248 2384 Id
1275 2333 1468 2386 tamen
1497 2344 1668 2387 nemo
1688 2345 1843 2386 sante

478 2407 690 2464 mentis
716 2406 1012 2478 admittet;
1052 2412 1329 2483 quoniam
1365 2428 1493 2468 cum
1523 2412 1755 2478 veritas,
1785 2416 1843 2468 et

477 2487 763 2546 certitudo
810 2490 929 2546 sint
979 2492 1251 2563 perfectio
1301 2493 1647 2560 intellectus,
1702 2509 1875 2557 con-,

477 2568 798 2642 gruentius,
853 2586 918 2627 ac
970 2572 1372 2629 rationabilius
1429 2577 1520 2629 est
1571 2573 1838 2630 assentiri

475 2648 750 2707 doctrinae
770 2652 952 2725 magis
970 2657 1169 2717 certae;
1191 2659 1247 2710 et
1267 2653 1477 2710 certior
1500 2654 1699 2725 nequit
1717 2669 1841 2710 esse

476 2730 581 2786 illa
600 2730 691 2786 cui
719 2732 1070 2802 acquiescere
1092 2748 1211 2789 non
1236 2737 1475 2804 oportet.
1503 2735 1625 2798 Quo
1646 2739 1839 2790 autem

472 2808 690 2882 judicio
748 2808 1125 2866 affirmaverit
1176 2813 1430 2883 vasquez
1479 2812 1837 2888 singularem

477 2888 645 2945 illam
680 2905 844 2945 suam
865 2890 1200 2962 opinionem
1226 2907 1349 2949 esse
1375 2894 1676 2950 certiorem
1699 2909 1839 2950 con-

476 2969 678 3035 traria,
733 2968 976 3041 quilibet
1025 2968 1430 3043 deprehendet,
1487 2972 1585 3045 qui
1644 2973 1839 3030 scierit

479 3053 736 3105 nostram
778 3050 1124 3106 sententiam
1153 3066 1277 3109 esse
1296 3067 1662 3110 communem
1685 3054 1839 3113 inter

477 3127 808 3203 Theologos,
831 3134 888 3188 et
906 3129 1045 3187 satis
1064 3137 1257 3203 aperte
1276 3134 1468 3207 colligi
1490 3150 1562 3190 ex
1582 3136 1838 3193 Concilio

476 3208 838 3278 Tridentino,
866 3216 928 3266 ut
947 3218 1165 3269 constat
1183 3229 1253 3270 ex
1273 3215 1546 3272 hactenus
1572 3214 1758 3273 dictis.

1086 3388 1215 3457 §11-
1293 3421 1302 3426 -

479 3531 734 3592 Secunda
761 3535 1033 3592 conclusio
1057 3537 1343 3609 emplicans
1370 3539 1504 3614 quid
1548 3542 1834 3596 conveniat

930 3620 1151 3674 naturis
1173 3635 1376 3676 rerum.

545 3764 641 3821 56.
681 3763 994 3821 Dicendum
1031 3771 1117 3824 est
1152 3765 1400 3823 secundo
1437 3773 1592 3824 actus
1619 3768 1834 3825 amoris

471 3911 576 3983 su'a
598 3925 953 3984 conditiones
996 3927 1356 3994 sufficientes,
1405 3934 1466 3984 ut
1507 3931 1625 3985 sint
1665 3947 1834 3988 causa

473 4007 736 4067 formalis
751 4005 1194 4083 justificationis.
1220 4008 1309 4065 Sic
1329 4008 1531 4065 docent
1551 4011 1833 4068 Authores

468 4105 643 4164 supra
666 4091 830 4148 relati
850 4108 1004 4148 num.
1037 4091 1130 4158 48,
1160 4095 1216 4147 et
1241 4092 1626 4149 communiter
1652 4094 1833 4151 Theo-

471 4170 604 4246 logi.
661 4171 947 4228 Probatur
993 4171 1226 4244 primo;
1282 4187 1420 4227 nam
1467 4173 1515 4228 si
1560 4173 1832 4233 contritio

470 4250 735 4324 perfecta,
759 4268 818 4308 v.
842 4267 896 4325 g.
921 4250 1158 4309 haberet
1177 4267 1250 4308 ex
1279 4257 1486 4308 natura
1511 4268 1614 4309 sua
1638 4253 1833 4311 condi-

470 4332 652 4389 tiones
701 4332 1019 4405 requisitas,
1073 4337 1136 4387 ut
1177 4337 1323 4388 esset
1361 4348 1527 4388 causa
1568 4331 1832 4391 formalis

461 4411 906 4487 justificationis,
962 4412 1034 4470 de
1080 4412 1225 4469 facto
1276 4418 1566 4470 exerceret
1617 4430 1831 4471 munus

469 4492 751 4567 praedictae
795 4510 1001 4561 causae,
1046 4497 1104 4553 et
1135 4491 1477 4570 justificaret
1505 4493 1832 4554 formaliter

467 4575 729 4634 adultum
791 4583 958 4634 extra
1013 4577 1450 4633 Sacramentum
1473 4598 1491 4633 ι
1561 4577 1831 4651 praedicta

466 4658 678 4732 quippe
693 4656 1024 4733 justificatio
1042 4656 1106 4713 fit
1121 4658 1284 4732 juxta
1311 4673 1679 4717 communem
1702 4674 1831 4733 pro-

466 4739 788 4798 videntiam
809 4740 1033 4798 ordinis
1058 4740 1276 4814 gratiae,
1304 4745 1470 4815 atque
1491 4739 1619 4798 ideo
1639 4756 1829 4798 serva-

468 4823 542 4878 tis
566 4820 1010 4888 conditionibus,
1042 4837 1182 4895 quas
1223 4838 1312 4880 res
1338 4823 1476 4896 ipsae
1511 4837 1582 4877 ex
1619 4826 1829 4878 natura

465 4919 569 4960 sua
596 4902 914 4975 important
939 4923 953 4958 ε
977 4903 1134 4976 atqui
1156 4901 1227 4964 de
1248 4903 1394 4960 facto
1411 4903 1680 4959 contritio
1701 4916 1829 4975 per-

468 4984 609 5042 fecta
637 5000 753 5043 non
779 4990 1002 5046 exercet
1023 5001 1234 5042 munus
1272 5001 1452 5044 causas
1477 4985 1742 5043 formalis
1761 4986 1827 5042 in

1976 539 2384 615 justificatione
2437 539 2618 597 adulti
2675 546 2838 598 extra
2890 541 3343 608 Sacramentum,

1982 637 2166 695 neque
2216 622 2279 678 in
2320 622 2513 696 aliquo
2564 621 2680 678 alio
2724 637 2874 687 casu,
2928 626 2988 676 ut
3015 626 3234 678 constat
3278 638 3348 680 ex

1981 701 2149 760 dictis
2173 706 2205 773 ἕ
2225 703 2451 776 ρνωοαὶ.
2492 718 2630 777 ergo
2655 702 2926 760 contritio
2955 701 3201 775 perfecta
3230 718 3349 760 non

1981 783 2151 841 habet
2170 800 2243 842 ex
2270 788 2478 841 natura
2496 799 2600 840 sua
2626 782 2982 840 conditiones
3006 781 3351 840 sufficientes

1982 869 2044 920 ut
2062 864 2140 920 sit
2165 879 2335 922 causa
2362 862 2625 921 formalis
2664 862 3130 937 justificationis;
3162 862 3347 920 idem—

1978 960 2089 1017 que
2115 943 2357 1017 proinde
2400 941 2708 1001 dicendum
2746 950 2832 1001 est
2867 943 2938 1001 de
2978 948 3103 1000 actu
3132 943 3351 1001 amoris

1980 1025 2081 1081 Dei
2109 1040 2282 1097 super
2309 1025 2525 1081 omnia.

2052 1108 2145 1163 57.
2170 1109 2285 1163 Nec
2305 1105 2500 1173 refert,
2517 1106 2566 1162 si
2587 1121 2718 1162 cum
2736 1104 2992 1178 vasquio¹
3004 1105 3350 1180 respondeas
3362 1127 3424 1171 va

1979 1187 2243 1263 negando
2267 1189 2558 1260 sequelam
2590 1212 2604 1246 ι
2631 1188 2768 1261 quia
2795 1188 2928 1245 licet
2951 1188 3220 1259 contritio
3241 1188 3349 1243 ha-

1979 1266 2107 1326 beat
2132 1283 2202 1324 ex
2244 1272 2453 1324 natura
2478 1284 2584 1324 sua
2608 1282 2811 1324 omnes
2838 1266 3195 1324 conditiones
3248 1282 3343 1324 re-

1977 1347 2235 1422 quisitas,
2277 1352 2338 1404 ut
2360 1348 2438 1403 sit
2480 1363 2650 1404 causa
2688 1347 2953 1404 formalis
2973 1345 3344 1420 Justificatio-

1979 1429 2115 1497 nis;
2165 1429 2554 1486 nihilominus
2598 1429 2668 1486 de
2696 1428 2840 1487 facto
2885 1430 3073 1486 oritur
3098 1445 3133 1486 a
3155 1429 3342 1504 gratia

1977 1509 2278 1581 habituali,
2327 1527 2501 1583 quam
2550 1510 2792 1584 proinde
2836 1512 3109 1585 supponit
3144 1511 3209 1567 in
3237 1511 3347 1568 ho·
3438 1567 3442 1571 .

1977 1592 2175 1660 mine3
2225 1597 2393 1667 atque
2438 1591 2567 1650 ideo
2614 1594 2967 1666 praevenitur
3010 1591 3083 1649 ab
3127 1593 3247 1659 illa,
3293 1598 3351 1650 et

1976 1671 2309 1745 impeditur,
2368 1689 2441 1729 ne
2492 1688 2707 1729 munus
2742 1689 2927 1731 causas
2974 1672 3237 1730 formalis
3276 1671 3349 1730 de

1976 1752 2124 1810 facto
2161 1759 2462 1810 exerceat:
2510 1752 2661 1826 quod
2707 1759 2989 1827 quantum
3023 1759 3109 1811 est
3152 1753 3223 1811 de
3261 1768 3343 1819 se,

1976 1833 2161 1891 obiret
2206 1834 2256 1890 si
2302 1834 2489 1909 gratia
2534 1835 2865 1902 habitualis,
2918 1851 2982 1892 ac
3013 1833 3347 1910 justificatio

1976 1915 2161 1989 ipsam
2189 1931 2307 1972 non
2332 1915 2736 1989 praecederent.
2766 1917 2900 1983 Hoc,
2932 1917 3191 1990 inquam,
3225 1932 3345 1974 non
3360 1922 3552 2016 Pffitu·

1977 1994 2171 2064 refert,
2192 1994 2290 2052 sed
2308 1996 2594 2053 refellitur
2616 1995 2686 2052 ad
2704 1996 3001 2054 hominem
3020 2018 3037 2052 :
3059 1998 3341 2070 quoniam

1972 2077 2243 2134 contritio
2271 2077 2538 2150 perfecta,
2568 2093 2741 2150 quam
2772 2079 2963 2151 primo
2989 2079 3144 2136 elicit
3171 2078 3343 2135 adul-

1976 2164 2085 2226 tus,
2132 2174 2264 2215 cum
2306 2158 2654 2233 ,iustificatur
2691 2166 2856 2217 extra
2883 2162 3339 2228 Sacramentum,

1974 2238 2068 2295 vel
2098 2239 2237 2311 petit
2261 2254 2332 2295 ex
2356 2244 2564 2295 natura
2584 2255 2686 2296 sua
2713 2239 2858 2295 oriri
2888 2256 2921 2295 a
2959 2240 3145 2314 gratia
3172 2239 3341 2297 habi-

1975 2319 2138 2384 tuali,
2170 2320 2262 2376 vel
2285 2319 2424 2392 petit
2448 2335 2522 2376 ex
2547 2325 2753 2376 natura
2775 2336 2880 2376 sua
2899 2335 3028 2377 eam
3040 2320 3343 2393 simplici-

1975 2402 2062 2453 ter
2088 2397 2469 2455 antecedere?
2512 2398 2571 2454 Si
2614 2397 2843 2463 ,dicatur
2884 2398 2988 2455 hoc
3016 2399 3291 2456 ultimum
3325 2422 3341 2457 ε

1972 2494 2107 2554 ergo
2131 2494 2453 2552 perperam,
2478 2485 2535 2537 et
2555 2479 2766 2554 absque
2793 2480 3168 2538 fundamento
3195 2497 3343 2539 asse·

1974 2563 2053 2619 rit
2073 2564 2328 2636 vasquez
2352 2561 2682 2635 praedictam
2708 2563 3115 2631 contritionem
3137 2564 3282 2619 oriri
3306 2579 3340 2619 a

1971 2644 2158 2718 gratia
2184 2642 2588 2710 sanctificante,
2619 2661 2878 2718 eamque,
2925 2650 2981 2701 et
3023 2644 3145 2718 ejus
3171 2644 3342 2703 effec-

1974 2732 2099 2783 tum
2122 2726 2427 2784 formalem
2457 2743 2914 2800 praesupponere.
2949 2729 3107 2784 Patet
3134 2743 3337 2785 conse-

1970 2807 2367 2882 quentia,quia
2381 2806 2452 2864 de
2474 2808 2619 2866 facto
2630 2806 2959 2883 justificatio
2980 2806 3160 2864 adulti
3175 2814 3340 2866 extra

1971 2892 2402 2948 Sacramentum
2426 2890 2511 2958 fit,
2540 2892 2745 2948 saltem
2769 2907 2870 2963 per
2896 2906 2976 2957 se,
3002 2895 3059 2947 et
3076 2905 3340 2947 commu-

1971 2971 2125 3028 niter
2146 2970 2446 3043 loquendO,
2472 2971 2637 3044 juxta
2663 2975 2935 3027 naturam
2966 2986 3183 3037 rerum,
3209 2987 3342 3044 quae

1971 3050 2042 3106 ad
2054 3049 2520 3127 justificationem
2537 3057 2905 3120 concurrunt,
2931 3055 2989 3107 et
3002 3050 3145 3107 citra
3166 3066 3341 3109 omne

1970 3131 2320 3188 miraculum
2347 3152 2360 3188 ε
2388 3146 2524 3205 ergo
2548 3131 2598 3186 si
2626 3131 2895 3188 contritio
2914 3145 2986 3188 ex
3007 3136 3214 3188 natura
3233 3147 3337 3188 sua

1970 3211 2109 3283 petit
2136 3227 2253 3268 non
2280 3211 2425 3268 oriri
2452 3227 2486 3268 a
2509 3212 2696 3285 gratia
2723 3211 3025 3277 habituali,
3069 3210 3168 3268 sed
3207 3227 3337 3268 eam

1968 3290 2308 3364 simpliciter
2328 3291 2663 3363 praecedere,
2692 3293 3167 3365 inconsequenter
3190 3305 3334 3348 asse·

1972 3369 2121 3426 ritur
2140 3371 2546 3429 contritionem
2572 3371 2644 3427 de
2666 3371 2810 3428 facto
2838 3371 2982 3428 oriri
3005 3387 3038 3427 a
3066 3368 3330 3443 praedicta

1967 3452 2172 3526 gratia.
2222 3454 2281 3509 Si
2329 3457 2519 3510 autem
2565 3454 2811 3527 eligatur
2851 3453 3107 3526 primum
3133 3473 3146 3509 ε
3193 3467 3329 3525 ergo

1967 3534 2236 3591 contritio
2280 3550 2397 3591 non
2444 3533 2616 3591 habet
2638 3549 2710 3590 ex
2737 3538 2942 3591 natura
2986 3546 3087 3590 sua
3127 3548 3329 3592 omnes

1967 3614 2322 3673 conditiones
2368 3615 2668 3689 requisitas
2688 3653 2691 3656 -
2713 3615 2783 3671 ad
2832 3616 3116 3672 rationem
3149 3629 3332 3672 causae

1968 3695 2234 3753 formalis
2281 3694 2726 3773 justificationis.
2787 3695 3070 3753 Probatur
3133 3710 3333 3753 conse-

1966 3777 2199 3850 quentia
2225 3800 2240 3844 ;
2288 3793 2426 3833 nam
2453 3776 2643 3834 forma
2671 3791 2742 3832 ex
2770 3783 2976 3833 natura
3021 3792 3126 3833 sua
3153 3791 3332 3849 praes-

1968 3864 2093 3915 tans
2146 3860 2397 3932 aliquem
2444 3858 2726 3925 effectum,
2783 3874 2898 3916 non
2945 3858 3214 3932 supponit
3261 3872 3331 3915 ex

1966 3942 2176 3996 natura
2199 3956 2301 3996 sua
2330 3939 2507 3996 aliam
2534 3938 2814 4004 formam,
2845 3954 2969 4010 quae
2998 3937 3331 4012 praedictum

1964 4019 2229 4078 effectum
2256 4020 2659 4087 communicet,
2690 4026 2747 4076 et
2774 4037 2806 4077 a
2825 4037 2936 4092 qua
2962 4037 3189 4094 semper
3211 4020 3330 4076 im-

1967 4102 2248 4176 pediatur,
2300 4108 2362 4158 ut
2389 4100 2679 4159 inductive
2719 4107 2901 4176 potest
2933 4102 3156 4160 ostendi
3182 4127 3197 4171 ;
3228 4102 3334 4161 hac

1964 4184 2176 4258 quippe
2198 4183 2420 4240 ratione
2440 4184 2595 4240 calor
2610 4198 2728 4240 non
2747 4184 3100 4256 supponitex
3124 4189 3332 4240 natura

1961 4281 2066 4321 sua
2088 4265 2265 4322 aliam
2295 4264 2564 4329 formam,
2590 4278 2714 4335 quae
2734 4263 2984 4322 calidum
3007 4264 3333 4322 formaliter

1963 4344 2302 4411 constituat3
2327 4359 2431 4401 nec
2452 4344 2552 4399 lux
2571 4344 2841 4415 supponit
2862 4345 3039 4401 aliam
3055 4343 3328 4410 formam,

1965 4441 1998 4482 a
2022 4441 2135 4498 qua
2159 4424 2617 4483 communicetur
2644 4423 3001 4482 illuminatio
3022 4423 3286 4482 formalis
3310 4445 3325 4481 ε

1961 4520 2099 4580 ergo
2112 4504 2162 4560 si
2177 4504 2446 4562 contritio
2472 4502 2717 4576 perfecta
2729 4505 3003 4577 supponit
3027 4519 3097 4561 ex
3120 4508 3327 4560 natura

1962 4601 2083 4650 sua,
2107 4589 2165 4641 et
2180 4600 2281 4657 per
2298 4599 2360 4641 se
2376 4581 2657 4657 loquendo
2677 4585 2925 4657 gratiam
2948 4583 3325 4652 habitualem,

1961 4680 2086 4737 quae
2112 4664 2438 4722 formaliter
2466 4660 2754 4737 justificet,
2802 4664 3110 4722 manifeste
3135 4665 3330 4737 sequi-

1963 4748 2076 4810 tur,
2107 4743 2513 4802 contritionem
2543 4743 2852 4815 perfectam
2882 4760 3000 4801 non
3022 4743 3233 4802 habere
3259 4759 3331 4801 ex

1963 4829 2171 4881 natura
2195 4841 2300 4882 sua
2320 4823 2676 4882 conditiones
2704 4825 3008 4897 requisitas
3033 4824 3103 4882 ad
3125 4823 3332 4899 Justifi-

1960 4903 2207 4961 candum
2231 4904 2575 4972 formaliter,
2602 4902 2699 4961 sed
2722 4907 2909 4978 potius
2930 4905 3140 4963 habere
3160 4921 3332 4980 oppo-

1960 4987 2132 5045 sitam
2154 4985 2564 5045 conditionem.

3604 1118 3641 1277 l

3391 1225 3517 1278 gium-

3242 5025 3383 5126 Ad).-

3636 1058 3647 1113 A

3626 2006 3646 2157 l
