3647 5753
433 383 548 439 500
1362 382 1455 437 DE
1492 383 1523 436 J
1529 382 2026 438 USTlFIGATION
2032 385 2075 438 E
2117 385 2320 441 IMPII.

433 549 881 607 destructionem
910 550 1041 607 talis
1076 552 1282 624 peccati
1312 568 1427 609 non
1471 553 1797 625 requirere-

434 634 533 687 tur
588 631 1046 701 supernaturalis
1106 632 1311 707 gratia.
1380 632 1798 706 Consequentia

433 715 607 784 patet.
659 712 728 766 Et
772 709 1109 767 antecedens
1152 711 1493 779 ostenditur,
1541 713 1678 785 quia
1727 712 1799 769 de

436 792 660 849 ratione
739 792 1082 864 privationis
1145 799 1231 850 est
1288 809 1411 851 esse
1481 795 1796 852 carentiam

434 874 638 933 formae
664 873 868 931 debitae
893 898 906 941 ;
935 875 1157 932 secluso
1177 876 1337 933 enim
1358 875 1569 944 debito,
1592 893 1797 935 caren-

434 956 514 1012 tia
538 956 738 1013 l'ormae
762 971 880 1012 non
899 960 985 1012 est
1012 955 1281 1029 privatio,
1306 955 1403 1014 sed
1424 957 1670 1031 simplex
1692 973 1797 1015 ne-

432 1037 586 1111 gatio
613 1059 626 1093 :
656 1038 809 1110 atqui
830 1036 1017 1112 gratia
1037 1038 1499 1109 supernaturalis
1515 1055 1631 1095 non
1653 1043 1799 1096 esset

436 1117 627 1175 debita
660 1119 886 1176 homini
915 1118 1142 1176 condito
1168 1120 1233 1176 in
1263 1120 1422 1193 puris
1448 1140 1462 1176 :
1490 1136 1626 1196 ergo
1668 1137 1800 1194 pec-

435 1206 625 1257 catum
678 1199 970 1257 habituale
1031 1200 1096 1256 in
1148 1199 1417 1273 praedicto
1465 1205 1614 1258 statu
1681 1217 1798 1259 non

436 1283 770 1342 consisteret
794 1282 859 1338 in
887 1281 1214 1355 privatione
1238 1282 1437 1358 gratiae
1462 1288 1800 1356 supernatu-

288 1450 360 1494 se·
439 1366 1332 1518 ragz'nfirmatursecundo:quia
1364 1444 1537 1503 homo
1559 1445 1621 1501 in
1640 1446 1797 1519 puris

247 1499 400 1545 mmm·
438 1524 699 1584 conditus
719 1540 838 1662 {ion
863 1530 1154 1662 tenergtur
1176 1525 1246 1582 ad
1271 1526 1705 1662 conversione-lm
1737 1526 1799 1582 in

440 1609 622 1664 Deum
681 1607 952 1662 utimum
1060 1623 1194 1664 nem
1247 1612 1628 1680 supernatura
1655 1623 1791 1665 em:

434 1705 574 1764 ,ergo
600 1688 820 1745 aversio
842 1704 873 1744 a
902 1691 1015 1747 Deo
1059 1689 1266 1747 ultimo
1305 1689 1420 1747 fine
1453 1696 1798 1763 supernatu-

440 1770 550 1827 rali
568 1785 684 1826 non
705 1774 850 1825 esset
875 1768 1143 1842 privatio,
1164 1769 1260 1826 sed
1275 1771 1524 1844 simplex
1540 1771 1791 1845 negatio:

437 1848 508 1906 ad
535 1848 940 1906 destruendam
976 1855 1166 1906 autem
1208 1851 1570 1907 aversionem
1612 1866 1645 1906 a
1684 1854 1798 1906 Deo

435 1930 642 1987 ultimo
671 1929 786 1987 fine
826 1932 1103 1998 naturali,
1142 1948 1266 2004 quae
1304 1934 1425 1990 sola
1454 1938 1670 2006 poterat
1692 1933 1798 1988 ha-

434 2011 570 2069 bere
598 2014 880 2069 rationem
905 2013 1270 2086 privationis,
1295 2020 1350 2071 et
1385 2015 1646 2079 maculae,
1671 2013 1796 2070 suf-

435 2091 554 2149 ficit
587 2093 778 2165 aliqua
814 2095 1102 2150 naturalis
1140 2096 1421 2152 mutatio:
1467 2095 1582 2152 haec
1621 2096 1798 2171 igitur

435 2172 640 2230 sufficit
661 2173 731 2230 ad
758 2173 1170 2232 destruendum
1200 2182 1486 2249 peccatum
1521 2177 1799 2233 commis-

436 2272 565 2312 sum
594 2257 657 2311 in
676 2261 822 2312 statu
847 2272 1145 2329 purorum.

218 2350 409 2444 ἐσεώιέοὲἑ
506 2336 596 2428 ’Ad
650 2343 1053 2411 argumentum
1110 2338 1487 2412 respondetur
1536 2337 1798 2432 negando

238 2458 407 2542 Ἢ·
439 2434 724 2571 ξέἓὲἶὲἒ
747 2425 1797 2570 ..3325053231153120ffl²13

436 2580 737 2643 naturalis,
767 2596 939 2652 quam
961 2581 1133 2638 homo
1162 2588 1294 2638 tunc
1322 2582 1587 2649 habebat;
1613 2589 1667 2639 et
1710 2599 1798 2639 ca-

438 2663 688 2718 rentiam
718 2660 1076 2718 rectitudinis
1103 2665 1582 2735 supernaturalis,
1620 2681 1796 2736 quam

431 2747 648 2814 poterat
693 2741 923 2798 habere.
958 2744 1098 2798 Cum
1126 2744 1286 2799 enim
1315 2749 1597 2802 averteret
1624 2761 1656 2800 a
1683 2748 1796 2802 Deo

429 2827 494 2878 ut
524 2826 608 2878 est
635 2821 697 2876 in
712 2821 916 2894 seipso,
941 2826 997 2879 et
1019 2822 1309 2896 adaequate
1333 2822 1467 2881 finis
1489 2825 1790 2892 naturalis,

429 2908 485 2960 et
519 2903 994 2974 supernaturalis,
1039 2904 1265 2962 tolleret
1290 2921 1524 2962 omnem
1551 2922 1795 2963 conver-

429 2984 651 3041 sionem
702 2983 765 3039 in
808 2984 1020 3057 ipsum,
1060 2991 1178 3042 tam
1227 2989 1570 3054 naturalem,
1621 3004 1794 3062 quam

427 3065 966 3137 supernaturalem;
995 3072 1053 3123 et
1080 3068 1378 3141 utriusque
1407 3068 1791 3140 privationem

428 3147 745 3204 induceret.
777 3147 861 3204 Ad
904 3148 1300 3222 probationem
1337 3156 1528 3206 autem
1558 3151 1619 3207 in
1656 3168 1794 3208 con-

428 3228 673 3284 trarium
704 3227 1010 3285 dicendum
1052 3236 1155 3297 est,
1181 3230 1331 3303 quod
1371 3224 1505 3287 licet
1531 3232 1703 3289 homo
1732 3233 1794 3289 in

427 3308 588 3381 puris
613 3310 954 3366 constitutus
975 3325 1093 3367 non
1120 3311 1358 3368 haberet
1387 3311 1792 3369 rectitudinem

423 3392 927 3463 supernaturalem
964 3392 1047 3448 eis
1071 3392 1274 3456 ‚modis
1299 3395 1398 3467 qui
1440 3392 1656 3451 ibidem
1702 3411 1794 3452 re-

426 3479 751 3538 censentur,
779 3471 1013 3528 haberet
1055 3478 1249 3530 tamen
1286 3474 1469 3547 ipsam
1507 3475 1638 3532 aliis
1660 3475 1795 3534 duo·

430 3551 535 3608 bus
558 3553 762 3619 modis,
789 3569 996 3627 nempe
1018 3554 1082 3610 iu
1102 3556 1407 3629 capacitate
1436 3560 1701 3633 proxima
1724 3556 1792 3615 ad

431 3632 756 3689 habendam
806 3633 1134 3706 praedictam
1177 3637 1596 3706 rectitudinem,
1627 3644 1683 3696 et
1729 3638 1795 3693 in

430 3710 622 3769 debito
650 3729 767 3770 non
806 3714 1054 3786 ponendi
1084 3714 1302 3793 obicem
1334 3717 1461 3790 ipsi.
1498 3719 1793 3775 Peccatum

432 3799 623 3850 autem
645 3810 840 3867 grave,
868 3799 923 3851 et
946 3795 1275 3867 praedictam
1298 3799 1664 3870 capacitatem
1688 3800 1795 3855 im-

428 3873 604 3947 pedit,
636 3881 692 3930 et
719 3874 867 3930 illud
906 3875 1164 3932 debitum
1206 3876 1417 3944 violat;
1463 3885 1628 3952 atque
1668 3879 1795 3937 ideo

428 3954 744 4010 carentiam
776 3956 1102 4029 negativam
1134 3956 1496 4014 rectitudinis
1521 3975 1794 4032 superna-

428 4035 634 4090 turalis
676 4035 951 4091 transfert
980 4035 1041 4091 in
1069 4036 1388 4093 carentiam
1419 4039 1787 4111 privativam.

430 4116 544 4170 Nec
570 4113 713 4169 illud
743 4113 1022 4180 debitum,
1048 4131 1146 4171 seu
1172 4115 1374 4172 modus
1397 4116 1646 4174 habendi
1668 4135 1795 4193 gra-

429 4195 568 4250 tiam
618 4195 828 4250 evertit
867 4200 1078 4251 statum
1129 4211 1444 4268 purorum:
1492 4203 1614 4253 tum
1660 4198 1794 4271 quia

427 4281 514 4332 est
543 4276 800 4347 quaedam
841 4274 1091 4333 conditio
1126 4277 1420 4351 generalis
1446 4279 1607 4335 omni
1634 4296 1796 4336 crea-

429 4361 573 4414 turae
603 4359 872 4415 rationali
907 4359 970 4414 in
995 4376 1335 4433 quocunque
1355 4366 1505 4416 statu
1533 4376 1795 4418 commu-

431 4439 558 4495 nis:
589 4447 711 4494 tum
751 4441 885 4513 quia
926 4440 1077 4496 nihil
1119 4441 1501 4498 intrinsecum
1543 4443 1704 4516 ponit
1730 4442 1793 4500 in

432 4519 689 4583 bomine.
732 4537 836 4577 nec
874 4521 1045 4577 illum
1084 4521 1276 4580 evehit
1322 4521 1393 4579 ad
1437 4522 1794 4596 superiorem

431 4605 664 4656 statum.

508 4680 684 4748 Adde,
706 4680 856 4754 quod
886 4681 1015 4738 licet
1043 4682 1321 4741 rectitudo
1342 4683 1796 4756 supernaturalis

434 4763 600 4819 nullo
653 4762 823 4819 modo
871 4768 1004 4820 ante
1056 4769 1345 4836 peccatum
1395 4769 1542 4822 esset
1584 4763 1791 4829 debita,

435 4845 823 4903 nihilominus
853 4850 976 4917 post
1003 4843 1151 4901 illud
1189 4845 1461 4913 debetur3
1492 4862 1628 4903 nam
1667 4862 1797 4902 cum

438 4932 728 4999 peccatum
781 4925 1032 4983 offendat
1071 4929 1249 4984 Deum
1301 4928 1798 4999 supernaturalem

439 5003 639 5075 finem,
687 5011 854 5079 atque
905 5005 976 5062 ab
1028 5006 1132 5064 illo
1177 5013 1415 5074 avertat,
1461 5008 1635 5065 homo
1679 5011 1803 5083 post

1928 561 2218 627 peccatum
2260 560 2486 613 tenetur
2514 556 2582 614 ad
2622 558 3060 616 conversionem
3087 573 3293 631 super-

1931 637 2276 701 naturalem,
2340 653 2452 709 qua
2522 641 2635 696 Deo
2699 638 2803 694 fini
2864 640 3292 711 supernaturali

1928 715 2293 790 subjiciatur3
2357 723 2413 774 et
2474 718 2740 791 quandia
2792 719 2896 775 hoc
2946 718 3116 780 modo
3176 734 3295 775 non

1927 796 2245 871 subjicitur,
2297 804 2494 855 manet
2530 799 2637 854 sub
2692 800 3017 873 privatione
3058 800 3296 856 rectitu-

1929 877 2085 933 dinis
2109 880 2570 952 supernaturalis
2590 878 2828 938 debitae:
2858 897 3031 954 quam
3055 879 3297 952 proinde

1931 958 2316 1031 privationem
2380 960 2579 1033 nequit
2644 959 2960 1034 deponere,
3012 962 3129 1018 nisi
3194 977 3297 1034 per

1929 1038 2115 1111 ipsam
2157 1040 2659 1113 supernaturalem
2689 1041 3112 1098 rectitudinem.
3156 1043 3294 1105 Quae

1930 1118 2128 1175 omnia
2157 1126 2389 1192 possunt
2417 1121 2694 1193 explicari
2729 1123 2993 1195 exemplo
3030 1121 3165 1196 ejus,
3197 1122 3287 1178 cui
3389 1195 3396 1201 ,

1933 1201 2159 1256 nullum
2187 1207 2332 1258 esset
2357 1199 2574 1269 datum,
2609 1203 2978 1275 promissum,
3008 1203 3103 1259 vel
3144 1217 3290 1276 prae-

1932 1287 2195 1353 paratum
2219 1282 2505 1339 auxilium
2526 1285 2981 1357 supernaturale,
3012 1291 3068 1340 et
3097 1290 3289 1342 tamen

1929 1370 2287 1437 cognosceret
2316 1367 2493 1423 Deum
2520 1382 2641 1423 esse
2670 1365 2846 1422 finem
2873 1372 3291 1441 supernatura-

1930 1443 2044 1500 lem
2067 1469 2081 1512 ;
2107 1462 2242 1502 nam
2266 1446 2399 1504 huic
2427 1447 2675 1521 profecto
2716 1439 2833 1505 non
2859 1455 2942 1505 est
2982 1448 3166 1523 magis
3192 1447 3292 1505 de-

1930 1523 2050 1581 bita
2071 1527 2344 1584 rectitudo
2364 1529 2844 1602 supernaturalis,
2869 1545 3042 1602 quam
3069 1528 3293 1587 homini

1928 1607 2157 1666 condito
2184 1610 2246 1665 in
2271 1612 2429 1682 puris
2454 1633 2467 1677 ;
2497 1617 2551 1668 et
2580 1615 2775 1668 tamen
2802 1612 2850 1666 si
2877 1612 3136 1685 graviter
3164 1627 3295 1683 pec-

1929 1695 2100 1754 caret.
2154 1696 2210 1746 et
2256 1693 2535 1764 praecipue
2580 1708 2650 1748 ex
2698 1693 2915 1748 motivo
2965 1691 3293 1749 offendendi

1932 1771 2110 1826 Deum
2164 1771 2463 1827 authorem
2535 1774 3064 1844 supernaturalem,
3121 1773 3292 1829 illum

1932 1850 2303 1922 proculdubio
2324 1850 2658 1916 offenderet,
2684 1859 2741 1908 et
2763 1853 2832 1909 ab
2857 1853 2977 1925 ipso
3000 1860 3292 1910 avertere-

1931 1936 2025 1986 tur
2074 1934 2372 1988 aversione
2419 1933 2719 2005 privativa,
2765 1940 2820 1989 et
2859 1935 3136 2006 inciperet
3171 1949 3293 1991 esse

1928 2010 2033 2066 sub
2062 2011 2383 2084 privatione
2408 2015 2868 2085 supernaturalis
2910 2014 3286 2081 rectitudinis,

1930 2107 1991 2148 ac
2029 2090 2275 2163 denique
2316 2091 2601 2167 indigeret
2641 2095 3070 2166 supernaturali
3097 2099 3290 2150 muta-

1929 2174 2084 2230 tione
2107 2173 2174 2229 ad
2196 2173 2597 2246 deponendum
2627 2175 2957 2249 praedictum
2977 2182 3281 2248 peccatum.

1929 2255 2167 2328 Signum
2189 2270 2323 2327 ergo
2343 2260 2445 2318 est,
2472 2255 2620 2328 quod
2651 2254 2719 2311 ad
2754 2254 3163 2311 incurrendum
3188 2257 3293 2313 hu-

1924 2332 2175 2407 jusmodi
2219 2335 2373 2390 mala
2414 2350 2530 2390 non
2581 2336 2897 2407 requiritur
2934 2336 3176 2392 elevatio
3215 2335 3289 2392 ad

1928 2409 2428 2488 supernaturalem
2469 2415 2754 2481 ordinem,
2788 2417 2876 2472 vel
2919 2416 3064 2489 quod
3104 2416 3290 2490 gratia

1928 2497 2002 2552 sit
2046 2498 2269 2563 collata,
2314 2498 2405 2554 vel
2454 2498 2752 2569 promissa,
2788 2503 2848 2553 ut
2898 2514 3070 2571 supra
3119 2498 3294 2555 latius

1928 2577 2326 2649 explicuimus„
2360 2595 2416 2632 n.
2449 2577 2579 2632 259.
3287 2640 3292 2646 ,

2001 2659 2132 2712 283.
2166 2660 2246 2712 Ex
2269 2655 2474 2730 quibus
2500 2658 2675 2713 etiam
2697 2661 2913 2713 constat
2941 2657 3012 2713 ad
3036 2657 3287 2729 primam
3328 2667 3471 2711 mim

1925 2736 2453 2804 confirmationem;
2475 2737 2809 2812 negandum
2833 2739 2992 2794 enim
3017 2747 3103 2795 est
3136 2745 3292 2796 ante·
3325 2718 3484 2810 ⁰22¹}ss

1926 2817 2148 2883 cedens,
2172 2825 2231 2874 ut
2257 2824 2473 2875 constat
2492 2835 2562 2875 ex
2578 2818 2784 2889 dictis§
2804 2818 3184 2875 antecedenti.
3206 2818 3289 2875 Ad
3302 2816 3501 2861 soivimr.

1927 2902 2011 2976 cuj
2022 2917 2083 2955 us
2109 2899 2501 2973 probationem
2526 2915 2798 2973 negamus
2814 2900 3103 2957 minorem
3129 2922 3141 2955 :
3168 2908 3290 2956 tum

1926 2982 2062 3055 quia
2102 2988 2235 3037 ante
2276 2987 2565 3055 peccatum
2606 2981 2847 3037 dabatur
2886 2980 3144 3037 debitum
3186 2981 3294 3039 ha-

1928 3060 2098 3119 bendi
2126 3063 2373 3136 gratiam
2401 3063 2461 3117 in
2491 3061 2830 3134 aptitudine,
2862 3078 3034 3133 quam
3076 3062 3290 3134 aptitu-

1927 3142 2124 3199 dinem
2173 3143 2345 3208 tollit,
2397 3149 2450 3198 et
2492 3141 2731 3214 impedit
2786 3148 3071 3214 peccatum
3103 3163 3116 3196 :
3170 3149 3292 3198 tum

1926 3225 2064 3297 quia
2093 3221 2289 3279 aderat
2328 3222 2583 3279 debitum
2614 3237 2730 3278 non
2774 3222 3026 3294 ponendi
3075 3221 3293 3279 obicem

1926 3307 2142 3382 gratiae,
2169 3304 2318 3379 quod
2344 3304 2602 3361 debitum
2632 3320 2732 3377 per
2775 3313 3062 3378 peccatum
3104 3306 3292 3362 viola-

1927 3394 2037 3444 tur.
2067 3386 2230 3443 Unde
2255 3385 2507 3443 carentia
2526 3385 2744 3458 gratim,
2779 3402 2901 3457 quae
2927 3383 3290 3443 connotando

1927 3468 2303 3542 aptitudinem
2327 3467 2508 3529 illam,
2535 3470 2591 3521 et
2615 3480 2730 3520 non
2757 3465 3121 3522 connotando
3149 3480 3282 3522 eum

1926 3549 2163 3615 obicem,
2211 3553 2333 3605 erat
2389 3548 2636 3620 simplex
2683 3548 2943 3622 negati03
3001 3547 3283 3619 impedita

1926 3631 2263 3705 aptitudine,
2294 3635 2349 3686 et
2390 3628 2619 3685 inducto
2645 3627 2802 3686 obice
2845 3646 2945 3701 per
2976 3635 3281 3702 peccatum,

1926 3714 2134 3770 transit
2156 3713 2218 3768 in
2242 3710 2647 3783 privationem.
2675 3710 2832 3774 Quod
2858 3712 2921 3766 in
2943 3711 3136 3767 eadem
3165 3709 3285 3765 fere

1927 3794 2172 3851 materia
2210 3793 2425 3865 optime
2452 3790 2642 3847 docuit
2671 3793 2733 3847 D.
2766 3791 2973 3848 Thom.
3001 3796 3178 3868 qusest.
3222 3790 3279 3856 4,
3298 3811 3357 3854 1).
3379 3812 3493 3855 nm,

1925 3874 1988 3929 de
2015 3874 2190 3938 Malo,
2215 3879 2327 3928 art.
2360 3874 2379 3927 l
2408 3871 2482 3927 ad
2511 3873 2592 3935 14,
2624 3870 2721 3926 ubi
2745 3873 2860 3928 ait:
2896 3895 2920 3925 α
2952 3869 3282 3936 Dicendum,

1932 3978 1960 4010 α
2000 3956 2150 4030 quod
2178 3954 2435 4012 carentia
2473 3952 2691 4010 divinae
2720 3944 2962 4010 visionis
2987 3952 3293 4025 dupliciter

1934 4059 1960 4091 α
2003 4038 2272 4095 convenit
2294 4034 2486 4092 alicui.
2520 4037 2646 4091 Uno
2675 4035 2841 4091 modo
2868 4035 2968 4100 sic,
3003 4033 3154 4107 quod
3176 4048 3295 4090 non

1933 4140 1959 4171 α
2001 4116 2206 4174 habeat
2236 4118 2298 4172 in
2321 4132 2395 4183 se,
2425 4114 2576 4171 unde
2609 4115 2783 4187 possit
2812 4113 2880 4171 ad
2908 4114 3173 4169 divinam
3202 4113 3295 4169 vi-

1934 4220 1960 4251 «
2000 4198 2222 4254 sionem
2250 4196 2574 4270 pervenire.
2609 4198 2676 4250 Et
2703 4196 2784 4252 sic
2804 4195 3058 4251 carentia
3081 4194 3298 4250 divinae

1934 4300 1959 4332 α
2001 4278 2246 4334 visionis
2274 4282 2618 4350 competeret
2644 4276 2718 4342 ei,
2749 4276 2845 4349 qui
2870 4276 2933 4330 in
2962 4275 3100 4331 solis
3124 4279 3296 4331 natu-

1934 4382 1960 4413 «
2003 4359 2223 4416 ralibus
2259 4365 2406 4416 esset
2449 4358 2658 4430 absque
2700 4364 2940 4430 peccato.
2969 4358 3098 4413 Alio
3127 4355 3299 4413 modo

1935 4464 1960 4495 ι(
2003 4447 2183 4515 potest
2210 4441 2384 4498 alicui
2415 4446 2734 4513 competere
2775 4440 3026 4497 carentia
3055 4438 3298 4496 visionis

1935 4544 1961 4575 α
2004 4523 2106 4579 hoc
2129 4520 2317 4586 modo,
2352 4527 2412 4577 ut
2435 4520 2639 4578 habeat
2666 4520 2728 4576 in
2755 4536 2814 4577 se
2837 4518 3075 4592 aliquid,
3094 4534 3165 4575 ex
3185 4534 3298 4591 quo

1935 4624 1960 4654 α
2004 4600 2278 4659 debeatur
2304 4601 2377 4668 ei,
2410 4599 2558 4673 quod
2595 4605 2786 4656 careat
2823 4600 3047 4655 visione
3074 4598 3295 4654 divina.

1935 4704 1960 4736 α
2005 4683 2072 4736 Et
2099 4681 2180 4737 sic
2206 4680 2460 4737 carentia
2483 4680 2726 4737 visionis
2747 4677 2965 4736 divinae
2993 4684 3076 4736 est
3106 4694 3292 4751 poena,

1936 4784 1961 4815 α
2004 4767 2060 4818 et
2094 4760 2417 4835 originalia,
2448 4767 2504 4818 et
2547 4760 2785 4817 actualis
2827 4760 3055 4833 peccati.
3104 4780 3128 4809 ι)
3164 4757 3295 4823 Ubi,

1932 4850 1994 4900 ut
2020 4843 2199 4909 vides,
2226 4844 2475 4899 carentia
2507 4843 2611 4899 illa
2643 4842 2898 4910 visionis,
2926 4858 3052 4915 quae
3080 4843 3300 4899 secluso

1933 4931 2155 4999 peccato
2185 4940 2300 4981 non
2321 4931 2467 4981 esset
2489 4940 2677 4997 poena,
2708 4929 2874 4996 atque
2902 4923 3029 4982 ideo
3056 4938 3158 4980 nec
3186 4922 3300 4997 pri·

1934 5006 2108 5072 vatio,
2155 5011 2376 5079 peccato
2414 5004 2706 5077 supposito
2748 5008 2891 5062 esset
2935 5004 3202 5077 privatio,
3244 5006 3301 5060 et

3085 5099 3251 5158 poena
3281 5106 3298 5152 ς
