3647 5753
505 340 580 393 70
1532 336 1623 390 DE
1661 334 1933 390 GRATIA
1974 334 2311 390 EFFIGACI.
2334 332 2341 338 ’

513 512 802 581 nequeunt
848 507 908 563 in
950 523 1017 564 eo
1041 523 1384 580 componere
1410 506 1721 571 decretum,
1775 506 1870 563 vel

515 588 894 645 intentionem
941 586 1056 652 Dei,
1108 603 1141 642 a
1167 603 1279 659 qua
1322 602 1631 645 consensus
1678 591 1872 644 noster

513 667 844 741 dependeat,
871 673 932 723 ut
959 665 1143 723 debet.

311 770 489 820 ultima.
598 750 715 804 100.
763 751 876 804 Nec
901 745 1133 803 tandem
1160 747 1354 814 refert,
1374 747 1422 803 si
1452 747 1661 804 ultimo
1688 744 1760 803 ad
1780 742 1874 802 de-

329 824 478 911 ξξίζζξ·
512 828 849 911 elinandum
879 844 1078 885 omnes
1102 828 1592 893 hasdifficultates,
1611 828 1874 884 animose

305 916 490 970 pessima
513 926 644 965 cum
659 908 980 981 Theophilo
1003 908 1320 982 Raynaudo
1348 908 1410 964 in
1441 908 1592 964 libro
1618 908 1707 963 cui
1733 908 1874 963 titu-

318 976 485 1060 ressgsn·
515 992 628 1047 lus:
657 989 821 1047 Nova
845 990 1110 1045 libertatis
1133 991 1449 1063 est-plicatio,
1483 995 1630 1062 part.
1660 990 1714 1055 2,
1748 1005 1869 1060 cap.

292 1065 485 1168 ’ᾗξξῡηξῐᾶ-
514 1074 567 1138 4,
596 1087 757 1127 num.
787 1071 878 1135 35,
917 1069 1279 1142 respondeas„
1311 1071 1375 1125 in
1400 1069 1742 1145 conditione,
1767 1068 1876 1124 sub

480 1147 490 1159 '
513 1168 625 1225 qua
668 1150 1014 1224 praevidetur
1041 1167 1349 1207 consensus
1375 1150 1758 1208 conditionate
1781 1152 1877 1207 fu-

516 1239 696 1299 turus,
725 1247 842 1287 non
879 1230 1170 1303 implicari
1201 1229 1429 1304 aliquod
1455 1232 1551 1288 Dei
1582 1230 1874 1287 decretum

516 1310 1343 1379 absolutum,conditionatum,
1368 1310 1877 1383 indifferenS,prae·

516 1393 699 1457 vium,
726 1391 816 1447 vel
837 1391 1249 1448 simultaneum
1279 1415 1292 1457 ;
1321 1391 1418 1448 sed
1447 1393 1628 1449 solam
1659 1393 1875 1448 volun-

516 1478 690 1528 tatem
742 1477 1010 1537 creatam,
1043 1470 1460 1527 consideratam
1490 1478 1551 1527 ut
1594 1470 1878 1544 indepen-

515 1550 746 1607 dentem
769 1550 839 1607 ab
868 1550 1029 1607 omni
1054 1551 1150 1607 Dei
1181 1567 1480 1607 concursu.
1506 1551 1878 1623 Contempla-

518 1637 614 1686 tur
639 1631 798 1687 enim
845 1634 991 1686 Deus
1028 1631 1091 1686 in
1121 1631 1242 1695 illa,
1293 1630 1430 1703 quid
1460 1630 1676 1686 factura
1702 1636 1869 1698 esset,

519 1713 568 1767 si
601 1728 662 1768 se
688 1712 809 1768 sola
835 1718 1170 1785 operaretur
1201 1736 1214 1779 ;
1257 1718 1313 1769 et
1353 1712 1432 1768 ita
1453 1711 1608 1768 videt
1627 1727 1877 1769 consen—

518 1810 668 1859 sum,
693 1795 784 1850 vel
813 1793 1134 1850 dissensum
1179 1793 1458 1849 futurum.
1505 1792 1692 1850 Verba
1721 1795 1878 1867 Ray-

520 1872 696 1929 naudi
727 1879 861 1929 sunt
889 1894 901 1927 :
933 1873 1189 1945 Operatio
1237 1881 1495 1928 creaturae
1521 1891 1630 1928 non
1658 1880 1877 1929 antece-

517 1953 600 2007 dit
633 1960 778 2019 actu,
810 1961 859 2007 et
889 1954 1070 2025 reipsa
1105 1971 1427 2009 concursum
1467 1953 1720 2008 divinum
1738 1971 1756 2017 ,·
1786 1954 1879 2007 sed

517 2042 735 2090 tantum
764 2035 1150 2101 conditionate,
1182 2043 1450 2112 quatenus
1477 2043 1603 2089 ante
1622 2036 1719 2090 Dei
1744 2053 1878 2090 con-

516 2134 739 2172 cursum
758 2124 885 2172 actu
904 2118 1206 2172 exhibitum
1225 2117 1481 2188 objicitur
1500 2116 1689 2171 divino
1711 2117 1878 2171 intel-

518 2199 679 2254 lectui
699 2201 940 2273 operatio
961 2200 1263 2254 voluntatis
1282 2206 1486 2264 creatae,
1503 2207 1879 2276 tanquameae-

514 2283 734 2336 oritura
754 2281 823 2336 ab
845 2298 923 2347 ea,
952 2283 1001 2336 si
1022 2281 1276 2336 voluntas
1295 2298 1348 2335 se
1369 2280 1484 2335 sola
1502 2287 1674 2352 posset
1691 2295 1867 2347 ayere.

597 2362 725 2417 Haec
757 2404 769 2426 ,
798 2362 1032 2433 inquam
1061 2404 1073 2427 ,
1116 2360 1410 2432 responsio
1453 2360 1602 2415 nihil
1654 2358 1874 2423 refert3

515 2440 651 2511 quia
675 2455 791 2496 non
813 2447 897 2496 est
919 2440 1233 2511 responsio,
1261 2438 1358 2496 sed
1384 2439 1763 2512 praecipitium
1787 2460 1799 2494 :
1823 2443 1880 2494 et

514 2517 654 2574 dum
685 2518 1034 2592 Raynaudus
1062 2519 1151 2574 illi
1179 2536 1239 2576 se
1266 2520 1591 2585 committit,
1625 2518 1879 2575 declarat

515 2600 707 2671 palam
752 2598 993 2656 frivolas
1032 2615 1153 2655 esse
1179 2615 1413 2655 suorum
1437 2600 1725 2656 sociorum
1753 2615 1879 2655 res-

516 2680 826 2751 ponsiones
867 2680 1139 2736 hactenus
1197 2679 1608 2753 impugnatas;
1665 2683 1719 2735 et
1762 2693 1879 2734 non

516 2779 678 2837 posse
740 2761 1048 2818 efficaciam
1113 2762 1310 2836 gratiae
1361 2759 1780 2833 dependentem
1846 2773 1880 2813 a

507 2843 756 2901 scientia
803 2842 992 2900 media
1036 2841 1285 2908 defendi,
1342 2841 1456 2897 nisi
1497 2841 1621 2914 ejus
1650 2837 1877 2913 patroni

507 2939 638 2980 sese
665 2921 939 2996 objiciant
963 2922 1233 2995 periculis
1256 2922 1397 2978 adeo
1436 2918 1728 2994 gravibus.
1758 2920 1880 2973 Cae-

512 3011 706 3062 terum
747 3004 869 3077 ejus
907 3003 1170 3077 cogitatio
1199 3003 1365 3059 facile
1396 3000 1700 3067 refellitur,
1734 3015 1881 3073 quo-

514 3086 679 3142 niam
709 3093 771 3142 ut
798 3101 942 3157 saepe
969 3084 1176 3156 saepius
1203 3082 1640 3147 inculcavimus,
1666 3087 1722 3137 et
1743 3081 1880 3137 satis

515 3169 716 3241 liquet,
749 3166 820 3222 ab
847 3166 1063 3223 eisdem
1094 3165 1398 3238 principiis
1417 3162 1524 3219 sub
1552 3162 1881 3219 conditione

514 3248 719 3322 positis
740 3244 1019 3319 dependet
1052 3260 1360 3303 consensus
1382 3243 1768 3300 conditionate
1795 3241 1881 3296 fu-

511 3335 699 3395 turus,
733 3345 766 3385 a
804 3327 1010 3401 quibus
1053 3327 1310 3383 absolute
1358 3324 1553 3396 positis
1599 3322 1882 3395 dependet

512 3424 829 3466 consensus
875 3407 938 3463 in
979 3410 1128 3462 statu
1171 3404 1464 3460 absoluto:
1493 3418 1629 3477 ergo
1654 3403 1703 3457 si
1741 3419 1881 3460 con-

511 3507 715 3549 sensus
773 3495 831 3545 ut
895 3486 1283 3544 conditionate
1331 3486 1558 3540 futurus
1608 3502 1725 3542 non
1774 3485 1879 3543 de—

519 3571 727 3646 pendet
776 3569 847 3627 ab
878 3570 999 3625 ullo
1029 3567 1128 3623 Dei
1182 3566 1427 3631 decreto,
1476 3567 1568 3622 vel
1603 3582 1879 3623 concursu

516 3668 578 3709 se
613 3654 846 3709 tenente
891 3664 962 3704 ex
1003 3652 1165 3719 parte
1210 3645 1577 3712 conditionis,
1621 3647 1881 3719 sequitur

515 3745 860 3789 consensum
895 3728 956 3783 in
977 3734 1123 3784 statu
1154 3726 1410 3783 absoluto
1439 3729 1575 3800 poni
1597 3726 1881 3800 indepen-

516 3811 720 3868 denter
741 3809 812 3865 ab
833 3807 994 3866 omni
1017 3806 1239 3863 influxu
1268 3808 1476 3864 actuali
1515 3807 1613 3863 Dei
1640 3807 1875 3879 praevio,

517 3893 612 3948 vel
632 3890 981 3947 simultaneo
1007 3908 1020 3941 ε
1061 3902 1410 3959 consequens
1436 3893 1522 3944 est
1542 3885 1875 3952 absurdum,

517 3978 574 4029 et
600 3977 798 4029 contra
819 3982 1187 4025 communem
1210 3967 1632 4039 Theologorum
1656 3971 1881 4021 senten·

519 4052 663 4108 tiam
689 4094 703 4117 ,
773 4048 873 4121 qui
919 4047 1193 4103 adversus
1246 4045 1583 4101 Durandum
1655 4043 1877 4111 docent,

523 4137 703 4190 Deum
746 4130 1025 4201 attingere
1070 4124 1402 4181 immediate
1428 4140 1662 4181 omnem
1705 4126 1883 4182 actio-

522 4231 680 4280 nem,
707 4217 764 4269 et
776 4209 1039 4266 effectum
1060 4210 1339 4262 creaturae
1364 4227 1377 4261 ε
1406 4221 1542 4280 ergo
1568 4206 1881 4264 absurdum

519 4300 608 4350 est
630 4292 839 4355 dicere,
857 4286 1006 4361 quod
1030 4286 1093 4340 in
1115 4283 1465 4350 conditione,
1492 4285 1724 4359 subqua
1745 4305 1885 4361 prae·

523 4375 753 4432 videtur
802 4384 1113 4428 consensus
1166 4366 1553 4425 conditionate
1614 4370 1841 4428 futurus
1864 4413 1877 4436 ,

522 4457 756 4513 nullum
787 4453 886 4509 Dei
934 4449 1244 4512 decretum,
1277 4449 1368 4504 vel
1413 4465 1720 4507 concursus
1768 4454 1883 4509 im—

524 4537 790 4610 plicetur.
825 4532 1108 4594 Praeterea,
1140 4529 1188 4584 si
1218 4530 1280 4586 in
1304 4531 1406 4586 illa
1426 4531 1755 4592 conditione
1774 4551 1884 4592 an-

522 4616 804 4675 tecedenti
832 4630 950 4671 non
974 4610 1303 4684 implicatur
1323 4628 1494 4669 concu
1505 4632 1646 4682 rsuS,
1669 4619 1758 4674 vel
1780 4618 1885 4675 de-

522 4704 748 4756 cretum
777 4696 896 4759 Dei,
933 4690 1150 4766 liquido
1187 4691 1454 4774 inlertur,
1480 4694 1883 4756 discretionem

527 4779 686 4835 inter
711 4773 1183 4838 consentientem,
1211 4779 1266 4829 et
1288 4789 1404 4830 non
1433 4779 1883 4835 consentientem

522 4876 653 4934 quas
675 4874 745 4915 ex
773 4862 935 4929 parte
959 4855 1355 4926 consequentis
1399 4858 1763 4927 praevidetur,
1798 4876 1887 4917 re·

519 4937 841 4997 ducendam
873 4951 989 4993 non
1009 4950 1131 4991 esse
1155 4933 1216 4990 in
1245 4937 1554 5002 Deum,sed
1576 4938 1638 4995 in
1659 4946 1886 4998 creatu-

2006 528 2130 569 ram
2159 513 2341 586 :quod
2369 519 2453 571 est
2475 512 2859 579 intolerabile,
2879 519 2935 569 et
2959 511 3367 586 pelagianum.

2005 592 2211 650 Deinde
2250 595 2517 661 infertur,
2559 601 2882 651 creaturam
2913 610 3031 651 non
3060 593 3369 666 praevideri

2005 690 2038 730 a
2077 676 2190 731 Deo
2218 681 2279 731 ut
2323 681 2666 741 creaturam,
2697 673 2796 732 sed
2824 674 3011 747 potius
3052 680 3112 728 ut
3140 676 3319 729 Deum
3350 698 3371 740 3

2004 753 2287 825 siquidem
2336 753 2683 826 praevidetur
2708 769 2914 828 gerens
2942 768 3156 808 munus
3186 752 3366 825 primi

2007 833 2276 906 principii
2307 833 2749 906 independentis
2775 833 2847 890 ab
2876 834 2991 889 alia
3019 848 3185 888 causa
3215 850 3374 906 pras-

2007 917 2117 983 vie‚
2153 917 2242 973 vel
2284 918 2650 981 simultanee,
2696 915 3101 980 determinate,
3133 916 3226 971 vel
3268 917 3375 971 in-

2007 995 2338 1052 differenter
2380 995 2705 1053 influente:
2752 994 2901 1066 quod
2966 994 3155 1051 dicere
3212 994 3379 1067 sapit

2008 1078 2446 1150 blasphemiam,
2479 1077 2761 1149 siquidem
2780 1076 3115 1133 attribuitur
3138 1078 3252 1132 Deo
3271 1093 3381 1133 oo-

2007 1161 2189 1234 gnitio
2223 1160 2464 1216 omnino
2494 1160 2650 1225 falsa,
2688 1166 2746 1215 et
2767 1159 3052 1231 attingens
3081 1157 3375 1231 objectum

2009 1241 2178 1297 aliter
2204 1255 2268 1295 ac
2287 1245 2387 1302 est,
2421 1240 2510 1296 vel
2537 1244 2885 1312 potestesse.
2912 1238 3150 1310 Insuper
3172 1239 3379 1310 nequit

2007 1337 2316 1378 consensus
2374 1328 2527 1377 certo
2580 1319 2883 1393 praevideri
2951 1317 3278 1391 dependens
3340 1335 3381 1375 a

2008 1403 2337 1460 conditione
2361 1402 2726 1475 impossibili,
2750 1409 2807 1458 et
2831 1402 3248 1473 implicatoria:
3270 1400 3378 1457 sed

2009 1492 2331 1542 creaturam
2353 1501 2414 1542 se
2454 1486 2576 1541 sola
2605 1484 2854 1556 operati,
2885 1489 2941 1538 et
2964 1498 3080 1538 non
3103 1481 3377 1555 adjuvari

2009 1565 2209 1622 divino
2235 1559 2530 1631 concursu,
2563 1571 2648 1620 est
2675 1563 3052 1637 impossibile,
3084 1570 3142 1620 et
3164 1565 3379 1637 impli-

2010 1646 2289 1703 catorium
2317 1669 2331 1711 ;
2380 1662 2514 1700 nam
2562 1644 2802 1700 destruit
2848 1644 3032 1716 ipsam
3083 1645 3379 1700 rationem

2009 1730 2198 1783 creatu
2208 1741 2283 1781 rae
2301 1746 2313 1779 :
2336 1740 2472 1799 ergo
2491 1725 2686 1796 nequit
2719 1726 2863 1781 Deus
2883 1729 3036 1780 certo
3049 1723 3383 1796 praevidere

2010 1823 2351 1864 consensum
2382 1808 2640 1862 futurum
2690 1806 2754 1862 in
2778 1804 3097 1879 hypothesi,
3147 1807 3240 1862 vel
3266 1806 3381 1863 sub

2011 1887 2356 1954 conditione,
2410 1887 2561 1959 quod
2613 1887 2881 1944 voluntas
2923 1891 3112 1942 creata
3158 1902 3221 1943 se
3253 1888 3381 1944 sola

2011 1976 2366 2043 operaretur,
2382 1976 2438 2026 et
2465 1984 2581 2025 non
2597 1967 2938 2040 dependeret
2956 1983 2986 2022 a
3001 1966 3208 2023 divino
3234 1984 3378 2025 con-

2010 2066 2201 2106 cursu.
2240 2051 2481 2109 Tandem
2508 2051 2609 2106 ille
2638 2048 2863 2106 dicendi
2893 2046 3099 2103 modus
3134 2054 3219 2103 est
3240 2065 3380 2104 om-

2013 2133 2154 2189 nino
2192 2130 2523 2205 singularis,
2569 2132 2666 2203 qui
2696 2132 2788 2187 vel
2814 2129 2885 2186 ob
2908 2131 3010 2186 hoc
3034 2129 3275 2201 praecise
3304 2131 3371 2186 in

2014 2231 2075 2272 re
2095 2213 2232 2270 adeo
2257 2214 2419 2287 gravi
2444 2229 2560 2270 non
2581 2212 2745 2268 debet
2767 2210 2991 2266 admitti
3016 2231 3028 2265 ε
3058 2227 3172 2283 qua
3193 2213 3372 2269 etiam

2010 2294 2081 2352 de
2100 2310 2265 2351 causa
2293 2294 2363 2350 ab
2401 2309 2468 2350 co
2494 2294 2744 2366 amplius
2783 2289 3135 2347 confutando
3162 2308 3376 2364 super·-

2010 2375 2292 2434 sedemus.

2093 2460 2214 2514 101.
2246 2457 2577 2512 omittimus
2619 2471 2908 2513 recensere
2948 2455 3093 2512 alios
3134 2455 3369 2514 dicendi

2012 2537 2228 2603 modos,
2253 2535 2457 2610 quibus
2484 2536 2751 2592 Juniores
2771 2534 3122 2593 contendunt
3147 2536 3378 2595 diluere

2012 2622 2416 2692 argumentum
2465 2632 2640 2687 supra
2669 2616 2896 2673 factum.
2929 2622 2982 2671 et
3021 2632 3378 2689 componere

2011 2697 2308 2754 scientiam
2350 2694 2601 2753 mediam
2634 2712 2764 2750 cum
2792 2694 2993 2750 divina
3022 2695 3373 2762 intentione,

2012 2783 2066 2834 et
2093 2777 2328 2842 decreto,
2349 2792 2380 2832 a
2407 2792 2652 2848 quorum
2670 2773 3051 2846 dependentia
3079 2784 3379 2846 nequeunt

2013 2874 2351 2917 consensum
2406 2864 2667 2914 nostrum
2709 2855 3023 2913 absolvere.
3084 2858 3378 2921 Quoniam

2014 2940 2267 3013 praedicti
2315 2938 2490 3006 modi,
2536 2954 2665 2994 cum
2718 2935 3180 2993 innumerabiles
3229 2940 3377 3001 sint.

2013 3025 2105 3080 vel
2135 3039 2366 3095 prorsus
2388 3021 2623 3078 deviant
2665 3037 2695 3076 a
2737 3036 2892 3084 vero,
2919 3019 3011 3075 vel
3037 3018 3109 3075 ad
3138 3037 3380 3094 respon·

2012 3106 2201 3161 siones
2248 3120 2421 3176 supra
2476 3103 2686 3175 positas
2748 3102 3099 3157 reducuntur
3130 3144 3143 3158 .
3203 3103 3381 3159 Unde

2015 3184 2225 3251 relatiS,
2275 3189 2332 3240 et
2391 3181 2742 3255 impugnatis
2788 3179 2972 3238 modis
3009 3179 3239 3237 dicendi
3265 3198 3375 3238 ca-

2014 3262 2304 3335 pitalibuS,
2330 3279 2469 3335 quos
2489 3260 2722 3317 tradunt
2748 3259 3094 3333 principales
3120 3261 3382 3318 scientim

2013 3342 2216 3399 medias
2239 3343 2503 3408 fautores,
2535 3347 2587 3398 et
2618 3341 2715 3414 qui
2746 3341 2898 3396 inter
2926 3347 3155 3397 caeteros
3180 3342 3382 3397 alum-

2014 3440 2119 3480 nos
2156 3424 2393 3479 chorum
2434 3422 2841 3480 scholasticum
2881 3420 3115 3485 ducunt,
3166 3437 3384 3493 super-

2014 3505 2194 3562 fluum
2222 3512 2307 3562 est
2350 3503 2419 3560 ad
2455 3505 2599 3560 alias
2639 3503 3001 3566 minutioreS,
3032 3507 3089 3558 et
3126 3502 3382 3560 leviores

2013 3587 2322 3644 solutiones
2355 3581 2712 3642 descendere.
2765 3586 2889 3655 Ipsa
2935 3597 3072 3639 vero
3123 3583 3380 3641 discolor
3405 3602 3528 3657 σφεα

2013 3668 2335 3724 Authorum
2357 3666 2605 3721 varietas
2638 3665 2892 3738 graviter
2916 3662 3218 3735 persuadet
3236 3680 3383 3738 gra·
3407 3658 3528 3694 ‘¹¹¹⁸'

2016 3748 2107 3804 tiae
2132 3747 2436 3804 efficaciam
2467 3745 2751 3802 ascientia
2792 3742 2981 3799 media
3018 3759 3134 3800 non
3156 3742 3383 3815 depen-

2013 3825 2171 3895 dere,
2189 3844 2323 3884 nam
2347 3826 2559 3883 veritas
2575 3826 2638 3880 in
2665 3821 3299 3889 indivisibiliconsistit3
3319 3831 3385 3880 et

2013 3909 2110 3979 qui
2140 3908 2279 3966 adeo
2300 3908 2575 3971 diversas,
2607 3911 2662 3961 et
2684 3904 3002 3961 contrarias
3030 3904 3383 3979 ingrediun-

2015 3994 2109 4044 tur
2130 3990 2273 4054 viaS,
2308 3991 2595 4061 nequeunt
2618 3986 2679 4040 in
2709 3984 2854 4040 illud
2876 3982 3235 4040 indivisibile
3255 3987 3385 4042 col-

2016 4071 2242 4127 limare.
2278 4073 2340 4125 ln
2362 4085 2473 4142 quo
2502 4067 2822 4140 plurimum
2852 4065 3190 4138 praeeminet
3216 4067 3381 4123 Tho·

2017 4152 2319 4208 mistarum
2377 4150 2576 4222 opinio
2631 4148 2809 4204 dubio
2865 4147 3124 4220 sequenti
3166 4163 3388 4220 propo-

2016 4231 2204 4289 nenda
2231 4255 2245 4298 ;
2302 4247 2437 4287 nam
2483 4244 2683 4286 omnes
2749 4228 3106 4285 unanimiter
3150 4226 3384 4294 docent,

2015 4312 2260 4386 gratiam
2283 4311 2561 4367 efficacem
2580 4323 2702 4365 esse
2724 4308 2898 4364 talem
2920 4323 2987 4363 ex
3004 4323 3083 4375 se,
3108 4312 3165 4363 et
3191 4306 3263 4361 ab
3291 4307 3387 4364 in-

2016 4392 2303 4448 trinseco:
2353 4396 2409 4447 et
2431 4406 2631 4445 rursus
2672 4404 2894 4454 omnes,
2939 4387 2987 4441 si
3031 4402 3237 4451 unum,
3282 4396 3388 4444 aut

2017 4473 2265 4528 alterum
2304 4472 2555 4544 excipias
2582 4511 2595 4535 ,
2639 4467 2997 4524 constituunt
3044 4466 3386 4538 praedictam

2016 4552 2319 4617 efficaciam
2357 4554 2419 4608 in
2468 4551 2698 4624 physica
2729 4550 3118 4620 praemotione,
3148 4553 3205 4602 ut
3245 4548 3379 4605 dub.

2016 4635 2052 4688 5
2081 4632 2421 4691 videbimus,

3202 5012 3236 5078 g
3258 5010 3380 5067 vn.
