3647 5753
1508 393 1685 449 DISP.
1730 393 1852 459 vn,
1896 391 2063 446 DUB.
2107 390 2175 447 V.
3029 383 3139 438 207

290 577 392 635 per
444 564 890 637 impressionem
941 568 1182 642 alicujus
1227 568 1529 626 intrinseci
1580 566 1651 625 ab

291 644 396 701 illo
417 643 619 701 affectu
660 645 924 714 derivati,
971 664 1073 721 per
1111 647 1261 721 quod
1307 648 1549 707 tendunt
1583 648 1650 705 in

291 727 466 785 finem
488 727 745 801 ejusdem
768 731 1097 786 voluntatis,
1130 733 1215 787 Ex
1234 748 1345 805 quo
1368 731 1651 805 principio

292 809 471 866 infert
491 809 825 882 frequenter
847 812 911 867 D.
939 811 1143 868 Thom.
1167 812 1507 870 charitatem
1527 827 1651 870 esse

293 890 541 947 formam
564 897 901 947 caeterarum
930 891 1224 959 virtutem,
1257 895 1394 965 quia
1418 910 1491 951 ex
1520 908 1651 948 mo-

294 971 465 1034 tione,
526 977 584 1027 et
649 971 896 1044 imperio
957 971 1254 1028 charitatis
1307 973 1652 1045 participant

293 1051 581 1125 quandam
641 1052 1049 1124 perfectionem
1097 1053 1493 1120 intrinsecam,
1551 1068 1650 1125 per

293 1150 463 1207 quam
486 1132 819 1208 diriguntur
842 1135 904 1190 in
937 1135 1233 1192 charitatis
1272 1134 1468 1201 finem,
1500 1133 1649 1208 quod

291 1231 364 1273 ex
391 1215 624 1288 propria
645 1216 830 1288 specie
853 1231 968 1272 non
991 1214 1221 1273 habent.
1258 1216 1424 1273 Unde
1462 1221 1644 1293 quast.

103 1295 263 1344 D·'1¹¹⁰·
304 1298 387 1363 14,
411 1296 474 1350 de
513 1293 676 1353 Ver-it.
705 1302 817 1351 art.
849 1297 884 1350 6
907 1296 981 1351 ad
1006 1296 1061 1360 9,
1093 1295 1282 1369 inquit
1307 1317 1320 1351 ε
1357 1318 1382 1349 «
1412 1293 1651 1361 Quando

302 1400 327 1429 α
367 1376 629 1449 superior
655 1375 745 1431 vis
787 1376 1031 1447 perfecta
1072 1381 1177 1443 est,
1228 1392 1299 1433 ex
1344 1375 1466 1449 ejus
1518 1391 1651 1449 per-

303 1480 328 1509 «
372 1454 614 1512 sectione
642 1455 992 1526 relinquitur
1021 1455 1215 1529 aliqua
1266 1455 1534 1528 perfectio
1588 1454 1651 1509 in

302 1562 326 1588 a
371 1535 671 1602 inferiori;
701 1540 756 1592 et
775 1536 856 1592 sic
879 1551 1009 1592 cum
1041 1536 1293 1593 charitas
1317 1540 1402 1593 est
1442 1536 1505 1592 in
1545 1551 1654 1593 vo-

301 1643 327 1671 «
371 1620 607 1683 luntate,
639 1619 760 1692 ejus
782 1618 1055 1690 perfectio
1103 1618 1300 1692 aliquo
1338 1616 1508 1674 modo
1555 1634 1649 1674 re-

302 1724 327 1752 α
368 1698 1022 1755 dundatinintellectu.»
1046 1700 1112 1753 Et
1127 1698 1452 1771 expressius
1469 1696 1653 1754 adhuc

296 1785 358 1836 in
377 1781 431 1848 3,
461 1781 591 1835 dist.
615 1780 706 1843 23,
755 1787 939 1856 quaest.
983 1781 1036 1843 3,
1080 1787 1190 1836 art.
1259 1781 1303 1844 Ι,
1353 1787 1538 1856 quast.
1600 1780 1646 1845 l,

296 1863 524 1937 inquit:
562 1884 586 1914 α
617 1865 759 1917 Cum
789 1863 851 1919 in
894 1861 1101 1919 viribis
1140 1861 1350 1918 animae
1388 1862 1652 1918 voluntas

303 1969 328 1998 «
370 1943 573 2002 habeat
595 1944 783 2003 locum
832 1944 1008 2017 primi
1032 1944 1292 2010 motoris,
1325 1950 1481 2000 actus
1530 1945 1652 2018 ejus

300 2051 324 2079 u
367 2032 450 2084 est
472 2026 631 2100 prior
676 2024 1099 2097 quodammodo
1150 2023 1366 2081 actibus
1408 2024 1646 2089 virium,

299 2131 323 2160 a
367 2107 433 2163 in
460 2110 741 2179 quantum
758 2104 1440 2178 imperateossecundum
1465 2104 1653 2162 inten-

297 2211 322 2240 ιι
368 2187 584 2244 tionem
609 2186 744 2242 finis
767 2187 978 2250 ultimi,
1009 2192 1066 2242 et
1089 2186 1268 2242 utitur
1311 2185 1394 2242 eis
1423 2186 1484 2243 in
1511 2201 1652 2242 con-

297 2294 321 2321 «
365 2268 703 2339 sequutione
728 2265 1002 2340 ejusdem.
1029 2267 1100 2319 Et
1127 2264 1252 2321 ideo
1289 2267 1442 2323 vires
1483 2270 1651 2322 niotae

298 2373 322 2400 ιι
368 2364 405 2404 a
432 2349 724 2406 voluntate
743 2345 857 2404 duo
877 2345 948 2402 ab
967 2361 1034 2403 ea
1057 2345 1344 2419 recipiunt
1383 2364 1396 2398 ε
1456 2344 1649 2417 primo

298 2455 322 2483 α
368 2431 619 2487 formam
647 2428 899 2500 aliquam
931 2427 1126 2499 ἱρείας,
1158 2425 1472 2483 secundum
1501 2423 1651 2497 quod

297 2535 321 2563 α
365 2525 540 2568 omne
562 2525 817 2574 moveuS,
848 2514 902 2564 et
942 2523 1113 2580 agens
1154 2507 1442 2578 imprimit
1487 2523 1650 2563 suam

296 2614 320 2642 α
363 2588 813 2645 similitudinem
843 2589 905 2644 in
953 2588 1142 2652 motis,
1189 2593 1246 2644 et
1300 2585 1650 2659 patientibus

295 2695 318 2722 α
365 2669 528 2726 abeo
551 2712 565 2726 .
599 2689 624 2720 1>
653 2671 723 2725 Et
748 2672 803 2735 2,
829 2672 884 2736 2,
909 2675 1089 2745 quaest.
1134 2669 1226 2734 28,
1258 2675 1368 2723 art.
1399 2668 1452 2735 8,
1503 2666 1585 2723 ait
1636 2687 1649 2721 :

295 2775 318 2801 a
363 2749 727 2822 Principium
753 2749 1062 2808 moralium
1089 2753 1316 2804 actuum
1337 2751 1422 2805 est
1442 2748 1651 2803 volun-

292 2855 316 2884 «
360 2836 472 2897 taS,
499 2832 658 2908 cujus
684 2830 984 2905 objectum.
1030 2835 1086 2887 et
1122 2829 1284 2902 quasi
1332 2829 1519 2886 forma
1568 2834 1652 2885 est

293 2938 318 2967 «
361 2913 535 2980 finis;
563 2929 793 2985 semper
815 2918 1006 2968 autem
1045 2912 1234 2968 forma
1274 2918 1428 2969 actus
1452 2927 1651 2968 conse-

287 3021 314 3050 «
356 2997 562 3071 quitur
604 2996 855 3053 formam
906 2995 1169 3067 agentis:
1232 2993 1382 3049 unde
1433 2997 1652 3066 oportet

288 3102 312 3130 α
356 3076 516 3149 quod
543 3077 606 3132 in
631 3075 949 3132 moralibus
975 3073 1032 3130 id
1061 3073 1209 3147 quod
1250 3074 1347 3130 dat
1373 3074 1522 3130 actui
1550 3088 1650 3129 or-

285 3184 312 3213 «
353 3160 564 3217 dinem
593 3158 663 3215 ad
687 3156 884 3222 finem,
909 3155 1003 3213 det
1022 3157 1076 3213 ei
1105 3157 1373 3220 formam,
1399 3161 1499 3212 etc.
1531 3176 1556 3206 ι)
1585 3156 1652 3209 Et

280 3242 431 3298 ratio
452 3239 630 3314 hujus
650 3238 928 3295 doctrinas
958 3235 1198 3299 habetur
1215 3238 1278 3291 in
1299 3235 1651 3292 testimoniis

276 3323 486 3387 citatiS,
552 3321 686 3393 quia
731 3318 961 3391 quando
1013 3318 1278 3390 potentiae
1344 3317 1652 3374 inferiores

277 3407 597 3460 moventur
619 3418 653 3457 a
671 3401 987 3472 superiore,
1021 3397 1264 3455 tendunt
1288 3413 1357 3454 ex
1387 3397 1652 3469 praedicta

274 3486 539 3541 motione
567 3499 687 3540 non
707 3484 898 3538 solum
919 3482 981 3536 in
1005 3481 1303 3553 proprium
1325 3494 1523 3535 earum
1547 3478 1651 3536 ob-

267 3563 507 3636 jectum,
534 3562 688 3636 quod
712 3562 775 3617 in
811 3562 1043 3633 propria
1084 3558 1269 3632 specie
1316 3559 1645 3631 respiciunt,

271 3643 370 3699 sed
391 3647 575 3702 etiam
609 3644 670 3699 in
693 3643 973 3718 obJ'ectum
1022 3640 1288 3715 potentiae
1308 3657 1371 3695 su
1381 3641 1643 3713 perioriS,

271 3725 421 3798 quod
444 3725 669 3783 habent
688 3742 762 3782 ex
787 3726 907 3798 ejus
931 3723 1183 3781 motione
1216 3743 1229 3777 ε
1271 3720 1369 3778 sed
1411 3721 1652 3795 praedic-

271 3814 363 3862 tus
389 3810 708 3879 respectui-3,
740 3804 863 3860 sive
901 3802 1213 3868 tendentia,
1266 3818 1381 3859 non
1421 3808 1506 3859 est
1548 3819 1652 3859 ens

274 3888 544 3953 rationi3‚
570 3885 675 3941 sed
700 3884 902 3940 relatio
924 3884 1128 3951 realis;
1160 3900 1287 3939 cum
1306 3882 1508 3940 habeat
1528 3882 1654 3939 fun·

273 3971 652 4033 damentum,
697 3967 1037 4031 terminum,
1081 3971 1137 4022 et
1168 3970 1369 4022 caetera
1411 3980 1537 4039 quae
1580 3964 1651 4021 ad

274 4050 632 4107 relationem
683 4049 900 4105 realem
939 4045 1378 4113 desiderantur;
1407 4061 1544 4119 ergo
1568 4050 1653 4101 est

274 4130 469 4204 aliqua
533 4129 692 4187 ratio
733 4127 924 4194 realiS,
980 4131 1036 4182 et
1081 4141 1217 4183 vere
1259 4126 1543 4191 existens;
1597 4131 1654 4183 et

272 4216 702 4284 consequenter
724 4209 992 4265 voluntas
1013 4206 1229 4279 aliquid
1253 4207 1407 4263 reale
1432 4206 1653 4263 diffun-

273 4292 355 4348 dit
383 4309 487 4368 per
508 4308 688 4349 suam
711 4290 1025 4348 motionem
1067 4287 1138 4345 ad
1179 4289 1459 4362 potentias
1498 4289 1653 4346 infe-

275 4378 478 4435 riores.
513 4374 686 4441 Quod
716 4375 869 4432 inter
896 4374 1037 4431 alios
1081 4372 1408 4430 Thomistas
1451 4372 1654 4432 docent

68 4477 246 4531 eamn,
273 4459 446 4532 Caiet.
476 4460 537 4525 2,
565 4460 626 4523 2,
664 4463 849 4534 quast.
879 4456 970 4523 23,
1020 4461 1132 4511 art.
1173 4456 1229 4520 8,
1274 4454 1547 4513 Ledesma
1590 4457 1655 4512 de

72 4528 515 4624 {efflfiauaeiliis
535 4546 657 4595 art.
683 4542 739 4604 7,
771 4553 897 4610 pay.
931 4538 1047 4604 152,
1077 4538 1242 4593 Joan.
1279 4552 1313 4594 a
1345 4538 1400 4593 S.
1443 4538 1649 4594 Thom.

96 4625 332 4678 Themin
358 4622 456 4678 lib.
489 4622 558 4676 de
583 4620 811 4683 anima,
842 4624 1022 4692 quast.
1063 4618 1145 4683 12,
1176 4624 1284 4674 art.
1312 4620 1368 4683 6,
1399 4623 1454 4675 et
1481 4618 1653 4675 latius

272 4702 659 4761 ostendemus
681 4698 840 4755 infra
860 4701 922 4753 in
946 4705 1107 4756 tract.
1139 4699 1204 4755 de
1251 4702 1462 4768 merito,
1506 4700 1650 4773 disp.

273 4787 326 4849 4,
359 4786 488 4844 dub.
531 4787 549 4839 l
586 4789 641 4837 et
663 4783 726 4837 5.
753 4777 917 4835 Unde
935 4778 1171 4853 objectio
1192 4779 1255 4836 in
1278 4778 1653 4837 Adversarios
1691 4784 1698 4791 ’

275 4862 676 4939 retorquenda
702 4865 807 4927 est,
832 4858 1106 4933 quoniam
1127 4859 1403 4918 efficacior
1426 4866 1513 4917 est
1549 4877 1654 4917 vo-

274 4952 467 5008 luntas
495 4947 599 5005 Dei
629 4958 778 5017 erga
819 4946 1126 5007 creaturas,
1173 4957 1345 5015 quam
1392 4943 1656 5000 voluntas

277 5038 466 5090 creata
493 5044 638 5103 erga
671 5023 961 5099 potentias
987 5022 1290 5080 inferiores
1341 5044 1353 5079 :
1401 5024 1498 5081 sed
1537 5024 1658 5082 haec

1784 589 1886 647 per
1912 588 2169 630 amorem
2197 571 2472 629 efficacem
2506 571 2792 644 imprimit
2817 570 2900 627 eis
2922 565 3142 639 aliquid

1782 655 2159 711 intrinsecum
2196 668 2364 728 :ergo
2388 655 2655 709 voluntas
2678 653 2776 709 Dei
2803 667 2901 724 per
2940 648 3141 704 decre-

1782 740 1907 790 tum
1933 732 2127 790 efficax
2165 733 2344 790 etiam
2386 732 2670 805 imprimit
2713 730 2989 788 creaturis
3028 727 3141 784 ali-

1781 813 1918 888 quid
1941 816 2333 880 intrinsecum‚
2359 819 2413 870 et
2439 813 2578 886 ipsis
2606 812 2915 869 inhaerens.

1856 895 2250 968 Respondetur
2276 893 2523 951 secundo
2550 893 2865 950 omittendo
2890 889 3247 965 praemis-Ana
3268 905 3351 952 τρε·

1780 992 1890 1044 sas,
1914 983 1969 1034 et
1996 978 2255 1051 negando
2280 976 2742 1048 consequentiam
2773 981 3002 1048 propter
3025 988 3141 1029 non
3179 953 3339 996 ¹³⁰⁰³¹⁰‘

1781 1056 2080 1114 obscuram
2120 1058 2471 1131 disparitatis
2519 1056 2801 1112 rationem
2834 1079 2847 1121 3
2879 1069 3016 1110 nam
3037 1069 3143 1109 vo-

1783 1139 1991 1200 luntas.
2017 1144 2072 1196 et
2116 1145 2330 1195 caeterae
2369 1137 2636 1212 potentiae
2677 1135 3007 1194 radicantur
3050 1134 3146 1190 in-

1781 1221 2025 1277 trinsece
2066 1221 2126 1276 in
2165 1219 2363 1278 eadem
2408 1219 2626 1282 anima,
2664 1223 2720 1274 et
2746 1218 2826 1274 sic
2853 1216 2992 1272 satis
3035 1221 3142 1281 est,

1781 1301 1932 1375 quod
1960 1301 2031 1357 ab
2082 1300 2281 1358 eadem
2328 1301 2526 1357 anima
2575 1303 2938 1356 moveantur.
2983 1297 3147 1352 Unde

1780 1398 1909 1437 cum
1937 1380 2165 1449 dicitur,
2198 1383 2556 1438 voluntatem
2584 1393 2818 1436 movere
2867 1377 3013 1434 alias
3041 1391 3144 1449 po-

1780 1462 2008 1530 tentiaS,
2038 1477 2152 1518 non
2178 1460 2535 1537 significatur
2565 1459 2934 1516 immediatus
2963 1456 3142 1513 influ-

1781 1558 1889 1599 xus
1909 1543 2222 1600 voluntatis
2248 1544 2312 1599 in
2353 1541 2496 1598 alias
2524 1539 2823 1612 potentias,
2850 1538 2947 1595 sed
2993 1537 3142 1610 quod

1783 1623 1979 1680 anima
2004 1638 2064 1680 se
2090 1622 2484 1680 determinans
2515 1636 2615 1693 per
2642 1626 2830 1676 actum
2873 1619 3143 1675 volunta-

1783 1703 1856 1759 tis
1909 1707 2102 1759 movet
2147 1702 2290 1758 alias
2337 1702 2618 1775 potentias
2664 1698 2734 1755 ad
2779 1698 3140 1766 exercitium,

1781 1783 1930 1858 quod
1979 1800 2077 1857 per
2124 1785 2475 1841 voluntatem
2527 1781 2918 1854 praeintendit.
2950 1782 3015 1835 Et
3064 1779 3145 1836 ita

1783 1869 1962 1925 motio
1984 1867 2292 1924 voluntatis
2318 1872 2403 1923 est
2442 1865 2755 1922 intrinseca
2784 1864 2915 1920 aliis
2945 1869 3146 1937 poten-

1784 1949 1898 2015 tiis,
1955 1949 2157 2004 saltem
2210 1947 2271 2002 in
2342 1962 2445 2003 sua
2493 1945 2698 2002 radice.
2758 1946 2902 2001 Deus
2954 1949 3143 2000 autem

1782 2034 1866 2086 est
1911 2034 2096 2084 motor
2135 2027 2506 2090 extrinsecuS,
2557 2025 2645 2082 cui
2706 2032 2979 2081 creaturas
3026 2040 3143 2080 non

1784 2111 1981 2166 insunt
2010 2106 2417 2181 :quamobrem
2461 2107 2573 2163 nisi
2616 2121 2715 2178 per
2753 2122 2920 2161 suum
2944 2105 3142 2162 decre-

1783 2199 1906 2248 tum
1933 2192 2016 2248 eis
2036 2190 2252 2264 aliquid
2275 2189 2674 2253 communicet,
2704 2187 2981 2259 relinquit
3008 2187 3141 2242 illas

1783 2273 2196 2337 indifferentes,
2227 2277 2283 2327 et
2312 2271 2370 2325 in
2417 2274 2564 2324 statu
2598 2267 3047 2340 potentialitatiS,
3079 2269 3141 2323 in

1781 2371 1893 2428 quo
1921 2351 2372 2426 praeexistebant.
2398 2353 2520 2415 Qua
2546 2349 2616 2405 de
2643 2364 2808 2403 causa
2830 2349 2959 2404 licet
2981 2364 3142 2404 crea-

1784 2440 1926 2490 turae
1946 2433 2129 2506 magis
2172 2429 2622 2487 subordinantur
2653 2430 2784 2490 Deo,
2817 2443 2989 2499 quam
3013 2428 3143 2483 aliae

1784 2513 2051 2587 potentiae
2096 2510 2418 2575 voluntati3
2469 2509 2587 2581 ipse
2638 2514 2829 2563 tamen
2877 2506 3140 2564 diversus

1782 2591 2274 2649 subordinationis
2296 2590 2496 2646 modus
2522 2587 2790 2661 exposcit,
2823 2586 2970 2660 quod
2997 2591 3144 2645 Deus

1782 2680 2070 2730 creaturas
2108 2676 2334 2729 moveat
2377 2667 2766 2741 imprimendo
2812 2668 2894 2724 eis
2927 2668 3143 2741 aliquid

1783 2753 2163 2809 intrinsecum
2191 2776 2205 2819 ;
2230 2752 2496 2809 voluntas
2521 2764 2657 2805 vero
2686 2753 2912 2805 moveat
2943 2756 3145 2820 poten-

1785 2834 1892 2891 tias
1921 2850 2020 2908 per
2052 2835 2234 2891 solam
2276 2831 2815 2890 determinationem
2864 2830 3144 2889 intrinse-

1782 2932 1927 2981 cam,
1959 2932 2074 2972 non
2123 2915 2183 2969 in
2225 2914 2364 2985 ipsis
2395 2912 2679 2985 potentiis„
2724 2912 2820 2969 sed
2853 2914 2914 2968 in
2941 2928 3141 2969 earum

1785 2996 1992 3062 radice,
2038 3011 2244 3068 nempe
2277 2996 2338 3051 in
2379 2995 2593 3051 anima.
2648 2994 2971 3050 Praesertim
3012 2996 3148 3066 quia

1786 3076 2138 3135 voluntatem
2184 3081 2433 3132 creatam
2461 3091 2634 3133 essea
2674 3078 2786 3134 Deo
2827 3081 3060 3142 motam,
3092 3080 3148 3131 et

1782 3157 2124 3230 applicatam
2167 3154 2237 3212 ad
2283 3156 2586 3231 agendum,
2615 3163 2699 3215 est
2726 3154 2953 3228 aliquod
2998 3171 3144 3227 prae-

1782 3239 2031 3297 dicatum
2075 3240 2226 3296 reale
2270 3238 2341 3295 de
2400 3255 2547 3296 novo
2589 3242 2650 3297 in
2712 3254 2905 3295 rerum
2974 3244 3143 3294 natu—

1784 3338 1849 3377 ra
1911 3322 2180 3386 existens„
2224 3318 2368 3393 quod
2418 3336 2547 3376 cum
2602 3337 2717 3379 non
2790 3320 3023 3376 resultet
3074 3335 3145 3376 ex

1783 3402 2101 3458 mutatione
2147 3401 2266 3466 Dei,
2314 3406 2372 3456 ut
2396 3418 2467 3458 ex
2505 3417 2565 3457 se
2592 3405 2825 3463 constat,
2856 3398 3023 3455 debet
3051 3415 3144 3456 re-

1781 3483 1999 3540 sultare
2044 3498 2115 3538 ex
2181 3483 2499 3539 mutatione
2562 3481 2874 3538 voluntatis
2918 3489 3140 3543 creatae,

1776 3564 1941 3637 juxta
1968 3579 2034 3620 ea
2073 3578 2199 3635 quae
2223 3579 2397 3635 supra
2444 3562 2893 3635 ponderavimus
2913 3562 3054 3632 disp.
3086 3561 3141 3625 5,

1781 3645 1909 3700 dub.
1940 3647 1993 3701 3.
2041 3646 2145 3700 llla
2172 3645 2330 3701 enim
2360 3644 2706 3718 sympathia,
2763 3642 3069 3716 colligatio,
3092 3647 3147 3697 et

1781 3723 2180 3781 subordinatio
2241 3724 2551 3780 voluntatis
2603 3728 2805 3780 creatae
2846 3721 2916 3778 ad
2963 3723 3142 3776 Deum

1784 3803 2154 3861 uniformiter
2177 3804 2446 3876 persistit,
2466 3809 2521 3860 et
2547 3803 2747 3861 eadem
2774 3817 2999 3874 semper
3015 3815 3147 3855 ma-

1785 3893 1881 3944 net
1915 3886 2109 3942 :unde
2156 3886 2268 3941 nisi
2317 3890 2560 3958 ponatur
2602 3886 2842 3942 mutatio
2868 3900 2939 3940 ex
2987 3888 3147 3955 parte

1784 3968 1902 4035 Dei,
1946 3966 2095 4040 quod
2116 3972 2198 4022 est
2229 3966 2601 4039 impossibile,
2628 3968 2718 4024 vel
2746 3981 2814 4022 ex
2857 3968 3017 4036 parte
3039 3978 3141 4019 vo·

1783 4048 2041 4114 luntatis,
2090 4047 2239 4121 quod
2287 4046 2657 4114 intendimus,
2706 4048 2932 4103 nullum
2987 4043 3145 4101 adest

1784 4129 2241 4195 fundamentum,
2276 4134 2337 4185 ut
2388 4130 2652 4186 voluntas
2692 4127 2913 4184 dicatur
2952 4143 2985 4181 a
3033 4127 3144 4181 Deo

1783 4210 2005 4267 moveri
2033 4210 2104 4267 ad
2151 4209 2456 4285 agendum.
2490 4214 2561 4265 At
2604 4208 2803 4266 eadem
2853 4210 3140 4272 voluntas,

1782 4306 1913 4347 cum
1954 4297 2146 4348 movet
2183 4291 2325 4347 alias
2373 4290 2669 4364 potentias,
2705 4304 2840 4346 vere
2868 4288 3146 4343 immuta·

1785 4378 1879 4427 tur
1900 4371 1964 4427 in
1991 4372 2176 4445 seipsa
2200 4387 2298 4445 per
2323 4370 2702 4443 receptionem
2734 4370 2980 4443 propriae
3008 4383 3145 4441 ope-

1786 4452 2074 4509 rationis:
2121 4450 2497 4524 quamobrem
2553 4455 2731 4523 potest
2775 4448 3144 4506 denominari

1785 4546 2026 4589 movens
2058 4531 2202 4587 alias
2247 4531 2529 4603 potentias
2576 4530 2829 4594 realiter,
2883 4528 3147 4601 quamvis

1784 4614 2122 4671 extrinsece.
2174 4614 2256 4668 Ex
2310 4613 2380 4669 iis
2438 4618 2628 4669 autem
2678 4608 3149 4684 responsionibus

1788 4695 1917 4753 ideo
1963 4695 2216 4752 absolute
2253 4694 2505 4768 priorem
2574 4694 2953 4767 praeferimuS,
3010 4690 3148 4765 quia

1784 4776 2047 4833 doctrina
2082 4776 2184 4831 illa
2210 4773 2280 4832 de
2318 4776 2662 4848 sympathia,
2706 4790 2805 4830 seu
2852 4771 3147 4830 communi

1788 4858 2136 4916 radicatione
2176 4871 2292 4913 non
2322 4857 2617 4914 invenitur
2659 4855 2809 4928 apud
2852 4856 2915 4910 D.
2944 4855 3147 4911 Thom.

1785 4939 1883 5014 qui
1907 4936 2114 4995 nullibi
2136 4936 2267 4993 talis
2286 4935 2625 5011 symphatiae
2648 4936 2983 4992 meminisse
2998 4933 3152 4991 vide·

1785 5028 2063 5088 tur;cum
2092 5023 2284 5074 tamen
2322 5019 2636 5076 motionem
2672 5016 2986 5074 voluntatis
3028 5016 3150 5072 fre-
