3647 5753
1355 399 1534 455 DISP.
1580 399 1699 465 v11,
1745 399 1908 454 DUB.
1956 400 2054 454 IV.
2995 401 3099 456 157

228 583 349 624 suae
397 569 639 626 haeresis
695 572 1013 637 occultavit,
1066 587 1282 644 negans
1336 586 1398 627 re
1447 567 1597 642 quod

230 649 412 707 verbo
434 650 740 708 videbatur
760 653 1080 711 concedere.
1109 652 1417 727 Distinguit
1440 652 1599 709 enim

224 730 334 785 ille
356 730 661 788 haereticus
681 731 965 805 duplicem
989 735 1399 801 necessitatem,
1422 733 1600 789 aliam

225 827 354 884 quae
393 812 589 869 oritur
614 830 683 871 ex
711 819 916 870 natura
943 813 1046 881 rei,
1079 820 1133 870 et
1175 814 1397 871 influxu
1425 814 1602 870 coelo-

230 905 385 957 rum,
446 891 810 966 aliarumque
865 910 1165 950 causarum
1214 895 1593 960 naturalium,

218 988 400 1045 quam
426 980 592 1032 vocat
623 977 1154 1040 Sto1cam,fata1em.
1180 983 1237 1034 et
1256 993 1600 1050 consequen-

226 1054 329 1118 tis;
358 1059 415 1109 et
446 1053 597 1112 hanc
618 1054 738 1127 ipse
764 1054 1020 1130 dispellit
1065 1058 1158 1115 tib.
1202 1059 1218 1112 l
1251 1056 1438 1114 Instit.
1470 1074 1593 1130 cap.

234 1135 318 1200 16,
347 1143 477 1191 sect.
512 1136 568 1199 8,
596 1135 685 1190 his
713 1136 904 1193 verbis
931 1158 943 1192 :
981 1160 1006 1190 α
1042 1141 1156 1195 Nos
1176 1138 1281 1194 etsi
1303 1137 1373 1194 de
1400 1135 1598 1194 verbis

231 1239 255 1266 a
288 1231 409 1272 non
439 1216 753 1291 litigamus,
770 1218 870 1279 fati
896 1223 1087 1275 tamen
1113 1218 1451 1276 vocabulum
1480 1235 1598 1276 non

230 1321 251 1346 υ
285 1298 632 1371 recipimus:
657 1304 774 1355 tum
792 1299 927 1372 quia
948 1306 1116 1357 estex
1142 1316 1591 1375 eorumgenere,

224 1401 253 1430 a
282 1394 537 1451 quorum
557 1381 879 1453 prophanas
899 1383 1182 1438 novitates
1206 1381 1469 1455 refugere
1495 1399 1597 1440 nos

228 1483 251 1509 a
284 1459 503 1514 Paulus
531 1459 690 1516 docet
721 1481 734 1516 :
766 1467 887 1516 tum
914 1462 1049 1534 quia
1075 1463 1196 1536 ejus
1222 1460 1353 1517 odio
1378 1477 1598 1519 conan-

227 1563 249 1593 α
282 1544 377 1597 tur
401 1558 655 1615 gravare
699 1543 800 1599 Dei
830 1545 1155 1600 veritatem.
1203 1547 1419 1618 Dogma
1456 1560 1595 1602 vero

230 1645 251 1674 a
280 1621 447 1687 falso,
482 1639 550 1679 ac
591 1624 879 1681 malitiose
905 1624 1254 1698 objectatur;
1287 1642 1404 1683 non
1431 1626 1594 1683 enim

228 1729 249 1755 a
277 1720 406 1761 cum
434 1705 646 1762 Stotcis
675 1708 1067 1763 necessitatem
1092 1708 1596 1765 comminiscimur

229 1809 253 1837 «ι
282 1801 352 1842 ex
380 1792 660 1858 perpetuo
686 1803 987 1843 causarum
1018 1804 1188 1854 nexu,
1220 1793 1275 1844 et
1303 1788 1594 1861 implicita

231 1890 254 1917 a
282 1865 531 1938 quadam
579 1868 750 1933 serie,
794 1885 917 1942 quae
946 1870 1008 1924 in
1039 1874 1251 1926 natura
1289 1868 1592 1926 continea-

231 1969 253 1998 τι
288 1951 399 2004 tur.
430 1969 455 1997 u
490 1949 564 2003 Et
592 1948 663 2004 ad
685 1948 803 2007 haec
824 1951 1051 2016 alludit,
1084 1968 1212 2008 cum
1243 1953 1305 2007 in
1328 1951 1593 2008 testimo-

222 2028 318 2084 nio
360 2027 513 2100 quod
569 2029 735 2085 nobis
778 2030 1063 2104 objicitur,
1121 2032 1309 2105 inquit
1348 2053 1362 2088 z
1407 2029 1593 2105 Neque

220 2116 406 2181 suapte
456 2116 672 2165 natura
721 2113 1086 2168 necessarium
1131 2115 1223 2177 sit,
1264 2121 1361 2168 ecc.
1395 2113 1590 2169 Aliam

214 2203 350 2262 ergo
378 2189 779 2247 necessitatem
804 2192 1076 2248 humanis
1103 2191 1320 2248 actibus
1348 2191 1585 2266 affingit,

218 2275 400 2324 ortam
461 2269 735 2327 videlicet
798 2289 869 2329 ex
932 2273 1338 2329 constitutione
1401 2272 1588 2330 divini

218 2348 446 2416 decreti,
485 2358 544 2409 et
593 2353 801 2410 auxilii
842 2354 1097 2411 efficacis
1146 2354 1311 2412 Unde
1349 2364 1479 2412 sect.
1529 2358 1583 2421 8,

225 2449 387 2504 nuper
405 2435 606 2499 citata,
640 2433 833 2492 addit:
868 2457 893 2488 «
922 2434 1030 2491 Sed
1060 2437 1238 2492 Deum
1285 2436 1589 2493 constitui·-

232 2541 248 2556 ιι
282 2529 406 2568 mus
428 2515 743 2584 arbitrum,
771 2533 832 2573 ac
849 2516 1270 2575 moderatorem
1294 2519 1582 2585 omnium,

232 2621 249 2638 ··
282 2596 374 2667 qui
418 2613 523 2668 pro
551 2614 658 2655 sua
681 2599 966 2671 sapientia
994 2599 1065 2654 ab
1106 2601 1312 2656 ultima
1351 2602 1587 2657 aeterni-

230 2700 251 2726 ιι
281 2683 388 2734 tate
407 2677 668 2737 decrevit
695 2680 832 2752 quid
857 2681 1108 2737 facturus
1132 2689 1315 2749 esset;
1346 2689 1401 2739 et
1433 2699 1587 2740 nunc

229 2773 377 2813 «sua
421 2761 702 2833 potentia,
744 2760 895 2833 quod
922 2760 1173 2818 decrevit
1197 2763 1517 2835 exequitur.
1554 2784 1578 2814 ο

226 2839 287 2892 Et
312 2838 456 2898 hanc
478 2847 645 2899 vocat
665 2840 787 2915 ipse
815 2843 1208 2900 necessitatem
1231 2859 1584 2918 consequen-

218 2919 326 2983 tiae,
356 2921 599 2979 subdole
629 2926 843 2988 tamen,
876 2927 931 2979 et
958 2929 1157 2980 contra
1198 2940 1430 2981 sensum
1473 2928 1583 2982 Ca-

222 3000 560 3059 tholicorum
608 3020 788 3060 :nam
818 3011 1036 3060 tantam
1078 3006 1371 3061 existimat
1408 3023 1440 3062 a
1482 3006 1581 3063 Dei

225 3079 455 3146 decreto,
480 3088 537 3140 et
565 3085 789 3141 auxilio
831 3086 1138 3157 provenire
1161 3087 1574 3155 necessitatem,

228 3167 281 3214 ut
317 3162 584 3222 excludat
632 3169 966 3237 potestatem
1008 3165 1076 3222 ad
1125 3167 1471 3239 oppositum,
1525 3173 1582 3224 et

227 3241 672 3300 indifferentiam
708 3244 958 3310 arbitrii,
1000 3251 1060 3301 ut
1085 3252 1304 3302 constat
1343 3263 1415 3303 ex
1444 3247 1581 3304 locis

226 3339 367 3377 num.
408 3327 519 3379 2:22
558 3325 764 3390 citatis,
814 3330 869 3381 et
907 3341 977 3382 ex
1021 3325 1169 3382 libro
1194 3342 1369 3399 supra
1398 3329 1579 3385 relato

222 3407 408 3458 contra
471 3404 796 3477 Pelagium,
871 3403 966 3459 ubi
1029 3407 1365 3462 conculcans
1430 3405 1579 3461 illud

223 3486 561 3556 exemplum,
609 3502 719 3557 quo
760 3486 941 3540 utitur
970 3485 1029 3540 in
1056 3487 1385 3543 testimonio
1412 3486 1578 3543 nobis

218 3563 441 3635 objecto,
488 3564 678 3637 inquit
706 3586 719 3618 ε
752 3586 776 3617 ι(
807 3566 864 3620 Si
888 3566 949 3621 in
979 3565 1189 3621 Christi
1217 3564 1438 3622 ossibus
1467 3582 1577 3622 na-

232 3663 252 3691 α
280 3648 458 3699 turam
478 3645 1079 3718 considereffifragilia
1099 3650 1270 3702 erant
1288 3669 1301 3703 :
1322 3647 1415 3702 sin
1438 3662 1575 3703 vero

233 3724 418 3781 «illud
459 3728 559 3784 Dei
607 3726 916 3794 decretum,
967 3728 1117 3798 quod
1168 3745 1271 3784 suo
1312 3732 1575 3801 ‘tempore

234 3827 253 3853 ει
284 3807 704 3864 manifestatum
736 3808 859 3873 fuit,
892 3807 1276 3865 nihilominus
1312 3808 1575 3864 fracturas

226 3906 254 3933 α
280 3884 518 3945 obnoxia
543 3894 731 3953 erant,
762 3904 934 3962 quam
984 3889 1258 3944 humanis
1296 3889 1574 3944 aerumnis

236 3988 257 4015 a
283 3969 495 4041 Angeli.
525 3990 551 4019 n
606 3969 764 4033 Quod
792 3971 1123 4043 exemplum
1166 3970 1412 4043 applicat
1457 3970 1573 4025 hu-

230 4047 402 4101 manis
424 4049 856 4121 operationibus
884 4072 896 4105 :
938 4050 993 4107 'et
1021 4066 1192 4107 nemo
1217 4067 1373 4107 sanae
1403 4065 1572 4107 men-

229 4125 293 4179 tis
316 4124 453 4183 dicet
494 4130 742 4203 Angelos
769 4129 980 4187 habere
1008 4130 1324 4203 potentiam
1353 4129 1423 4187 ad
1469 4146 1571 4202 pa-

226 4205 469 4264 tiendum
494 4226 802 4266 aerumnaS.
831 4209 994 4267 Unde
1013 4210 1309 4268 evidenter
1330 4215 1565 4279 constat,

230 4285 400 4359 ipsum
452 4305 571 4346 non
629 4292 890 4347 statuisse
947 4292 1130 4348 solam
1178 4292 1569 4349 necessitatem

233 4367 666 4437 infallibilitatis,
714 4376 769 4428 et
811 4371 972 4430 bonai
1016 4373 1434 4446 consequentiae
1482 4375 1571 4431 lo-

228 4449 353 4520 gicae
371 4476 385 4518 3
439 4452 537 4508 sed
595 4455 984 4512 necessitatem
1033 4456 1413 4528 perimentem
1471 4472 1571 4512 ar-

234 4527 474 4598 bitrium,
529 4534 795 4606 quamvis
848 4535 1241 4592 fraudulenter
1301 4534 1570 4593 videatur

234 4623 423 4683 negare
449 4614 837 4670 necessitatem
859 4614 1271 4689 consequentiS,
1296 4620 1352 4671 et
1373 4631 1570 4673 neces-

232 4688 438 4748 sitatem
483 4693 661 4750 solius
700 4697 1117 4767 consequentias
1146 4695 1460 4761 adstruere,
1508 4704 1569 4754 ut

233 4775 676 4832 convenientiam
717 4793 843 4833 cum
885 4776 1214 4835 Doctoribus
1241 4778 1563 4845 CatholiciS,

232 4856 281 4905 et
311 4857 551 4928 antiquis
590 4857 904 4914 scolasticis
942 4858 1180 4916 affectet.
1208 4860 1276 4913 Et
1320 4858 1391 4916 ob
1421 4860 1568 4918 hanc

236 4931 532 4994 absolutam
562 4940 948 4997 necessitatem
970 4940 1280 4998 damnatur
1306 4943 1427 5017 ejus
1443 4942 1568 5000 doc-

241 5014 380 5079 uina
408 5017 765 5076 in-Coneilio
809 5021 1061 5080 Trident.
1094 5041 1221 5080 sess.
1251 5025 1305 5088 6,
1338 5042 1463 5081 can.
1506 5026 1560 5080 11.

1735 572 1781 625 A
1807 586 1920 644 qua
1959 571 2295 646 longissimo
2334 572 2644 630 intervallo
2690 570 2908 627 distant
2941 570 3101 628 Tho-

1734 650 1934 718 mistae‚
1965 667 2096 708 cum
2124 658 2387 709 asserunt
2412 653 2710 709 hominem
2734 650 2954 707 auxilio
2974 649 3100 706 essi-

1732 731 1849 787 caci
1876 738 2098 789 motum
2146 732 2465 790 necessario
2509 731 2853 797 consentire,
2899 746 3100 786 neces·—

1732 811 1897 870 sitate
1926 829 2042 870 non
2070 814 2486 886 consequentia,
2510 812 2609 893 sed
2635 813 3089 885 consequentiae:

1734 909 1870 951 nam
1904 895 1984 956 ita
2004 895 2205 954 docent
2232 895 2300 952 ad
2325 893 2470 951 illud
2500 895 2786 952 auxilium
2807 893 3100 951 infallibi-

1734 977 1866 1034 liter
1922 979 2082 1052 sequi
2133 978 2545 1052 operationem,
2598 982 2659 1033 ut
2713 977 3101 1033 nihilominus

1731 1066 1989 1116 asserant
2025 1060 2201 1116 simul
2228 1075 2358 1117 cum
2386 1060 2510 1133 ipso
2538 1059 2758 1116 auxilio
2783 1059 3097 1115 coexistere

1733 1144 2064 1210 potestatem
2083 1140 2407 1213 proximam
2420 1139 2487 1196 ad
2505 1139 2826 1212 oppositum
2845 1137 2907 1193 in
2921 1153 3093 1195 sensu

1731 1217 1918 1276 diviso
1957 1224 2056 1276 :et
2101 1219 2208 1277 hoc
2246 1219 2525 1293 posterius
2552 1219 2754 1276 sufficit
2795 1217 2865 1275 ad
2892 1219 3093 1275 exclu-

1730 1297 1983 1355 dendum
2015 1300 2406 1356 necessitatem
2448 1298 2786 1365 absolutam,
2817 1314 2914 1355 seu
2951 1314 3094 1355 con-

1729 1379 2037 1452 sequentis.
2109 1379 2261 1437 Licet
2328 1380 2488 1436 enim
2539 1380 2946 1453 consequentia
3010 1377 3083 1436 ab

1729 1461 1949 1519 auxilio
1989 1461 2059 1518 ad
2086 1462 2477 1535 operationem
2505 1463 2578 1517 sit
2609 1462 2887 1536 legitima,
2917 1466 2974 1517 et
3001 1461 3090 1518 lo—

1728 1543 1850 1617 gice
1895 1543 2251 1610 necessaria3
2282 1548 2477 1600 tamen
2525 1548 2679 1599 actus
2718 1558 3090 1615 consequenS,

1728 1631 1784 1682 et
1811 1626 2005 1682 illatus
2041 1630 2126 1682 est
2167 1625 2356 1682 liber:
2385 1626 2522 1699 quia
2568 1625 2956 1682 necessarium
2983 1628 3090 1691 est,

1727 1704 1877 1777 quod
1900 1704 1970 1761 ad
2004 1705 2287 1761 auxilium
2313 1705 2614 1762 efficaciter
2643 1720 2881 1763 movens
2905 1704 2974 1760 ad
3002 1720 3090 1761 ac·

1729 1792 1850 1843 tum
1879 1787 2149 1853 liberum,
2174 1794 2442 1860 sequatur
2463 1792 2640 1853 actus,
2665 1793 2720 1844 et
2744 1793 2898 1843 actus
2920 1786 3089 1854 liber,

1726 1869 1849 1925 sive
1875 1869 2096 1926 elicitus
2140 1885 2270 1925 cum
2314 1875 2586 1942 potestate
2633 1867 2702 1924 ad
2740 1869 3086 1942 oppositum.

1799 1953 1901 2007 231
1918 1994 1930 2007 .
1945 1949 2030 2005 Ad
2049 1950 2358 2008 secundam
2376 1950 2900 2015 confirmationem,
2917 1950 3092 2007 omis·
3106 1939 3295 2034 ssfflffgg

1725 2049 1787 2090 so
1814 2031 2188 2099 antecedenti,
2242 2048 2517 2107 negamus
2560 2032 3030 2104 consequentiam
3070 2053 3084 2089 ε
3133 2042 3282 2097 eonar-

1726 2118 1849 2168 tum
1876 2113 2010 2185 quia
2037 2120 2198 2169 vetus
2219 2129 2348 2169 mos
2393 2113 2790 2169 haereticorum
2830 2118 2916 2169 est
2957 2128 3091 2171 suos
3132 2096 3276 2133 mano.

1724 2211 1951 2252 errores
1994 2195 2312 2257 sententiis,
2355 2200 2410 2251 et
2444 2193 2611 2250 dictis
2656 2195 3082 2252 catholicorum

1724 2275 1946 2342 fulcire,
2003 2277 2057 2331 et
2129 2274 2408 2347 praecipue
2467 2274 2702 2353 illorum
2762 2276 3082 2340 Doctorum,

1723 2373 1864 2431 quos
1925 2355 2125 2412 vident
2177 2356 2381 2430 majori
2435 2355 2783 2413 authoritate
2838 2357 3085 2428 pollere.

1725 2437 1889 2494 Unde
1914 2452 1984 2494 ex
2009 2453 2093 2502 eo,
2119 2436 2268 2510 quod
2287 2436 2521 2509 quidam
2565 2436 2894 2493 calvinistae
2924 2454 3091 2495 asse-

1724 2524 1873 2583 rant,
1906 2534 2075 2574 suum
2101 2517 2308 2592 dogma
2331 2533 2454 2574 esse
2482 2517 2777 2590 propriam
2804 2518 3088 2574 Thomis-
3149 2569 3155 2575 .

1721 2604 1911 2655 tarum
1941 2597 2296 2670 opinionem,
2320 2613 2559 2669 eamque
2579 2613 2695 2654 non
2721 2597 2939 2654 infimis
2963 2599 3088 2655 lau-

1719 2677 1887 2734 dibus
1950 2676 2371 2742 commendent,
2441 2693 2741 2750 perperam
2803 2677 3080 2746 infertur,

1718 2760 1869 2834 quod
1898 2765 2128 2817 teneant
2148 2758 2388 2816 eandem
2415 2760 2780 2816 sententiam.
2802 2761 2893 2816 Sic
2920 2760 3087 2816 Pela-

1717 2843 1845 2917 gius
1904 2842 1967 2899 in
2009 2841 2098 2898 sui
2144 2841 2359 2899 erroris
2407 2839 2790 2915 patrocinium
2844 2838 3080 2898 vocabat

1716 2925 1774 2979 S.
1818 2920 2205 2990 Ambrosium,
2234 2926 2296 2977 ut
2320 2927 2537 2978 constat
2563 2938 2634 2979 ex
2660 2925 2719 2978 D.
2748 2925 2982 2995 August.
3018 2923 3076 2977 in
3117 2925 3172 2966 D·
3198 2925 3284 2983 4⁸-

1718 3004 1811 3059 zib.
1846 3004 1893 3068 1,
1923 3003 1988 3057 de
2013 3005 2240 3076 nuptiis,
2273 3020 2393 3075 cap.
2437 3002 2662 3058 ute.ubi
2693 3003 2773 3059 ait
2805 3023 2819 3057 :
2856 3024 2881 3053 «
2911 3001 3074 3066 Quod
3118 2978 3250 3067 Ἓξ·

1722 3106 1747 3136 α
1773 3081 1900 3141 ideo
1939 3081 2509 3139 commemorandum
2540 3082 2756 3155 putavi:
2783 3081 2922 3153 quia
2965 3083 3079 3138 Pe-

1722 3184 1746 3215 «
1778 3161 1961 3235 lagius
1999 3162 2079 3217 sic
2121 3160 2312 3217 laudat
2339 3160 2729 3226 Ambrosium,
2776 3167 2837 3216 ut
2877 3159 3029 3217 dicat
3061 3182 3077 3217 ε

1721 3265 1745 3295 α
1775 3244 1981 3298 Beatus
2027 3240 2363 3298 Ambrosius
2411 3241 2725 3314 episcopus»,
2784 3241 2845 3296 in
2907 3240 3072 3315 cujus

1719 3348 1745 3378 α
1777 3324 2057 3397 praecipue
2099 3323 2263 3379 libris
2302 3322 2558 3379 humana
2579 3324 2761 3379 elucet
2790 3320 2947 3389 fides,
2973 3323 3074 3395 qui

1718 3427 1744 3457 α
1773 3404 2127 3478 Scriptorum
2194 3404 2346 3459 inter
2399 3402 2629 3460 Latinos
2682 3402 2783 3458 flos
2835 3402 3073 3475 quidam

1717 3508 1743 3539 α
1771 3486 2057 3558 speciosus
2077 3484 2304 3547 enittit,
2335 3482 2494 3556 cujus
2520 3482 2711 3548 fidem,
2738 3488 2794 3538 et
2823 3483 3075 3554 purissi-

1716 3590 1742 3620 «
1767 3581 1929 3622 mum
1959 3564 2020 3620 in
2061 3563 2369 3635 Scripturis
2404 3579 2656 3630 sensum,
2691 3579 2763 3619 ne
2802 3563 3075 3619 inimicus

1715 3669 1740 3700 α
1769 3645 2001 3719 quidem
2031 3660 2202 3700 ausus
2222 3649 2305 3699 est
2327 3643 2762 3715 reprehendere.
2791 3643 3075 3699 Paeniteat

1715 3750 1741 3781 «
1768 3743 1906 3802 ergo
1943 3740 2094 3792 eum,
2126 3723 2273 3797 quod
2302 3724 2479 3779 sensit
2521 3723 2792 3780 adversus
2823 3724 3074 3781 Ambro-

1714 3830 1739 3860 α
1768 3807 1951 3873 siun1;
1983 3821 2056 3861 ne
2078 3804 2348 3877 poeniteat
2367 3819 2519 3869 eum,
2545 3803 2695 3876 quod
2709 3805 2789 3860 sic
2812 3803 3071 3861 laudavit

1714 3910 1738 3941 a
1767 3885 2162 3943 Ambrosium.
2187 3905 2213 3936 »
2241 3886 2389 3940 Tum
2416 3884 2612 3951 etiam,
2643 3886 2779 3957 quia
2800 3901 3066 3958 comper-

1708 3976 1831 4025 tum
1851 3974 1951 4034 est,
1986 3968 2178 4040 plures
2206 3965 2431 4022 Calvini
2474 3965 2781 4039 discipulos
2807 3969 2929 4043 ejus
2969 3985 3068 4026 er-

1707 4067 1899 4108 rorem
1926 4055 2246 4123 temperare
2274 4048 2537 4115 voluisse,
2581 4065 2759 4121 eaque
2791 4049 2862 4106 de
2888 4067 3059 4110 causa

1706 4131 1768 4187 in
1798 4131 1997 4187 multis
2037 4129 2203 4186 dictis
2248 4145 2281 4186 a
2327 4130 2692 4202 praeceptoris
2718 4131 2924 4187 semita
2964 4132 3068 4189 de-

1707 4212 1910 4278 viasse,
1952 4210 2050 4285 qui
2081 4210 2320 4284 proinde
2349 4210 2677 4267 Calvinistae
2716 4213 2921 4269 molles
2949 4229 3067 4270 non

1705 4293 1999 4350 immerito
2025 4292 2316 4350 dicuntur.
2349 4295 2463 4350 Hos
2503 4309 2657 4357 vero,
2683 4299 2964 4366 quantum
2993 4295 3065 4353 ab

1706 4374 1866 4431 illius
1911 4391 2109 4433 errore
2151 4374 2438 4443 recedunt,
2490 4373 2751 4432 accedere
2786 4377 2912 4445 (etsi
2943 4393 3064 4437 non

1706 4459 2068 4530 perveniant)
2120 4456 2189 4514 ad
2259 4456 2671 4517 Thomisticam
2736 4459 3060 4527 veritatem,

1705 4539 1933 4595 nullum
1977 4544 2062 4595 est
2107 4537 2522 4594 inconveniens
2549 4536 2852 4595 admittere
2901 4561 2914 4596 :
2956 4557 3062 4598 nec

1704 4618 1849 4677 bene
1869 4620 2136 4687 infertur,
2161 4618 2310 4693 quod
2340 4620 2612 4676 Calvinus
2642 4622 2891 4678 tenuerit
2919 4622 3067 4680 Tho·

1702 4702 2006 4758 mistarum
2053 4701 2405 4775 opinionem,
2460 4702 2595 4773 quia
2646 4703 2980 4759 Calvinistae
3028 4720 3060 4758 a

1703 4783 1942 4840 Calvino
1985 4780 2311 4838 deficientes
2356 4780 2426 4836 ad
2460 4797 2587 4838 eam
2632 4783 3059 4856 aliquantulum

1701 4860 1995 4927 accedant;
2043 4860 2141 4917 sed
2183 4860 2366 4934 magis
2414 4860 2663 4919 infertur
2708 4864 3055 4936 oppositum.

1699 4944 1855 4999 Sicut
1880 4942 2037 4999 enim
2061 4941 2321 4998 foecunda
2348 4943 2585 5000 Martini
2613 4945 2845 5002 Lutheri
2871 4962 3068 5019 proge-

1702 5024 1825 5079 nies
1848 5023 1907 5079 in
1933 5022 2267 5079 innumeras
2289 5027 2464 5079 sectas
2487 5022 2671 5083 divisa
2687 5031 2788 5090 est,
2809 5041 2840 5082 e
2856 5026 3062 5100 quibus
