3647 5753
59 1218 175 1262 ΝΟΜ
193 1219 232 1262 2.

64 3983 172 4027 Nota
190 3984 235 4027 8.

1444 457 1626 512 DISP.
1668 459 1764 526 111,
1809 459 1972 516 DUB.
2019 461 2117 517 111.

272 630 397 683 actu
418 627 803 696 contritionis¹
833 633 891 686 et
917 633 1042 686 actu
1063 628 1378 697 charitatis,
1405 627 1504 701 qui
1535 644 1635 684 ra-

270 707 487 766 tionem
529 709 921 783 dispositionis
969 711 1247 785 proximae
1289 710 1524 768 habent.
1567 713 1637 766 Et

267 798 679 866 consequenter
718 794 894 851 etiam
915 792 1262 860 decidemus,
1290 809 1364 849 an
1386 792 1635 867 disposi-

267 874 452 932 tiones
475 882 726 943 remotas,
756 874 985 949 quando
1011 877 1075 931 in
1103 876 1341 932 instanti
1362 874 1637 949 justifica-

269 956 442 1013 tionis
469 955 695 1024 adsunt,
728 973 761 1014 a
779 957 967 1032 gratia
995 956 1277 1013 habituali
1304 955 1633 1029 procedant;

267 1038 398 1096 licet
425 1041 777 1112 praecipuum
804 1038 1113 1096 dissidium
1137 1038 1208 1096 ad
1230 1038 1637 1113 dispositiones

267 1122 577 1192 proximas,
607 1123 732 1179 sive
759 1123 997 1180 ultimas
1019 1121 1346 1179 reducatur.

339 1203 431 1257 43.
476 1203 695 1261 Deinde
724 1203 1150 1262 observandum
1184 1210 1288 1271 est,
1321 1203 1473 1277 quod
1498 1220 1638 1278 gra-

268 1280 348 1339 tia
367 1283 687 1357 justificans
736 1285 1047 1358 aliquando
1097 1285 1505 1352 confertur’ei‚
1537 1283 1636 1357 qui

269 1380 388 1422 non
441 1367 752 1438 praeexistit
803 1368 865 1424 in
931 1373 1153 1441 peccato
1178 1411 1191 1434 ,
1249 1373 1311 1423 ut
1362 1366 1598 1441 Angelis
1616 1406 1632 1434 ,

268 1445 508 1514 Adamo,
541 1449 765 1506 Christo
801 1451 1064 1516 Domino,
1097 1454 1154 1507 et
1191 1450 1255 1505 B.
1287 1448 1539 1523 Virgini,
1573 1447 1638 1503 in

266 1525 473 1599 quibus
495 1528 736 1600 proinde
755 1529 879 1603 ejus
894 1529 1112 1587 infusio
1130 1529 1332 1585 habuit
1349 1528 1636 1586 rationem

264 1607 549 1680 simplicis
569 1610 929 1672 mutationis,
960 1607 1282 1683 Aliquando
1311 1625 1454 1667 vero
1474 1602 1644 1665 com-'

267 1688 597 1746 municatur
622 1690 694 1759 ei,
727 1692 824 1763 qui
856 1692 920 1747 in
949 1698 1170 1765 peccato
1198 1689 1634 1764 praeexistebat:

263 1784 377 1841 qua
403 1767 473 1825 de
492 1786 659 1826 causa
691 1770 812 1843 ejus
850 1772 1293 1829 communicatio
1322 1769 1494 1827 habet
1540 1786 1639 1826 ra-

264 1850 483 1907 tionem
505 1857 693 1909 motus
714 1851 785 1909 de
804 1854 1092 1912 contrario
1109 1854 1170 1909 in
1186 1852 1638 1917 contrarium,ut

264 1931 436 1988 latius
461 1949 815 2005 exponemus
840 1934 990 2008 disp.
1020 1953 1130 2013 seq.
1159 1934 1288 1991 dub.
1329 1937 1373 2000 l,
1406 1939 1462 1990 et
1489 1931 1637 1989 dici-

262 2017 356 2068 tur
375 2012 706 2085 justificatio
734 2015 927 2088 impii.
959 2018 1028 2071 Et
1067 2017 1138 2072 de
1179 2016 1283 2073 hoc
1327 2013 1634 2087 posteriori

255 2091 681 2167 justificationis
708 2095 880 2154 modo
919 2096 1172 2170 procedit
1203 2112 1452 2169 praesens
1481 2094 1635 2150 diffi-

260 2175 484 2239 cultas:
534 2183 656 2233 tum
702 2178 837 2250 quia
886 2196 1004 2237 non
1051 2184 1136 2236 est
1187 2194 1345 2252 aeque
1390 2184 1629 2245 certum,

262 2255 411 2328 quod
432 2256 501 2313 ad
524 2258 691 2315 illam
720 2260 978 2332 priorem
1005 2259 1410 2316 desiderentur
1436 2258 1635 2331 dispo-

264 2335 499 2393 sitiones
539 2339 787 2395 actuales
817 2362 829 2395 :
862 2345 983 2395 tum
1011 2340 1147 2412 quia
1188 2340 1307 2395 haec
1354 2338 1635 2411 posterior

267 2422 351 2474 est
378 2418 658 2492 objectum
682 2437 782 2493 per
820 2437 880 2478 se
905 2422 1072 2477 istius
1100 2424 1416 2478 Tractatus.
1450 2423 1635 2478 Porro

272 2499 486 2571 impius
536 2500 841 2574 dupliciter
887 2501 1186 2577 justificari
1239 2506 1420 2576 potest
1460 2523 1474 2557 z
1517 2518 1634 2558 uno

270 2582 443 2639 modo
476 2583 633 2640 intra
657 2591 1097 2651 sacramentum,
1133 2586 1247 2642 alio
1273 2584 1444 2642 modo
1470 2589 1635 2641 extra

270 2663 435 2720 illud.
496 2667 564 2719 Et
608 2681 761 2723 nunc
804 2668 1183 2740 supponimus
1244 2683 1317 2724 ex
1374 2664 1633 2722 dicendis

267 2749 305 2803 3
322 2755 468 2822 part.
496 2747 566 2805 ad
581 2747 1050 2820 justificationem
1074 2750 1241 2823 impii
1267 2749 1425 2805 intra
1451 2763 1634 2804 sacra·

269 2835 528 2886 mentum
584 2846 702 2888 non
755 2831 970 2905 requiri
1022 2831 1444 2890 'contritionem
1468 2873 1482 2898 ,
1540 2829 1634 2887 vel

270 2929 528 2970 amorem
556 2913 853 2970 charitatis
877 2938 893 2983 3
924 2913 1021 2971 sed
1057 2914 1311 2971 sufficere
1340 2913 1483 2970 alios
1504 2929 1625 2970 mo·

271 3001 360 3051 tus
387 2995 855 3066 imperfectiores,
887 3000 1084 3068 utputa
1115 2994 1492 3052 attritionem.
1520 2995 1635 3050 Cae-

268 3082 458 3134 terum
506 3083 669 3134 extra
713 3084 1140 3136 sacramentum
1177 3091 1480 3149 nunquam
1516 3075 1633 3132 im·

266 3159 393 3232 pius
419 3161 782 3232 consequitur
804 3161 1124 3236 J’ustitiam,
1158 3160 1274 3216 nisi
1315 3173 1375 3214 se
1405 3156 1472 3213 ad
1502 3173 1632 3214 eam

263 3242 653 3316 recipiendam
702 3243 972 3317 disponat
1019 3261 1121 3317 per
1169 3248 1356 3300 actum
1408 3242 1633 3297 contri-

257 3324 460 3391 tionis,
493 3326 587 3381 vel
626 3325 945 3393 charitatis,
979 3331 1040 3382 ut
1081 3329 1300 3383 constat
1338 3339 1409 3380 ex
1456 3339 1632 3396 supra

257 3406 423 3463 dictis
449 3407 578 3463 dub.
620 3410 666 3464 l.
702 3407 867 3465 Unde
918 3422 1168 3481 praesens
1219 3405 1462 3465 dubium
1512 3421 1633 3464 non

257 3487 427 3545 habet
474 3488 661 3543 locum
702 3489 767 3545 in
809 3488 1217 3563 justificatione
1261 3489 1428 3562 impii
1474 3489 1634 3544 intra

260 3574 704 3635 sacramentum,
731 3570 938 3626 saltem
954 3586 1064 3642 ,per
1083 3584 1143 3625 se
1172 3569 1457 3642 loquendo
1485 3594 1498 3636 ;
1531 3568 1632 3626 sed

264 3652 494 3724 respicit
535 3649 1023 3725 justificationem,
1056 3667 1182 3724 quae
1227 3656 1391 3709 extra
1439 3667 1634 3708 sacra-

265 3740 527 3789 mentum
555 3728 636 3787 fit.
670 3732 753 3787 Ex
784 3730 993 3804 quibus
1032 3733 1172 3789 satis
1209 3733 1394 3789 elucet
1419 3730 1631 3806 majori

266 3830 339 3872 ex
367 3818 525 3887 parte
552 3812 935 3886 intelligentia
962 3814 1372 3880 terminorum,
1400 3831 1541 3889 quos
1566 3813 1632 3870 in

270 3894 439 3950 titulo
466 3893 887 3965 proposuimus,
1566 3925 1583 3942 t

342 3969 436 4023 44.
482 3965 587 4023 Sed
615 3966 798 4023 adhuc
831 3967 1090 4032 observa,
1115 3968 1266 4041 quod
1295 3968 1365 4026 ad
1392 3969 1634 4026 elicien-

268 4049 408 4106 dum
433 4055 619 4106 actum
641 4049 1139 4121 supernaturalem
1153 4048 1512 4107 desideratur
1532 4048 1634 4105 du-

270 4132 402 4205 plex
419 4131 725 4198 auxilium,
751 4128 1034 4186 sufficiens
1055 4129 1342 4200 videlicet,
1366 4129 1517 4203 quod
1538 4128 1634 4186 dat

267 4214 425 4270 vires
450 4211 521 4268 ad
548 4209 904 4285 operandum
931 4234 945 4277 ;
976 4216 1034 4266 et
1059 4209 1273 4276 efficax,
1301 4211 1451 4284 quod
1478 4209 1633 4267 vires

270 4292 706 4369 praesuppositas
727 4290 797 4347 ad
820 4290 1103 4365 agendum
1130 4291 1394 4364 applicat,
1421 4297 1476 4348 et
1501 4308 1633 4348 cum

268 4375 602 4449 operatione
625 4370 1015 4429 infallibiliter
1036 4373 1350 4446 conjungit,
1376 4373 1397 4447 j
1407 4378 1540 4428 uxta
1566 4388 1633 4429 ea

268 4474 396 4532 quae
443 4457 555 4513 late
594 4453 938 4512 tradidimus
983 4462 1147 4511 tract.
1169 4456 1394 4528 praeced.
1425 4455 1567 4529 disp.
1596 4456 1632 4511 6

269 4557 395 4596 oum
432 4543 668 4616 sequent.
701 4536 971 4601 Quocirca
992 4552 1123 4592 cum
1146 4536 1209 4592 in
1239 4536 1407 4592 titulo
1435 4535 1633 4610 inqui-

271 4624 441 4688 ritur,
480 4637 557 4678 an
603 4624 757 4676 actus
796 4619 887 4675 illi
932 4618 1291 4691 dependeant
1343 4635 1375 4675 a
1420 4619 1626 4694 gratia,

270 4711 546 4777 tanquam
593 4719 625 4759 a
666 4701 950 4775 principio
989 4700 1266 4768 effectivo,
1298 4717 1499 4758 sensus
1524 4706 1626 4771 est,

271 4805 346 4846 an
370 4786 558 4863 gratia
586 4783 898 4840 habitualis
923 4782 1128 4840 habeat
1156 4784 1443 4840 rationem
1462 4784 1633 4840 auxi-

271 4870 359 4937 lii,
385 4885 485 4925 seu
537 4864 769 4923 virtutis
819 4863 1152 4922 sufficientis
1196 4864 1269 4921 ad
1319 4865 1632 4922 eliciendas

270 4969 366 5011 eas
393 4949 774 5024 operationes,
806 4947 1048 5021 illasque
1094 4946 1165 5004 de
1204 4947 1349 5005 facto
1375 4963 1506 5004 cum
1535 4947 1632 5008 in-

271 5035 556 5099 funditur,
587 5031 781 5088 eliciat
804 5054 818 5099 ς
849 5047 923 5088 an
950 5047 1090 5088 vero
1117 5028 1399 5104 praedictae
1425 5045 1633 5103 opera-

272 5120 458 5178 tiones
482 5115 793 5174 eliciantur
822 5129 939 5172 non
982 5129 1081 5188 per
1106 5113 1373 5189 gratiam,
1405 5111 1504 5171 sed
1532 5129 1634 5187 per

3021 461 3124 516 561

1770 629 1928 686 aliud
1955 632 2240 688 auxilium
2267 632 2552 690 sufficiens
2581 635 2650 690 ab
2677 650 2744 692 ea
2769 634 3126 692 distinctum.

1770 712 1936 769 Unde
1973 713 2095 771 sive
2116 714 2250 782 haec,
2275 717 2399 773 sive
2446 717 2550 773 illa
2597 733 2728 790 pars
2768 717 3124 782 admittatur,

1769 808 1889 849 non
1920 795 2244 851 excluditur
2290 797 2593 853 necessitas
2634 798 2839 853 auxilii
2868 797 3125 865 efficaciS,

1771 889 1873 946 per
1893 873 2042 946 quod
2065 876 2209 932 Deus
2231 876 2528 932 hominem
2544 876 2613 933 ad
2630 877 3013 935 exercendum
3035 894 3130 935 eas

1770 956 2129 1028 operationes
2176 964 2538 1030 praemoveat‚
2570 963 2626 1015 et
2660 959 2936 1016 virtutem
2981 960 3132 1015 suffi-

1770 1036 2015 1093 cientem
2068 1037 2459 1095 infallibiliter
2502 1039 2670 1095 faciat
2714 1045 2838 1096 actu
2880 1056 3130 1111 operan-

1769 1121 1908 1174 tem.
1941 1118 2191 1175 Rursum
2238 1119 2423 1175 virtus
2462 1119 2671 1176 dicitur
2715 1119 3000 1176 sufficiens
3035 1123 3129 1180 vel

1772 1200 2083 1272 respective
2110 1201 2180 1257 ad
2202 1201 2591 1275 operationem
2621 1202 2932 1258 secundum
2962 1202 3129 1260 subs-

1771 1280 2014 1337 tantiam
2062 1288 2364 1355 acceptam,
2415 1284 2507 1340 vel
2557 1285 2866 1358 respective
2915 1284 2984 1340 ad
3034 1301 3129 1342 ac-

1772 1359 2110 1431 tualitatem,
2143 1368 2201 1419 et
2247 1364 2613 1420 existentiam
2664 1365 3034 1438 operationiS,
3066 1371 3130 1421 ut

1769 1441 2139 1513 exposuimus
2182 1451 2344 1500 tract.
2382 1445 2606 1516 praeced.
2658 1446 2799 1518 disp.
2832 1448 2885 1510 5,
2916 1446 3043 1503 dub.
3072 1449 3127 1512 5,

1770 1521 1870 1578 ubi
1891 1523 2196 1579 statuimus
2218 1525 2610 1582 necessitatem
2632 1526 2836 1582 auxilii
2853 1526 3134 1584 sufficien-

1771 1605 1845 1661 tis
1865 1606 2101 1661 actualis
2127 1606 2301 1663 etiam
2331 1608 2394 1663 in
2415 1608 2500 1665 eis
2534 1607 2816 1683 subjectis,
2848 1625 2972 1681 quae
2999 1599 3135 1683 sup-

1772 1692 2068 1761 ponuntur
2093 1687 2304 1746 habere
2331 1690 2574 1747 virtutes
2613 1690 2934 1764 operativas
2963 1691 3133 1748 habi-

1771 1769 1970 1826 tualeS.
2004 1771 2069 1824 In
2098 1771 2363 1841 praesenti
2389 1778 2579 1828 autem
2603 1773 2886 1844 praecipue
2911 1771 3135 1830 dubita-

1772 1866 1901 1905 mus
1927 1849 1998 1907 de
2019 1850 2252 1918 virtute,
2290 1852 2414 1909 sive
2460 1853 2679 1911 auxilio
2723 1853 3023 1911 sufficienti
3053 1853 3123 1917 ad

1771 1936 1945 1998 actuS,
1976 1931 2184 2004 quibus
2206 1933 2420 2006 impius
2448 1934 2655 1991 ultimo
2684 1932 2752 1990 ad
2769 1932 3132 2008 justificatio-

1770 2027 1905 2067 nem
1965 2011 2316 2086 disponitur,
2372 2014 2754 2071 consideratos
2815 2016 3130 2072 secundum

1770 2106 1934 2146 suam
1974 2092 2372 2158 substantiam,
2405 2100 2461 2150 et
2499 2092 2854 2151 tendentiam
2904 2094 3133 2168 specifi-

1770 2187 1894 2228 cam
1923 2172 1986 2227 in
2013 2172 2294 2246 objectum
2327 2196 2340 2230 ε
2371 2181 2425 2230 et
2465 2174 2837 2250 inquirimuS‚
2871 2192 2945 2231 an
2974 2174 3128 2231 istud

1768 2269 1983 2310 munus
2042 2254 2205 2312 obeat
2251 2255 2321 2312 de
2369 2255 2511 2312 facto
2560 2257 2746 2330 gratia
2786 2255 3125 2329 justificans5

1768 2335 2047 2408 quidquid
2082 2336 2157 2391 sit
2195 2335 2265 2393 de
2304 2336 2635 2393 necessitate
2657 2337 2892 2393 alterius
2921 2338 3128 2395 auxilii

1769 2416 2007 2472 actualis
2030 2415 2100 2473 ad
2121 2416 2517 2491 attingendum
2542 2417 2808 2474 ultimam
2839 2419 3129 2476 actualita-

1769 2502 1905 2564 tem,
1933 2503 1989 2554 et
2015 2498 2380 2555 existentiam
2409 2499 2646 2556 illorum
2672 2504 2921 2555 actuum.
2943 2542 2944 2545 η

1840 2583 1933 2638 45.
1979 2583 2049 2636 Et
2067 2580 2300 2655 quidem
2328 2581 2376 2637 si
2401 2597 2537 2637 vera
2563 2586 2698 2637 sunt
2725 2599 2847 2655 quae
2875 2582 3129 2638 diximus

1766 2660 1909 2734 disp.
1935 2662 2159 2734 pra-ced.
2188 2661 2314 2718 dub.
2334 2663 2389 2729 6,
2410 2661 2561 2717 nihil
2584 2662 2704 2719 fere
2726 2663 2938 2737 negotii
2961 2661 3132 2720 habet

1767 2743 1889 2799 haec
1934 2743 2250 2800 difficultas.
2304 2744 2495 2801 Posito
2535 2744 2763 2817 quippe,
2788 2743 2937 2816 quod
2966 2761 3131 2802 amor

1767 2823 2063 2882 charitatis
2108 2823 2425 2899 dependeat
2460 2826 2847 2883 essentialiter
2872 2843 2904 2883 a
2942 2825 3130 2901 gratia

1766 2905 2189 2975 sanctificante;
2214 2907 2307 2964 vel
2327 2907 2632 2964 dicendum
2661 2914 2744 2965 est
2785 2909 2941 2964 hunc
2967 2924 3131 2966 amo-

1768 3003 1893 3042 rem
1935 3004 2054 3045 non
2094 3004 2216 3045 esse
2263 2987 2532 3045 ultimam
2572 2987 3010 3061 dispositionem
3058 2986 3158 3052 ad⁵

1765 3069 1888 3142 ejus
1914 3067 2290 3135 infusionem,
2333 3069 2486 3141 quod
2530 3075 2613 3126 est
2659 3068 3130 3136 absurdum;.vel

1764 3149 1996 3206 concedi
2019 3149 2202 3216 debet,
2230 3154 2417 3206 actum
2445 3150 2618 3206 illum
2633 3148 2949 3222 ‚procedere
2971 3147 3131 3204 effec-

1765 3232 1885 3287 tive
1930 3232 2000 3288 ab
2040 3232 2239 3290 eadem
2279 3232 2484 3306 gratia,
2519 3232 2589 3288 ad
2640 3248 2810 3305 quam
2853 3230 3123 3303 disponit.
3203 3245 3213 3264 ¹

1766 3311 1875 3370 Sed
1917 3314 2055 3386 quia
2089 3316 2209 3372 haec
2247 3320 2450 3371 mutua
2494 3314 2796 3371 causalitas
2823 3329 2940 3370 non
2965 3312 3130 3370 facile

1765 3397 2084 3468 explicatur
2124 3399 2200 3468 (et
2250 3397 2486 3454 aliunde
2523 3397 2708 3470 magis
2756 3400 2972 3452 certum
3020 3404 3123 3461 est,

1765 3479 1917 3551 quod
1970 3495 2134 3537 amor
2172 3478 2469 3535 charitatis
2504 3478 2771 3552 disponat
2820 3477 3022 3532 ultimo
3057 3478 3128 3534 ad

1765 3561 2034 3634 gratiam,
2060 3576 2232 3632 quam
2281 3559 2430 3632 quod
2477 3559 2548 3617 ab
2595 3560 2700 3616 illa
2745 3557 3125 3616 essentialiter

1765 3640 2082 3714 dependeat
2108 3647 2382 3715 tanquam
2433 3658 2465 3697 a
2513 3639 2799 3714 principio
2825 3638 3121 3711 effectivo),

1765 3721 1979 3780 ideirco
2004 3727 2224 3796 oportet
2250 3723 2398 3779 hanc
2423 3722 2814 3779 difficultatem
2843 3720 3125 3777 discutere

1766 3804 2220 3878 independenter
2248 3821 2279 3859 a
2301 3801 2581 3869 doctrina,
2607 3819 2782 3875 quam
2810 3804 2932 3859 loco
2959 3802 3128 3858 citato

1765 3888 2090 3944 statuimus.
2117 3885 2284 3944 Unde
2306 3903 2410 3959 pro
2433 3886 2730 3959 praesentis
2751 3884 2910 3941 dubii
2935 3882 3127 3940 venti-
3141 3881 3323 3973 {3233}

1766 3970 1981 4028 latione
2001 3970 2178 4045 gratis
2205 3970 2614 4042 permittimus,
2646 3968 2792 4042 quod
2819 3975 2971 4025 actus
2987 3978 3306 4024 con-versiae.

1765 4053 2039 4119 tritionis,
2078 4054 2171 4110 vel
2214 4052 2511 4110 charitatis
2540 4066 2658 4108 non
2691 4050 3009 4124 dependeat
3034 4065 3128 4107 es-

1764 4135 2089 4192 sentialiter
2134 4152 2167 4192 a
2211 4134 2397 4209 gratia
2442 4131 2852 4198 sanctificante,
2885 4136 2939 4189 et
2978 4131 3128 4205 quod

1766 4216 1943 4290 possit
1981 4214 2263 4272 divinitus
2313 4214 2444 4271 elici
2472 4213 2662 4271 medio
2689 4213 2880 4286 aliquo
2910 4212 3130 4269 auxilio

1764 4298 2090 4354 transeunti
2119 4301 2210 4354 :et
2232 4296 2691 4371 inquirimuS,an
2717 4293 3129 4368 supposita,vel

1766 4378 2066 4450 praemissa
2107 4378 2208 4434 tali
2256 4375 2739 4449 independentia,
2796 4372 3129 4447 hujusmodi

1766 4466 1922 4518 actus
1957 4461 2030 4518 de
2071 4461 2218 4517 facto
2258 4457 2524 4533 procedat
2549 4457 2804 4514 effective
2827 4457 2896 4513 ab
2924 4456 3126 4514 eadem

1763 4541 1968 4616 gratia,
2001 4540 2073 4597 ad
2099 4557 2271 4613 quam
2297 4540 2504 4596 ultimo
2543 4536 2817 4610 disponit.
2848 4537 2930 4594 Ob
2950 4554 3127 4611 quam

1764 4625 1941 4680 etiam
1978 4624 2267 4681 rationem
2319 4620 2709 4679 abstrahimus
2748 4621 2810 4676 in
2856 4621 3124 4692 praesen'ti

1765 4705 1838 4763 ab
1857 4705 1979 4771 hoc,
2012 4703 2162 4777 quod
2191 4702 2493 4777 praedictus
2518 4707 2672 4758 actus
2711 4702 2785 4757 sit
2829 4701 3127 4774 dispositio

1766 4787 2020 4863 physica,
2050 4789 2146 4844 vel
2186 4792 2411 4843 tantum
2458 4784 2698 4842 moralis
2722 4808 2737 4852 ;
2761 4783 2830 4841 de
2855 4801 2965 4857 quo
2992 4801 3126 4860 age-

1765 4887 1876 4927 nus
1914 4869 2041 4925 dub.
2074 4870 2127 4925 5.
2160 4868 2549 4942 Supponimus
2585 4870 2809 4933 tamen,
2843 4867 3127 4939 praecipua

1764 4950 1971 5009 munia
1997 4948 2390 5023 dispositionis
2415 4964 2537 5006 esse
2568 4947 2884 5022 subjectum
2912 4964 3126 5020 expur-

1763 5047 1901 5107 gare
1923 5047 1955 5087 a
1975 5027 2448 5103 dispositionibus
2472 5028 2781 5086 contrariis
2808 5029 3009 5086 formae
3031 5044 3126 5087 re—

1765 5113 2057 5189 cipiendae‚
2089 5112 2256 5185 atque
2291 5110 2438 5168 illud
2482 5111 2728 5180 trahere,
2760 5128 2824 5168 ac
2849 5111 3127 5171 determi-
