3647 5753
475 375 492 427 1
513 372 576 427 10
1469 374 1561 428 DE
1601 373 1871 428 GRATIA
1911 374 2256 431 EFFICACI.

283 573 418 619 Quam
552 541 669 595 164.
715 540 1102 598 Confirmatur
1129 541 1394 608 secunde,
1438 543 1573 615 quia
1612 542 1661 597 si
1707 546 1822 598 tota

249 619 438 712 ³353ae
471 619 826 693 inaequalitas
854 623 1005 680 inter
1026 624 1512 697 praedestinatum,
1538 629 1593 681 et
1623 640 1825 697 repro-

268 699 406 760 'uina
470 698 605 756 bum
626 718 685 757 se
707 708 859 760 tenet
872 719 942 760 ex
959 713 1118 777 parte
1140 706 1525 779 praescientiae,
1545 710 1825 778 quatenus

267 773 432 859 ⁶2¹3&
478 779 578 837 ille
607 782 951 854 praevidetur
970 801 1350 843 consensurus
1367 785 1622 852 auxiliiS,
1646 790 1702 842 et
1718 784 1825 841 iste

466 859 681 917 eisdem
710 866 945 921 auxiliis
965 865 1328 925 dissensurus
1362 882 1533 940 :ergo
1555 864 1823 938 possibile

468 947 571 1007 est,
603 942 752 1013 quod
776 945 947 1002 homo
966 947 1092 1003 sine
1115 962 1263 1004 nova
1282 946 1467 1021 gratia
1487 944 1818 1007 consentiat,

469 1027 526 1077 et
546 1038 607 1078 se
639 1023 923 1084 discernat
973 1027 1042 1085 ab
1084 1029 1233 1097 alio;
1281 1035 1338 1085 et
1386 1031 1817 1099 consequenter,

471 1103 621 1173 quod
680 1104 888 1179 absque
947 1124 1095 1166 novo
1155 1106 1427 1165 beneficio
1475 1111 1817 1179 perseveret.

467 1182 628 1247 Quod
655 1185 735 1241 sic
755 1188 1077 1260 explicatur
1124 1210 1137 1244 :
1186 1192 1351 1256 DeuS‚
1401 1194 1464 1243 ut
1489 1187 1821 1244 Adversarii

475 1261 696 1331 docent,
720 1273 851 1325 ante
872 1284 1044 1326 omne
1065 1268 1353 1327 decretum
1376 1285 1493 1326 suae
1510 1268 1822 1325 voluntatis

466 1343 613 1400 vidit
660 1349 852 1419 plures
898 1351 1162 1407 homines
1187 1350 1292 1407 sub
1318 1349 1535 1407 eisdem
1564 1350 1816 1415 auxiliiS,

467 1433 522 1481 et
548 1427 608 1482 in
636 1429 833 1486 eodem
856 1436 1129 1503 tempore,
1155 1438 1210 1489 et
1236 1449 1365 1489 cum
1393 1431 1608 1488 eisdem
1655 1446 1814 1488 occa-

465 1507 727 1565 sionibus
754 1513 1087 1569 constitutos
1124 1514 1200 1570 ita
1238 1530 1298 1570 se
1335 1512 1633 1569 habituros
1678 1511 1819 1576 fore,

467 1592 526 1641 ut
546 1588 779 1661 quidam
808 1594 1228 1659 consentirent3
1264 1595 1405 1665 quin
1429 1594 1549 1649 ulla
1574 1592 1822 1647 diversi-

466 1674 551 1723 tas
571 1684 640 1725 ex
664 1678 822 1742 parte
842 1673 1204 1740 conditionis,
1232 1676 1353 1730 sive
1380 1689 1449 1730 ex
1473 1679 1633 1746 parte
1659 1678 1822 1729 ante-

464 1748 714 1805 cedentis
741 1752 804 1808 in
825 1753 907 1810 eis
928 1761 1244 1827 appareret,
1276 1753 1376 1811 sed
1412 1761 1526 1810 tota
1552 1752 1820 1826 splende-

472 1834 556 1884 ret
573 1829 634 1885 in
657 1829 852 1888 effectu
867 1855 880 1889 :
896 1835 1225 1892 viditetiam
1247 1833 1521 1907 quosdam
1538 1832 1822 1890 conditio-

467 1914 601 1966 nate
631 1922 1110 1985 perseveraturOS,
1130 1913 1405 1988 quosdam
1429 1930 1545 1970 non
1570 1927 1826 1985 perseve-

470 1992 713 2056 raturos,
746 1993 886 2064 quin
922 1995 1059 2063 ulla,
1110 2000 1173 2050 ut
1211 1993 1482 2059 diximuS,
1540 2009 1611 2049 ex
1658 1996 1823 2064 parte

464 2069 827 2139 conditionis,
860 2076 964 2132 sub
991 2084 1100 2149 qua
1119 2077 1159 2132 ii
1181 2075 1410 2132 effectus
1434 2072 1821 2148 praevideban-

467 2154 578 2216 tur,
624 2151 927 2212 diversitas
981 2161 1298 2230 appareret.
1349 2157 1577 2212 Constat
1629 2159 1821 2210 autem

462 2238 735 2291 eventum
758 2238 1143 2295 conditionate
1172 2238 1431 2293 futurum
1467 2237 1718 2293 transire
1759 2236 1821 2291 in

466 2311 813 2385 absolutum,
849 2319 1143 2393 purificata
1194 2319 1537 2378 conditione.
1574 2320 1721 2392 Ergo
1752 2316 1822 2374 de

465 2393 632 2462 facto,
652 2403 706 2453 et
723 2399 784 2454 in
811 2405 959 2456 statu
977 2400 1252 2469 absoluto,
1274 2407 1460 2456 stante
1487 2398 1823 2456 omnimoda

464 2478 790 2548 aequalitate
825 2497 896 2537 ex
937 2489 1097 2554 parte
1124 2483 1498 2548 auxiliorum,
1531 2487 1587 2538 et
1612 2479 1823 2538 benefi-

466 2555 694 2613 ciorum
742 2561 860 2629 Dei,
894 2561 1326 2635 praedestinatus
1370 2569 1712 2635 perseverat,
1768 2568 1822 2618 et

464 2633 811 2694 discernitur
839 2657 870 2696 a
899 2642 1169 2715 reprobo;
1193 2649 1250 2699 et
1275 2650 1682 2715 consequenter
1705 2659 1820 2700 non

464 2718 650 2806 magis
677 2718 843 2778 debet
865 2724 979 2779 Deo
1000 2725 1119 2790 ille,
1145 2740 1318 2797 quam
1340 2723 1472 2791 iste;
1497 2729 1553 2780 et
1581 2724 1823 2797 praedes-

468 2800 672 2856 tinatio
702 2816 817 2857 non
838 2802 949 2858 erit
973 2805 1450 2876 specialissimum
1480 2805 1578 2860 Dei
1604 2803 1822 2861 benefi-

469 2879 643 2938 cium.
678 2885 1036 2957 Consequens
1061 2894 1146 2943 est
1179 2886 1561 2953 intolerabile,
1592 2893 1649 2944 et
1672 2887 1821 2960 quod

468 2977 653 3030 nemo,
705 2966 817 3022 nisi
885 2969 1243 3043 PelagianuS,
1302 2968 1564 3026 admittet
1619 2995 1632 3029 ι
1687 2987 1822 3045 ergo

471 3046 790 3102 necessario
833 3048 1258 3106 concedendum
1291 3056 1393 3116 est,
1447 3049 1822 3123 praedestina-

467 3124 681 3183 tionem
708 3145 829 3186 esse
866 3136 1079 3187 certam
1106 3131 1448 3189 certitudine
1488 3148 1606 3190 non
1644 3134 1821 3189 solius

466 3210 852 3278 praescientiae,
914 3211 1012 3269 sed
1083 3212 1255 3269 etiam
1326 3214 1692 3279 causalitatiS,
1767 3222 1822 3271 et

469 3287 725 3345 influxus
759 3312 770 3346 :
801 3292 949 3364 quod
972 3291 1181 3365 absque
1207 3294 1441 3349 auxiliis
1461 3309 1612 3351 exse
1631 3294 1819 3351 effica-

467 3366 628 3424 cibus
648 3371 861 3427 salvari
894 3374 1107 3445 nequit.
1141 3376 1485 3431 Recolantur
1511 3391 1637 3447 quae
1664 3374 1821 3431 dixi-

471 3467 600 3506 mus
620 3452 746 3525 dub.
790 3455 1059 3527 μικρὰς)
1089 3458 1106 3510 l
1135 3463 1190 3512 et
1211 3461 1264 3522 2,
1292 3456 1387 3512 ubi
1418 3458 1807 3529 praeclusimus

462 3535 783 3621 evasiones,
809 3537 1014 3610 quibus
1036 3539 1167 3595 huic
1186 3538 1612 3597 confirmationi
1637 3546 1820 3613 posset

462 3623 702 3668 occurri.

544 3691 666 3746 165.
709 3691 815 3747 Sed
842 3692 1105 3766 objicies:
1159 3692 1449 3752 Certitudo
1495 3695 1819 3752 formaliter

269 3720 431 3864 ἓξὲξ
463 3771 747 3845 loquendo
775 3775 1022 3846 pertinet
1049 3774 1120 3830 ad
1150 3775 1522 3846 intellectum,
1555 3782 1617 3833 ut
1645 3777 1820 3834 tradit

462 3855 527 3911 D.
554 3855 738 3911 Thom
761 3858 820 3910 in
848 3856 902 3922 3,
940 3856 1072 3912 dist.
1120 3858 1211 3924 23,
1269 3867 1449 3936 quaest.
1494 3861 1549 3925 2,
1597 3866 1712 3914 art.
1757 3860 1811 3926 2,

459 3936 852 4013 quaestiuncula
873 3937 925 3996 3.
960 3935 1056 3992 ubi
1085 3937 1167 3992 ait
1193 3957 1205 3992 :
1238 3935 1520 3994 Cer-titudo
1545 3944 1622 3993 est
1640 3938 1817 3993 deter-

467 4017 701 4072 minatio
729 4017 1029 4072 intellectus
1073 4018 1148 4073 ad
1185 4036 1375 4075 unum.
1428 4021 1497 4074 Et
1539 4020 1667 4074 dist.
1714 4020 1806 4086 26,

466 4104 647 4173 quaest.
681 4098 735 4164 2,
766 4105 875 4152 art.
901 4103 955 4162 4,
984 4097 1170 4170 inquit
1227 4119 1241 4153 ε
1298 4096 1581 4154 certitudo
1618 4105 1695 4153 est
1721 4099 1817 4170 fir-

460 4182 628 4236 mitas
691 4181 1014 4236 adlzoesionis
1061 4181 1295 4236 virtutis
1345 4183 1712 4250 coynoscitivae
1743 4182 1818 4237 ad

462 4280 626 4317 suum
653 4262 931 4334 objectum.
962 4264 1109 4335 Ergo
1133 4262 1412 4319 certitudo
1444 4262 1814 4335 praedestina-

467 4343 643 4400 tionis
662 4342 950 4416 adaequate
995 4343 1250 4399 consistit
1295 4345 1358 4399 in
1410 4342 1612 4400 divina
1667 4359 1814 4417 prae-

457 4423 717 4490 scientia,
771 4439 887 4479 non
931 4438 1065 4480 vero
1118 4423 1180 4478 in
1225 4424 1553 4481 causalitate
1601 4423 1816 4480 divinae

458 4503 792 4570 voluntatiS,
826 4510 992 4575 atque
1013 4503 1385 4572 auxiliorum,
1413 4520 1513 4577 per
1532 4521 1657 4580 quae
1678 4519 1815 4561 exe-

461 4584 728 4656 quutioni
757 4583 1154 4640 committitur.

261 4700 422 4742 conm-
535 4663 943 4727 confirmatur,
968 4665 1242 4738 quoniam
1270 4681 1437 4723 causa
1458 4665 1671 4725 habens
1697 4684 1813 4725 cer-

277 4748 418 4791 mtto.
461 4746 767 4804 titudinem
827 4747 893 4804 ad
953 4748 1235 4814 effectum,
1286 4749 1602 4806 necessario
1641 4750 1809 4805 illum

460 4826 696 4896 inducit,
749 4827 860 4882 nisi
889 4827 1102 4900 aliquid
1133 4826 1308 4900 possit
1330 4826 1607 4900 praedictae
1633 4845 1813 4886 causae

461 4908 728 4965 resistere
754 4910 920 4964 :sicut
943 4908 1550 4982 dispositiocausarum
1568 4910 1807 4968 inferio—

462 5005 594 5044 rum
626 4988 933 5061 aliquando
965 4990 1178 5046 resistit
1219 4989 1462 5046 ixissuxui
1506 5008 1809 5065 corporum

1954 545 2296 611 coelestium,
2332 562 2405 602 ne
2458 546 2697 619 attingat
2742 560 2836 601 eos
2887 545 3135 608 effectus,
3178 560 3330 616 quos

1955 626 2102 682 alias
2124 628 2446 684 necessario
2474 626 2806 699 produceret
2846 646 2858 681 :
2889 624 2988 682 sed
3034 626 3323 681 voluntati

1956 706 2056 762 Dei
2075 721 2192 761 non
2212 708 2410 780 estqui
2430 707 2672 771 resistat,
2695 705 2972 762 utdicitur
2993 705 3067 759 ad
3082 705 3237 763 Rom.
3257 707 3325 774 93

1955 800 2091 859 ergo
2136 787 2185 842 si
2232 785 2657 859 praedestinatio
2695 801 2868 858 supra
2913 784 3324 841 certitudinem

1959 866 2333 937 praescientiae
2360 866 2516 923 addit
2535 865 2938 923 certitudinem
2970 864 3325 921 causalitatis

1958 945 2320 1020 desumptam
2359 962 2432 1004 ex
2470 946 2713 1003 efficacia
2741 945 3052 1002 voluntatis
3074 944 3311 1011 divinae,

1959 1029 2280 1084 necessario
2310 1027 2567 1100 sequitur
2599 1027 2826 1084 effectus
2867 1025 3318 1098 praedestinatio-

1958 1110 2068 1177 niS,
2093 1114 2151 1165 et
2176 1111 2398 1166 tollitur
2426 1109 2817 1167 indifferentia
2847 1108 2916 1164 ad
2945 1109 3267 1181 oppositum
3295 1132 3312 1176 3

1953 1190 2102 1265 quod
2123 1195 2208 1248 est
2226 1189 2514 1248 destruere
2543 1191 2890 1248 libertatem.

2029 1273 2115 1329 Ad
2179 1271 2554 1347 objectionem
2620 1273 2836 1345 optime
2892 1270 3195 1343 respondet
3244 1273 3310 1329 D.
3329 1268 3522 1362 Dsslfflw

1955 1357 2158 1413 Thom.
2214 1363 2376 1433 quast
2400 1357 2452 1422 6,
2501 1358 2564 1411 de
2622 1353 2786 1412 Ver-it.
2842 1360 2951 1409 art.
2986 1356 3039 1418 4,
3086 1356 3145 1408 in
3188 1371 3314 1410 cnr·
3329 1325 3538 1412 ⁰3¹ssssss-

1950 1454 2100 1510 pore,
2128 1438 2216 1493 his
2246 1436 2438 1493 verbis
2465 1459 2477 1493 :
2514 1459 2539 1491 «
2567 1434 2899 1497 Dicendum,
2933 1433 3080 1506 quod
3102 1432 3315 1506 duplex

1961 1542 1987 1570 «
2010 1517 2641 1583 estcertitudo,scilicet
2678 1515 3038 1587 cognitionis,
3063 1522 3118 1571 et
3152 1514 3314 1572 ordi-

1962 1623 1987 1653 ιι
2017 1599 2116 1656 nis
2143 1642 2156 1656 .
2214 1599 2568 1673 Cognitionis
2613 1596 2844 1671 quidem
2899 1594 3178 1652 certitudo
3227 1600 3313 1651 est

1962 1703 1987 1734 α
2017 1680 2246 1754 quando
2270 1681 2516 1756 cognitio
2538 1696 2653 1737 non
2676 1678 2924 1736 declinat
2941 1678 3001 1733 in
3025 1678 3215 1749 aliquo
3243 1676 3336 1736 ab.

1962 1789 1986 1818 «
2016 1780 2102 1830 eo,
2134 1763 2284 1836 quod
2324 1764 2387 1818 in
2415 1778 2476 1817 re
2499 1761 2795 1817 invenitur
2825 1758 2955 1814 :sed
3003 1759 3105 1814 hoc
3148 1755 3317 1813 modo

1963 1870 1988 1898 «
2017 1845 2311 1902 existimat
2350 1842 2420 1899 de
2462 1860 2538 1909 re,
2581 1842 2726 1898 sicut
2766 1847 2868 1896 est.
2912 1841 2981 1894 Et
3008 1841 3142 1912 quia
3162 1844 3314 1895 certa

1962 1949 1987 1980 «
2017 1923 2367 1983 existimatio
2401 1922 2643 1979 habetur
2669 1920 2739 1977 de
2777 1936 2840 1977 re
2888 1920 3166 1992 praecipue
3214 1934 3317 1991 per

1962 2030 1987 2059 α
2017 2020 2246 2062 causam
2279 2006 2382 2068 rei,
2416 2001 2542 2059 ideo
2571 2007 2817 2058 tractum
2847 1993 2931 2056 es't
2953 2015 3164 2056 nomen
3185 2015 3314 2056 cer-

1961 2107 1987 2138 «
2023 2083 2289 2142 titudinis
2329 2084 2399 2141 ab
2419 2082 2623 2140 ordine
2669 2096 2851 2138 causae
2904 2078 2973 2136 ad
3025 2078 3309 2144 effectum,

1962 2190 1986 2219 «
2017 2171 2077 2221 ut
2105 2165 2326 2222 dicatur
2372 2164 2512 2222 ordo
2557 2178 2736 2219 causae
2768 2176 2890 2216 esse
2931 2159 2999 2217 ad
3050 2159 3315 2217 effectum

1962 2270 1985 2297 «
2016 2251 2201 2302 certus
2228 2244 2453 2318 quando
2469 2258 2634 2300 causa
2649 2238 3035 2297 infallibiliter
3050 2239 3315 2296 effectum

1963 2347 1987 2377 «
2019 2324 2297 2397 producit.
2326 2323 2690 2381 Praescientia
2716 2335 2850 2396 ergo
2880 2321 2997 2384 Dei,
3030 2320 3164 2391 quia
3194 2336 3309 2376 nou

1962 2427 1987 2459 «
2019 2407 2294 2478 importat
2340 2404 2747 2461 universaliter
2800 2401 3070 2459 ordinem
3130 2417 3318 2458 causae

1961 2511 1987 2541 «
2020 2493 2274 2561 respectu
2303 2503 2523 2555 eorum,
2555 2501 2800 2559 quorum
2820 2491 2903 2541 est
2924 2487 3006 2554 (ut
3046 2488 3195 2556 patet
3246 2484 3313 2539 in

1961 2593 1987 2623 «
2016 2569 2369 2642 praescientia
2391 2569 2766 2641 peccatorum)
2781 2581 2896 2621 non
2916 2563 3316 2621 consideratur

1961 2671 1987 2702 «
2020 2649 2082 2705 in
2105 2664 2172 2705 ea
2199 2648 2314 2704 nisi
2335 2646 2613 2704 certitudo
2655 2644 2997 2721 cognitionis
3033 2648 3257 2700 tantum
3297 2666 3313 2700 τ

1962 2752 1987 2781 «
2019 2727 2117 2786 sed
2146 2727 2574 2801 praedestinatio
2603 2726 3017 2800 praescientiam
3046 2724 3309 2792 includit,

1962 2833 1988 2864 α
2016 2817 2070 2867 et
2099 2808 2499 2865 habitudinem
2522 2823 2702 2864 causae
2729 2805 2798 2862 ad
2826 2823 2892 2863 ea
2912 2822 3158 2879 quorum
3202 2812 3309 2870 est,

1965 2915 1989 2945 «
2023 2891 2181 2948 addit
2203 2892 2264 2946 in
2286 2897 2565 2963 quantum
2588 2893 2672 2944 est
2706 2886 2962 2953 directiO,
3012 2887 3134 2942 sive
3162 2903 3310 2958 prae-
3397 2949 3403 2955 ,

1964 2995 1990 3026 α
2023 2972 2244 3045 paratio
2266 2970 2544 3044 quaedam.
2578 2971 2647 3024 Et
2666 2969 2746 3024 sic
2768 2973 2948 3040 potest
2969 2969 3030 3023 in
3049 2983 3114 3023 ea
3130 2967 3312 3024 consi-

1962 3077 1987 3108 «
2017 3054 2213 3110 derari
2273 3069 2447 3125 supra
2511 3050 2913 3108 certitudinem
2968 3047 3315 3122 cognitionis

1961 3159 1987 3189 α
2015 3132 2293 3191 certitudo
2321 3150 2518 3190 causae.
2542 3153 2566 3183 n
2598 3130 2760 3187 Unde
2779 3131 3104 3201 satisliquet
3122 3129 3189 3184 ad
3208 3135 3313 3186 tes·

1960 3217 2208 3279 timonia
2236 3216 2299 3272 in
2321 3214 2676 3272 contrarium
2699 3212 2966 3279 adducta;
2999 3210 3314 3283 procedunt

1956 3297 2119 3354 enim
2166 3295 2237 3352 de
2289 3292 2634 3352 certitudine
2679 3293 2858 3350 solius
2912 3291 3304 3364 praescientiae,

1956 3379 2110 3435 ultra
2136 3393 2307 3450 quam
2338 3376 2655 3434 necessario
2694 3372 3047 3430 admittenda
3074 3379 3157 3429 est
3183 3386 3311 3428 cer-

1952 3457 2136 3515 titudo
2199 3456 2421 3515 ordinis
2486 3471 2665 3512 causae
2729 3453 2799 3510 ad
2849 3454 3130 3519 effectum,
3187 3467 3313 3525 quae

1953 3540 2150 3613 nequit
2176 3536 2482 3596 consistere
2496 3536 2705 3609 absque
2725 3536 2931 3591 efficaci
2953 3535 3307 3590 causalitate.

2028 3618 2541 3677 confirmationem
2600 3617 2772 3673 diluit
2815 3614 2967 3671 idem
3010 3617 3064 3670 S.
3108 3616 3531 3671 Ductor-Solvitur

1953 3705 2074 3761 loco
2105 3703 2293 3767 citato,
2322 3701 2384 3756 in
2416 3700 2787 3772 responsione
2814 3697 2882 3753 ad
2936 3698 2989 3760 3,
3037 3695 3134 3751 ubi
3178 3697 3258 3751 ait
3293 3718 3306 3752 ε
3346 3668 3516 3773 Πξῖἒῗῗῆἶ

1958 3804 1983 3836 «
2013 3781 2348 3845 Dicendum,
2379 3778 2529 3851 quod
2575 3796 2780 3851 corpus
2816 3777 3040 3833 cceleste
3080 3776 3196 3851 agit
3245 3777 3308 3831 in
3340 3771 3383 3808 ²⁴·
3408 3769 3507 3810 ‘rom

1957 3885 1983 3917 α
2012 3864 2133 3920 haec
2160 3861 2437 3918 inferiora
2458 3858 2794 3923 necessario,
2818 3857 2978 3929 quasi
3000 3856 3307 3913 necessita—

1957 3964 1983 3995 «
2014 3947 2129 3999 tem
2183 3940 2485 4006 inducens,
2542 3943 2820 4012 quantum
2850 3944 2934 3994 est
2986 3935 3056 3993 de
3100 3951 3198 4003 se;
3252 3942 3312 3990 et

1957 4044 1982 4075 «
2012 4021 2141 4079 ideo
2166 4022 2395 4079 effectus
2433 4021 2554 4094 ejus
2595 4019 2917 4076 necessario
2943 4017 3156 4082 evenit,
3191 4016 3307 4073 nisi

1956 4124 1982 4155 «
2011 4101 2085 4157 sit
2111 4101 2328 4174 aliquid
2353 4101 2639 4157 resistens.
2665 4097 2773 4155 Sed
2813 4101 2962 4155 Deus
3004 4099 3065 4153 in
3095 4098 3311 4154 volun-

1956 4188 2126 4240 «tate
2170 4184 2286 4257 agit
2330 4198 2448 4239 non
2496 4198 2595 4255 per
2647 4179 2883 4237 modum
2932 4179 3304 4245 necessitati8‚

1955 4286 1980 4317 «
2009 4263 2143 4337 quia
2183 4263 2538 4320 voluntatem
2589 4276 2704 4316 non
2745 4260 2909 4332 cogit,
2966 4259 3064 4315 sed
3116 4265 3309 4315 movet

1955 4368 1980 4397 α
2011 4361 2140 4403 eam
2164 4360 2282 4402 non
2306 4342 2620 4400 auferendo
2645 4344 2698 4399 ei
2727 4341 2963 4398 modum
2986 4356 3174 4407 suum,
3207 4341 3311 4413 qui

1954 4447 1979 4479 «
2010 4427 2071 4483 in
2100 4425 2363 4483 libertate
2409 4422 2479 4480 ad
2528 4422 2868 4480 utrumlibet
2905 4422 3180 4478 consistit.
3240 4423 3310 4478 Et

1954 4528 1979 4559 «
2009 4505 2137 4564 ideo
2150 4504 2417 4580 quamvis
2430 4503 2643 4560 divinae
2659 4502 2941 4560 voluntati
2966 4502 3115 4557 nihil
3141 4501 3309 4558 resis-

1953 4608 1977 4639 α
2008 4592 2108 4654 tat,
2139 4594 2337 4643 tamen
2364 4587 2652 4654 voluntas,
2682 4591 2738 4641 et
2763 4581 3033 4657 quaelibet
3068 4583 3184 4640 alia
3213 4598 3307 4639 res

1953 4691 1978 4721 α
2005 4669 2308 4741 exequitur
2328 4666 2590 4723 divinam
2616 4666 2976 4723 voluntatem
2989 4663 3309 4721 secundum

1952 4769 1978 4801 «
2007 4748 2245 4805 modum
2291 4763 2496 4814 suum;
2545 4746 2680 4819 quia
2724 4750 2782 4802 et
2827 4745 3015 4817 ipsum
3068 4743 3307 4801 modum

1951 4852 1976 4883 α
2006 4829 2210 4887 divina
2249 4831 2516 4887 voluntas
2554 4826 2723 4885 rebus
2749 4826 2923 4894 dedit,
2971 4832 3032 4883 ut
3057 4828 3139 4883 sic
3181 4828 3306 4901 ejus

1951 4933 1976 4963 «
2006 4912 2273 4969 voluntas
2337 4912 2695 4984 impleretur.
2762 4911 2833 4964 Et
2878 4908 3006 4967 ideo
3064 4909 3306 4982 quidam

1951 5016 1974 5043 (ι
2005 4993 2237 5066 explent
2258 4991 2520 5048 divinam
2562 4993 2916 5049 voluntatem
2960 4991 3298 5058 necessario,

3063 5070 3307 5144 quidam·
