3647 5753
343 2318 489 2373 lsaias.

317 3957 506 4002 Robora·

347 4013 413 4050 tur
425 4017 494 4051 ca·

321 4056 416 4100 dem
430 4067 491 4114 as-

344 4110 487 4150 serito.

313 4756 371 4800 1).
393 4756 495 4802 Tho.

530 353 641 409 568

526 522 936 597 justificatione
962 521 1150 594 impii,
1187 536 1312 594 quaa
1350 524 1435 577 est
1462 524 1649 576 motus
1692 535 1726 575 a
1749 533 1893 574 con-

531 607 713 662 trario
735 605 803 661 ad
837 604 1193 661 contrarium
1242 626 1255 660 ε
1298 609 1354 661 et
1392 602 1473 658 ita
1500 602 1805 668 terminus,
1838 604 1894 657 et

529 687 951 743 consummatio
978 686 1148 761 hujus
1175 690 1363 742 motus
1403 684 1676 756 importat
1708 697 1807 754 per
1832 695 1893 736 se

524 766 831 839 J'ustitiam,
880 781 997 821 non
1028 772 1349 839 utcumque,
1374 762 1474 819 sed
1501 768 1563 818 ut
1588 760 1894 817 destruen-

530 851 647 902 tem
690 852 1021 919 peccatum;
1066 853 1233 919 atque
1258 845 1388 902 ideo
1430 842 1695 901 remissio
1714 842 1894 914 culpae

532 928 782 1000 pertinet
822 927 892 984 ad
914 928 1232 985 terminum
1261 925 1330 982 ad
1357 940 1527 998 quem
1556 924 1724 997 hujus
1763 938 1892 980 mo-

529 1016 640 1065 tuS.
673 1011 820 1065 Tum
843 1009 1037 1075 etiam,
1069 1008 1205 1081 quia
1244 1007 1348 1063 hoc
1373 1004 1697 1078 specialiter
1725 1003 1893 1059 inve-

529 1091 694 1147 nitur
722 1093 784 1147 in
808 1098 965 1148 motu
991 1088 1434 1166 justificationiS,
1468 1090 1636 1160 prout
1663 1084 1735 1141 ab
1761 1085 1894 1141 aliis

529 1172 779 1230 motibus
806 1173 1213 1247 distinguitur;
1244 1171 1435 1228 caeteri
1457 1169 1616 1226 enim
1639 1183 1756 1224 non
1780 1182 1896 1222 res-

530 1254 754 1327 piciunt
775 1271 876 1327 per
897 1270 957 1310 se
978 1254 1169 1325 primo
1190 1251 1632 1309 destructionem
1655 1246 1892 1303 termini

529 1355 565 1391 a
593 1354 715 1413 quo,
742 1336 839 1393 sed
866 1337 1053 1392 solum
1085 1352 1185 1408 per
1215 1333 1491 1398 accidenS,
1521 1335 1577 1386 et
1596 1345 1667 1385 ex
1694 1344 1895 1386 conse-

529 1416 728 1490 quenti
770 1438 782 1471 :
813 1421 870 1472 at
898 1417 961 1472 in
989 1422 1146 1472 motu
1178 1412 1607 1490 justificationis
1635 1408 1893 1466 intendi-

532 1500 627 1554 tur
656 1513 755 1571 per
780 1512 841 1553 se
879 1497 1187 1554 destructio
1218 1494 1455 1552 termini
1497 1511 1532 1548 a
1576 1508 1697 1568 quo,
1729 1489 1896 1547 vide-

531 1579 662 1636 licet
688 1581 887 1653 culpae.
927 1580 995 1633 Et
1043 1579 1189 1635 ratio
1236 1574 1591 1652 disparitatis
1618 1578 1719 1639 est,
1751 1587 1895 1645 quo-

531 1661 691 1717 niam
719 1662 784 1717 in
826 1661 959 1717 aliis
985 1658 1237 1717 motibus
1258 1657 1564 1715 destructio
1591 1653 1830 1710 termini
1857 1670 1894 1708 a

530 1757 653 1814 quo,
688 1756 804 1797 non
833 1739 1004 1797 habet
1033 1741 1314 1797 rationem
1347 1738 1503 1804 boni,
1537 1736 1652 1791 nisi
1693 1738 1891 1807 quate-

531 1838 640 1877 nus
662 1822 912 1900 deservit
937 1821 1007 1879 ad
1044 1821 1528 1879 introductionem
1551 1817 1793 1876 termini
1820 1816 1896 1872 ad

531 1922 722 1982 quem:
754 1904 909 1962 unde
936 1920 1053 1962 non
1075 1904 1399 1962 intenditur
1430 1919 1531 1975 per
1563 1917 1642 1968 se,
1673 1897 1771 1956 sed
1796 1914 1894 1955 so-

532 1987 655 2042 lum
722 1991 954 2060 propter
1002 1986 1189 2042 istum.
1251 1989 1530 2041 Caeterum
1584 1980 1893 2038 destructio

532 2069 742 2140 peccati
777 2073 861 2124 est
901 2083 1002 2140 per
1027 2067 1274 2139 seipsam
1303 2079 1578 2139 magnum
1606 2059 1892 2135 quoddam

532 2148 777 2217 bonum,
799 2149 950 2206 unde
968 2165 1085 2206 non
1105 2149 1294 2204 solum
1316 2144 1637 2203 intenditur
1660 2148 1893 2216 propter

532 2230 1014 2287 introductionem
1062 2229 1279 2304 gratiae,
1309 2226 1408 2284 sed
1447 2226 1622 2283 etiam
1660 2229 1895 2297 propter

530 2311 797 2385 seipsam,
825 2313 988 2386 juxta
1015 2309 1163 2365 illud
1192 2308 1351 2365 Isaiae
1372 2310 1444 2363 27
1473 2327 1486 2361 :
1511 2306 1625 2363 Iste
1646 2312 1723 2360 est
1747 2307 1894 2358 enim

530 2394 764 2465 fructus,
810 2400 869 2448 ut
910 2392 1204 2464 auferatur
1239 2394 1541 2462 peccatum.
1589 2388 1894 2455 possetque

529 2472 703 2528 etiam
750 2470 1205 2545 independenter
1261 2486 1294 2525 a
1337 2469 1525 2544 gratia
1573 2467 1894 2524 terminare

529 2550 836 2622 specialem
868 2550 1268 2617 intentionem,
1320 2554 1376 2605 et
1420 2546 1886 2619 exequutionem,

529 2629 577 2684 si
600 2634 889 2700 peccatum
904 2630 1124 2685 valeret
1145 2626 1355 2700 absque
1375 2626 1667 2682 infusione
1693 2624 1894 2698 gratiae

532 2709 772 2766 remitti.
804 2708 965 2766 Unde
993 2709 1278 2765 terminus
1308 2706 1378 2764 ad
1413 2722 1605 2779 quem,
1636 2720 1734 2760 seu
1757 2703 1892 2760 finis

524 2786 951 2861 justificationis
970 2788 1367 2860 complectitur
1390 2802 1509 2842 non
1534 2786 1717 2841 solam
1741 2784 1894 2839 infu-

529 2870 751 2927 sionem
773 2870 990 2943 gratiae‚
1021 2869 1119 2927 sed
1146 2870 1319 2926 etiam
1345 2867 1746 2924 remissionem
1770 2883 1894 2940 pec-

532 2951 641 3008 cati
670 2952 839 3009 modo
860 2954 1027 3026 longe
1048 2951 1293 3017 diverso,
1314 2966 1375 3006 ac
1396 2950 1460 3006 in
1483 2950 1618 3006 aliis
1640 2949 1892 3006 motibus

532 3033 922 3107 importantur
969 3032 1263 3105 acquisitio
1312 3030 1549 3089 termini
1597 3031 1668 3086 ad
1693 3047 1885 3103 quem,

529 3121 586 3172 et
606 3115 913 3172 destructio
935 3116 1173 3171 termini
1196 3132 1229 3171 a
1253 3130 1379 3188 quo.
1408 3115 1477 3168 Et
1503 3112 1606 3169 hac
1626 3112 1696 3170 de
1723 3128 1892 3170 causa

532 3197 735 3254 asserit
764 3197 834 3249 D.
868 3195 1075 3252 Thom.
1108 3195 1401 3260 ultimum,
1427 3193 1576 3267 quod
1605 3195 1892 3268 reperitur

530 3277 593 3333 in
641 3276 807 3350 impii
850 3275 1261 3349 jutificatione‚
1313 3291 1437 3333 esse
1485 3275 1889 3332 remissionem

529 3360 727 3431 culpae.
761 3358 918 3424 Quod
941 3360 1124 3434 magis
1150 3358 1428 3417 constabit
1453 3358 1597 3432 disp.
1618 3375 1725 3436 seq.
1756 3359 1886 3414 dab.

541 3443 587 3509 l,
619 3445 650 3512 g
676 3443 729 3496 2.
1867 3441 1870 3444 ’

1125 3597 1157 3665 g
1197 3596 1292 3651 111.

634 3769 858 3828 Uberior
882 3771 1224 3842 confirmatio
1244 3779 1437 3828 nostra
1460 3769 1794 3827 assertionis.

608 3920 698 3975 56.
745 3922 880 3983 Quae
905 3919 1176 3977 hactenus
1201 3936 1272 3976 ex
1293 3921 1358 3975 D.
1383 3919 1589 3975 Thom.
1617 3915 1889 3989 expendi·

535 4015 682 4067 mus,
738 4000 1024 4057 sufficiunt
1077 4002 1148 4057 ad
1195 4017 1299 4058 nos
1343 3998 1772 4058 certificandum
1818 3997 1889 4055 de

531 4081 580 4156 ej
591 4098 653 4138 us
664 4084 968 4140 sententia.
993 4083 1320 4141 Praesertim
1343 4099 1473 4140 cum
1489 4081 1808 4139 habeantur
1823 4081 1888 4136 in

529 4164 766 4221 Summa
794 4164 1145 4239 Theologica,
1170 4164 1377 4236 quibus
1405 4163 1646 4237 proinde
1689 4161 1889 4219 cedere

534 4241 742 4301 debent
792 4247 906 4303 alia
950 4247 1298 4313 testimonia,
1349 4252 1404 4303 et
1442 4247 1606 4320 juxta
1646 4244 1886 4300 illorum

530 4340 763 4382 sensum
791 4328 1021 4399 exponi,
1046 4328 1092 4383 si
1111 4340 1244 4401 'quae
1287 4326 1639 4400 specietenus
1680 4327 1888 4379 nostrae

535 4413 839 4468 assertioni
870 4429 1189 4488 repugnare
1214 4412 1503 4469 videntur.
1537 4407 1887 4484 Adjiciemus

535 4493 734 4548 tamen
761 4494 874 4550 alia
913 4496 968 4550 S.
1020 4497 1172 4551 Doct.
1224 4495 1363 4560 loca,
1415 4494 1480 4548 in
1517 4489 1723 4564 quibus
1748 4487 1886 4545 satis

530 4582 724 4650 aperte
743 4576 983 4633 eandem
1014 4577 1360 4634 sententiam
1383 4579 1594 4631 tuetur.
1626 4572 1887 4645 Optimus

534 4661 776 4718 habetur
828 4662 887 4715 in
931 4661 985 4727 4,
1048 4659 1123 4714 ad
1159 4658 1562 4723 Annibaldum,
1611 4657 1741 4712 dist.
1797 4655 1880 4722 17,

530 4752 710 4822 quaest.
753 4746 797 4809 1,
830 4749 939 4798 art.
972 4743 1027 4809 2,
1059 4741 1158 4797 ubi
1187 4740 1377 4814 inquit
1427 4760 1441 4795 ι
1490 4762 1514 4792 α
1547 4737 1881 4804 Dicendum,

536 4848 562 4878 «
590 4825 741 4898 quod
770 4825 831 4880 in
853 4821 1258 4897 justificatione
1284 4822 1452 4896 impii
1481 4822 1600 4879 haec
1616 4824 1880 4892 quatuor,

537 4927 562 4956 α
590 4905 805 4961 scilicet
843 4907 1032 4959 motus
1072 4903 1243 4961 liberi
1292 4901 1540 4970 arbitrii,
1591 4899 1880 4966 contritio,

537 5006 562 5038 α
592 4985 810 5042 infusio
848 4985 1067 5060 gratiae,
1097 4991 1152 5044 et
1192 4985 1456 5044 remissio
1482 4986 1678 5058 culpae,
1709 4981 1886 5038 simul

1205 350 1297 403 DE
1337 346 1948 403 DISPOSITIONIBUS
1986 348 2083 402 AD
2121 348 2782 406 JUSTIFICATIONEM.

2031 542 2057 572 α
2084 527 2219 576 sunt
2240 527 2513 595 tempore,
2540 524 2681 580 sicut
2714 524 2775 580 in
2804 523 3171 580 naturalibus
3192 522 3390 595 dispo-

2031 623 2057 654 «
2086 602 2237 671 sitio,
2264 621 2386 676 quae
2427 611 2512 661 est
2537 606 2836 662 necessitas
2868 607 3144 670 materiae,
3183 604 3393 660 formae

2030 703 2054 734 α
2087 682 2455 751 introductio,
2488 691 2545 742 et
2567 686 2805 742 alterius
2831 685 3120 758 expulsi03
3154 699 3283 740 non
3305 689 3390 739 ta-

2029 784 2054 816 «
2087 781 2222 821 men
2243 767 2421 823 simul
2445 772 2669 823 natura.
2697 770 2842 823 Nam
2868 766 3160 839 prioritas,
3189 771 3251 820 ot
3271 780 3393 837 pos-

2027 864 2057 897 u
2088 848 2380 904 terioritas
2405 848 2717 905 secundum
2766 849 3029 907 ordinem
3064 853 3298 903 naturas
3323 845 3390 900 ad

2032 947 2059 979 α
2087 928 2353 986 ordinem
2381 945 2578 997 causae,
2610 936 2667 987 et
2711 932 2923 987 causati
2971 930 3167 1002 aliquo
3222 924 3394 982 modo

2033 1030 2058 1063 α
2088 1008 2472 1078 reducuntur;
2520 1011 2656 1083 quia
2702 1010 3075 1084 principium,
3114 1014 3173 1066 et
3224 1022 3390 1063 causa

2031 1113 2058 1144 α
2089 1090 2242 1146 idem
2264 1096 2398 1146 sunt
2417 1089 2729 1147 secundum
2755 1090 3195 1163 Philosophum.
3229 1086 3393 1142 L’nde

2032 1195 2058 1226 α
2087 1172 2399 1229 secundum
2444 1172 2736 1229 diversum
2782 1189 2960 1248 genus
2989 1187 3175 1228 causae
3207 1182 3389 1225 unum

2032 1274 2058 1305 α
2089 1254 2331 1310 istorum
2374 1254 2533 1325 prius
2558 1257 2643 1309 est
2671 1254 2803 1320 alio,
2829 1258 2885 1311 et
2909 1270 2940 1310 e
2960 1268 3249 1309 converso
3277 1272 3289 1305 :
3313 1251 3393 1305 si-

2034 1356 2059 1387 «
2089 1339 2179 1390 cut
2207 1334 2523 1406 dispositio,
2570 1350 2694 1407 quae
2720 1340 2804 1390 est
2849 1334 3156 1391 necessitas
3213 1337 3395 1387 mate-

2033 1437 2059 1468 α
2092 1417 2210 1481 riae,
2239 1421 2322 1471 est
2351 1432 2518 1472 causa
2556 1415 2877 1472 materialis
2917 1416 3156 1481 t'ormae;
3207 1413 3394 1469 forma

2032 1521 2058 1551 α
2088 1510 2228 1555 vero
2249 1515 2415 1555 causa
2443 1497 2706 1554 formalis
2734 1497 3084 1553 necessitatis
3107 1497 3393 1552 materiae.

2033 1602 2058 1633 «
2091 1582 2160 1634 Et
2186 1580 2290 1636 hoc
2317 1577 2485 1635 modo
2516 1583 2696 1652 potest
2735 1577 2865 1643 dici,
2896 1578 3044 1649 quod
3076 1584 3280 1634 motus
3323 1576 3394 1633 li-

2031 1682 2056 1714 «
2089 1659 2213 1717 beri
2236 1659 2487 1725 arbitrii,
2514 1664 2569 1716 et
2589 1659 2857 1715 contritio
2877 1664 3011 1714 sunt
3034 1660 3242 1731 priora
3267 1657 3394 1713 aliis

2033 1765 2058 1797 α
2088 1742 2309 1801 duobus
2349 1742 2412 1798 in
2441 1757 2649 1816 genere
2675 1755 2855 1797 causae
2882 1741 3248 1807 materiatis;
3283 1741 3395 1796 alia

2033 1846 2059 1879 «
2090 1834 2227 1882 vero
2254 1823 2386 1891 duo,
2430 1823 2642 1879 scilicet
2666 1823 2864 1897 gratias
2912 1822 3148 1887 infusiQ
3205 1828 3267 1879 et
3293 1838 3392 1878 ex·

2034 1928 2060 1960 «
2090 1905 2275 1978 pulsio
2301 1906 2497 1977 culpae,
2543 1908 2676 1958 sunt
2704 1903 2793 1958 his
2833 1903 3025 1975 priora
3067 1905 3133 1960 in
3181 1917 3394 1977 genere

2033 2010 2060 2041 «
2088 2004 2269 2044 causae
2292 1986 2577 2044 formalis.
2602 1987 2672 2041 Et
2698 1986 2910 2041 iterum
2939 2001 2970 2041 a
3003 1992 3167 2056 parte
3198 1986 3393 2058 dispo-

2034 2091 2061 2122 «
2091 2069 2373 2124 sitionum
2393 2068 2552 2140 prior
2579 2072 2663 2123 est
2684 2067 3104 2138 contritio,quae
3132 2070 3394 2123 removet

2034 2170 2060 2203 α
2090 2148 2406 2220 prohibens
2451 2150 2514 2204 in
2553 2164 2763 2222 genere
2801 2163 2981 2204 causae
3020 2146 3391 2204 materialis:

2034 2252 2060 2283 «
2088 2229 2186 2287 sed
2209 2236 2397 2287 motus
2413 2228 2582 2286 liberi
2606 2228 2879 2285 arbitrii»
2907 2230 3139 2301 (nempe
3154 2228 3394 2284 dilectio

2026 2311 2350 2387 charitatis)
2378 2334 2404 2364 α
2437 2311 2598 2382 prior
2633 2317 2710 2365 est
2740 2309 2803 2365 in
2828 2324 3039 2383 genere
3060 2325 3252 2365 causae
3275 2309 3396 2365 for-

2031 2414 2057 2444 «
2089 2393 2277 2448 malis.
2306 2392 2588 2448 Similiter
2607 2407 2680 2448 ex
2703 2396 2861 2461 parte
2880 2390 3208 2448 formarum
3239 2391 3394 2462 prior

2034 2494 2060 2525 α
2089 2477 2175 2529 est
2194 2473 2372 2545 culpae
2401 2470 2664 2528 remissio
2686 2470 2748 2525 in
2773 2485 2982 2544 genere
3007 2486 3193 2529 causae
3219 2475 3396 2526 mate-

2034 2575 2059 2606 α
2092 2554 2288 2620 rialis;
2331 2551 2429 2608 sed
2448 2551 2648 2626 gratiae
2671 2551 2884 2608 infusio
2912 2551 3072 2623 prior
3096 2556 3183 2606 est
3209 2551 3276 2606 in
3296 2566 3394 2607 or·—

2034 2654 2059 2687 «
2090 2632 2226 2689 dine
2246 2647 2425 2688 causae
2454 2632 2734 2698 formalis,
2758 2631 2894 2704 quia
2919 2631 3100 2703 culpae
3124 2631 3395 2687 remissio

2034 2735 2060 2767 α
2091 2719 2176 2771 est
2202 2712 2498 2786 dispositio
2527 2711 2597 2768 ad
2616 2713 2814 2787 gratiae
2841 2712 3219 2768 infusionem.
3252 2711 3394 2776 Quia

2030 2817 2056 2847 α
2090 2811 2229 2851 vero
2259 2810 2431 2868 agens
2455 2798 2691 2868 generat
2729 2792 2839 2849 sibi
2865 2793 3059 2849 simile
3081 2792 3145 2848 in
3175 2791 3387 2859 forma,

2033 2901 2058 2932 α
2088 2884 2142 2936 et
2169 2883 2378 2935 natura
2401 2876 2798 2950 principaliter
2820 2875 3068 2933 intendit
3088 2875 3392 2933 introduc-

2033 2982 2058 3015 α
2091 2962 2307 3017 tionem
2352 2959 2569 3024 t'ormae,
2604 2957 2731 3014 ideo
2756 2957 3070 3014 secundum
3119 2959 3389 3015 ordinem

2030 3063 2055 3094 α
2088 3058 2269 3098 causas·
2294 3041 2558 3098 formalis
2597 3045 2681 3097 est
2705 3039 2844 3097 ordo
2869 3040 3185 3098 secundum
3210 3054 3389 3114 agen-

2031 3147 2057 3179 «
2087 3129 2222 3191 tem,
2248 3128 2305 3181 et
2324 3122 2577 3179 finalem.
2607 3143 2632 3174 n

2098 3209 2164 3262 In
2189 3204 2394 3278 quibus
2424 3207 2486 3260 D.
2518 3204 2625 3259 Th.
2657 3201 2850 3258 verbis
2878 3204 3046 3276 plura
3070 3196 3542 3294 contineo-greg}-

2024 3293 2135 3355 tur,
2160 3302 2284 3360 quae
2312 3294 2568 3341 nostram
2595 3285 2971 3341 assertionem
3009 3283 3376 3340 confirmant.
3414 3299 3518 3343 suso.

2024 3371 2170 3424 Nam
2217 3367 2282 3423 in
2328 3365 2533 3438 primis
2586 3364 2789 3421 asserit
2839 3365 2895 3420 S.
2954 3365 3175 3432 Doctor,
3235 3350 3524 3438 quodum·

2025 3448 2186 3505 idem
2206 3452 2289 3504 est
2310 3445 2450 3503 ordo
2474 3444 2787 3503 secundum
2816 3460 3044 3501 causam
3091 3453 3375 3520 agentem.

2022 3533 2079 3584 et
2103 3528 2421 3585 secundum
2448 3543 2675 3584 causam
2697 3526 3002 3583 formalem
3038 3546 3051 3581 ε
3093 3527 3253 3600 atqui
3283 3542 3380 3584 ex-

2023 3624 2214 3680 presse
2240 3608 2460 3674 asserit,
2485 3606 2634 3681 quod
2676 3607 2863 3682 gratia
2909 3606 3209 3664 remittens
3255 3624 3380 3680 pec·

2021 3695 2145 3747 cata
2181 3695 2266 3747 est
2305 3691 2467 3763 prior
2510 3691 2575 3746 in
2613 3705 2824 3764 genere
2867 3705 3047 3746 causae
3092 3689 3377 3754 formatis,

2022 3787 2194 3843 quam
2219 3775 2391 3838 actua,
2416 3770 2623 3843 quibus
2643 3770 2817 3827 homo
2837 3768 2907 3824 ad
2930 3770 3111 3843 ipsam
3133 3771 3377 3844 gratiam

2022 3850 2351 3924 disponitur
2383 3872 2396 3907 ε
2426 3867 2560 3926 ergo
2593 3848 2863 3923 praedicta
2886 3850 3071 3924 gratia
3108 3855 3192 3906 est
3221 3851 3380 3922 prior

2021 3933 2085 3989 in
2109 3948 2319 4006 genere
2354 3949 2535 3990 causae
2577 3932 2900 3999 efficientis,
2954 3947 3126 4004 quam
3177 3932 3382 3989 ultimo

2022 4009 2391 4088 disponentes
2418 4015 2488 4072 ad
2535 4017 2722 4073 illam.
2751 4015 2910 4081 Quod
2955 4016 3166 4072 falsum
3212 4020 3375 4080 esset,

2021 4098 2072 4154 si
2110 4097 2362 4170 praedicti
2412 4102 2568 4153 actus
2613 4113 2730 4154 non
2769 4095 3154 4170 dependerent
3181 4096 3252 4154 ab
3281 4099 3380 4154 illa

2021 4180 2166 4237 sicut
2186 4197 2218 4236 a
2240 4180 2523 4252 principio
2549 4177 2828 4236 effectivo.
2855 4178 3122 4244 Secundo,
3150 4180 3206 4236 S.
3240 4181 3382 4236 Doc-

2024 4266 2114 4318 tor
2134 4259 2332 4318 eodem
2363 4259 2533 4316 modo
2562 4260 2996 4333 philosophatur
3022 4258 3093 4316 de
3118 4260 3229 4324 his,
3262 4276 3384 4335 quae

2023 4341 2092 4398 ad
2140 4340 2609 4415 justificationem
2652 4344 3021 4406 concurrunt,
3054 4356 3115 4397 ac
3140 4339 3213 4396 de
3241 4341 3378 4408 illis,

2021 4437 2147 4495 quae
2170 4427 2525 4479 concurrunt
2545 4422 2616 4479 ad
2635 4421 3063 4497 generationem
3084 4421 3381 4493 compositi

2020 4501 2417 4559 substantialis
2448 4527 2462 4570 ;
2493 4502 2591 4559 sed
2631 4500 2960 4567 accidentia,
3007 4517 3130 4574 quae
3177 4503 3383 4558 ultimo

2020 4580 2331 4654 disponunt
2347 4581 2417 4639 ad
2442 4582 2870 4658 generationem
2897 4581 3195 4653 compositi
3217 4581 3384 4638 subs-

2021 4664 2296 4730 tantialiS,
2338 4664 2418 4720 ita
2459 4661 2780 4737 praecedunt
2807 4662 3055 4719 formam
3085 4663 3146 4718 in
3172 4678 3383 4737 genere

2020 4760 2200 4800 causae
2226 4745 2545 4801 materialis
2569 4742 2933 4818 dispositivae,
2959 4741 3106 4815 quod
3126 4758 3382 4816 sequun-

2020 4828 2116 4879 tur
2145 4824 2395 4881 formam
2420 4825 2482 4879 in
2507 4839 2717 4898 genere
2743 4838 2923 4879 causae
2959 4821 3260 4880 efficientis
3289 4841 3388 4898 per
3459 4819 3613 4880 *vd

2022 4903 2504 4970 dimanationem,
2536 4909 2597 4958 ut
2623 4919 2696 4960 ex
2721 4905 2785 4959 D.
2837 4900 3040 4958 Thom.
3097 4906 3385 4962 sententia

2020 4984 2225 5043 docent
2270 4984 2657 5043 communiter
2706 4981 3049 5053 Thomistae,
3090 4988 3156 5039 ut
3204 4984 3382 5042 videri

3114 5067 3385 5140 ww,
