<?xml version="1.0" encoding="UTF-8"?>
<!DOCTYPE html PUBLIC "-//W3C//DTD XHTML 1.0 Transitional//EN"
    "http://www.w3.org/TR/xhtml1/DTD/xhtml1-transitional.dtd">
<html xmlns="http://www.w3.org/1999/xhtml" xml:lang="en" lang="en">
 <head>
  <title>
</title>
<meta http-equiv="Content-Type" content="text/html;charset=utf-8" />
  <meta name='ocr-system' content='tesseract 3.04.00' />
  <meta name='ocr-capabilities' content='ocr_page ocr_carea ocr_par ocr_line ocrx_word'/>
</head>
<body>
  <div class='ocr_page' id='page_1' title='image "./collegiisalmant00carmgoog_0846.png"; bbox 0 0 3647 5753; ppageno 0'>
   <div class='ocr_carea' id='block_1_1' title="bbox 328 2087 534 2134">
    <p class='ocr_par' dir='ltr' id='par_1_1' title="bbox 328 2087 534 2134">
     <span class='ocr_line' id='line_1_1' title="bbox 328 2087 534 2134; baseline 0 -2"><span class='ocrx_word' id='word_1_1' title='bbox 328 2087 534 2134; x_wconf 78' lang='lat' dir='ltr'>seeundo.</span> 
     </span>
    </p>
   </div>
   <div class='ocr_carea' id='block_1_2' title="bbox 299 4686 1866 4829">
    <p class='ocr_par' dir='ltr' id='par_1_2' title="bbox 299 4686 1866 4829">
     <span class='ocr_line' id='line_1_2' title="bbox 336 4686 478 4730; baseline 0 -1"><span class='ocrx_word' id='word_1_2' title='bbox 336 4688 397 4730; x_wconf 81' lang='lat' dir='ltr'>Ex</span> <span class='ocrx_word' id='word_1_3' title='bbox 429 4686 478 4729; x_wconf 89' lang='lat' dir='ltr'>li·</span> 
     </span>
     <span class='ocr_line' id='line_1_3' title="bbox 299 4697 1866 4829; baseline 0.006 -32"><span class='ocrx_word' id='word_1_4' title='bbox 299 4697 483 4829; x_wconf 45' lang='lat'>&amp;2221</span> <span class='ocrx_word' id='word_1_5' title='bbox 518 4743 770 4803; x_wconf 77' lang='lat' dir='ltr'>habilem</span> <span class='ocrx_word' id='word_1_6' title='bbox 800 4748 946 4803; x_wconf 88' lang='lat' dir='ltr'>hano</span> <span class='ocrx_word' id='word_1_7' title='bbox 971 4750 1317 4805; x_wconf 87' lang='lat' dir='ltr'>sententiam</span> <span class='ocrx_word' id='word_1_8' title='bbox 1336 4750 1514 4806; x_wconf 89' lang='lat' dir='ltr'>etiam</span> <span class='ocrx_word' id='word_1_9' title='bbox 1556 4751 1620 4806; x_wconf 90' lang='lat' dir='ltr'>in</span> <span class='ocrx_word' id='word_1_10' title='bbox 1660 4750 1755 4806; x_wconf 90' lang='lat' dir='ltr'>via</span> <span class='ocrx_word' id='word_1_11' title='bbox 1801 4753 1866 4807; x_wconf 93' lang='lat' dir='ltr'>D.</span> 
     </span>
    </p>
   </div>
   <div class='ocr_carea' id='block_1_3' title="bbox 302 4827 1864 4926">
    <p class='ocr_par' dir='ltr' id='par_1_3' title="bbox 302 4827 1864 4926">
     <span class='ocr_line' id='line_1_4' title="bbox 302 4827 1864 4926; baseline 0.007 -49"><span class='ocrx_word' id='word_1_12' title='bbox 302 4835 484 4926; x_wconf 44' lang='lat' dir='ltr'>affluas</span> <span class='ocrx_word' id='word_1_13' title='bbox 516 4827 720 4884; x_wconf 88' lang='lat' dir='ltr'>Thom.</span> <span class='ocrx_word' id='word_1_14' title='bbox 753 4844 880 4885; x_wconf 90' lang='lat' dir='ltr'>eam</span> <span class='ocrx_word' id='word_1_15' title='bbox 905 4834 1100 4886; x_wconf 90' lang='lat' dir='ltr'>tamen</span> <span class='ocrx_word' id='word_1_16' title='bbox 1143 4847 1258 4887; x_wconf 91' lang='lat' dir='ltr'>non</span> <span class='ocrx_word' id='word_1_17' title='bbox 1308 4833 1473 4903; x_wconf 85' lang='lat' dir='ltr'>plene</span> <span class='ocrx_word' id='word_1_18' title='bbox 1499 4834 1864 4898; x_wconf 85' lang='lat' dir='ltr'>convincunt,</span> 
     </span>
    </p>
   </div>
   <div class='ocr_carea' id='block_1_4' title="bbox 563 357 672 412">
    <p class='ocr_par' dir='ltr' id='par_1_4' title="bbox 563 357 672 412">
     <span class='ocr_line' id='line_1_5' title="bbox 563 357 672 412; baseline 0.009 -1"><span class='ocrx_word' id='word_1_19' title='bbox 563 357 672 412; x_wconf 73' lang='lat'>824</span> 
     </span>
    </p>
   </div>
   <div class='ocr_carea' id='block_1_5' title="bbox 518 523 1924 4742">
    <p class='ocr_par' dir='ltr' id='par_1_5' title="bbox 545 523 1924 2069">
     <span class='ocr_line' id='line_1_6' title="bbox 569 523 1923 602; baseline 0.001 -23"><span class='ocrx_word' id='word_1_20' title='bbox 569 550 593 579; x_wconf 85' lang='lat'>«</span> <span class='ocrx_word' id='word_1_21' title='bbox 640 528 825 584; x_wconf 87' lang='lat' dir='ltr'>alteri.</span> <span class='ocrx_word' id='word_1_22' title='bbox 859 527 1073 585; x_wconf 87' lang='lat' dir='ltr'>Sufficit</span> <span class='ocrx_word' id='word_1_23' title='bbox 1111 527 1270 584; x_wconf 94' lang='lat' dir='ltr'>enim</span> <span class='ocrx_word' id='word_1_24' title='bbox 1307 527 1494 602; x_wconf 89' lang='lat' dir='ltr'>gratia</span> <span class='ocrx_word' id='word_1_25' title='bbox 1521 525 1592 582; x_wconf 92' lang='lat' dir='ltr'>ad</span> <span class='ocrx_word' id='word_1_26' title='bbox 1621 526 1741 590; x_wconf 87' lang='lat' dir='ltr'>hoc,</span> <span class='ocrx_word' id='word_1_27' title='bbox 1772 523 1923 598; x_wconf 90' lang='lat' dir='ltr'>quod</span> 
     </span>
     <span class='ocr_line' id='line_1_7' title="bbox 565 604 1922 682; baseline 0 -22"><span class='ocrx_word' id='word_1_28' title='bbox 565 631 589 660; x_wconf 72' lang='grc' dir='ltr'><strong>α</strong></span> <span class='ocrx_word' id='word_1_29' title='bbox 633 608 816 668; x_wconf 74' lang='lat' dir='ltr'>homa</span> <span class='ocrx_word' id='word_1_30' title='bbox 832 625 933 681; x_wconf 88' lang='lat' dir='ltr'>per</span> <span class='ocrx_word' id='word_1_31' title='bbox 972 624 1100 666; x_wconf 87' lang='lat' dir='ltr'>eam</span> <span class='ocrx_word' id='word_1_32' title='bbox 1139 608 1251 664; x_wconf 84' lang='lat' dir='ltr'>sibi</span> <span class='ocrx_word' id='word_1_33' title='bbox 1299 609 1409 682; x_wconf 89' lang='lat' dir='ltr'>ipsi</span> <span class='ocrx_word' id='word_1_34' title='bbox 1457 610 1780 672; x_wconf 87' lang='lat' dir='ltr'>mereatur;</span> <span class='ocrx_word' id='word_1_35' title='bbox 1822 604 1922 661; x_wconf 89' lang='lat' dir='ltr'>sed</span> 
     </span>
     <span class='ocr_line' id='line_1_8' title="bbox 562 690 1916 765; baseline -0.005 -17"><span class='ocrx_word' id='word_1_36' title='bbox 562 713 587 742; x_wconf 70' lang='grc' dir='ltr'><em>α</em></span> <span class='ocrx_word' id='word_1_37' title='bbox 632 707 751 748; x_wconf 89' lang='lat' dir='ltr'>non</span> <span class='ocrx_word' id='word_1_38' title='bbox 771 691 975 748; x_wconf 86' lang='lat' dir='ltr'>sufficit</span> <span class='ocrx_word' id='word_1_39' title='bbox 1000 690 1069 747; x_wconf 91' lang='lat' dir='ltr'>ad</span> <span class='ocrx_word' id='word_1_40' title='bbox 1092 692 1211 758; x_wconf 91' lang='lat' dir='ltr'>hoc,</span> <span class='ocrx_word' id='word_1_41' title='bbox 1234 691 1382 765; x_wconf 92' lang='lat' dir='ltr'>quod</span> <span class='ocrx_word' id='word_1_42' title='bbox 1410 690 1579 746; x_wconf 89' lang='lat' dir='ltr'>alteri</span> <span class='ocrx_word' id='word_1_43' title='bbox 1607 693 1916 754; x_wconf 87' lang='lat' dir='ltr'>mereatur,</span> 
     </span>
     <span class='ocr_line' id='line_1_9' title="bbox 564 768 1924 846; baseline -0.001 -21"><span class='ocrx_word' id='word_1_44' title='bbox 564 793 589 824; x_wconf 73' lang='grc' dir='ltr'><strong>α</strong></span> <span class='ocrx_word' id='word_1_45' title='bbox 632 771 746 828; x_wconf 91' lang='lat' dir='ltr'>nisi</span> <span class='ocrx_word' id='word_1_46' title='bbox 762 773 836 828; x_wconf 87' lang='lat' dir='ltr'>sit</span> <span class='ocrx_word' id='word_1_47' title='bbox 854 772 1263 846; x_wconf 80' lang='lat' dir='ltr'>perfectissima</span> <span class='ocrx_word' id='word_1_48' title='bbox 1282 773 1487 846; x_wconf 89' lang='lat' dir='ltr'>gratia,</span> <span class='ocrx_word' id='word_1_49' title='bbox 1507 786 1631 843; x_wconf 79' lang='lat' dir='ltr'>quae</span> <span class='ocrx_word' id='word_1_50' title='bbox 1651 768 1924 843; x_wconf 90' lang='lat' dir='ltr'>quodam-</span> 
     </span>
     <span class='ocr_line' id='line_1_10' title="bbox 562 849 1922 923; baseline -0.001 -18"><span class='ocrx_word' id='word_1_51' title='bbox 562 876 587 905; x_wconf 79' lang='lat'>«</span> <span class='ocrx_word' id='word_1_52' title='bbox 629 853 800 910; x_wconf 91' lang='lat' dir='ltr'>modo</span> <span class='ocrx_word' id='word_1_53' title='bbox 828 853 890 909; x_wconf 93' lang='lat' dir='ltr'>in</span> <span class='ocrx_word' id='word_1_54' title='bbox 930 854 1074 910; x_wconf 92' lang='lat' dir='ltr'>alios</span> <span class='ocrx_word' id='word_1_55' title='bbox 1113 853 1412 910; x_wconf 82' lang='lat' dir='ltr'>redundat.</span> <span class='ocrx_word' id='word_1_56' title='bbox 1446 854 1515 906; x_wconf 85' lang='lat' dir='ltr'>Et</span> <span class='ocrx_word' id='word_1_57' title='bbox 1556 855 1787 923; x_wconf 90' lang='lat' dir='ltr'>propter</span> <span class='ocrx_word' id='word_1_58' title='bbox 1816 849 1922 905; x_wconf 87' lang='lat' dir='ltr'>hoc</span> 
     </span>
     <span class='ocr_line' id='line_1_11' title="bbox 561 929 1920 1007; baseline -0.003 -20"><span class='ocrx_word' id='word_1_59' title='bbox 561 956 586 987; x_wconf 82' lang='grc' dir='ltr'><strong>α</strong></span> <span class='ocrx_word' id='word_1_60' title='bbox 629 933 860 1001; x_wconf 86' lang='lat' dir='ltr'>dicitur,</span> <span class='ocrx_word' id='word_1_61' title='bbox 892 933 1041 1007; x_wconf 92' lang='lat' dir='ltr'>quod</span> <span class='ocrx_word' id='word_1_62' title='bbox 1062 934 1339 999; x_wconf 86' lang='lat' dir='ltr'>Christus,</span> <span class='ocrx_word' id='word_1_63' title='bbox 1370 932 1441 988; x_wconf 91' lang='lat' dir='ltr'>de</span> <span class='ocrx_word' id='word_1_64' title='bbox 1466 931 1625 1005; x_wconf 84' lang='lat' dir='ltr'>cujus</span> <span class='ocrx_word' id='word_1_65' title='bbox 1666 929 1920 1002; x_wconf 87' lang='lat' dir='ltr'>plenitu-</span> 
     </span>
     <span class='ocr_line' id='line_1_12' title="bbox 561 1011 1918 1088; baseline -0.002 -19"><span class='ocrx_word' id='word_1_66' title='bbox 561 1039 586 1069; x_wconf 74' lang='grc' dir='ltr'>α</span> <span class='ocrx_word' id='word_1_67' title='bbox 628 1016 765 1074; x_wconf 87' lang='lat' dir='ltr'>dine</span> <span class='ocrx_word' id='word_1_68' title='bbox 792 1032 993 1075; x_wconf 89' lang='lat' dir='ltr'>omnes</span> <span class='ocrx_word' id='word_1_69' title='bbox 1013 1016 1351 1088; x_wconf 75' lang='lat' dir='ltr'>accepimuS,</span> <span class='ocrx_word' id='word_1_70' title='bbox 1376 1018 1539 1071; x_wconf 83' lang='lat' dir='ltr'>Joan.</span> <span class='ocrx_word' id='word_1_71' title='bbox 1575 1015 1621 1079; x_wconf 90' lang='lat'>1,</span> <span class='ocrx_word' id='word_1_72' title='bbox 1647 1011 1918 1069; x_wconf 85' lang='lat' dir='ltr'>omnihus</span> 
     </span>
     <span class='ocr_line' id='line_1_13' title="bbox 560 1093 1918 1171; baseline 0 -22"><span class='ocrx_word' id='word_1_73' title='bbox 560 1120 585 1149; x_wconf 71' lang='grc' dir='ltr'><em>α</em></span> <span class='ocrx_word' id='word_1_74' title='bbox 627 1113 697 1153; x_wconf 85' lang='lat' dir='ltr'>ex</span> <span class='ocrx_word' id='word_1_75' title='bbox 719 1096 1001 1171; x_wconf 90' lang='lat' dir='ltr'>condigno</span> <span class='ocrx_word' id='word_1_76' title='bbox 1027 1096 1259 1153; x_wconf 90' lang='lat' dir='ltr'>meruit.</span> <span class='ocrx_word' id='word_1_77' title='bbox 1292 1095 1399 1153; x_wconf 86' lang='lat' dir='ltr'>Sed</span> <span class='ocrx_word' id='word_1_78' title='bbox 1428 1096 1625 1151; x_wconf 88' lang='lat' dir='ltr'>nullus</span> <span class='ocrx_word' id='word_1_79' title='bbox 1652 1093 1801 1149; x_wconf 85' lang='lat' dir='ltr'>alius</span> <span class='ocrx_word' id='word_1_80' title='bbox 1828 1095 1918 1150; x_wconf 91' lang='lat' dir='ltr'>al-</span> 
     </span>
     <span class='ocr_line' id='line_1_14' title="bbox 559 1174 1918 1251; baseline 0 -21"><span class='ocrx_word' id='word_1_81' title='bbox 559 1200 584 1230; x_wconf 80' lang='lat'>«</span> <span class='ocrx_word' id='word_1_82' title='bbox 628 1179 736 1234; x_wconf 87' lang='lat' dir='ltr'>teri</span> <span class='ocrx_word' id='word_1_83' title='bbox 776 1193 846 1234; x_wconf 83' lang='lat' dir='ltr'>ex</span> <span class='ocrx_word' id='word_1_84' title='bbox 873 1177 1155 1251; x_wconf 87' lang='lat' dir='ltr'>condigno</span> <span class='ocrx_word' id='word_1_85' title='bbox 1183 1182 1453 1241; x_wconf 91' lang='lat' dir='ltr'>meretur,</span> <span class='ocrx_word' id='word_1_86' title='bbox 1487 1174 1585 1232; x_wconf 90' lang='lat' dir='ltr'>sed</span> <span class='ocrx_word' id='word_1_87' title='bbox 1610 1174 1798 1231; x_wconf 86' lang='lat' dir='ltr'>solum</span> <span class='ocrx_word' id='word_1_88' title='bbox 1846 1189 1918 1230; x_wconf 85' lang='lat' dir='ltr'>cx</span> 
     </span>
     <span class='ocr_line' id='line_1_15' title="bbox 558 1254 1918 1335; baseline 0 -23"><span class='ocrx_word' id='word_1_89' title='bbox 558 1283 583 1312; x_wconf 72' lang='grc' dir='ltr'>(ι</span> <span class='ocrx_word' id='word_1_90' title='bbox 625 1276 876 1335; x_wconf 88' lang='lat' dir='ltr'>congruo</span> <span class='ocrx_word' id='word_1_91' title='bbox 901 1284 914 1327; x_wconf 67' lang='grc' dir='ltr'>ς</span> <span class='ocrx_word' id='word_1_92' title='bbox 946 1259 1024 1315; x_wconf 87' lang='lat' dir='ltr'>ita</span> <span class='ocrx_word' id='word_1_93' title='bbox 1055 1267 1245 1315; x_wconf 87' lang='lat' dir='ltr'>tamen</span> <span class='ocrx_word' id='word_1_94' title='bbox 1285 1257 1435 1332; x_wconf 91' lang='lat' dir='ltr'>quod</span> <span class='ocrx_word' id='word_1_95' title='bbox 1462 1263 1547 1314; x_wconf 88' lang='lat' dir='ltr'>est</span> <span class='ocrx_word' id='word_1_96' title='bbox 1572 1256 1665 1311; x_wconf 90' lang='lat' dir='ltr'>hic</span> <span class='ocrx_word' id='word_1_97' title='bbox 1693 1255 1819 1326; x_wconf 89' lang='lat' dir='ltr'>plus</span> <span class='ocrx_word' id='word_1_98' title='bbox 1848 1254 1918 1312; x_wconf 90' lang='lat' dir='ltr'>de</span> 
     </span>
     <span class='ocr_line' id='line_1_16' title="bbox 556 1336 1915 1412; baseline -0.001 -19"><span class='ocrx_word' id='word_1_99' title='bbox 556 1363 582 1393; x_wconf 72' lang='grc' dir='ltr'>α</span> <span class='ocrx_word' id='word_1_100' title='bbox 627 1342 851 1398; x_wconf 89' lang='lat' dir='ltr'>ratione</span> <span class='ocrx_word' id='word_1_101' title='bbox 877 1340 1092 1404; x_wconf 89' lang='lat' dir='ltr'>meriti,</span> <span class='ocrx_word' id='word_1_102' title='bbox 1118 1356 1292 1412; x_wconf 90' lang='lat' dir='ltr'>quam</span> <span class='ocrx_word' id='word_1_103' title='bbox 1317 1338 1545 1411; x_wconf 89' lang='lat' dir='ltr'>quando</span> <span class='ocrx_word' id='word_1_104' title='bbox 1572 1336 1781 1408; x_wconf 88' lang='lat' dir='ltr'>aliquis</span> <span class='ocrx_word' id='word_1_105' title='bbox 1820 1336 1915 1392; x_wconf 91' lang='lat' dir='ltr'>di-</span> 
     </span>
     <span class='ocr_line' id='line_1_17' title="bbox 555 1420 1907 1494; baseline -0.004 -18"><span class='ocrx_word' id='word_1_106' title='bbox 555 1446 579 1476; x_wconf 76' lang='grc' dir='ltr'>α</span> <span class='ocrx_word' id='word_1_107' title='bbox 622 1423 771 1479; x_wconf 88' lang='lat' dir='ltr'>citur</span> <span class='ocrx_word' id='word_1_108' title='bbox 799 1420 907 1477; x_wconf 88' lang='lat' dir='ltr'>sibi</span> <span class='ocrx_word' id='word_1_109' title='bbox 954 1422 1167 1479; x_wconf 87' lang='lat' dir='ltr'>mereri</span> <span class='ocrx_word' id='word_1_110' title='bbox 1195 1422 1442 1494; x_wconf 82' lang='lat' dir='ltr'><strong>gratiam</strong></span> <span class='ocrx_word' id='word_1_111' title='bbox 1470 1436 1541 1477; x_wconf 86' lang='lat' dir='ltr'>ex</span> <span class='ocrx_word' id='word_1_112' title='bbox 1578 1435 1848 1492; x_wconf 78' lang='lat' dir='ltr'>congruo,</span> <span class='ocrx_word' id='word_1_113' title='bbox 1882 1439 1907 1471; x_wconf 70' lang='lat' dir='ltr'>n</span> 
     </span>
     <span class='ocr_line' id='line_1_18' title="bbox 548 1499 1912 1569; baseline -0.003 -10"><span class='ocrx_word' id='word_1_114' title='bbox 548 1503 657 1569; x_wconf 87' lang='lat' dir='ltr'>Qui</span> <span class='ocrx_word' id='word_1_115' title='bbox 703 1501 990 1557; x_wconf 86' lang='lat' dir='ltr'>discursus</span> <span class='ocrx_word' id='word_1_116' title='bbox 1031 1503 1121 1557; x_wconf 90' lang='lat' dir='ltr'>vel</span> <span class='ocrx_word' id='word_1_117' title='bbox 1172 1502 1391 1557; x_wconf 87' lang='lat' dir='ltr'>nul-lius</span> <span class='ocrx_word' id='word_1_118' title='bbox 1433 1499 1657 1556; x_wconf 91' lang='lat' dir='ltr'>roboris</span> <span class='ocrx_word' id='word_1_119' title='bbox 1685 1504 1786 1563; x_wconf 89' lang='lat' dir='ltr'>est,</span> <span class='ocrx_word' id='word_1_120' title='bbox 1820 1499 1912 1555; x_wconf 83' lang='lat' dir='ltr'>vel</span> 
     </span>
     <span class='ocr_line' id='line_1_19' title="bbox 547 1583 1909 1660; baseline -0.004 -17"><span class='ocrx_word' id='word_1_121' title='bbox 547 1584 750 1660; x_wconf 86' lang='lat' dir='ltr'>probat</span> <span class='ocrx_word' id='word_1_122' title='bbox 776 1583 1088 1642; x_wconf 89' lang='lat' dir='ltr'>secundum</span> <span class='ocrx_word' id='word_1_123' title='bbox 1124 1583 1441 1657; x_wconf 85' lang='lat' dir='ltr'>quamlibet</span> <span class='ocrx_word' id='word_1_124' title='bbox 1462 1583 1909 1656; x_wconf 81' lang='lat' dir='ltr'>providentiam.</span> 
     </span>
     <span class='ocr_line' id='line_1_20' title="bbox 547 1665 1910 1739; baseline -0.004 -14"><span class='ocrx_word' id='word_1_125' title='bbox 547 1669 876 1725; x_wconf 57' lang='lat' dir='ltr'>Praesertim</span> <span class='ocrx_word' id='word_1_126' title='bbox 926 1684 1057 1724; x_wconf 92' lang='lat' dir='ltr'>cum</span> <span class='ocrx_word' id='word_1_127' title='bbox 1105 1669 1167 1724; x_wconf 92' lang='lat' dir='ltr'>D.</span> <span class='ocrx_word' id='word_1_128' title='bbox 1217 1668 1424 1724; x_wconf 92' lang='lat' dir='ltr'>Thom.</span> <span class='ocrx_word' id='word_1_129' title='bbox 1474 1672 1536 1722; x_wconf 92' lang='lat' dir='ltr'>ut</span> <span class='ocrx_word' id='word_1_130' title='bbox 1576 1667 1704 1739; x_wconf 90' lang='lat' dir='ltr'>quis</span> <span class='ocrx_word' id='word_1_131' title='bbox 1743 1665 1910 1721; x_wconf 86' lang='lat' dir='ltr'>alteri</span> 
     </span>
     <span class='ocr_line' id='line_1_21' title="bbox 545 1750 1912 1825; baseline -0.003 -16"><span class='ocrx_word' id='word_1_132' title='bbox 545 1759 840 1810; x_wconf 88' lang='lat' dir='ltr'>mereatur</span> <span class='ocrx_word' id='word_1_133' title='bbox 865 1751 935 1808; x_wconf 90' lang='lat' dir='ltr'>de</span> <span class='ocrx_word' id='word_1_134' title='bbox 970 1751 1254 1825; x_wconf 90' lang='lat' dir='ltr'>condigno</span> <span class='ocrx_word' id='word_1_135' title='bbox 1273 1751 1542 1825; x_wconf 82' lang='lat' dir='ltr'>gratiam,</span> <span class='ocrx_word' id='word_1_136' title='bbox 1576 1750 1767 1823; x_wconf 88' lang='lat' dir='ltr'>exigat</span> <span class='ocrx_word' id='word_1_137' title='bbox 1784 1766 1912 1823; x_wconf 89' lang='lat' dir='ltr'>gra·</span> 
     </span>
     <span class='ocr_line' id='line_1_22' title="bbox 545 1830 1911 1905; baseline -0.004 -15"><span class='ocrx_word' id='word_1_138' title='bbox 545 1835 639 1890; x_wconf 81' lang='lat' dir='ltr'>tiae</span> <span class='ocrx_word' id='word_1_139' title='bbox 667 1831 1090 1905; x_wconf 73' lang='lat' dir='ltr'>plenitudinem</span> <span class='ocrx_word' id='word_1_140' title='bbox 1131 1832 1194 1888; x_wconf 91' lang='lat' dir='ltr'>in</span> <span class='ocrx_word' id='word_1_141' title='bbox 1247 1837 1524 1896; x_wconf 85' lang='lat' dir='ltr'>merente,</span> <span class='ocrx_word' id='word_1_142' title='bbox 1569 1830 1755 1902; x_wconf 87' lang='lat' dir='ltr'>qualis</span> <span class='ocrx_word' id='word_1_143' title='bbox 1802 1830 1911 1886; x_wconf 85' lang='lat' dir='ltr'>fuit</span> 
     </span>
     <span class='ocr_line' id='line_1_23' title="bbox 547 1912 1910 1984; baseline -0.004 -13"><span class='ocrx_word' id='word_1_144' title='bbox 547 1915 610 1971; x_wconf 91' lang='lat' dir='ltr'>in</span> <span class='ocrx_word' id='word_1_145' title='bbox 648 1913 874 1971; x_wconf 88' lang='lat' dir='ltr'>Christo</span> <span class='ocrx_word' id='word_1_146' title='bbox 913 1913 1186 1979; x_wconf 88' lang='lat' dir='ltr'>Domino;</span> <span class='ocrx_word' id='word_1_147' title='bbox 1216 1913 1332 1970; x_wconf 79' lang='lat' dir='ltr'>haeo</span> <span class='ocrx_word' id='word_1_148' title='bbox 1370 1912 1530 1969; x_wconf 89' lang='lat' dir='ltr'>enim</span> <span class='ocrx_word' id='word_1_149' title='bbox 1559 1912 1708 1967; x_wconf 88' lang='lat' dir='ltr'>nulli</span> <span class='ocrx_word' id='word_1_150' title='bbox 1754 1927 1910 1984; x_wconf 81' lang='lat' dir='ltr'>purae</span> 
     </span>
     <span class='ocr_line' id='line_1_24' title="bbox 547 1996 1311 2069; baseline -0.005 -14"><span class='ocrx_word' id='word_1_151' title='bbox 547 2002 820 2055; x_wconf 84' lang='lat' dir='ltr'>creaturae</span> <span class='ocrx_word' id='word_1_152' title='bbox 847 1996 1084 2053; x_wconf 80' lang='lat' dir='ltr'>attribui</span> <span class='ocrx_word' id='word_1_153' title='bbox 1115 2000 1311 2069; x_wconf 88' lang='lat' dir='ltr'>potest.</span> 
     </span>
    </p>

    <p class='ocr_par' dir='ltr' id='par_1_6' title="bbox 518 2077 1906 4658">
     <span class='ocr_line' id='line_1_25' title="bbox 623 2077 1905 2136; baseline -0.002 -1"><span class='ocrx_word' id='word_1_154' title='bbox 623 2078 1013 2136; x_wconf 76' lang='lat' dir='ltr'>confirmatur</span> <span class='ocrx_word' id='word_1_155' title='bbox 1040 2078 1287 2135; x_wconf 87' lang='lat' dir='ltr'>secundo</span> <span class='ocrx_word' id='word_1_156' title='bbox 1312 2094 1385 2134; x_wconf 84' lang='lat' dir='ltr'>ex</span> <span class='ocrx_word' id='word_1_157' title='bbox 1404 2077 1602 2134; x_wconf 89' lang='lat' dir='ltr'>eodem</span> <span class='ocrx_word' id='word_1_158' title='bbox 1625 2077 1905 2134; x_wconf 90' lang='lat' dir='ltr'>D.Thom.</span> 
     </span>
     <span class='ocr_line' id='line_1_26' title="bbox 548 2160 1906 2237; baseline -0.002 -21"><span class='ocrx_word' id='word_1_159' title='bbox 548 2163 610 2216; x_wconf 81' lang='lat' dir='ltr'>in</span> <span class='ocrx_word' id='word_1_160' title='bbox 628 2164 684 2226; x_wconf 84' lang='lat'>4,</span> <span class='ocrx_word' id='word_1_161' title='bbox 716 2161 844 2217; x_wconf 76' lang='lat' dir='ltr'>dise.</span> <span class='ocrx_word' id='word_1_162' title='bbox 869 2161 962 2223; x_wconf 88' lang='grc'>45,</span> <span class='ocrx_word' id='word_1_163' title='bbox 988 2167 1170 2237; x_wconf 68' lang='lat' dir='ltr'>quarst.</span> <span class='ocrx_word' id='word_1_164' title='bbox 1202 2162 1256 2224; x_wconf 80' lang='lat'>2,</span> <span class='ocrx_word' id='word_1_165' title='bbox 1289 2167 1397 2215; x_wconf 86' lang='lat' dir='ltr'>art.</span> <span class='ocrx_word' id='word_1_166' title='bbox 1434 2161 1479 2224; x_wconf 92' lang='lat' dir='ltr'>l,</span> <span class='ocrx_word' id='word_1_167' title='bbox 1513 2160 1906 2235; x_wconf 75' lang='lat' dir='ltr'>quaestiuncula</span> 
     </span>
     <span class='ocr_line' id='line_1_27' title="bbox 553 2238 1906 2315; baseline -0.001 -18"><span class='ocrx_word' id='word_1_168' title='bbox 553 2244 599 2310; x_wconf 92' lang='lat' dir='ltr'>l,</span> <span class='ocrx_word' id='word_1_169' title='bbox 627 2243 687 2297; x_wconf 79' lang='lat' dir='ltr'>in</span> <span class='ocrx_word' id='word_1_170' title='bbox 712 2260 859 2315; x_wconf 84' lang='lat' dir='ltr'>corp.</span> <span class='ocrx_word' id='word_1_171' title='bbox 894 2241 991 2296; x_wconf 88' lang='lat' dir='ltr'>ubi</span> <span class='ocrx_word' id='word_1_172' title='bbox 1016 2242 1094 2296; x_wconf 90' lang='lat' dir='ltr'>ait</span> <span class='ocrx_word' id='word_1_173' title='bbox 1123 2262 1135 2296; x_wconf 89' lang='lat'><strong>:</strong></span> <span class='ocrx_word' id='word_1_174' title='bbox 1164 2261 1189 2292; x_wconf 88' lang='lat'>«</span> <span class='ocrx_word' id='word_1_175' title='bbox 1218 2240 1531 2297; x_wconf 83' lang='lat' dir='ltr'>Dicendum</span> <span class='ocrx_word' id='word_1_176' title='bbox 1559 2238 1706 2311; x_wconf 91' lang='lat' dir='ltr'>quod</span> <span class='ocrx_word' id='word_1_177' title='bbox 1748 2246 1906 2296; x_wconf 88' lang='lat' dir='ltr'>actus</span> 
     </span>
     <span class='ocr_line' id='line_1_28' title="bbox 549 2319 1904 2393; baseline 0.001 -20"><span class='ocrx_word' id='word_1_178' title='bbox 549 2342 574 2373; x_wconf 76' lang='grc' dir='ltr'><em>α</em></span> <span class='ocrx_word' id='word_1_179' title='bbox 608 2328 802 2378; x_wconf 87' lang='lat' dir='ltr'>noster</span> <span class='ocrx_word' id='word_1_180' title='bbox 856 2320 928 2378; x_wconf 90' lang='lat' dir='ltr'>ad</span> <span class='ocrx_word' id='word_1_181' title='bbox 969 2319 1081 2377; x_wconf 92' lang='lat' dir='ltr'>duo</span> <span class='ocrx_word' id='word_1_182' title='bbox 1122 2320 1318 2376; x_wconf 85' lang='lat' dir='ltr'>valere</span> <span class='ocrx_word' id='word_1_183' title='bbox 1367 2325 1563 2393; x_wconf 87' lang='lat' dir='ltr'>potest.</span> <span class='ocrx_word' id='word_1_184' title='bbox 1597 2319 1797 2375; x_wconf 86' lang='lat' dir='ltr'>Primo</span> <span class='ocrx_word' id='word_1_185' title='bbox 1835 2319 1904 2375; x_wconf 91' lang='lat' dir='ltr'>ad</span> 
     </span>
     <span class='ocr_line' id='line_1_29' title="bbox 545 2400 1904 2475; baseline 0.002 -21"><span class='ocrx_word' id='word_1_186' title='bbox 545 2424 570 2454; x_wconf 70' lang='grc' dir='ltr'><strong>α</strong></span> <span class='ocrx_word' id='word_1_187' title='bbox 603 2404 853 2475; x_wconf 81' lang='lat' dir='ltr'>aliquem</span> <span class='ocrx_word' id='word_1_188' title='bbox 907 2408 1117 2458; x_wconf 89' lang='lat' dir='ltr'>statum</span> <span class='ocrx_word' id='word_1_189' title='bbox 1167 2400 1616 2474; x_wconf 90' lang='lat' dir='ltr'>acquirendum:</span> <span class='ocrx_word' id='word_1_190' title='bbox 1656 2400 1904 2457; x_wconf 89' lang='lat' dir='ltr'>secundo</span> 
     </span>
     <span class='ocr_line' id='line_1_30' title="bbox 553 2481 1902 2558; baseline 0.002 -23"><span class='ocrx_word' id='word_1_191' title='bbox 553 2505 578 2535; x_wconf 77' lang='grc' dir='ltr'><strong>α</strong></span> <span class='ocrx_word' id='word_1_192' title='bbox 610 2481 680 2539; x_wconf 91' lang='lat' dir='ltr'>ad</span> <span class='ocrx_word' id='word_1_193' title='bbox 703 2481 921 2558; x_wconf 72' lang='lat' dir='ltr'>aliquid</span> <span class='ocrx_word' id='word_1_194' title='bbox 949 2498 1299 2555; x_wconf 84' lang='lat' dir='ltr'>consequens</span> <span class='ocrx_word' id='word_1_195' title='bbox 1318 2487 1530 2538; x_wconf 89' lang='lat' dir='ltr'>statum</span> <span class='ocrx_word' id='word_1_196' title='bbox 1579 2481 1902 2539; x_wconf 88' lang='lat' dir='ltr'>accidenta-</span> 
     </span>
     <span class='ocr_line' id='line_1_31' title="bbox 547 2563 1902 2638; baseline 0.002 -21"><span class='ocrx_word' id='word_1_197' title='bbox 547 2587 572 2617; x_wconf 72' lang='grc' dir='ltr'><strong>α</strong></span> <span class='ocrx_word' id='word_1_198' title='bbox 603 2565 737 2631; x_wconf 89' lang='lat' dir='ltr'>lem,</span> <span class='ocrx_word' id='word_1_199' title='bbox 764 2566 855 2621; x_wconf 93' lang='lat' dir='ltr'>vel</span> <span class='ocrx_word' id='word_1_200' title='bbox 884 2564 1282 2621; x_wconf 88' lang='lat' dir='ltr'>dimissionem</span> <span class='ocrx_word' id='word_1_201' title='bbox 1314 2581 1511 2638; x_wconf 81' lang='lat' dir='ltr'>poenae.</span> <span class='ocrx_word' id='word_1_202' title='bbox 1558 2563 1642 2619; x_wconf 85' lang='lat' dir='ltr'>Ad</span> <span class='ocrx_word' id='word_1_203' title='bbox 1671 2570 1902 2620; x_wconf 88' lang='lat' dir='ltr'>utrum-</span> 
     </span>
     <span class='ocr_line' id='line_1_32' title="bbox 544 2645 1901 2719; baseline 0.003 -19"><span class='ocrx_word' id='word_1_204' title='bbox 544 2669 569 2700; x_wconf 79' lang='grc' dir='ltr'><em>α</em></span> <span class='ocrx_word' id='word_1_205' title='bbox 597 2663 707 2719; x_wconf 89' lang='lat' dir='ltr'>que</span> <span class='ocrx_word' id='word_1_206' title='bbox 754 2651 944 2703; x_wconf 92' lang='lat' dir='ltr'>autem</span> <span class='ocrx_word' id='word_1_207' title='bbox 974 2648 1181 2703; x_wconf 89' lang='lat' dir='ltr'>horum</span> <span class='ocrx_word' id='word_1_208' title='bbox 1205 2653 1357 2703; x_wconf 89' lang='lat' dir='ltr'>actus</span> <span class='ocrx_word' id='word_1_209' title='bbox 1410 2654 1601 2703; x_wconf 90' lang='lat' dir='ltr'>noster</span> <span class='ocrx_word' id='word_1_210' title='bbox 1633 2645 1901 2704; x_wconf 84' lang='lat' dir='ltr'>duliciter</span> 
     </span>
     <span class='ocr_line' id='line_1_33' title="bbox 540 2727 1900 2800; baseline 0.004 -20"><span class='ocrx_word' id='word_1_211' title='bbox 540 2749 566 2780; x_wconf 73' lang='grc' dir='ltr'><em>α</em></span> <span class='ocrx_word' id='word_1_212' title='bbox 599 2729 793 2785; x_wconf 86' lang='lat' dir='ltr'>valere</span> <span class='ocrx_word' id='word_1_213' title='bbox 833 2732 1030 2799; x_wconf 84' lang='lat' dir='ltr'>potest,</span> <span class='ocrx_word' id='word_1_214' title='bbox 1073 2744 1188 2785; x_wconf 91' lang='lat' dir='ltr'>uno</span> <span class='ocrx_word' id='word_1_215' title='bbox 1236 2727 1406 2784; x_wconf 91' lang='lat' dir='ltr'>modo</span> <span class='ocrx_word' id='word_1_216' title='bbox 1457 2745 1557 2800; x_wconf 91' lang='lat' dir='ltr'>per</span> <span class='ocrx_word' id='word_1_217' title='bbox 1600 2729 1754 2784; x_wconf 90' lang='lat' dir='ltr'>viam</span> <span class='ocrx_word' id='word_1_218' title='bbox 1783 2745 1900 2785; x_wconf 90' lang='lat' dir='ltr'>me-</span> 
     </span>
     <span class='ocr_line' id='line_1_34' title="bbox 542 2806 1899 2879; baseline 0.004 -20"><span class='ocrx_word' id='word_1_219' title='bbox 542 2829 567 2858; x_wconf 77' lang='lat'>«</span> <span class='ocrx_word' id='word_1_220' title='bbox 601 2807 732 2872; x_wconf 89' lang='lat' dir='ltr'>riti,</span> <span class='ocrx_word' id='word_1_221' title='bbox 798 2807 913 2863; x_wconf 90' lang='lat' dir='ltr'>alio</span> <span class='ocrx_word' id='word_1_222' title='bbox 959 2806 1127 2863; x_wconf 91' lang='lat' dir='ltr'>modo</span> <span class='ocrx_word' id='word_1_223' title='bbox 1177 2822 1275 2879; x_wconf 89' lang='lat' dir='ltr'>per</span> <span class='ocrx_word' id='word_1_224' title='bbox 1307 2808 1458 2862; x_wconf 91' lang='lat' dir='ltr'>viam</span> <span class='ocrx_word' id='word_1_225' title='bbox 1487 2808 1781 2864; x_wconf 90' lang='lat' dir='ltr'>orationis.</span> <span class='ocrx_word' id='word_1_226' title='bbox 1830 2810 1899 2864; x_wconf 89' lang='lat' dir='ltr'>Et</span> 
     </span>
     <span class='ocr_line' id='line_1_35' title="bbox 540 2886 1890 2957; baseline 0.004 -17"><span class='ocrx_word' id='word_1_227' title='bbox 540 2909 565 2940; x_wconf 73' lang='grc' dir='ltr'><em>α</em></span> <span class='ocrx_word' id='word_1_228' title='bbox 610 2895 695 2945; x_wconf 90' lang='lat' dir='ltr'>est</span> <span class='ocrx_word' id='word_1_229' title='bbox 751 2886 1077 2944; x_wconf 78' lang='lat' dir='ltr'>differentia</span> <span class='ocrx_word' id='word_1_230' title='bbox 1145 2888 1297 2943; x_wconf 89' lang='lat' dir='ltr'>inter</span> <span class='ocrx_word' id='word_1_231' title='bbox 1352 2890 1488 2944; x_wconf 87' lang='lat' dir='ltr'>istas</span> <span class='ocrx_word' id='word_1_232' title='bbox 1548 2888 1687 2944; x_wconf 79' lang='lat' dir='ltr'>duas</span> <span class='ocrx_word' id='word_1_233' title='bbox 1748 2887 1890 2957; x_wconf 73' lang='lat' dir='ltr'>viaS,</span> 
     </span>
     <span class='ocr_line' id='line_1_36' title="bbox 540 2967 1895 3042; baseline 0.004 -23"><span class='ocrx_word' id='word_1_234' title='bbox 540 2990 566 3019; x_wconf 76' lang='grc' dir='ltr'><strong>α</strong></span> <span class='ocrx_word' id='word_1_235' title='bbox 601 2967 737 3040; x_wconf 89' lang='lat' dir='ltr'>quia</span> <span class='ocrx_word' id='word_1_236' title='bbox 782 2969 1056 3024; x_wconf 83' lang='lat' dir='ltr'>meritum</span> <span class='ocrx_word' id='word_1_237' title='bbox 1124 2968 1400 3024; x_wconf 86' lang='lat' dir='ltr'>innititur</span> <span class='ocrx_word' id='word_1_238' title='bbox 1459 2968 1732 3042; x_wconf 82' lang='lat' dir='ltr'>justitiae;</span> <span class='ocrx_word' id='word_1_239' title='bbox 1796 2968 1895 3024; x_wconf 91' lang='lat' dir='ltr'>sed</span> 
     </span>
     <span class='ocr_line' id='line_1_37' title="bbox 547 3048 1896 3122; baseline 0.004 -22"><span class='ocrx_word' id='word_1_240' title='bbox 547 3071 571 3100; x_wconf 74' lang='grc' dir='ltr'><em>α</em></span> <span class='ocrx_word' id='word_1_241' title='bbox 606 3064 779 3105; x_wconf 89' lang='lat' dir='ltr'>orans</span> <span class='ocrx_word' id='word_1_242' title='bbox 807 3049 1077 3121; x_wconf 89' lang='lat' dir='ltr'>impetrat</span> <span class='ocrx_word' id='word_1_243' title='bbox 1118 3049 1359 3122; x_wconf 85' lang='lat' dir='ltr'>petitum</span> <span class='ocrx_word' id='word_1_244' title='bbox 1389 3065 1458 3104; x_wconf 86' lang='lat' dir='ltr'>ex</span> <span class='ocrx_word' id='word_1_245' title='bbox 1486 3048 1607 3104; x_wconf 91' lang='lat' dir='ltr'>sola</span> <span class='ocrx_word' id='word_1_246' title='bbox 1630 3048 1896 3105; x_wconf 89' lang='lat' dir='ltr'>liberali-</span> 
     </span>
     <span class='ocr_line' id='line_1_38' title="bbox 540 3128 1888 3204; baseline 0.006 -24"><span class='ocrx_word' id='word_1_247' title='bbox 540 3135 714 3186; x_wconf 77' lang='lat' dir='ltr'>«tate</span> <span class='ocrx_word' id='word_1_248' title='bbox 759 3131 897 3203; x_wconf 85' lang='lat' dir='ltr'>ejus,</span> <span class='ocrx_word' id='word_1_249' title='bbox 955 3130 1053 3203; x_wconf 91' lang='lat' dir='ltr'>qui</span> <span class='ocrx_word' id='word_1_250' title='bbox 1101 3134 1317 3187; x_wconf 91' lang='lat' dir='ltr'>oratur.</span> <span class='ocrx_word' id='word_1_251' title='bbox 1371 3128 1685 3185; x_wconf 85' lang='lat' dir='ltr'>Dicendum</span> <span class='ocrx_word' id='word_1_252' title='bbox 1733 3147 1888 3204; x_wconf 88' lang='lat' dir='ltr'>ergo,</span> 
     </span>
     <span class='ocr_line' id='line_1_39' title="bbox 541 3209 1892 3283; baseline 0.003 -21"><span class='ocrx_word' id='word_1_253' title='bbox 541 3233 565 3262; x_wconf 66' lang='lat' dir='ltr'>a</span> <span class='ocrx_word' id='word_1_254' title='bbox 595 3210 746 3282; x_wconf 90' lang='lat' dir='ltr'>quod</span> <span class='ocrx_word' id='word_1_255' title='bbox 767 3227 909 3283; x_wconf 87' lang='lat' dir='ltr'>opus</span> <span class='ocrx_word' id='word_1_256' title='bbox 936 3212 1109 3266; x_wconf 86' lang='lat' dir='ltr'>unius</span> <span class='ocrx_word' id='word_1_257' title='bbox 1132 3212 1299 3267; x_wconf 90' lang='lat' dir='ltr'>nullo</span> <span class='ocrx_word' id='word_1_258' title='bbox 1328 3209 1501 3267; x_wconf 91' lang='lat' dir='ltr'>modo</span> <span class='ocrx_word' id='word_1_259' title='bbox 1529 3214 1709 3281; x_wconf 89' lang='lat' dir='ltr'>potest</span> <span class='ocrx_word' id='word_1_260' title='bbox 1725 3211 1892 3266; x_wconf 88' lang='lat' dir='ltr'>alteri</span> 
     </span>
     <span class='ocr_line' id='line_1_40' title="bbox 538 3291 1890 3365; baseline 0.001 -20"><span class='ocrx_word' id='word_1_261' title='bbox 538 3315 561 3343; x_wconf 75' lang='lat' dir='ltr'>a</span> <span class='ocrx_word' id='word_1_262' title='bbox 596 3295 789 3349; x_wconf 84' lang='lat' dir='ltr'>valere</span> <span class='ocrx_word' id='word_1_263' title='bbox 818 3293 887 3350; x_wconf 91' lang='lat' dir='ltr'>ad</span> <span class='ocrx_word' id='word_1_264' title='bbox 908 3299 1119 3349; x_wconf 88' lang='lat' dir='ltr'>statum</span> <span class='ocrx_word' id='word_1_265' title='bbox 1135 3292 1597 3365; x_wconf 87' lang='lat' dir='ltr'>consequendum</span> <span class='ocrx_word' id='word_1_266' title='bbox 1617 3309 1717 3364; x_wconf 89' lang='lat' dir='ltr'>per</span> <span class='ocrx_word' id='word_1_267' title='bbox 1732 3291 1890 3347; x_wconf 85' lang='lat' dir='ltr'>viam</span> 
     </span>
     <span class='ocr_line' id='line_1_41' title="bbox 539 3372 1884 3448; baseline 0.003 -23"><span class='ocrx_word' id='word_1_268' title='bbox 539 3396 562 3425; x_wconf 77' lang='grc' dir='ltr'>α</span> <span class='ocrx_word' id='word_1_269' title='bbox 593 3375 809 3439; x_wconf 90' lang='lat' dir='ltr'>meriti,</span> <span class='ocrx_word' id='word_1_270' title='bbox 845 3380 905 3429; x_wconf 90' lang='lat' dir='ltr'>ut</span> <span class='ocrx_word' id='word_1_271' title='bbox 942 3374 1159 3430; x_wconf 87' lang='lat' dir='ltr'>scilicet</span> <span class='ocrx_word' id='word_1_272' title='bbox 1202 3391 1271 3430; x_wconf 84' lang='lat' dir='ltr'>ex</span> <span class='ocrx_word' id='word_1_273' title='bbox 1313 3374 1421 3438; x_wconf 73' lang='lat' dir='ltr'>hia,</span> <span class='ocrx_word' id='word_1_274' title='bbox 1448 3391 1570 3445; x_wconf 70' lang='lat' dir='ltr'>quae</span> <span class='ocrx_word' id='word_1_275' title='bbox 1593 3390 1695 3448; x_wconf 90' lang='lat' dir='ltr'>ego</span> <span class='ocrx_word' id='word_1_276' title='bbox 1722 3372 1884 3440; x_wconf 69' lang='lat' dir='ltr'>taem,</span> 
     </span>
     <span class='ocr_line' id='line_1_42' title="bbox 537 3456 1888 3528; baseline 0.003 -20"><span class='ocrx_word' id='word_1_277' title='bbox 537 3476 561 3507; x_wconf 80' lang='grc' dir='ltr'>α</span> <span class='ocrx_word' id='word_1_278' title='bbox 594 3457 802 3528; x_wconf 90' lang='lat' dir='ltr'>aliquis</span> <span class='ocrx_word' id='word_1_279' title='bbox 847 3463 1138 3512; x_wconf 88' lang='lat' dir='ltr'>mereatur</span> <span class='ocrx_word' id='word_1_280' title='bbox 1190 3457 1371 3511; x_wconf 86' lang='lat' dir='ltr'>vitam</span> <span class='ocrx_word' id='word_1_281' title='bbox 1401 3464 1707 3522; x_wconf 79' lang='lat' dir='ltr'>aeternam;</span> <span class='ocrx_word' id='word_1_282' title='bbox 1751 3456 1888 3527; x_wconf 87' lang='lat' dir='ltr'>quia</span> 
     </span>
     <span class='ocr_line' id='line_1_43' title="bbox 536 3533 1885 3609; baseline 0.003 -24"><span class='ocrx_word' id='word_1_283' title='bbox 536 3557 560 3585; x_wconf 87' lang='lat'>«</span> <span class='ocrx_word' id='word_1_284' title='bbox 590 3551 714 3591; x_wconf 90' lang='lat' dir='ltr'>sors</span> <span class='ocrx_word' id='word_1_285' title='bbox 739 3536 939 3609; x_wconf 84' lang='lat' dir='ltr'>gloriae</span> <span class='ocrx_word' id='word_1_286' title='bbox 965 3533 1150 3591; x_wconf 86' lang='lat' dir='ltr'>reddit</span> <span class='ocrx_word' id='word_1_287' title='bbox 1177 3550 1509 3590; x_wconf 89' lang='lat' dir='ltr'>mensuram</span> <span class='ocrx_word' id='word_1_288' title='bbox 1534 3535 1885 3607; x_wconf 89' lang='lat' dir='ltr'>accipientis:</span> 
     </span>
     <span class='ocr_line' id='line_1_44' title="bbox 536 3616 1887 3689; baseline 0.002 -21"><span class='ocrx_word' id='word_1_289' title='bbox 536 3638 560 3668; x_wconf 75' lang='grc' dir='ltr'>α</span> <span class='ocrx_word' id='word_1_290' title='bbox 592 3618 979 3689; x_wconf 87' lang='lat' dir='ltr'>unusquisque</span> <span class='ocrx_word' id='word_1_291' title='bbox 1001 3622 1192 3672; x_wconf 90' lang='lat' dir='ltr'>autem</span> <span class='ocrx_word' id='word_1_292' title='bbox 1220 3632 1291 3672; x_wconf 85' lang='lat' dir='ltr'>ex</span> <span class='ocrx_word' id='word_1_293' title='bbox 1330 3632 1433 3672; x_wconf 87' lang='lat' dir='ltr'>suo</span> <span class='ocrx_word' id='word_1_294' title='bbox 1474 3623 1595 3672; x_wconf 87' lang='lat' dir='ltr'>actu</span> <span class='ocrx_word' id='word_1_295' title='bbox 1623 3616 1887 3687; x_wconf 88' lang='lat' dir='ltr'>disponi-</span> 
     </span>
     <span class='ocr_line' id='line_1_45' title="bbox 536 3697 1884 3770; baseline 0.003 -20"><span class='ocrx_word' id='word_1_296' title='bbox 536 3721 560 3749; x_wconf 80' lang='grc' dir='ltr'>α</span> <span class='ocrx_word' id='word_1_297' title='bbox 592 3704 703 3761; x_wconf 86' lang='lat' dir='ltr'>tur,</span> <span class='ocrx_word' id='word_1_298' title='bbox 735 3704 789 3754; x_wconf 87' lang='lat' dir='ltr'>et</span> <span class='ocrx_word' id='word_1_299' title='bbox 818 3715 934 3754; x_wconf 89' lang='lat' dir='ltr'>non</span> <span class='ocrx_word' id='word_1_300' title='bbox 973 3715 1044 3755; x_wconf 85' lang='lat' dir='ltr'>ex</span> <span class='ocrx_word' id='word_1_301' title='bbox 1073 3698 1264 3755; x_wconf 89' lang='lat' dir='ltr'>alieno</span> <span class='ocrx_word' id='word_1_302' title='bbox 1283 3722 1297 3765; x_wconf 92' lang='lat'>;</span> <span class='ocrx_word' id='word_1_303' title='bbox 1329 3703 1382 3754; x_wconf 88' lang='lat' dir='ltr'>et</span> <span class='ocrx_word' id='word_1_304' title='bbox 1406 3698 1528 3754; x_wconf 91' lang='lat' dir='ltr'>dico</span> <span class='ocrx_word' id='word_1_305' title='bbox 1556 3697 1884 3770; x_wconf 87' lang='lat' dir='ltr'>dispositio-</span> 
     </span>
     <span class='ocr_line' id='line_1_46' title="bbox 535 3778 1884 3854; baseline 0.003 -22"><span class='ocrx_word' id='word_1_306' title='bbox 535 3803 559 3832; x_wconf 74' lang='lat'>«</span> <span class='ocrx_word' id='word_1_307' title='bbox 593 3795 726 3836; x_wconf 90' lang='lat' dir='ltr'>nem</span> <span class='ocrx_word' id='word_1_308' title='bbox 779 3780 1078 3853; x_wconf 88' lang='lat' dir='ltr'>dignitatis</span> <span class='ocrx_word' id='word_1_309' title='bbox 1132 3779 1202 3836; x_wconf 91' lang='lat' dir='ltr'>ad</span> <span class='ocrx_word' id='word_1_310' title='bbox 1256 3781 1581 3854; x_wconf 84' lang='lat' dir='ltr'>praemium.</span> <span class='ocrx_word' id='word_1_311' title='bbox 1635 3778 1737 3836; x_wconf 89' lang='lat' dir='ltr'>Sed</span> <span class='ocrx_word' id='word_1_312' title='bbox 1782 3795 1884 3853; x_wconf 90' lang='lat' dir='ltr'>per</span> 
     </span>
     <span class='ocr_line' id='line_1_47' title="bbox 534 3860 1881 3932; baseline 0.002 -20"><span class='ocrx_word' id='word_1_313' title='bbox 534 3882 557 3912; x_wconf 79' lang='grc' dir='ltr'>α</span> <span class='ocrx_word' id='word_1_314' title='bbox 587 3861 744 3917; x_wconf 85' lang='lat' dir='ltr'>viam</span> <span class='ocrx_word' id='word_1_315' title='bbox 772 3861 1052 3917; x_wconf 87' lang='lat' dir='ltr'>orationis</span> <span class='ocrx_word' id='word_1_316' title='bbox 1077 3862 1251 3917; x_wconf 86' lang='lat' dir='ltr'>etiam</span> <span class='ocrx_word' id='word_1_317' title='bbox 1280 3869 1557 3932; x_wconf 86' lang='lat' dir='ltr'>quantum</span> <span class='ocrx_word' id='word_1_318' title='bbox 1581 3860 1648 3916; x_wconf 90' lang='lat' dir='ltr'>ad</span> <span class='ocrx_word' id='word_1_319' title='bbox 1670 3865 1881 3915; x_wconf 87' lang='lat' dir='ltr'>statum</span> 
     </span>
     <span class='ocr_line' id='line_1_48' title="bbox 533 3940 1880 4013; baseline 0.003 -20"><span class='ocrx_word' id='word_1_320' title='bbox 533 3964 556 3993; x_wconf 75' lang='grc' dir='ltr'><em>α</em></span> <span class='ocrx_word' id='word_1_321' title='bbox 586 3940 1069 4013; x_wconf 83' lang='lat' dir='ltr'>consequendum,</span> <span class='ocrx_word' id='word_1_322' title='bbox 1105 3958 1246 4012; x_wconf 91' lang='lat' dir='ltr'>opus</span> <span class='ocrx_word' id='word_1_323' title='bbox 1294 3941 1463 3996; x_wconf 91' lang='lat' dir='ltr'>unius</span> <span class='ocrx_word' id='word_1_324' title='bbox 1522 3942 1687 3998; x_wconf 90' lang='lat' dir='ltr'>alteri</span> <span class='ocrx_word' id='word_1_325' title='bbox 1740 3940 1880 3997; x_wconf 91' lang='lat' dir='ltr'>dum</span> 
     </span>
     <span class='ocr_line' id='line_1_49' title="bbox 530 4021 1881 4093; baseline 0.004 -20"><span class='ocrx_word' id='word_1_326' title='bbox 530 4044 555 4073; x_wconf 70' lang='grc' dir='ltr'><strong>α</strong></span> <span class='ocrx_word' id='word_1_327' title='bbox 585 4022 753 4077; x_wconf 89' lang='lat' dir='ltr'>estin</span> <span class='ocrx_word' id='word_1_328' title='bbox 774 4021 867 4077; x_wconf 80' lang='lat' dir='ltr'>via</span> <span class='ocrx_word' id='word_1_329' title='bbox 886 4023 1084 4077; x_wconf 84' lang='lat' dir='ltr'>valere</span> <span class='ocrx_word' id='word_1_330' title='bbox 1110 4026 1315 4093; x_wconf 90' lang='lat' dir='ltr'>potest;</span> <span class='ocrx_word' id='word_1_331' title='bbox 1345 4022 1490 4076; x_wconf 90' lang='lat' dir='ltr'>sicut</span> <span class='ocrx_word' id='word_1_332' title='bbox 1534 4021 1681 4093; x_wconf 90' lang='lat' dir='ltr'>quod</span> <span class='ocrx_word' id='word_1_333' title='bbox 1730 4038 1881 4078; x_wconf 86' lang='lat' dir='ltr'>unus</span> 
     </span>
     <span class='ocr_line' id='line_1_50' title="bbox 530 4103 1874 4176; baseline 0.001 -20"><span class='ocrx_word' id='word_1_334' title='bbox 530 4126 554 4156; x_wconf 80' lang='grc' dir='ltr'><strong>α</strong></span> <span class='ocrx_word' id='word_1_335' title='bbox 586 4103 756 4160; x_wconf 91' lang='lat' dir='ltr'>homo</span> <span class='ocrx_word' id='word_1_336' title='bbox 786 4104 1057 4176; x_wconf 82' lang='lat' dir='ltr'>impetrat</span> <span class='ocrx_word' id='word_1_337' title='bbox 1084 4104 1249 4160; x_wconf 85' lang='lat' dir='ltr'>alteri</span> <span class='ocrx_word' id='word_1_338' title='bbox 1279 4104 1529 4173; x_wconf 86' lang='lat' dir='ltr'>primam</span> <span class='ocrx_word' id='word_1_339' title='bbox 1557 4104 1823 4176; x_wconf 85' lang='lat' dir='ltr'>gratiam.</span> <span class='ocrx_word' id='word_1_340' title='bbox 1850 4126 1874 4157; x_wconf 70' lang='grc' dir='ltr'><strong><em>ι</em></strong></span> 
     </span>
     <span class='ocr_line' id='line_1_51' title="bbox 522 4183 1878 4256; baseline 0.001 -17"><span class='ocrx_word' id='word_1_341' title='bbox 522 4184 707 4239; x_wconf 88' lang='lat' dir='ltr'>Sentit</span> <span class='ocrx_word' id='word_1_342' title='bbox 727 4199 861 4256; x_wconf 87' lang='lat' dir='ltr'>ergo</span> <span class='ocrx_word' id='word_1_343' title='bbox 889 4184 952 4239; x_wconf 92' lang='lat' dir='ltr'>D.</span> <span class='ocrx_word' id='word_1_344' title='bbox 974 4185 1177 4240; x_wconf 91' lang='lat' dir='ltr'>Thom.</span> <span class='ocrx_word' id='word_1_345' title='bbox 1213 4200 1533 4256; x_wconf 88' lang='lat' dir='ltr'>repugnare</span> <span class='ocrx_word' id='word_1_346' title='bbox 1555 4183 1701 4254; x_wconf 91' lang='lat' dir='ltr'>quod</span> <span class='ocrx_word' id='word_1_347' title='bbox 1728 4200 1878 4240; x_wconf 87' lang='lat' dir='ltr'>unus</span> 
     </span>
     <span class='ocr_line' id='line_1_52' title="bbox 522 4264 1878 4339; baseline 0 -18"><span class='ocrx_word' id='word_1_348' title='bbox 522 4266 689 4321; x_wconf 90' lang='lat' dir='ltr'>alteri</span> <span class='ocrx_word' id='word_1_349' title='bbox 717 4265 786 4319; x_wconf 87' lang='lat' dir='ltr'>de</span> <span class='ocrx_word' id='word_1_350' title='bbox 810 4264 1091 4338; x_wconf 85' lang='lat' dir='ltr'>condigno</span> <span class='ocrx_word' id='word_1_351' title='bbox 1121 4272 1409 4321; x_wconf 86' lang='lat' dir='ltr'>mereatur</span> <span class='ocrx_word' id='word_1_352' title='bbox 1440 4266 1686 4339; x_wconf 83' lang='lat' dir='ltr'>gratiam</span> <span class='ocrx_word' id='word_1_353' title='bbox 1709 4282 1878 4323; x_wconf 88' lang='lat' dir='ltr'>cons-</span> 
     </span>
     <span class='ocr_line' id='line_1_53' title="bbox 521 4348 1877 4422; baseline 0.002 -21"><span class='ocrx_word' id='word_1_354' title='bbox 521 4348 821 4402; x_wconf 87' lang='lat' dir='ltr'>tituentem</span> <span class='ocrx_word' id='word_1_355' title='bbox 866 4352 1098 4411; x_wconf 87' lang='lat' dir='ltr'>statum,</span> <span class='ocrx_word' id='word_1_356' title='bbox 1125 4350 1311 4419; x_wconf 89' lang='lat' dir='ltr'>qualis</span> <span class='ocrx_word' id='word_1_357' title='bbox 1333 4355 1417 4405; x_wconf 86' lang='lat' dir='ltr'>est</span> <span class='ocrx_word' id='word_1_358' title='bbox 1444 4349 1631 4422; x_wconf 84' lang='lat' dir='ltr'>gratia</span> <span class='ocrx_word' id='word_1_359' title='bbox 1661 4350 1877 4405; x_wconf 88' lang='lat' dir='ltr'>sancti-</span> 
     </span>
     <span class='ocr_line' id='line_1_54' title="bbox 518 4426 1874 4498; baseline 0.004 -17"><span class='ocrx_word' id='word_1_360' title='bbox 518 4426 712 4494; x_wconf 76' lang='lat' dir='ltr'>ficanS,</span> <span class='ocrx_word' id='word_1_361' title='bbox 747 4427 877 4484; x_wconf 91' lang='lat' dir='ltr'>licet</span> <span class='ocrx_word' id='word_1_362' title='bbox 919 4433 1088 4498; x_wconf 86' lang='lat' dir='ltr'>queat</span> <span class='ocrx_word' id='word_1_363' title='bbox 1126 4445 1252 4485; x_wconf 92' lang='lat' dir='ltr'>eam</span> <span class='ocrx_word' id='word_1_364' title='bbox 1285 4430 1452 4485; x_wconf 90' lang='lat' dir='ltr'>alteri</span> <span class='ocrx_word' id='word_1_365' title='bbox 1494 4428 1756 4485; x_wconf 84' lang='lat' dir='ltr'>obtinere</span> <span class='ocrx_word' id='word_1_366' title='bbox 1782 4431 1874 4487; x_wconf 80' lang='lat' dir='ltr'>vel</span> 
     </span>
     <span class='ocr_line' id='line_1_55' title="bbox 518 4506 1872 4583; baseline 0.002 -21"><span class='ocrx_word' id='word_1_367' title='bbox 518 4506 932 4576; x_wconf 79' lang='lat' dir='ltr'>impetratorie,</span> <span class='ocrx_word' id='word_1_368' title='bbox 965 4508 1056 4563; x_wconf 84' lang='lat' dir='ltr'>vel</span> <span class='ocrx_word' id='word_1_369' title='bbox 1085 4510 1292 4564; x_wconf 90' lang='lat' dir='ltr'>merito</span> <span class='ocrx_word' id='word_1_370' title='bbox 1319 4508 1387 4565; x_wconf 89' lang='lat' dir='ltr'>de</span> <span class='ocrx_word' id='word_1_371' title='bbox 1415 4525 1684 4583; x_wconf 83' lang='lat' dir='ltr'>congruO,</span> <span class='ocrx_word' id='word_1_372' title='bbox 1723 4508 1872 4581; x_wconf 86' lang='lat' dir='ltr'>quod</span> 
     </span>
     <span class='ocr_line' id='line_1_56' title="bbox 519 4584 1422 4658; baseline 0.004 -18"><span class='ocrx_word' id='word_1_373' title='bbox 519 4584 589 4640; x_wconf 90' lang='lat' dir='ltr'>ad</span> <span class='ocrx_word' id='word_1_374' title='bbox 612 4586 1076 4658; x_wconf 84' lang='lat' dir='ltr'>impetrationem</span> <span class='ocrx_word' id='word_1_375' title='bbox 1115 4587 1422 4644; x_wconf 85' lang='lat' dir='ltr'>reducitur.</span> 
     </span>
    </p>

    <p class='ocr_par' dir='ltr' id='par_1_7' title="bbox 591 4666 1872 4742">
     <span class='ocr_line' id='line_1_57' title="bbox 591 4666 1872 4742; baseline 0.006 -23"><span class='ocrx_word' id='word_1_376' title='bbox 591 4666 685 4720; x_wconf 72' lang='lat'>50.</span> <span class='ocrx_word' id='word_1_377' title='bbox 729 4669 857 4722; x_wconf 85' lang='lat' dir='ltr'>Haec</span> <span class='ocrx_word' id='word_1_378' title='bbox 883 4668 1211 4725; x_wconf 88' lang='lat' dir='ltr'>testimonia</span> <span class='ocrx_word' id='word_1_379' title='bbox 1260 4668 1502 4726; x_wconf 86' lang='lat' dir='ltr'>reddunt</span> <span class='ocrx_word' id='word_1_380' title='bbox 1560 4671 1697 4726; x_wconf 85' lang='lat' dir='ltr'>satis</span> <span class='ocrx_word' id='word_1_381' title='bbox 1737 4685 1872 4742; x_wconf 90' lang='lat' dir='ltr'>pro-</span> 
     </span>
    </p>
   </div>
   <div class='ocr_carea' id='block_1_6' title="bbox 511 4912 1869 5064">
    <p class='ocr_par' dir='ltr' id='par_1_8' title="bbox 511 4912 1869 5064">
     <span class='ocr_line' id='line_1_58' title="bbox 512 4912 1869 4986; baseline 0.004 -22"><span class='ocrx_word' id='word_1_382' title='bbox 512 4925 618 4965; x_wconf 86' lang='lat' dir='ltr'>nec</span> <span class='ocrx_word' id='word_1_383' title='bbox 644 4912 1018 4967; x_wconf 82' lang='lat' dir='ltr'>assertionem</span> <span class='ocrx_word' id='word_1_384' title='bbox 1059 4918 1312 4968; x_wconf 87' lang='lat' dir='ltr'>nostram</span> <span class='ocrx_word' id='word_1_385' title='bbox 1354 4912 1648 4970; x_wconf 85' lang='lat' dir='ltr'>efficaciter</span> <span class='ocrx_word' id='word_1_386' title='bbox 1676 4916 1869 4986; x_wconf 90' lang='lat' dir='ltr'>impu-</span> 
     </span>
     <span class='ocr_line' id='line_1_59' title="bbox 511 4990 1869 5064; baseline 0.007 -21"><span class='ocrx_word' id='word_1_387' title='bbox 511 4996 713 5061; x_wconf 87' lang='lat' dir='ltr'>gnant.</span> <span class='ocrx_word' id='word_1_388' title='bbox 745 4990 1145 5064; x_wconf 86' lang='lat' dir='ltr'>Respondetur</span> <span class='ocrx_word' id='word_1_389' title='bbox 1171 4994 1335 5050; x_wconf 90' lang='lat' dir='ltr'>enim·</span> <span class='ocrx_word' id='word_1_390' title='bbox 1376 4995 1431 5050; x_wconf 91' lang='lat' dir='ltr'>S.</span> <span class='ocrx_word' id='word_1_391' title='bbox 1464 4997 1759 5052; x_wconf 89' lang='lat' dir='ltr'>Doctorem</span> <span class='ocrx_word' id='word_1_392' title='bbox 1806 4996 1869 5052; x_wconf 91' lang='lat' dir='ltr'>in</span> 
     </span>
    </p>
   </div>
   <div class='ocr_carea' id='block_1_7' title="bbox 1598 353 2371 410">
    <p class='ocr_par' dir='ltr' id='par_1_9' title="bbox 1598 353 2371 410">
     <span class='ocr_line' id='line_1_60' title="bbox 1598 353 2371 410; baseline 0.003 -2"><span class='ocrx_word' id='word_1_393' title='bbox 1598 353 1692 408; x_wconf 87' lang='lat' dir='ltr'>DE</span> <span class='ocrx_word' id='word_1_394' title='bbox 1735 353 2039 408; x_wconf 79' lang='lat' dir='ltr'>PRAEMIO</span> <span class='ocrx_word' id='word_1_395' title='bbox 2089 354 2347 410; x_wconf 87' lang='lat' dir='ltr'><strong>MERITI</strong></span> <span class='ocrx_word' id='word_1_396' title='bbox 2358 396 2371 410; x_wconf 94' lang='lat'><strong>.</strong></span> 
     </span>
    </p>
   </div>
   <div class='ocr_carea' id='block_1_8' title="bbox 2001 524 3416 5137">
    <p class='ocr_par' dir='ltr' id='par_1_10' title="bbox 2038 524 3416 2049">
     <span class='ocr_line' id='line_1_61' title="bbox 2059 524 3416 586; baseline 0.005 -7"><span class='ocrx_word' id='word_1_397' title='bbox 2059 524 2150 580; x_wconf 84' lang='lat' dir='ltr'>his</span> <span class='ocrx_word' id='word_1_398' title='bbox 2196 527 2333 584; x_wconf 87' lang='lat' dir='ltr'>locis</span> <span class='ocrx_word' id='word_1_399' title='bbox 2374 543 2491 584; x_wconf 90' lang='lat' dir='ltr'>non</span> <span class='ocrx_word' id='word_1_400' title='bbox 2531 534 2775 585; x_wconf 89' lang='lat' dir='ltr'>tractare</span> <span class='ocrx_word' id='word_1_401' title='bbox 2816 530 2965 585; x_wconf 83' lang='lat' dir='ltr'>hano</span> <span class='ocrx_word' id='word_1_402' title='bbox 3018 528 3416 586; x_wconf 87' lang='lat' dir='ltr'>difficultatem</span> 
     </span>
     <span class='ocr_line' id='line_1_62' title="bbox 2055 610 3416 683; baseline 0.001 -19"><span class='ocrx_word' id='word_1_403' title='bbox 2055 623 2155 679; x_wconf 84' lang='lat' dir='ltr'>per</span> <span class='ocrx_word' id='word_1_404' title='bbox 2179 615 2497 681; x_wconf 87' lang='lat' dir='ltr'>respectum</span> <span class='ocrx_word' id='word_1_405' title='bbox 2544 611 2613 667; x_wconf 91' lang='lat' dir='ltr'>ad</span> <span class='ocrx_word' id='word_1_406' title='bbox 2660 610 2977 683; x_wconf 88' lang='lat' dir='ltr'>potentiam</span> <span class='ocrx_word' id='word_1_407' title='bbox 3027 611 3129 667; x_wconf 89' lang='lat' dir='ltr'>Dei</span> <span class='ocrx_word' id='word_1_408' title='bbox 3184 610 3416 668; x_wconf 87' lang='lat' dir='ltr'>absolu-</span> 
     </span>
     <span class='ocr_line' id='line_1_63' title="bbox 2051 690 3416 765; baseline 0.004 -21"><span class='ocrx_word' id='word_1_409' title='bbox 2051 696 2192 756; x_wconf 88' lang='lat' dir='ltr'>tam,</span> <span class='ocrx_word' id='word_1_410' title='bbox 2262 690 2360 748; x_wconf 89' lang='lat' dir='ltr'>sed</span> <span class='ocrx_word' id='word_1_411' title='bbox 2400 693 2587 749; x_wconf 82' lang='lat' dir='ltr'>solum</span> <span class='ocrx_word' id='word_1_412' title='bbox 2616 709 2715 765; x_wconf 88' lang='lat' dir='ltr'>per</span> <span class='ocrx_word' id='word_1_413' title='bbox 2737 692 3005 750; x_wconf 89' lang='lat' dir='ltr'>ordinem</span> <span class='ocrx_word' id='word_1_414' title='bbox 3035 690 3107 747; x_wconf 89' lang='lat' dir='ltr'>ad</span> <span class='ocrx_word' id='word_1_415' title='bbox 3157 708 3416 764; x_wconf 59' lang='lat' dir='ltr'>praesen-</span> 
     </span>
     <span class='ocr_line' id='line_1_64' title="bbox 2051 773 3413 848; baseline 0.001 -19"><span class='ocrx_word' id='word_1_416' title='bbox 2051 778 2167 829; x_wconf 83' lang='lat' dir='ltr'>tem</span> <span class='ocrx_word' id='word_1_417' title='bbox 2191 773 2613 846; x_wconf 87' lang='lat' dir='ltr'>providentiam</span> <span class='ocrx_word' id='word_1_418' title='bbox 2641 791 2852 848; x_wconf 87' lang='lat' dir='ltr'>:quam</span> <span class='ocrx_word' id='word_1_419' title='bbox 2878 780 2940 830; x_wconf 91' lang='lat' dir='ltr'>ut</span> <span class='ocrx_word' id='word_1_420' title='bbox 2984 790 3304 842; x_wconf 84' lang='lat' dir='ltr'>consonam</span> <span class='ocrx_word' id='word_1_421' title='bbox 3329 790 3413 831; x_wconf 85' lang='lat' dir='ltr'>re-</span> 
     </span>
     <span class='ocr_line' id='line_1_65' title="bbox 2053 855 3414 928; baseline 0.002 -18"><span class='ocrx_word' id='word_1_422' title='bbox 2053 871 2182 910; x_wconf 88' lang='lat' dir='ltr'>rum</span> <span class='ocrx_word' id='word_1_423' title='bbox 2213 857 2435 912; x_wconf 87' lang='lat' dir='ltr'>naturis</span> <span class='ocrx_word' id='word_1_424' title='bbox 2460 855 2735 924; x_wconf 85' lang='lat' dir='ltr'>ostendat,</span> <span class='ocrx_word' id='word_1_425' title='bbox 2772 858 2984 914; x_wconf 75' lang='lat' dir='ltr'>format</span> <span class='ocrx_word' id='word_1_426' title='bbox 3041 856 3268 928; x_wconf 84' lang='lat' dir='ltr'>aliquas</span> <span class='ocrx_word' id='word_1_427' title='bbox 3317 873 3414 913; x_wconf 87' lang='lat' dir='ltr'>ra-</span> 
     </span>
     <span class='ocr_line' id='line_1_66' title="bbox 2049 935 3413 1010; baseline 0.003 -20"><span class='ocrx_word' id='word_1_428' title='bbox 2049 935 2251 1000; x_wconf 88' lang='lat' dir='ltr'>tiones,</span> <span class='ocrx_word' id='word_1_429' title='bbox 2279 936 2447 1010; x_wconf 89' lang='lat' dir='ltr'>idque</span> <span class='ocrx_word' id='word_1_430' title='bbox 2469 936 2746 1010; x_wconf 80' lang='lat' dir='ltr'>praedictae</span> <span class='ocrx_word' id='word_1_431' title='bbox 2771 939 3023 994; x_wconf 85' lang='lat' dir='ltr'>rationes</span> <span class='ocrx_word' id='word_1_432' title='bbox 3049 937 3274 1009; x_wconf 86' lang='lat' dir='ltr'>optime</span> <span class='ocrx_word' id='word_1_433' title='bbox 3287 954 3413 994; x_wconf 85' lang='lat' dir='ltr'>saa·</span> 
     </span>
     <span class='ocr_line' id='line_1_67' title="bbox 2049 1016 3414 1092; baseline 0.003 -19"><span class='ocrx_word' id='word_1_434' title='bbox 2049 1016 2203 1082; x_wconf 88' lang='lat' dir='ltr'>dent,</span> <span class='ocrx_word' id='word_1_435' title='bbox 2258 1035 2374 1075; x_wconf 91' lang='lat' dir='ltr'>non</span> <span class='ocrx_word' id='word_1_436' title='bbox 2413 1035 2551 1076; x_wconf 85' lang='lat' dir='ltr'>vero</span> <span class='ocrx_word' id='word_1_437' title='bbox 2595 1020 2742 1092; x_wconf 87' lang='lat' dir='ltr'>quod</span> <span class='ocrx_word' id='word_1_438' title='bbox 2788 1020 3118 1092; x_wconf 88' lang='lat' dir='ltr'>oppositum</span> <span class='ocrx_word' id='word_1_439' title='bbox 3155 1019 3414 1092; x_wconf 87' lang='lat' dir='ltr'>implicet</span> 
     </span>
     <span class='ocr_line' id='line_1_68' title="bbox 2047 1100 3414 1177; baseline 0.002 -22"><span class='ocrx_word' id='word_1_440' title='bbox 2047 1100 2646 1167; x_wconf 88' lang='lat' dir='ltr'>contradictionem‚ut</span> <span class='ocrx_word' id='word_1_441' title='bbox 2667 1103 2849 1177; x_wconf 88' lang='lat' dir='ltr'>magis</span> <span class='ocrx_word' id='word_1_442' title='bbox 2878 1101 3163 1158; x_wconf 87' lang='lat' dir='ltr'>constabit</span> <span class='ocrx_word' id='word_1_443' title='bbox 3184 1101 3414 1176; x_wconf 82' lang='lat' dir='ltr'>singula</span> 
     </span>
     <span class='ocr_line' id='line_1_69' title="bbox 2048 1182 3416 1257; baseline 0.002 -22"><span class='ocrx_word' id='word_1_444' title='bbox 2048 1182 2377 1239; x_wconf 89' lang='lat' dir='ltr'>testimonia</span> <span class='ocrx_word' id='word_1_445' title='bbox 2421 1185 2775 1256; x_wconf 75' lang='lat' dir='ltr'>exponendo,</span> <span class='ocrx_word' id='word_1_446' title='bbox 2839 1184 3111 1255; x_wconf 86' lang='lat' dir='ltr'>Primum</span> <span class='ocrx_word' id='word_1_447' title='bbox 3160 1184 3416 1257; x_wconf 82' lang='lat' dir='ltr'>assignat</span> 
     </span>
     <span class='ocr_line' id='line_1_70' title="bbox 2047 1262 3413 1336; baseline 0.001 -20"><span class='ocrx_word' id='word_1_448' title='bbox 2047 1276 2151 1332; x_wconf 91' lang='lat' dir='ltr'>pro</span> <span class='ocrx_word' id='word_1_449' title='bbox 2173 1277 2342 1317; x_wconf 86' lang='lat' dir='ltr'>causa</span> <span class='ocrx_word' id='word_1_450' title='bbox 2368 1262 2684 1329; x_wconf 87' lang='lat' dir='ltr'>sufficienti,</span> <span class='ocrx_word' id='word_1_451' title='bbox 2716 1268 2775 1318; x_wconf 90' lang='lat' dir='ltr'>ut</span> <span class='ocrx_word' id='word_1_452' title='bbox 2796 1263 3058 1318; x_wconf 89' lang='lat' dir='ltr'>Christus</span> <span class='ocrx_word' id='word_1_453' title='bbox 3105 1263 3241 1318; x_wconf 88' lang='lat' dir='ltr'>aliis</span> <span class='ocrx_word' id='word_1_454' title='bbox 3287 1262 3413 1336; x_wconf 88' lang='lat' dir='ltr'>pri-</span> 
     </span>
     <span class='ocr_line' id='line_1_71' title="bbox 2049 1345 3407 1419; baseline 0.002 -22"><span class='ocrx_word' id='word_1_455' title='bbox 2049 1358 2203 1398; x_wconf 91' lang='lat' dir='ltr'>mam</span> <span class='ocrx_word' id='word_1_456' title='bbox 2225 1345 2470 1417; x_wconf 86' lang='lat' dir='ltr'>gratiam</span> <span class='ocrx_word' id='word_1_457' title='bbox 2497 1345 2567 1403; x_wconf 92' lang='lat' dir='ltr'>de</span> <span class='ocrx_word' id='word_1_458' title='bbox 2586 1346 2869 1419; x_wconf 87' lang='lat' dir='ltr'>condigno</span> <span class='ocrx_word' id='word_1_459' title='bbox 2914 1350 3232 1406; x_wconf 85' lang='lat' dir='ltr'>mereatur,</span> <span class='ocrx_word' id='word_1_460' title='bbox 3267 1360 3407 1400; x_wconf 88' lang='lat' dir='ltr'>con-</span> 
     </span>
     <span class='ocr_line' id='line_1_72' title="bbox 2040 1422 3406 1495; baseline 0.002 -18"><span class='ocrx_word' id='word_1_461' title='bbox 2040 1422 2354 1495; x_wconf 84' lang='lat' dir='ltr'>junctionis</span> <span class='ocrx_word' id='word_1_462' title='bbox 2382 1426 2754 1482; x_wconf 87' lang='lat' dir='ltr'>humanitatis</span> <span class='ocrx_word' id='word_1_463' title='bbox 2784 1425 3260 1482; x_wconf 82' lang='lat' dir='ltr'>adverbum.Sed</span> <span class='ocrx_word' id='word_1_464' title='bbox 3290 1426 3406 1480; x_wconf 77' lang='lat' dir='ltr'>haec</span> 
     </span>
     <span class='ocr_line' id='line_1_73' title="bbox 2047 1504 3410 1577; baseline 0.002 -19"><span class='ocrx_word' id='word_1_465' title='bbox 2047 1505 2191 1560; x_wconf 90' lang='lat' dir='ltr'>ratio</span> <span class='ocrx_word' id='word_1_466' title='bbox 2214 1506 2345 1561; x_wconf 84' lang='lat' dir='ltr'>licet</span> <span class='ocrx_word' id='word_1_467' title='bbox 2370 1505 2796 1569; x_wconf 84' lang='lat' dir='ltr'>sufficiens,non</span> <span class='ocrx_word' id='word_1_468' title='bbox 2816 1510 2903 1562; x_wconf 87' lang='lat' dir='ltr'>est</span> <span class='ocrx_word' id='word_1_469' title='bbox 2923 1504 3410 1577; x_wconf 87' lang='lat' dir='ltr'>indispensahili-</span> 
     </span>
     <span class='ocr_line' id='line_1_74' title="bbox 2047 1586 3409 1660; baseline 0.002 -20"><span class='ocrx_word' id='word_1_470' title='bbox 2047 1590 2129 1642; x_wconf 88' lang='lat' dir='ltr'>ter</span> <span class='ocrx_word' id='word_1_471' title='bbox 2155 1586 2225 1642; x_wconf 92' lang='lat' dir='ltr'>ad</span> <span class='ocrx_word' id='word_1_472' title='bbox 2254 1588 2583 1660; x_wconf 82' lang='lat' dir='ltr'>praedictum</span> <span class='ocrx_word' id='word_1_473' title='bbox 2604 1588 2867 1644; x_wconf 82' lang='lat' dir='ltr'>effectum</span> <span class='ocrx_word' id='word_1_474' title='bbox 2898 1589 3227 1643; x_wconf 87' lang='lat' dir='ltr'>necessaria</span> <span class='ocrx_word' id='word_1_475' title='bbox 3251 1613 3266 1655; x_wconf 85' lang='lat'>;</span> <span class='ocrx_word' id='word_1_476' title='bbox 3292 1605 3409 1660; x_wconf 88' lang='lat' dir='ltr'>pos·</span> 
     </span>
     <span class='ocr_line' id='line_1_75' title="bbox 2041 1668 3404 1740; baseline 0.003 -20"><span class='ocrx_word' id='word_1_477' title='bbox 2041 1672 2125 1723; x_wconf 89' lang='lat' dir='ltr'>set</span> <span class='ocrx_word' id='word_1_478' title='bbox 2152 1669 2309 1723; x_wconf 90' lang='lat' dir='ltr'>enim</span> <span class='ocrx_word' id='word_1_479' title='bbox 2357 1668 2418 1724; x_wconf 90' lang='lat' dir='ltr'>in</span> <span class='ocrx_word' id='word_1_480' title='bbox 2446 1669 2654 1725; x_wconf 88' lang='lat' dir='ltr'>merito</span> <span class='ocrx_word' id='word_1_481' title='bbox 2699 1668 2830 1740; x_wconf 87' lang='lat' dir='ltr'>puri</span> <span class='ocrx_word' id='word_1_482' title='bbox 2881 1669 3143 1725; x_wconf 90' lang='lat' dir='ltr'>hominis</span> <span class='ocrx_word' id='word_1_483' title='bbox 3187 1670 3404 1724; x_wconf 81' lang='lat' dir='ltr'>salvari</span> 
     </span>
     <span class='ocr_line' id='line_1_76' title="bbox 2044 1749 3409 1807; baseline 0.002 -3"><span class='ocrx_word' id='word_1_484' title='bbox 2044 1749 2205 1805; x_wconf 88' lang='lat' dir='ltr'>valor</span> <span class='ocrx_word' id='word_1_485' title='bbox 2225 1750 2509 1807; x_wconf 87' lang='lat' dir='ltr'>sufficiens</span> <span class='ocrx_word' id='word_1_486' title='bbox 2533 1749 2602 1807; x_wconf 91' lang='lat' dir='ltr'>ad</span> <span class='ocrx_word' id='word_1_487' title='bbox 2625 1749 2967 1807; x_wconf 89' lang='lat' dir='ltr'>merendum</span> <span class='ocrx_word' id='word_1_488' title='bbox 2992 1750 3097 1805; x_wconf 61' lang='lat' dir='ltr'>altr</span> <span class='ocrx_word' id='word_1_489' title='bbox 3116 1751 3168 1804; x_wconf 90' lang='lat' dir='ltr'>ri</span> <span class='ocrx_word' id='word_1_490' title='bbox 3193 1749 3265 1806; x_wconf 90' lang='lat' dir='ltr'>de</span> <span class='ocrx_word' id='word_1_491' title='bbox 3280 1767 3409 1807; x_wconf 81' lang='lat' dir='ltr'>eon·</span> 
     </span>
     <span class='ocr_line' id='line_1_77' title="bbox 2041 1828 3408 1906; baseline 0.001 -21"><span class='ocrx_word' id='word_1_492' title='bbox 2041 1828 2215 1903; x_wconf 89' lang='lat' dir='ltr'>digno</span> <span class='ocrx_word' id='word_1_493' title='bbox 2238 1831 2487 1903; x_wconf 86' lang='lat' dir='ltr'>primam</span> <span class='ocrx_word' id='word_1_494' title='bbox 2526 1832 2794 1906; x_wconf 89' lang='lat' dir='ltr'>gratiam,</span> <span class='ocrx_word' id='word_1_495' title='bbox 2852 1848 2981 1887; x_wconf 91' lang='lat' dir='ltr'>cum</span> <span class='ocrx_word' id='word_1_496' title='bbox 3029 1831 3126 1886; x_wconf 88' lang='lat' dir='ltr'>hic</span> <span class='ocrx_word' id='word_1_497' title='bbox 3172 1830 3408 1888; x_wconf 76' lang='lat' dir='ltr'>effectus</span> 
     </span>
     <span class='ocr_line' id='line_1_78' title="bbox 2041 1909 3406 1983; baseline 0.001 -18"><span class='ocrx_word' id='word_1_498' title='bbox 2041 1909 2220 1966; x_wconf 80' lang='lat' dir='ltr'>finitae</span> <span class='ocrx_word' id='word_1_499' title='bbox 2241 1912 2704 1969; x_wconf 82' lang='lat' dir='ltr'>aestimabilitatis</span> <span class='ocrx_word' id='word_1_500' title='bbox 2728 1913 2824 1978; x_wconf 88' lang='lat' dir='ltr'>sit,</span> <span class='ocrx_word' id='word_1_501' title='bbox 2859 1918 2914 1967; x_wconf 91' lang='lat' dir='ltr'>ut</span> <span class='ocrx_word' id='word_1_502' title='bbox 2943 1928 3120 1983; x_wconf 89' lang='lat' dir='ltr'>supra</span> <span class='ocrx_word' id='word_1_503' title='bbox 3150 1911 3406 1969; x_wconf 87' lang='lat' dir='ltr'>declara-</span> 
     </span>
     <span class='ocr_line' id='line_1_79' title="bbox 2038 1993 2251 2049; baseline 0 -1"><span class='ocrx_word' id='word_1_504' title='bbox 2038 1993 2251 2049; x_wconf 76' lang='lat' dir='ltr'>vimus.</span> 
     </span>
    </p>

    <p class='ocr_par' dir='ltr' id='par_1_11' title="bbox 2016 2074 3407 3835">
     <span class='ocr_line' id='line_1_80' title="bbox 2112 2074 3404 2148; baseline 0.004 -19"><span class='ocrx_word' id='word_1_505' title='bbox 2112 2074 2270 2131; x_wconf 79' lang='lat' dir='ltr'>Adde</span> <span class='ocrx_word' id='word_1_506' title='bbox 2288 2075 2437 2148; x_wconf 88' lang='lat' dir='ltr'>quod</span> <span class='ocrx_word' id='word_1_507' title='bbox 2478 2075 2783 2148; x_wconf 86' lang='lat' dir='ltr'>dupliciter</span> <span class='ocrx_word' id='word_1_508' title='bbox 2832 2080 3014 2148; x_wconf 90' lang='lat' dir='ltr'>potest</span> <span class='ocrx_word' id='word_1_509' title='bbox 3062 2074 3201 2142; x_wconf 90' lang='lat' dir='ltr'>dici,</span> <span class='ocrx_word' id='word_1_510' title='bbox 3252 2077 3404 2148; x_wconf 87' lang='lat' dir='ltr'>quod</span> 
     </span>
     <span class='ocr_line' id='line_1_81' title="bbox 2039 2157 3405 2230; baseline 0.004 -20"><span class='ocrx_word' id='word_1_511' title='bbox 2039 2171 2186 2210; x_wconf 85' lang='lat' dir='ltr'>unus</span> <span class='ocrx_word' id='word_1_512' title='bbox 2207 2157 2373 2213; x_wconf 87' lang='lat' dir='ltr'>alteri</span> <span class='ocrx_word' id='word_1_513' title='bbox 2403 2163 2691 2213; x_wconf 88' lang='lat' dir='ltr'>mereatur</span> <span class='ocrx_word' id='word_1_514' title='bbox 2728 2158 2977 2230; x_wconf 86' lang='lat' dir='ltr'>gratiam</span> <span class='ocrx_word' id='word_1_515' title='bbox 3007 2178 3020 2212; x_wconf 73' lang='grc' dir='ltr'>ε</span> <span class='ocrx_word' id='word_1_516' title='bbox 3068 2173 3187 2214; x_wconf 87' lang='lat' dir='ltr'>uno</span> <span class='ocrx_word' id='word_1_517' title='bbox 3234 2157 3405 2215; x_wconf 89' lang='lat' dir='ltr'>modo</span> 
     </span>
     <span class='ocr_line' id='line_1_82' title="bbox 2035 2237 3406 2303; baseline 0 -11"><span class='ocrx_word' id='word_1_518' title='bbox 2035 2252 2163 2292; x_wconf 89' lang='lat' dir='ltr'>cum</span> <span class='ocrx_word' id='word_1_519' title='bbox 2193 2238 2548 2294; x_wconf 86' lang='lat' dir='ltr'>restrictione</span> <span class='ocrx_word' id='word_1_520' title='bbox 2570 2237 2638 2293; x_wconf 92' lang='lat' dir='ltr'>ad</span> <span class='ocrx_word' id='word_1_521' title='bbox 2666 2243 2885 2294; x_wconf 84' lang='lat' dir='ltr'>certum</span> <span class='ocrx_word' id='word_1_522' title='bbox 2915 2252 3259 2303; x_wconf 89' lang='lat' dir='ltr'>numerum,</span> <span class='ocrx_word' id='word_1_523' title='bbox 3311 2244 3406 2293; x_wconf 87' lang='lat' dir='ltr'>ut-</span> 
     </span>
     <span class='ocr_line' id='line_1_83' title="bbox 2038 2317 3400 2391; baseline 0.004 -19"><span class='ocrx_word' id='word_1_524' title='bbox 2038 2324 2169 2390; x_wconf 90' lang='lat' dir='ltr'>puta</span> <span class='ocrx_word' id='word_1_525' title='bbox 2196 2317 2345 2391; x_wconf 90' lang='lat' dir='ltr'>quod</span> <span class='ocrx_word' id='word_1_526' title='bbox 2392 2325 2681 2375; x_wconf 87' lang='lat' dir='ltr'>mereatur</span> <span class='ocrx_word' id='word_1_527' title='bbox 2728 2319 2935 2386; x_wconf 79' lang='lat' dir='ltr'>tribuS,</span> <span class='ocrx_word' id='word_1_528' title='bbox 2984 2325 3084 2375; x_wconf 85' lang='lat' dir='ltr'>aut</span> <span class='ocrx_word' id='word_1_529' title='bbox 3128 2327 3400 2391; x_wconf 88' lang='lat' dir='ltr'>quatuor,</span> 
     </span>
     <span class='ocr_line' id='line_1_84' title="bbox 2036 2399 3403 2474; baseline 0.004 -21"><span class='ocrx_word' id='word_1_530' title='bbox 2036 2399 2128 2455; x_wconf 75' lang='lat' dir='ltr'>rel</span> <span class='ocrx_word' id='word_1_531' title='bbox 2179 2401 2431 2471; x_wconf 91' lang='lat' dir='ltr'>quinque</span> <span class='ocrx_word' id='word_1_532' title='bbox 2471 2400 2807 2456; x_wconf 87' lang='lat' dir='ltr'>hominibus</span> <span class='ocrx_word' id='word_1_533' title='bbox 2860 2400 3156 2474; x_wconf 84' lang='lat' dir='ltr'>gratiam:</span> <span class='ocrx_word' id='word_1_534' title='bbox 3197 2402 3403 2468; x_wconf 85' lang='lat' dir='ltr'>altero,</span> 
     </span>
     <span class='ocr_line' id='line_1_85' title="bbox 2033 2476 3407 2552; baseline 0.004 -17"><span class='ocrx_word' id='word_1_535' title='bbox 2033 2478 2182 2552; x_wconf 92' lang='lat' dir='ltr'>quod</span> <span class='ocrx_word' id='word_1_536' title='bbox 2210 2476 2500 2538; x_wconf 76' lang='lat' dir='ltr'>mereatur</span> <span class='ocrx_word' id='word_1_537' title='bbox 2522 2480 2653 2537; x_wconf 88' lang='lat' dir='ltr'>aliis</span> <span class='ocrx_word' id='word_1_538' title='bbox 2669 2480 2796 2537; x_wconf 90' lang='lat' dir='ltr'>sine</span> <span class='ocrx_word' id='word_1_539' title='bbox 2819 2480 3097 2545; x_wconf 85' lang='lat' dir='ltr'>termin0,</span> <span class='ocrx_word' id='word_1_540' title='bbox 3128 2481 3258 2538; x_wconf 80' lang='lat' dir='ltr'>sive</span> <span class='ocrx_word' id='word_1_541' title='bbox 3282 2485 3407 2539; x_wconf 86' lang='lat' dir='ltr'>col-</span> 
     </span>
     <span class='ocr_line' id='line_1_86' title="bbox 2035 2559 3406 2637; baseline 0.002 -20"><span class='ocrx_word' id='word_1_542' title='bbox 2035 2562 2263 2619; x_wconf 89' lang='lat' dir='ltr'>lectioni</span> <span class='ocrx_word' id='word_1_543' title='bbox 2291 2563 2867 2636; x_wconf 86' lang='lat' dir='ltr'>syncategorematice</span> <span class='ocrx_word' id='word_1_544' title='bbox 2891 2559 3162 2618; x_wconf 77' lang='lat' dir='ltr'>infinitae.</span> <span class='ocrx_word' id='word_1_545' title='bbox 3181 2562 3269 2618; x_wconf 79' lang='lat' dir='ltr'>Ad</span> <span class='ocrx_word' id='word_1_546' title='bbox 3286 2565 3406 2637; x_wconf 88' lang='lat' dir='ltr'>pri·</span> 
     </span>
     <span class='ocr_line' id='line_1_87' title="bbox 2033 2644 3407 2716; baseline 0.001 -16"><span class='ocrx_word' id='word_1_547' title='bbox 2033 2661 2192 2700; x_wconf 91' lang='lat' dir='ltr'>mum</span> <span class='ocrx_word' id='word_1_548' title='bbox 2223 2660 2338 2701; x_wconf 90' lang='lat' dir='ltr'>non</span> <span class='ocrx_word' id='word_1_549' title='bbox 2364 2644 2680 2716; x_wconf 89' lang='lat' dir='ltr'>requiritur</span> <span class='ocrx_word' id='word_1_550' title='bbox 2703 2644 2974 2701; x_wconf 90' lang='lat' dir='ltr'>infinitus</span> <span class='ocrx_word' id='word_1_551' title='bbox 2997 2645 3165 2701; x_wconf 83' lang='lat' dir='ltr'>valor</span> <span class='ocrx_word' id='word_1_552' title='bbox 3194 2645 3258 2701; x_wconf 90' lang='lat' dir='ltr'>in</span> <span class='ocrx_word' id='word_1_553' title='bbox 3286 2661 3407 2702; x_wconf 87' lang='lat' dir='ltr'>me-</span> 
     </span>
     <span class='ocr_line' id='line_1_88' title="bbox 2033 2726 3401 2800; baseline 0 -17"><span class='ocrx_word' id='word_1_554' title='bbox 2033 2727 2163 2792; x_wconf 90' lang='lat' dir='ltr'>rito,</span> <span class='ocrx_word' id='word_1_555' title='bbox 2193 2743 2323 2784; x_wconf 88' lang='lat' dir='ltr'>cum</span> <span class='ocrx_word' id='word_1_556' title='bbox 2366 2727 2632 2798; x_wconf 88' lang='lat' dir='ltr'>respiciat</span> <span class='ocrx_word' id='word_1_557' title='bbox 2673 2727 2980 2800; x_wconf 63' lang='lat' dir='ltr'>praemium</span> <span class='ocrx_word' id='word_1_558' title='bbox 3021 2726 3401 2784; x_wconf 84' lang='lat' dir='ltr'>determinati</span> 
     </span>
     <span class='ocr_line' id='line_1_89' title="bbox 2031 2805 3400 2882; baseline -0.001 -18"><span class='ocrx_word' id='word_1_559' title='bbox 2031 2809 2245 2866; x_wconf 86' lang='lat' dir='ltr'>valoris</span> <span class='ocrx_word' id='word_1_560' title='bbox 2270 2832 2284 2874; x_wconf 88' lang='lat'>;</span> <span class='ocrx_word' id='word_1_561' title='bbox 2329 2808 2647 2882; x_wconf 87' lang='lat' dir='ltr'>requiritur</span> <span class='ocrx_word' id='word_1_562' title='bbox 2695 2814 2890 2863; x_wconf 88' lang='lat' dir='ltr'>tamen</span> <span class='ocrx_word' id='word_1_563' title='bbox 2937 2805 3009 2863; x_wconf 91' lang='lat' dir='ltr'>ad</span> <span class='ocrx_word' id='word_1_564' title='bbox 3057 2807 3400 2872; x_wconf 87' lang='lat' dir='ltr'>secundum,</span> 
     </span>
     <span class='ocr_line' id='line_1_90' title="bbox 2028 2888 3399 2961; baseline 0 -17"><span class='ocrx_word' id='word_1_565' title='bbox 2028 2888 2101 2944; x_wconf 89' lang='lat' dir='ltr'>ob</span> <span class='ocrx_word' id='word_1_566' title='bbox 2126 2890 2442 2961; x_wconf 89' lang='lat' dir='ltr'>oppositam</span> <span class='ocrx_word' id='word_1_567' title='bbox 2475 2889 2929 2944; x_wconf 89' lang='lat' dir='ltr'>rationem.Cum</span> <span class='ocrx_word' id='word_1_568' title='bbox 2957 2902 3099 2961; x_wconf 89' lang='lat' dir='ltr'>ergo</span> <span class='ocrx_word' id='word_1_569' title='bbox 3120 2889 3399 2945; x_wconf 88' lang='lat' dir='ltr'>meritum</span> 
     </span>
     <span class='ocr_line' id='line_1_91' title="bbox 2029 2968 3398 3040; baseline 0.001 -15"><span class='ocrx_word' id='word_1_570' title='bbox 2029 2970 2237 3025; x_wconf 91' lang='lat' dir='ltr'>Christi</span> <span class='ocrx_word' id='word_1_571' title='bbox 2258 2976 2560 3027; x_wconf 85' lang='lat' dir='ltr'>externum</span> <span class='ocrx_word' id='word_1_572' title='bbox 2584 2969 2757 3025; x_wconf 81' lang='lat' dir='ltr'>fuerit</span> <span class='ocrx_word' id='word_1_573' title='bbox 2774 2968 2960 3040; x_wconf 90' lang='lat' dir='ltr'>quoad</span> <span class='ocrx_word' id='word_1_574' title='bbox 2989 2968 3398 3026; x_wconf 84' lang='lat' dir='ltr'>sufficientiam</span> 
     </span>
     <span class='ocr_line' id='line_1_92' title="bbox 2027 3048 3398 3114; baseline 0.002 -11"><span class='ocrx_word' id='word_1_575' title='bbox 2027 3048 2097 3104; x_wconf 92' lang='lat' dir='ltr'>ad</span> <span class='ocrx_word' id='word_1_576' title='bbox 2139 3051 2383 3107; x_wconf 89' lang='lat' dir='ltr'>salutem</span> <span class='ocrx_word' id='word_1_577' title='bbox 2428 3050 2746 3105; x_wconf 88' lang='lat' dir='ltr'>humanam</span> <span class='ocrx_word' id='word_1_578' title='bbox 2773 3049 2902 3104; x_wconf 89' lang='lat' dir='ltr'>sine</span> <span class='ocrx_word' id='word_1_579' title='bbox 2943 3048 3220 3114; x_wconf 87' lang='lat' dir='ltr'>termino,</span> <span class='ocrx_word' id='word_1_580' title='bbox 3279 3065 3398 3106; x_wconf 83' lang='lat' dir='ltr'>nou</span> 
     </span>
     <span class='ocr_line' id='line_1_93' title="bbox 2026 3129 3397 3204; baseline 0 -17"><span class='ocrx_word' id='word_1_581' title='bbox 2026 3129 2207 3203; x_wconf 86' lang='lat' dir='ltr'>potuit</span> <span class='ocrx_word' id='word_1_582' title='bbox 2227 3147 2345 3187; x_wconf 90' lang='lat' dir='ltr'>non</span> <span class='ocrx_word' id='word_1_583' title='bbox 2365 3148 2486 3189; x_wconf 82' lang='lat' dir='ltr'>esse</span> <span class='ocrx_word' id='word_1_584' title='bbox 2509 3131 2850 3204; x_wconf 87' lang='lat' dir='ltr'>simpliciter</span> <span class='ocrx_word' id='word_1_585' title='bbox 2888 3129 3397 3197; x_wconf 79' lang='lat' dir='ltr'>infinitum,hanc·</span> 
     </span>
     <span class='ocr_line' id='line_1_94' title="bbox 2022 3210 3395 3287; baseline 0 -20"><span class='ocrx_word' id='word_1_586' title='bbox 2022 3227 2130 3284; x_wconf 89' lang='lat' dir='ltr'>que</span> <span class='ocrx_word' id='word_1_587' title='bbox 2181 3210 2532 3269; x_wconf 87' lang='lat' dir='ltr'>infinitatem</span> <span class='ocrx_word' id='word_1_588' title='bbox 2579 3211 2792 3269; x_wconf 89' lang='lat' dir='ltr'>habere</span> <span class='ocrx_word' id='word_1_589' title='bbox 2851 3228 2924 3268; x_wconf 82' lang='lat' dir='ltr'>ex</span> <span class='ocrx_word' id='word_1_590' title='bbox 2981 3213 3395 3287; x_wconf 86' lang='lat' dir='ltr'>conjunctione</span> 
     </span>
     <span class='ocr_line' id='line_1_95' title="bbox 2023 3291 3395 3364; baseline 0.001 -16"><span class='ocrx_word' id='word_1_591' title='bbox 2023 3293 2400 3349; x_wconf 85' lang='lat' dir='ltr'>humanitatis</span> <span class='ocrx_word' id='word_1_592' title='bbox 2426 3291 2496 3349; x_wconf 88' lang='lat' dir='ltr'>ad</span> <span class='ocrx_word' id='word_1_593' title='bbox 2524 3294 2723 3349; x_wconf 87' lang='lat' dir='ltr'>Deum.</span> <span class='ocrx_word' id='word_1_594' title='bbox 2746 3295 2814 3347; x_wconf 85' lang='lat' dir='ltr'>Et</span> <span class='ocrx_word' id='word_1_595' title='bbox 2844 3292 2907 3347; x_wconf 91' lang='lat' dir='ltr'>in</span> <span class='ocrx_word' id='word_1_596' title='bbox 2936 3292 3042 3349; x_wconf 89' lang='lat' dir='ltr'>hoc</span> <span class='ocrx_word' id='word_1_597' title='bbox 3064 3309 3241 3349; x_wconf 86' lang='lat' dir='ltr'>sensu</span> <span class='ocrx_word' id='word_1_598' title='bbox 3259 3309 3395 3364; x_wconf 88' lang='lat' dir='ltr'>pro-</span> 
     </span>
     <span class='ocr_line' id='line_1_96' title="bbox 2020 3371 3394 3447; baseline -0.001 -18"><span class='ocrx_word' id='word_1_599' title='bbox 2020 3373 2168 3429; x_wconf 88' lang='lat' dir='ltr'>cedit</span> <span class='ocrx_word' id='word_1_600' title='bbox 2197 3374 2343 3430; x_wconf 88' lang='lat' dir='ltr'>ratio</span> <span class='ocrx_word' id='word_1_601' title='bbox 2387 3376 2449 3429; x_wconf 92' lang='lat' dir='ltr'>D.</span> <span class='ocrx_word' id='word_1_602' title='bbox 2497 3374 2701 3429; x_wconf 90' lang='lat' dir='ltr'>Thom.</span> <span class='ocrx_word' id='word_1_603' title='bbox 2753 3371 2852 3429; x_wconf 89' lang='lat' dir='ltr'>sed</span> <span class='ocrx_word' id='word_1_604' title='bbox 2891 3389 3009 3428; x_wconf 89' lang='lat' dir='ltr'>non</span> <span class='ocrx_word' id='word_1_605' title='bbox 3058 3373 3394 3447; x_wconf 77' lang='lat' dir='ltr'>praejudicat</span> 
     </span>
     <span class='ocr_line' id='line_1_97' title="bbox 2021 3453 3392 3525; baseline 0.001 -16"><span class='ocrx_word' id='word_1_606' title='bbox 2021 3459 2232 3510; x_wconf 81' lang='lat' dir='ltr'>nostrae</span> <span class='ocrx_word' id='word_1_607' title='bbox 2256 3454 2578 3519; x_wconf 83' lang='lat' dir='ltr'>assertioni,</span> <span class='ocrx_word' id='word_1_608' title='bbox 2606 3469 2731 3525; x_wconf 82' lang='lat' dir='ltr'>quae</span> <span class='ocrx_word' id='word_1_609' title='bbox 2756 3454 2949 3509; x_wconf 87' lang='lat' dir='ltr'>solum</span> <span class='ocrx_word' id='word_1_610' title='bbox 2980 3453 3258 3519; x_wconf 87' lang='lat' dir='ltr'>affirmat,</span> <span class='ocrx_word' id='word_1_611' title='bbox 3286 3453 3392 3511; x_wconf 91' lang='lat' dir='ltr'>ho-</span> 
     </span>
     <span class='ocr_line' id='line_1_98' title="bbox 2019 3535 3392 3610; baseline 0.002 -19"><span class='ocrx_word' id='word_1_612' title='bbox 2019 3537 2239 3592; x_wconf 90' lang='lat' dir='ltr'>minem</span> <span class='ocrx_word' id='word_1_613' title='bbox 2269 3553 2478 3608; x_wconf 89' lang='lat' dir='ltr'>purum</span> <span class='ocrx_word' id='word_1_614' title='bbox 2514 3553 2674 3610; x_wconf 88' lang='lat' dir='ltr'>posse</span> <span class='ocrx_word' id='word_1_615' title='bbox 2713 3535 2784 3592; x_wconf 88' lang='lat' dir='ltr'>de</span> <span class='ocrx_word' id='word_1_616' title='bbox 2828 3536 3124 3610; x_wconf 86' lang='lat' dir='ltr'>condigno</span> <span class='ocrx_word' id='word_1_617' title='bbox 3172 3539 3392 3595; x_wconf 88' lang='lat' dir='ltr'>mereri</span> 
     </span>
     <span class='ocr_line' id='line_1_99' title="bbox 2019 3618 3394 3692; baseline 0.001 -17"><span class='ocrx_word' id='word_1_618' title='bbox 2019 3618 2167 3682; x_wconf 91' lang='lat' dir='ltr'>huic,</span> <span class='ocrx_word' id='word_1_619' title='bbox 2215 3625 2311 3674; x_wconf 91' lang='lat' dir='ltr'>aut</span> <span class='ocrx_word' id='word_1_620' title='bbox 2361 3619 2447 3675; x_wconf 90' lang='lat' dir='ltr'>illi</span> <span class='ocrx_word' id='word_1_621' title='bbox 2502 3620 2753 3692; x_wconf 89' lang='lat' dir='ltr'>primam</span> <span class='ocrx_word' id='word_1_622' title='bbox 2799 3618 3074 3690; x_wconf 88' lang='lat' dir='ltr'>gratiam,</span> <span class='ocrx_word' id='word_1_623' title='bbox 3137 3619 3394 3677; x_wconf 90' lang='lat' dir='ltr'>minime</span> 
     </span>
     <span class='ocr_line' id='line_1_100' title="bbox 2016 3696 3394 3770; baseline 0.002 -16"><span class='ocrx_word' id='word_1_624' title='bbox 2016 3714 2152 3755; x_wconf 84' lang='lat' dir='ltr'>vero</span> <span class='ocrx_word' id='word_1_625' title='bbox 2177 3696 2327 3770; x_wconf 90' lang='lat' dir='ltr'>quod</span> <span class='ocrx_word' id='word_1_626' title='bbox 2354 3698 2529 3770; x_wconf 85' lang='lat' dir='ltr'>possit</span> <span class='ocrx_word' id='word_1_627' title='bbox 2554 3699 2769 3755; x_wconf 88' lang='lat' dir='ltr'>mereri</span> <span class='ocrx_word' id='word_1_628' title='bbox 2809 3698 3088 3755; x_wconf 88' lang='lat' dir='ltr'>omnihus</span> <span class='ocrx_word' id='word_1_629' title='bbox 3114 3699 3248 3755; x_wconf 87' lang='lat' dir='ltr'>sine</span> <span class='ocrx_word' id='word_1_630' title='bbox 3271 3705 3394 3757; x_wconf 85' lang='lat' dir='ltr'>ter-</span> 
     </span>
     <span class='ocr_line' id='line_1_101' title="bbox 2016 3794 2196 3835; baseline -0.006 -1"><span class='ocrx_word' id='word_1_631' title='bbox 2016 3794 2196 3835; x_wconf 82' lang='lat' dir='ltr'>mino.</span> 
     </span>
    </p>

    <p class='ocr_par' dir='ltr' id='par_1_12' title="bbox 2001 3858 3399 5067">
     <span class='ocr_line' id='line_1_102' title="bbox 2088 3858 3394 3931; baseline 0.004 -19"><span class='ocrx_word' id='word_1_632' title='bbox 2088 3858 2408 3915; x_wconf 90' lang='lat' dir='ltr'>Secundum</span> <span class='ocrx_word' id='word_1_633' title='bbox 2448 3859 2622 3916; x_wconf 89' lang='lat' dir='ltr'>etiam</span> <span class='ocrx_word' id='word_1_634' title='bbox 2676 3859 3079 3916; x_wconf 87' lang='lat' dir='ltr'>testimonium</span> <span class='ocrx_word' id='word_1_635' title='bbox 3129 3860 3394 3931; x_wconf 83' lang='lat' dir='ltr'>procedit</span> 
     </span>
     <span class='ocr_line' id='line_1_103' title="bbox 2013 3936 3392 4012; baseline 0.002 -18"><span class='ocrx_word' id='word_1_636' title='bbox 2013 3936 2323 3994; x_wconf 88' lang='lat' dir='ltr'>secundum</span> <span class='ocrx_word' id='word_1_637' title='bbox 2348 3945 2684 4012; x_wconf 79' lang='lat' dir='ltr'>praesentem</span> <span class='ocrx_word' id='word_1_638' title='bbox 2717 3937 3173 4011; x_wconf 85' lang='lat' dir='ltr'>providentiam,</span> <span class='ocrx_word' id='word_1_639' title='bbox 3220 3940 3392 4011; x_wconf 82' lang='lat' dir='ltr'>juxta</span> 
     </span>
     <span class='ocr_line' id='line_1_104' title="bbox 2011 4021 3391 4092; baseline 0.004 -18"><span class='ocrx_word' id='word_1_640' title='bbox 2011 4035 2181 4092; x_wconf 91' lang='lat' dir='ltr'>quam</span> <span class='ocrx_word' id='word_1_641' title='bbox 2207 4026 2353 4077; x_wconf 89' lang='lat' dir='ltr'>recte</span> <span class='ocrx_word' id='word_1_642' title='bbox 2372 4021 2677 4086; x_wconf 86' lang='lat' dir='ltr'>convincit,</span> <span class='ocrx_word' id='word_1_643' title='bbox 2701 4022 3001 4077; x_wconf 88' lang='lat' dir='ltr'>hominem</span> <span class='ocrx_word' id='word_1_644' title='bbox 3029 4037 3250 4092; x_wconf 90' lang='lat' dir='ltr'>purum</span> <span class='ocrx_word' id='word_1_645' title='bbox 3269 4040 3391 4080; x_wconf 88' lang='lat' dir='ltr'>non</span> 
     </span>
     <span class='ocr_line' id='line_1_105' title="bbox 2013 4099 3390 4175; baseline 0.003 -19"><span class='ocrx_word' id='word_1_646' title='bbox 2013 4116 2173 4172; x_wconf 90' lang='lat' dir='ltr'>posse</span> <span class='ocrx_word' id='word_1_647' title='bbox 2211 4099 2282 4156; x_wconf 89' lang='lat' dir='ltr'>de</span> <span class='ocrx_word' id='word_1_648' title='bbox 2324 4100 2606 4175; x_wconf 91' lang='lat' dir='ltr'>condigno</span> <span class='ocrx_word' id='word_1_649' title='bbox 2659 4102 2874 4157; x_wconf 89' lang='lat' dir='ltr'>mereri</span> <span class='ocrx_word' id='word_1_650' title='bbox 2904 4101 3078 4156; x_wconf 90' lang='lat' dir='ltr'>alteri</span> <span class='ocrx_word' id='word_1_651' title='bbox 3122 4103 3390 4172; x_wconf 88' lang='lat' dir='ltr'>primam</span> 
     </span>
     <span class='ocr_line' id='line_1_106' title="bbox 2009 4179 3394 4251; baseline 0.004 -17"><span class='ocrx_word' id='word_1_652' title='bbox 2009 4180 2276 4251; x_wconf 82' lang='lat' dir='ltr'>gratiam.</span> <span class='ocrx_word' id='word_1_653' title='bbox 2325 4184 2471 4237; x_wconf 89' lang='lat' dir='ltr'>Nam</span> <span class='ocrx_word' id='word_1_654' title='bbox 2517 4181 2588 4238; x_wconf 89' lang='lat' dir='ltr'>de</span> <span class='ocrx_word' id='word_1_655' title='bbox 2636 4182 2778 4236; x_wconf 89' lang='lat' dir='ltr'>facto</span> <span class='ocrx_word' id='word_1_656' title='bbox 2806 4179 3161 4251; x_wconf 82' lang='lat' dir='ltr'>dispositum</span> <span class='ocrx_word' id='word_1_657' title='bbox 3190 4189 3301 4251; x_wconf 87' lang='lat' dir='ltr'>est,</span> <span class='ocrx_word' id='word_1_658' title='bbox 3328 4191 3394 4240; x_wconf 84' lang='lat' dir='ltr'>ut</span> 
     </span>
     <span class='ocr_line' id='line_1_107' title="bbox 2004 4261 3395 4333; baseline 0.005 -18"><span class='ocrx_word' id='word_1_659' title='bbox 2004 4261 2187 4333; x_wconf 86' lang='lat' dir='ltr'>justus</span> <span class='ocrx_word' id='word_1_660' title='bbox 2216 4278 2316 4333; x_wconf 86' lang='lat' dir='ltr'>per</span> <span class='ocrx_word' id='word_1_661' title='bbox 2335 4278 2466 4319; x_wconf 88' lang='lat' dir='ltr'>suos</span> <span class='ocrx_word' id='word_1_662' title='bbox 2489 4269 2643 4318; x_wconf 90' lang='lat' dir='ltr'>actus</span> <span class='ocrx_word' id='word_1_663' title='bbox 2665 4261 2733 4318; x_wconf 88' lang='lat' dir='ltr'>de</span> <span class='ocrx_word' id='word_1_664' title='bbox 2748 4261 3038 4333; x_wconf 87' lang='lat' dir='ltr'>condigno</span> <span class='ocrx_word' id='word_1_665' title='bbox 3081 4272 3395 4322; x_wconf 85' lang='lat' dir='ltr'>mereatur</span> 
     </span>
     <span class='ocr_line' id='line_1_108' title="bbox 2008 4340 3391 4416; baseline 0.004 -20"><span class='ocrx_word' id='word_1_666' title='bbox 2008 4340 2117 4397; x_wconf 89' lang='lat' dir='ltr'>sibi</span> <span class='ocrx_word' id='word_1_667' title='bbox 2162 4343 2428 4412; x_wconf 84' lang='lat' dir='ltr'>gloriam,</span> <span class='ocrx_word' id='word_1_668' title='bbox 2472 4348 2528 4399; x_wconf 88' lang='lat' dir='ltr'>et</span> <span class='ocrx_word' id='word_1_669' title='bbox 2571 4342 2769 4416; x_wconf 75' lang='lat' dir='ltr'>gloriae</span> <span class='ocrx_word' id='word_1_670' title='bbox 2797 4348 3204 4414; x_wconf 86' lang='lat' dir='ltr'>augmentum.</span> <span class='ocrx_word' id='word_1_671' title='bbox 3249 4361 3391 4402; x_wconf 85' lang='lat' dir='ltr'>oum</span> 
     </span>
     <span class='ocr_line' id='line_1_109' title="bbox 2006 4422 3393 4496; baseline 0.004 -19"><span class='ocrx_word' id='word_1_672' title='bbox 2006 4438 2117 4494; x_wconf 89' lang='lat' dir='ltr'>quo</span> <span class='ocrx_word' id='word_1_673' title='bbox 2138 4439 2254 4478; x_wconf 91' lang='lat' dir='ltr'>non</span> <span class='ocrx_word' id='word_1_674' title='bbox 2279 4424 2538 4488; x_wconf 77' lang='lat' dir='ltr'>cohaeret,</span> <span class='ocrx_word' id='word_1_675' title='bbox 2571 4422 2721 4496; x_wconf 90' lang='lat' dir='ltr'>quod</span> <span class='ocrx_word' id='word_1_676' title='bbox 2767 4422 2901 4477; x_wconf 89' lang='lat' dir='ltr'>aliis</span> <span class='ocrx_word' id='word_1_677' title='bbox 2956 4423 3078 4479; x_wconf 92' lang='lat' dir='ltr'>alia</span> <span class='ocrx_word' id='word_1_678' title='bbox 3135 4429 3393 4496; x_wconf 72' lang='lat' dir='ltr'>praemia</span> 
     </span>
     <span class='ocr_line' id='line_1_110' title="bbox 2006 4502 3390 4578; baseline 0.006 -20"><span class='ocrx_word' id='word_1_679' title='bbox 2006 4503 2076 4559; x_wconf 91' lang='lat' dir='ltr'>de</span> <span class='ocrx_word' id='word_1_680' title='bbox 2100 4502 2382 4578; x_wconf 84' lang='lat' dir='ltr'>condigno</span> <span class='ocrx_word' id='word_1_681' title='bbox 2408 4512 2729 4571; x_wconf 88' lang='lat' dir='ltr'>mereatur;</span> <span class='ocrx_word' id='word_1_682' title='bbox 2759 4504 2897 4576; x_wconf 87' lang='lat' dir='ltr'>quia</span> <span class='ocrx_word' id='word_1_683' title='bbox 2936 4504 3064 4575; x_wconf 86' lang='lat' dir='ltr'>ejus</span> <span class='ocrx_word' id='word_1_684' title='bbox 3094 4509 3390 4566; x_wconf 76' lang='lat' dir='ltr'>meritum</span> 
     </span>
     <span class='ocr_line' id='line_1_111' title="bbox 2004 4585 3392 4663; baseline 0.004 -21"><span class='ocrx_word' id='word_1_685' title='bbox 2004 4586 2359 4650; x_wconf 84' lang='lat' dir='ltr'>exhauritur,</span> <span class='ocrx_word' id='word_1_686' title='bbox 2380 4592 2436 4642; x_wconf 89' lang='lat' dir='ltr'>et</span> <span class='ocrx_word' id='word_1_687' title='bbox 2457 4585 2787 4658; x_wconf 84' lang='lat' dir='ltr'>adaequatur</span> <span class='ocrx_word' id='word_1_688' title='bbox 2811 4601 2911 4658; x_wconf 88' lang='lat' dir='ltr'>per</span> <span class='ocrx_word' id='word_1_689' title='bbox 2936 4587 3207 4656; x_wconf 87' lang='lat' dir='ltr'>primum</span> <span class='ocrx_word' id='word_1_690' title='bbox 3240 4608 3392 4663; x_wconf 75' lang='lat' dir='ltr'>prae·</span> 
     </span>
     <span class='ocr_line' id='line_1_112' title="bbox 2004 4666 3392 4737; baseline 0.007 -17"><span class='ocrx_word' id='word_1_691' title='bbox 2004 4666 2209 4731; x_wconf 91' lang='lat' dir='ltr'>mium,</span> <span class='ocrx_word' id='word_1_692' title='bbox 2259 4673 2315 4722; x_wconf 90' lang='lat' dir='ltr'>et</span> <span class='ocrx_word' id='word_1_693' title='bbox 2361 4683 2476 4722; x_wconf 91' lang='lat' dir='ltr'>non</span> <span class='ocrx_word' id='word_1_694' title='bbox 2506 4666 2675 4723; x_wconf 90' lang='lat' dir='ltr'>habet</span> <span class='ocrx_word' id='word_1_695' title='bbox 2719 4673 2948 4724; x_wconf 89' lang='lat' dir='ltr'>tantum</span> <span class='ocrx_word' id='word_1_696' title='bbox 2991 4670 3291 4737; x_wconf 85' lang='lat' dir='ltr'>valorem,</span> <span class='ocrx_word' id='word_1_697' title='bbox 3327 4683 3392 4731; x_wconf 86' lang='lat' dir='ltr'>ut</span> 
     </span>
     <span class='ocr_line' id='line_1_113' title="bbox 2007 4746 3392 4815; baseline 0.009 -12"><span class='ocrx_word' id='word_1_698' title='bbox 2007 4748 2189 4803; x_wconf 89' lang='lat' dir='ltr'>valeat</span> <span class='ocrx_word' id='word_1_699' title='bbox 2215 4764 2274 4803; x_wconf 90' lang='lat' dir='ltr'>se</span> <span class='ocrx_word' id='word_1_700' title='bbox 2300 4746 2607 4804; x_wconf 83' lang='lat' dir='ltr'>extendere</span> <span class='ocrx_word' id='word_1_701' title='bbox 2631 4748 2701 4804; x_wconf 87' lang='lat' dir='ltr'>ad</span> <span class='ocrx_word' id='word_1_702' title='bbox 2731 4750 2869 4805; x_wconf 87' lang='lat' dir='ltr'>alia.</span> <span class='ocrx_word' id='word_1_703' title='bbox 2896 4749 3157 4807; x_wconf 88' lang='lat' dir='ltr'>Minime</span> <span class='ocrx_word' id='word_1_704' title='bbox 3181 4758 3392 4815; x_wconf 87' lang='lat' dir='ltr'>tamen</span> 
     </span>
     <span class='ocr_line' id='line_1_114' title="bbox 2004 4829 3399 4907; baseline 0.008 -22"><span class='ocrx_word' id='word_1_705' title='bbox 2004 4834 2298 4902; x_wconf 88' lang='lat' dir='ltr'>repugnat,</span> <span class='ocrx_word' id='word_1_706' title='bbox 2322 4829 2469 4901; x_wconf 91' lang='lat' dir='ltr'>quod</span> <span class='ocrx_word' id='word_1_707' title='bbox 2491 4831 2638 4886; x_wconf 85' lang='lat' dir='ltr'>Deus</span> <span class='ocrx_word' id='word_1_708' title='bbox 2662 4846 2752 4886; x_wconf 89' lang='lat' dir='ltr'>res</span> <span class='ocrx_word' id='word_1_709' title='bbox 2766 4832 2937 4889; x_wconf 88' lang='lat' dir='ltr'>aliter</span> <span class='ocrx_word' id='word_1_710' title='bbox 2958 4832 3264 4907; x_wconf 89' lang='lat' dir='ltr'>disponat,</span> <span class='ocrx_word' id='word_1_711' title='bbox 3287 4837 3399 4896; x_wconf 86' lang='lat' dir='ltr'>de-</span> 
     </span>
     <span class='ocr_line' id='line_1_115' title="bbox 2001 4908 3398 4988; baseline 0.007 -22"><span class='ocrx_word' id='word_1_712' title='bbox 2001 4908 2290 4966; x_wconf 88' lang='lat' dir='ltr'>cernendo</span> <span class='ocrx_word' id='word_1_713' title='bbox 2311 4910 2457 4981; x_wconf 89' lang='lat' dir='ltr'>quod</span> <span class='ocrx_word' id='word_1_714' title='bbox 2480 4912 2666 4983; x_wconf 86' lang='lat' dir='ltr'>justus</span> <span class='ocrx_word' id='word_1_715' title='bbox 2689 4912 2808 4968; x_wconf 91' lang='lat' dir='ltr'>loco</span> <span class='ocrx_word' id='word_1_716' title='bbox 2831 4913 3057 4985; x_wconf 83' lang='lat' dir='ltr'>gloriae‚</span> <span class='ocrx_word' id='word_1_717' title='bbox 3091 4933 3279 4988; x_wconf 87' lang='lat' dir='ltr'>quam</span> <span class='ocrx_word' id='word_1_718' title='bbox 3307 4920 3398 4976; x_wconf 85' lang='lat' dir='ltr'>si-</span> 
     </span>
     <span class='ocr_line' id='line_1_116' title="bbox 2002 4987 3389 5067; baseline 0.009 -23"><span class='ocrx_word' id='word_1_719' title='bbox 2002 4987 2061 5045; x_wconf 91' lang='lat' dir='ltr'>bi</span> <span class='ocrx_word' id='word_1_720' title='bbox 2085 5005 2187 5062; x_wconf 88' lang='lat' dir='ltr'>per</span> <span class='ocrx_word' id='word_1_721' title='bbox 2213 4989 2365 5048; x_wconf 89' lang='lat' dir='ltr'>bona</span> <span class='ocrx_word' id='word_1_722' title='bbox 2404 5007 2576 5064; x_wconf 91' lang='lat' dir='ltr'>opera</span> <span class='ocrx_word' id='word_1_723' title='bbox 2621 4992 2800 5064; x_wconf 85' lang='lat' dir='ltr'>possit</span> <span class='ocrx_word' id='word_1_724' title='bbox 2841 5009 3216 5067; x_wconf 88' lang='lat' dir='ltr'>comparare,</span> <span class='ocrx_word' id='word_1_725' title='bbox 3251 5016 3389 5057; x_wconf 83' lang='lat' dir='ltr'>me·-</span> 
     </span>
    </p>

    <p class='ocr_par' dir='ltr' id='par_1_13' title="bbox 3178 5087 3385 5137">
     <span class='ocr_line' id='line_1_117' title="bbox 3178 5087 3385 5137; baseline 0.014 -3"><span class='ocrx_word' id='word_1_726' title='bbox 3178 5087 3385 5137; x_wconf 85' lang='lat' dir='ltr'>reatur</span> 
     </span>
    </p>
   </div>
  </div>
 </body>
</html>
