3647 5753
482 356 594 412 784
1302 354 1395 408 DE
1435 352 1993 409 REVIVISCENTIA
2030 352 2496 410 MERITORUM.

1075 528 1109 595 s
1148 525 1240 581 111.

481 689 893 763 Proponuntur,
913 696 962 744 et
983 689 1275 745 diluuntur
1287 686 1483 766 aliqua
1501 686 1838 759 objectionem

288 868 428 926 Prima
562 852 643 906 10.
679 850 754 905 Ut
775 852 963 906 autem
987 849 1107 906 haec
1127 852 1331 921 quarta
1350 847 1636 905 sententia
1657 845 1840 922 magis

267 916 465 969 ⁰b³⁰⁰⁸¹⁰·
479 930 762 988 elucidata
814 934 1070 998 maneat,
1129 929 1415 986 nonnulla
1462 932 1661 985 contra
1709 942 1837 984 eam

481 1012 835 1087 objiciemus,
886 1027 957 1068 ex
995 1026 1241 1083 quorum
1292 1010 1574 1067 solutione
1625 1008 1840 1065 veritas

482 1092 664 1168 magis
687 1093 1021 1150 innotescet.
1059 1090 1293 1165 Dbjicies
1320 1107 1454 1159 ergo
1483 1091 1691 1164 prim0,
1718 1104 1838 1146 non

476 1173 761 1231 cohaerere
783 1191 912 1231 cum
942 1173 1330 1247 proportione,
1355 1188 1480 1245 quae
1521 1170 1687 1227 debet
1710 1185 1837 1227 ser-

473 1255 601 1311 vari
649 1255 804 1312 inter
827 1257 1075 1329 gratiam
1118 1255 1183 1311 in
1206 1269 1329 1311 esse
1370 1252 1602 1319 morali,
1644 1266 1742 1307 seu
1769 1250 1837 1307 in

467 1351 589 1393 esse
615 1339 832 1411 gratiae,
865 1345 922 1393 et
949 1338 1101 1394 inter
1129 1337 1313 1408 ipsam
1340 1335 1403 1391 in
1428 1349 1550 1391 esse
1577 1334 1831 1408 physice,

464 1417 616 1490 quod
655 1435 786 1474 cum
825 1419 998 1476 homo
1044 1417 1245 1491 recipit
1280 1416 1527 1491 gratiam
1555 1417 1744 1473 solum
1772 1420 1836 1472 ut

465 1500 718 1574 quinque
743 1501 1058 1558 secundum
1087 1501 1236 1556 hanc
1277 1499 1653 1572 posteriorem
1692 1514 1835 1555 con-

464 1581 897 1659 siderationem,
923 1584 1057 1658 quia
1087 1598 1334 1657 praesens
1353 1582 1622 1639 contritio
1642 1582 1832 1638 solum

464 1670 549 1723 est
569 1671 629 1721 ut
651 1667 923 1739 quinque,
954 1665 1191 1738 recipiat
1228 1665 1476 1739 gratiam
1516 1663 1831 1721 secundum

468 1748 632 1804 illam
683 1749 933 1820 priorem
979 1746 1494 1806 considerationem
1544 1752 1605 1802 ut
1654 1747 1832 1820 quin—

464 1827 756 1903 quaginta,
785 1847 838 1886 v.
869 1847 923 1905 g,
955 1828 1089 1902 quia
1116 1834 1196 1885 tot
1216 1835 1382 1885 erant
1402 1828 1607 1885 merita
1632 1828 1831 1884 morti-

464 1908 647 1976 ficata,
679 1927 803 1984 quae
827 1910 1213 1968 reviviscunt:
1243 1926 1399 1985 ergo,
1430 1915 1534 1966 etc.

540 1993 933 2066 Respondetur
988 1992 1248 2068 negando
1293 1991 1665 2060 antecedens;
1709 2007 1828 2049 non

462 2073 624 2132 enim
654 2074 921 2147 praedicta
949 2075 1241 2147 proportio
1268 2074 1530 2147 postulat,
1557 2077 1619 2128 ut
1644 2072 1829 2146 gratia

464 2155 526 2212 in
556 2171 676 2213 esse
706 2156 938 2230 physico
957 2155 1031 2210 sit
1052 2154 1287 2226 aequalis
1311 2153 1422 2210 sibi
1464 2154 1573 2226 ipsi
1616 2153 1680 2210 in
1706 2168 1829 2210 esse

460 2236 681 2310 gratias,
739 2242 836 2292 aut
883 2234 1031 2309 quod
1076 2236 1214 2291 dum
1262 2234 1463 2292 crescit
1511 2232 1826 2291 secundum

462 2317 610 2374 hanc
633 2319 1008 2391 posteriorem
1034 2317 1570 2384 considerationem,
1614 2322 1829 2373 crescat

460 2401 735 2458 similiter
778 2399 1090 2458 secundum
1140 2401 1303 2458 illam
1348 2399 1625 2473 priorem.
1666 2398 1826 2465 Quod

460 2479 674 2555 duplici
703 2484 968 2555 exemplo
989 2480 1268 2538 declarari
1299 2487 1496 2554 potest.
1523 2484 1667 2537 Nam
1690 2496 1826 2555 gra-

460 2561 541 2617 tia
562 2562 773 2618 Christi
799 2561 1030 2618 Domini
1059 2563 1122 2619 in
1149 2578 1270 2620 esse
1299 2562 1551 2636 physico,
1577 2562 1717 2619 etin
1739 2576 1827 2616 ra·

455 2642 613 2700 tione
639 2641 934 2715 qualitatis
957 2650 1043 2699 est
1063 2642 1229 2699 finita
1253 2666 1268 2709 ς
1300 2642 1364 2696 in
1384 2658 1506 2699 esse
1532 2658 1669 2700 vero
1695 2658 1827 2700 mo-

457 2722 593 2789 rali,
607 2738 704 2777 seu
725 2722 787 2777 in
802 2736 924 2777 esse
944 2723 1143 2795 gratiae
1163 2727 1247 2778 est
1267 2720 1497 2778 infinita
1514 2746 1526 2788 ;
1551 2728 1606 2778 et
1627 2729 1822 2779 tamen

456 2817 574 2858 non
601 2800 755 2858 deest
784 2800 867 2857 ibi
896 2800 1087 2859 debita
1128 2802 1441 2874 proportio,
1475 2802 1692 2860 Deinde
1721 2818 1822 2876 per

455 2890 610 2942 actus
638 2885 908 2941 remissos
921 2884 1218 2941 charitatis
1235 2901 1352 2943 non
1375 2891 1615 2960 augetur
1635 2887 1823 2960 gratia

457 2966 522 3021 in
568 2982 690 3024 esse
730 2966 984 3040 physico,
1015 2966 1160 3023 sicut
1187 2981 1371 3040 neque
1412 2983 1513 3041 per
1541 2973 1696 3024 actus
1736 2967 1825 3023 in·

454 3051 646 3105 tensos
668 3052 907 3122 augetur
931 3047 1244 3104 secundum
1274 3055 1451 3106 totam
1472 3065 1673 3106 eorum
1698 3047 1823 3106 lati-

454 3126 737 3196 tudinem,
782 3127 880 3184 sed
925 3129 1113 3186 solum
1163 3129 1474 3186 secundum
1527 3146 1822 3188 excessum

455 3215 625 3265 actus
669 3226 844 3283 supra
895 3209 1177 3279 habitum,
1234 3216 1296 3267 ut
1356 3217 1441 3269 est
1497 3212 1821 3269 communis

452 3290 884 3347 Thomistarum
911 3291 1215 3360 sententia,
1258 3309 1433 3366 quam
1461 3292 1525 3349 in
1552 3295 1819 3349 Tractatu

449 3370 521 3428 de
549 3371 838 3430 Charitate
882 3370 1281 3441 firmabimus;
1323 3379 1380 3430 et
1430 3374 1820 3432 nihilominus

450 3467 551 3525 per
578 3452 892 3526 quemlibet
913 3458 1101 3509 actum
1129 3471 1159 3511 a
1180 3455 1369 3530 gratia
1392 3455 1815 3527 procedentem,

448 3537 822 3608 quantumvis
851 3538 1180 3604 remissum,
1205 3544 1463 3596 meretur
1491 3538 1663 3596 homo
1692 3554 1819 3594 ma-

447 3615 631 3690 jorem
661 3617 944 3692 gloriam3
975 3624 1031 3675 et
1070 3622 1387 3692 acceptatur
1415 3617 1486 3676 ad
1523 3620 1689 3675 illam
1715 3635 1818 3677 suo

449 3702 709 3769 tempore
755 3696 1122 3766 reddendam,
1154 3697 1303 3772 quod
1328 3704 1414 3756 est
1450 3699 1697 3774 gratiam
1726 3700 1818 3775 ip-

453 3797 576 3836 sam
606 3783 802 3856 augeri
827 3782 889 3838 in
916 3798 1038 3840 esse
1055 3781 1275 3856 gratiae.

240 3894 434 3938 secunda
535 3865 618 3920 11.
675 3863 931 3921 Secundo
982 3863 1233 3938 objicies,
1288 3864 1449 3937 sequi
1500 3880 1572 3922 ex
1621 3873 1818 3924 nostra

239 3942 423 3996 objectio
449 3944 753 4010 sententia,
780 3944 928 4018 quod
956 3945 1127 4003 homo
1163 3959 1264 4017 per
1302 3948 1485 4002 solam
1529 3948 1818 4004 extrinse-

450 4040 575 4082 cam
604 4026 1047 4099 acceptationem
1083 4029 1417 4099 acceptetur,
1449 4031 1506 4083 et
1546 4027 1817 4086 reddatur

450 4108 659 4184 dignus
686 4110 755 4167 ad
782 4108 1049 4185 gloriam,
1079 4124 1253 4182 quam
1274 4109 1489 4166 meruit
1514 4125 1616 4183 per
1641 4126 1817 4183 opera

450 4193 573 4260 illa,
618 4209 742 4266 quaa
777 4192 1170 4250 reviviscunt:
1201 4192 1304 4249 hoc
1349 4198 1541 4250 autem
1584 4192 1816 4251 videtur

253 4282 415 4327 conen.
449 4280 647 4333 contra
674 4273 994 4332 Concilium
1017 4273 1277 4332 Trident.
1300 4292 1428 4332 sess.
1459 4277 1514 4343 6,
1539 4291 1659 4350 cap.
1684 4278 1738 4345 7,
1763 4283 1813 4332 et

233 4332 411 4378 'mdem
448 4374 568 4430 cap.
610 4359 693 4422 ll,
729 4354 1074 4422 ubidicitur,
1095 4354 1393 4413 hominem
1417 4354 1546 4414 fieri
1569 4355 1813 4431 dignum

447 4438 568 4494 vita
613 4442 830 4494 aeterna
869 4451 969 4509 per
990 4435 1274 4510 justitiam
1320 4435 1726 4505 inhaerentem,
1756 4442 1815 4496 et

447 4535 566 4577 non
593 4534 696 4592 per
735 4518 993 4577 favorem
1033 4518 1441 4586 extrinsecum,
1467 4523 1527 4576 ut
1555 4520 1668 4577 late
1707 4535 1813 4577 ex-

445 4600 753 4674 pendimus
816 4601 1082 4656 Tractatu
1136 4600 1497 4673 praecedenti,
1552 4602 1694 4675 disp.
1750 4604 1805 4670 2,

442 4682 570 4740 dub.
609 4682 655 4750 l,
686 4696 841 4756 erg0,
872 4685 976 4737 etc.
1008 4681 1245 4754 Sequela
1268 4681 1576 4756 probatur;
1600 4699 1737 4740 nam
1760 4684 1811 4740 si

442 4762 615 4821 homo
667 4762 877 4836 absque
927 4761 1048 4818 ulla
1099 4761 1288 4836 gratia
1338 4762 1533 4821 habita
1579 4762 1643 4819 in
1688 4779 1811 4821 esse

441 4846 675 4922 physico
696 4849 1082 4918 acceptaretur
1105 4844 1174 4902 ad
1196 4845 1464 4920 gloriam,
1492 4847 1688 4921 utique
1709 4865 1810 4922 per

438 4930 628 4985 solum
658 4928 918 4985 favorem
945 4927 1334 4985 extrinsecum
1377 4934 1764 5002 acceptaretur
1793 4950 1807 4986 ε

438 5025 574 5081 ergo
600 5009 649 5063 si
691 5024 819 5065 cum
862 5007 1081 5065 minori
1108 5008 1294 5083 gratia
1320 5008 1383 5067 in
1410 5025 1532 5069 esse
1572 5010 1808 5086 physico

248 2006 429 2052 solutio.

1974 527 2290 595 acceptetur
2330 521 2401 579 ad
2428 523 2677 598 gloriam
2714 524 2882 598 longe
2909 522 3217 597 maiorem,
3246 538 3352 579 ac-

1970 605 2214 678 ceptatio
2258 607 2367 664 ista
2404 613 2685 681 quantum
2713 605 2784 664 ad
2828 606 3002 662 illum
3041 622 3347 663 excessum

1971 687 2158 743 solum
2186 686 2283 745 flet
2322 703 2423 760 per
2448 686 2785 762 praedictum
2813 686 3093 754 favorem,
3123 691 3180 743 et
3220 702 3345 743 non

1972 782 2074 841 per
2095 767 2312 842 aliquid
2339 769 2738 827 intrinsecum.

2043 848 2438 923 Respondetur
2482 848 2744 924 negando
2786 847 3100 921 sequelam.
3150 848 3222 902 Et
3263 845 3344 903 ad
3362 860 3540 915 am

1971 928 2365 1002 probationem
2393 930 2702 988 dicendum
2719 936 2820 996 est,
2851 926 3100 1003 gratiam
3120 944 3247 1001 quae
3268 928 3342 985 in
3410 919 3480 952 “⁰

1968 1026 2091 1067 esse
2116 1010 2352 1085 physico
2391 1011 2717 1071 formaliter
2742 1017 2827 1069 est
2868 1009 3128 1077 remissa,
3172 1025 3344 1082 posse

1967 1090 2142 1148 etiam
2166 1090 2230 1147 in
2250 1106 2373 1148 esse
2391 1091 2627 1167 physico
2646 1108 2769 1149 esse
2783 1090 3115 1148 virtualiter
3136 1090 3342 1147 inten-

1967 1189 2089 1231 sam
2119 1189 2222 1247 per
2261 1173 2527 1231 ordinem
2556 1174 2628 1231 ad
2656 1174 2884 1240 merita,
2929 1189 3055 1247 quae
3095 1188 3342 1245 praeces-

1966 1260 2198 1323 serunt;
2239 1255 2375 1327 quia
2400 1256 2601 1313 omnia
2641 1256 2764 1313 haec
2802 1255 3030 1324 merita,
3060 1259 3118 1311 et
3148 1255 3343 1329 gloria

1966 1335 2088 1391 illis
2119 1336 2573 1410 correspondens
2605 1335 2975 1394 continentur
3003 1335 3343 1392 virtualiter

1966 1417 2030 1474 in
2081 1418 2201 1492 ipsa
2241 1418 2445 1493 gratia,
2475 1418 2743 1493 quamvis
2792 1417 3114 1475 formaliter
3165 1417 3339 1475 illam

1963 1505 2255 1573 superent.
2285 1501 2440 1573 Sicut
2482 1507 2598 1558 tota
2639 1499 2829 1567 arbor,
2860 1505 2918 1558 et
2953 1500 3076 1573 ejus
3115 1498 3341 1556 fructus

1964 1583 2329 1641 continentur
2382 1584 2716 1641 virtualiter
2780 1584 2847 1641 in
2904 1582 3146 1649 semine,
3199 1582 3340 1640 licet

1964 1663 2288 1723 formaliter
2316 1666 2484 1741 longe
2524 1666 2670 1723 illud
2709 1663 3175 1740 superexoedant.
3208 1666 3340 1729 Quo

1960 1749 2225 1820 exemplo
2249 1750 2427 1805 utitur
2449 1752 2513 1806 D.
2544 1750 2795 1807 Thomas
2815 1749 2877 1805 in
2901 1746 3186 1821 praesenti,
3214 1754 3333 1804 art.
3355 1759 3412 1802 ι).
3429 1759 3519 1802 m

1962 1830 2016 1895 8,
2048 1828 2150 1885 ubi
2188 1829 2270 1886 sic
2310 1830 2430 1886 ait:
2464 1831 2837 1903 Auqmentum
2875 1831 3067 1901 qratia
3110 1846 3223 1884 non
3254 1837 3338 1884 est

1959 1929 2130 1986 supra
2187 1914 2450 1969 virtutem
2490 1914 2890 1986 praexistentis
2938 1914 3147 1983 qratia,
3208 1912 3337 1968 Καὶ

1958 1994 2032 2048 sit
2082 2010 2252 2068 supra
2299 1996 2664 2071 quantitatem
2709 1995 2923 2067 ipsius.-
2974 1995 3115 2048 sicut
3164 1992 3340 2047 arbor

1961 2075 2081 2132 licet
2125 2079 2200 2132 sit
2236 2093 2406 2148 supra
2434 2081 2799 2154 quantitatem
2840 2077 3081 2141 seminis,
3113 2092 3225 2130 non
3253 2084 3336 2132 est

1959 2166 2141 2213 tamen
2159 2176 2329 2232 supra
2371 2162 2487 2230 ejus
2514 2162 2794 2216 virtutem.
2818 2161 2887 2215 Et
2916 2160 2934 2213 1
2964 2164 3113 2231 part.
3139 2167 3331 2233 quast.

1967 2241 2087 2306 117,
2113 2247 2223 2295 art.
2249 2242 2286 2296 2
2310 2241 2385 2296 ad
2418 2242 2473 2306 3,
2496 2241 2755 2298 concedit
2793 2241 3041 2315 gratiam
3082 2240 3334 2316 alicujus

1959 2321 2198 2378 viatoris
2226 2337 2385 2394 posse
2410 2338 2686 2394 superare
2719 2322 2966 2397 gratiam
2994 2322 3332 2394 aliquorum

1959 2402 2317 2476 angelorum,
2345 2404 2548 2461 nonin
2570 2408 2715 2469 actu,
2743 2418 2841 2459 seu
2864 2402 3206 2468 formaliter,
3226 2403 3334 2461 sed

1957 2483 2021 2540 in
2043 2483 2273 2540 virtute.
2307 2486 2480 2542 Juxta
2502 2501 2675 2558 quam
2709 2482 3033 2541 doctrinam
3074 2482 3147 2540 ad
3174 2500 3334 2557 prae-

1956 2564 2166 2622 dictam
2217 2565 2612 2638 probationem
2648 2566 2954 2624 dicendum
2993 2573 3096 2633 est,
3128 2566 3334 2623 homi-

1956 2663 2092 2705 nem
2138 2648 2444 2707 habentem
2480 2649 2770 2708 minorem
2809 2650 3056 2723 gratiam
3100 2649 3332 2707 forma-

1956 2729 2110 2796 liter,
2143 2736 2601 2804 aoceptatumque
2642 2730 2711 2787 ad
2740 2733 3022 2805 majorem
3046 2730 3323 2805 gloriam,

1956 2827 2071 2870 non
2095 2813 2375 2886 acceptari
2414 2814 2588 2871 etiam
2611 2820 2892 2888 quantum
2919 2813 2989 2871 ad
3028 2828 3332 2870 excessum

1956 2910 2057 2967 per
2102 2894 2323 2968 aliquid
2369 2898 2795 2966 extrinsecum;
2836 2897 2974 2971 quia
2999 2901 3333 2969 acceptatur

1956 2997 2058 3054 per
2104 2982 2289 3055 ipsam
2339 2983 2608 3058 gratiam,
2657 2990 2940 3059 quatenus
2991 2983 3331 3042 virtualiter

1955 3062 2266 3121 intrinsece
2300 3066 2557 3122 continet
2594 3066 2769 3123 talem
2808 3080 3120 3122 excessum.
3150 3065 3331 3121 Secus

1953 3160 2093 3203 vero
2136 3147 2184 3203 si
2214 3152 2532 3220 acceptetur
2557 3149 2687 3206 sine
2726 3149 2845 3204 ulla
2882 3148 3069 3223 gratia
3106 3146 3173 3203 in
3198 3163 3331 3204 aese

1954 3226 2207 3300 physico,
2231 3226 2366 3298 quia
2393 3232 2529 3283 tunc
2554 3226 2706 3284 nihil
2735 3226 2972 3284 haberet
2997 3226 3061 3285 in
3085 3241 3147 3283 se
3176 3243 3329 3284 con-

1952 3307 2147 3363 tineus
2165 3307 2494 3364 virtualiter
2518 3309 2787 3382 gratiam,
2819 3313 2917 3364 aut
2952 3307 3219 3382 gloriam,
3248 3310 3325 3366 ad

1951 3403 2126 3461 quam
2159 3393 2564 3461 acceptaretur.
2697 3449 2708 3455 ,

2034 3470 2116 3525 12.
2149 3468 2342 3525 Tertio
2367 3468 2617 3544 objicies,
2648 3469 2800 3545 quod
2830 3470 2880 3526 si
2908 3469 3082 3528 homo
3122 3471 3188 3528 in
3213 3471 3328 3530 hac
3367 3492 3504 3535 rent·

1952 3552 2090 3616 vita,
2121 3551 2260 3607 dum
2281 3555 2428 3607 esset
2461 3552 2667 3618 viator,
2693 3566 2815 3609 non
2851 3566 2911 3608 se
2937 3551 3219 3626 disposuit
3248 3554 3328 3611 ad
3341 3541 3525 3594 m

1953 3631 2340 3705 recipiendam
2383 3633 2547 3690 illam
2590 3635 2858 3709 gratiam,
2890 3650 3015 3707 quae
3064 3635 3326 3693 mortifi-

1951 3713 2088 3770 catis
2140 3713 2364 3770 meritis
2405 3712 2736 3782 debebatur,
2794 3730 2978 3788 neque
3025 3715 3205 3773 etiam
3255 3717 3324 3773 in

1950 3794 2137 3867 patria
2156 3810 2217 3852 se
2244 3793 2506 3867 disponet
2533 3800 2693 3852 :tum
2714 3796 2849 3868 quia
2872 3803 3094 3871 tempus
3119 3797 3325 3871 dispo-

1948 3876 2197 3944 sitioniS,
2240 3882 2297 3934 et
2321 3877 2515 3935 meriti
2557 3884 2644 3936 est
2675 3879 2864 3936 solum
2911 3885 3138 3952 tempus
3164 3881 3321 3939 viae:

1948 3961 2072 4014 tum
2106 3957 2303 4023 etiam,
2335 3958 2471 4031 quia
2500 3964 2562 4016 ut
2593 3960 2676 4016 ait
2704 3960 3015 4033 Scriptura,
3048 3961 3325 4020 ubicum-

1947 4053 2058 4110 que
2094 4037 2361 4096 ceciderit
2399 4040 2648 4114 lignum,
2694 4039 2776 4097 ibi
2804 4037 3090 4109 manebit,
3125 4044 3187 4100 id
3231 4052 3326 4103 est

1948 4135 2066 4178 non
2107 4120 2277 4178 aliter
2325 4121 2560 4193 recipiet
2608 4121 2782 4181 homo
2827 4124 2892 4182 in
2930 4124 3127 4181 futura
3171 4125 3317 4193 vita,

1945 4215 2118 4273 quam
2169 4216 2233 4258 se
2281 4200 2535 4276 disponit
2587 4202 2648 4260 in
2697 4206 3002 4277 praesenti:
3048 4205 3139 4264 vel
3178 4222 3325 4283 ergo

1946 4280 2375 4341 concedendum.
2421 4288 2521 4351 est,
2566 4284 2716 4357 quod
2769 4286 2833 4342 in
2881 4288 3147 4360 praesenti
3193 4288 3324 4346 vita

1946 4362 2179 4437 physice
2201 4379 2264 4421 se
2282 4363 2547 4438 disponat
2574 4364 2646 4421 ad
2664 4367 2932 4440 gratiam,
2958 4383 3131 4442 quam
3160 4371 3324 4427 ami-

1944 4443 2051 4511 sit;
2082 4445 2178 4502 vel
2218 4460 2337 4504 non
2388 4451 2473 4504 est
2508 4448 2903 4518 asserendum,
2945 4450 3097 4525 quod
3143 4450 3322 4509 illam

1945 4524 2182 4597 recipiat
2208 4525 2272 4583 in
2294 4527 2507 4596 futura,
2533 4528 2582 4584 si
2610 4530 2790 4586 semel
2812 4530 2883 4587 ad
2923 4533 3100 4590 talem
3124 4546 3323 4607 recep·

1943 4604 2161 4663 tionem
2190 4608 2508 4666 necessaria
2536 4609 2613 4665 sit
2637 4610 2910 4683 praedicta
2929 4611 3257 4687 dispositio.

2016 4687 2411 4761 Respondetur
2457 4691 2720 4765 negando
2760 4693 3131 4761 antecedens3
3176 4699 3517 4785 tuncmmm

1940 4766 2101 4825 enim
2129 4768 2359 4827 habebit
2403 4771 2577 4830 homo
2603 4776 2789 4830 actum
2841 4774 3138 4833 charitatis
3192 4775 3326 4834 fer·
3519 4769 3526 4778 ’

1943 4850 2344 4910 ventissimam
2417 4855 2959 4927 correspondentem
3036 4857 3325 4916 omnibus

1940 4932 2167 4989 meritis
2206 4935 2658 5007 praecedentibus
2683 4937 2845 5012 :jqui
2880 4937 3116 5011 quidem
3152 4944 3323 4999 actus

1914 5018 2219 5084 quatenus
2263 5014 2558 5091 dispositio
2606 5024 2692 5079 est
2740 5019 2813 5078 ad
2861 5020 3113 5095 gratiam
3164 5023 3324 5092 (sive

3036 5103 3318 5176 procedat
