3647 5753
652 440 763 497 844
1696 445 1791 500 DE
1831 444 2136 500 PRAEMIO
2174 445 2456 502 MERITI.

652 612 998 683 differentia,
1025 621 1082 672 et
1106 616 1399 675 multoties
1419 615 1519 674 ubi
1541 616 1711 674 datur
1731 616 2016 690 impetra-

650 694 751 762 tio,
806 712 923 754 non
969 697 1139 755 datur
1166 702 1442 757 meritum
1482 698 1554 756 de
1597 716 1871 777 congruo,
1902 706 2015 758 ete

650 793 948 836 converso.
979 783 1205 854 Pauper
1249 782 1412 839 enim
1459 783 1703 856 petendo
1744 783 2016 856 impetrat

650 860 1082 932 eleemosinam,
1116 879 1289 935 quam
1337 869 1534 920 tamen
1561 879 1679 922 non
1707 869 1965 922 meretur
1995 884 2010 919 ε

650 943 811 999 Beati
832 943 1007 1000 etiam
1031 946 1348 1020 impetrant
1368 946 1501 1003 aliis
1522 948 1690 1020 plura
1712 944 2006 1013 beneficia,

649 1024 747 1097 qui
779 1030 972 1083 tamen
1014 1042 1131 1084 non
1157 1032 1294 1083 sunt
1333 1028 1397 1085 in
1435 1034 1585 1087 statu
1628 1025 1892 1086 merendi
1936 1043 2012 1085 :e

650 1110 850 1162 contra
892 1122 1029 1165 vero
1059 1107 1354 1181 reprobus,
1394 1110 1650 1183 quandiu
1677 1115 1762 1167 est
1787 1110 1851 1166 in
1875 1125 2012 1185 gra-

648 1187 748 1254 tia,
775 1193 1029 1247 meretur
1049 1193 1318 1266 gloriam,
1344 1198 1404 1249 et
1430 1194 1815 1252 nihilominus
1843 1194 2008 1250 illam

647 1271 836 1344 reipsa
858 1287 976 1328 non
1005 1273 1299 1348 impetrat.
1327 1275 1633 1342 Quodlibet
1658 1276 1836 1333 etiam
1883 1291 2009 1332 me-

648 1351 828 1409 ritum
880 1354 1121 1425 requirit
1147 1362 1358 1414 statum
1404 1359 1604 1433 gratias
1632 1358 1695 1414 in
1720 1357 2004 1433 subjecto;

644 1448 816 1505 quam
870 1439 1065 1492 tamen
1093 1437 1425 1512 impetratio
1468 1455 1587 1497 non
1632 1439 1896 1512 requirit,
1946 1442 2008 1493 ut

431 1529 484 1571 D.
507 1528 610 1574 Tuo.
642 1513 806 1574 docet
826 1517 1100 1575 D.Thom.
1118 1522 1172 1587 2,
1189 1524 1243 1589 2,
1260 1523 1541 1601 quaest.83,
1562 1529 1672 1579 art.
1689 1523 1773 1578 16.
1788 1521 2008 1579 Deinde

644 1598 999 1672 principium
1035 1604 1386 1676 praecipuum
1414 1602 1679 1661 merendi
1705 1609 1790 1661 est
1808 1604 2007 1660 chari-

645 1684 731 1733 tas
745 1705 760 1747 ;
809 1681 1164 1755 principium
1194 1691 1385 1742 autem
1434 1685 1786 1758 praecipuum
1815 1685 2000 1757 impe-

639 1759 833 1815 trandi
855 1769 939 1819 est
965 1765 1176 1835 oratio,
1206 1772 1264 1824 et
1290 1764 1451 1832 fides,
1485 1772 1548 1822 ut
1575 1765 1752 1823 tradit
1778 1767 1836 1821 S.
1862 1770 2005 1823 Doc-

638 1843 729 1897 tor
770 1841 882 1899 loco
907 1846 1158 1918 procbime
1185 1850 1281 1905 cit.
1327 1856 1436 1905 art.
1491 1851 1555 1906 13
1581 1859 1631 1905 et
1658 1855 1763 1905 art.
1806 1850 1890 1905 15.
1935 1852 2006 1904 Et

639 1928 702 1978 ut
728 1925 844 1982 alia
871 1930 1227 1995 omittamuS,
1260 1931 1436 1988 totius
1469 1930 1811 1989 differentiae
1839 1936 2003 2003 caput

637 2007 742 2069 est,
776 2008 927 2078 quod
953 2025 1127 2083 supra
1157 2011 1600 2086 assignavimus,
1628 2028 1837 2085 nempe
1876 2026 2004 2067 me-

639 2085 819 2142 ritum
844 2089 1020 2148 inniti
1050 2092 1223 2149 alicui
1247 2093 1500 2167 justitiae,
1533 2094 2001 2167 impetrationem

637 2182 776 2225 vero
821 2173 928 2228 soli
977 2173 1388 2232 misericordiae
1440 2197 1453 2231 :
1503 2181 1671 2248 atque
1722 2175 1853 2233 ideo
1899 2173 2000 2231 ubi

637 2251 803 2307 nulla
843 2260 927 2310 est
968 2257 1211 2330 justitia,
1266 2259 1496 2314 nullum
1537 2265 1620 2315 est
1660 2259 1937 2317 meritum
1983 2279 1997 2315 ε

636 2337 822 2402 potest
863 2342 1058 2395 tamen
1084 2353 1206 2394 esse
1246 2336 1595 2411 impetratio,
1643 2346 1704 2395 ut
1730 2339 1891 2398 docet
1928 2343 1996 2396 D.

639 2412 846 2471 Thom.
877 2417 1015 2474 locis
1039 2419 1252 2484 relatiS,
1285 2423 1340 2475 et
1361 2421 1421 2474 in
1446 2420 1500 2486 4,
1532 2420 1660 2477 dist.
1685 2423 1777 2487 45,
1810 2427 1993 2499 quaest.

631 2491 687 2558 2,
720 2500 829 2548 art.
866 2498 911 2562 l,
938 2505 1120 2573 quast.
1156 2499 1201 2563 1,
1230 2496 1328 2553 ubi
1353 2498 1433 2553 ait
1460 2518 1472 2553 ε
1502 2496 1828 2566 Dicendum,
1856 2502 2000 2578 quod

633 2577 893 2631 meritum
920 2576 1092 2634 Deum
1118 2579 1322 2650 obliyat
1362 2580 1437 2635 ad
1478 2583 1569 2636 sui
1593 2586 1999 2639 remuneratio-

629 2670 753 2708 nem
780 2657 1091 2727 exjustitia
1112 2661 1326 2726 stricta,
1359 2662 1409 2714 si
1426 2663 1501 2715 sit
1528 2664 1784 2718 meritum
1812 2664 1997 2720 condi-

630 2750 802 2803 gnum
819 2754 837 2793 .·
879 2737 962 2791 vel
1002 2740 1294 2811 potentiali
1333 2741 1561 2812 (qualis
1587 2748 1672 2798 est
1698 2744 1996 2817 amicitia)

628 2817 681 2870 si
698 2818 770 2870 sit
792 2821 1046 2873 meritum
1067 2822 1312 2890 conyrui,
1344 2838 1449 2895 quo
1474 2819 1618 2876 Deus
1637 2821 1906 2895 obliqatus
1925 2844 1997 2883 ea>

624 2900 970 2967 qratitudine
1006 2902 1275 2972 praemiat.
1310 2900 1635 2974 Impetratio
1673 2912 1860 2961 autem
1885 2924 1996 2962 non

628 2975 833 3047 obliqat
858 2978 1034 3036 Deum
1053 2981 1387 3051 exjustitia,
1420 2982 1512 3037 sed
1534 2984 1767 3055 petitum
1793 2986 1994 3043 obtinet

433 3076 598 3129 oodoy.
629 3060 749 3116 sola
782 3061 1113 3119 liberalitate
1139 3063 1443 3134 laryientis.
1477 3064 1752 3123 Videatur
1797 3070 1994 3145 Godoy

629 3139 665 3194 3
712 3151 859 3214 part.
891 3145 1034 3218 disp.
1063 3146 1155 3213 47,
1190 3148 1220 3215 §
1249 3146 1303 3213 8,
1339 3145 1434 3202 ubi
1460 3148 1603 3203 alias
1630 3147 1993 3209 differentias

629 3223 901 3296 assignat.

435 3320 598 3372 Duplex
690 3304 783 3361 77.
830 3307 914 3362 Ex
958 3304 1164 3378 quibus
1209 3307 1386 3363 etiam
1426 3314 1576 3381 patet
1604 3308 1675 3365 ad
1720 3309 1834 3369 duo
1862 3329 1991 3370 mo-

413 3371 612 3474 ⁰223«fo
628 3390 766 3455 tiva,
798 3402 924 3461 quae
952 3387 1203 3461 Vasquez
1250 3392 1850 3462 responsioni'nostrae
1884 3411 1990 3467 op-

626 3470 809 3544 ponit,
863 3473 920 3524 et
962 3468 1171 3541 quibus
1219 3470 1688 3544 impetrationem
1742 3492 1775 3532 a
1822 3475 2010 3533 nobis,

544 3600 547 3601 γ
626 3552 939 3610 admissam
988 3550 1307 3626 impugnat.
1355 3552 1608 3631 Prinjum
1651 3563 1737 3614 est
1784 3578 1798 3614 ε
1843 3575 1989 3632 quo—

624 3633 787 3689 niam
834 3632 924 3686 vis
971 3630 1396 3704 impetrationis
1455 3635 1841 3695 mortificatur
1886 3656 1987 3712 per

621 3712 973 3784 subsequens
1021 3718 1309 3783 peccatum
1345 3733 1358 3767 :
1405 3714 1503 3770 sed
1531 3715 1602 3772 ob
1633 3717 1778 3776 hanc
1807 3722 1988 3778 ratio-

623 3810 758 3852 nem
776 3796 962 3868 Justus
984 3808 1101 3848 non
1119 3798 1297 3864 potest
1318 3797 1533 3852 mereri
1560 3802 1984 3872 reparationem

622 3880 747 3949 post
783 3876 1007 3945 lapsum
1043 3893 1056 3928 ε
1093 3889 1229 3947 ergo
1255 3873 1327 3930 ob
1358 3875 1602 3934 eandem
1632 3895 1749 3937 non
1778 3884 1986 3954 poterit

619 3955 946 4030 praedictam
973 3953 1394 4024 reparationem
1419 3957 1748 4032 impetrare.
1780 3965 1986 4022 Secun-

619 4037 753 4091 dum
791 4040 876 4092 est
921 4054 933 4089 :
965 4049 1101 4089 nam
1130 4033 1180 4089 si
1203 4034 1387 4107 justus
1417 4047 1602 4110 posset
1628 4044 1847 4101 orando
1889 4062 1982 4102 re-

618 4117 977 4191 parationem
1010 4120 1133 4188 post
1161 4115 1385 4189 lapsum
1428 4119 1761 4193 impetrare,
1817 4127 1982 4184 illam

619 4196 1013 4255 infallibiliter
1040 4204 1498 4269 consequeretur,
1525 4202 1671 4258 sicut
1711 4205 1983 4280 impetrat

619 4279 736 4335 alia
757 4279 907 4335 dona
929 4294 1056 4334 cum
1099 4276 1307 4333 debitis
1332 4279 1762 4344 circunstantiis
1786 4296 1984 4361 postu-

618 4361 753 4425 lata,
781 4361 943 4434 juxta
967 4360 1131 4416 illam
1156 4359 1368 4416 Christi
1392 4364 1623 4421 Domini
1652 4372 1983 4439 promissio-

621 4455 755 4496 nem
791 4460 804 4495 :
848 4439 1038 4506 Petite,
1069 4446 1120 4494 et
1157 4441 1453 4513 accipietis.
1488 4446 1852 4520 Consequens
1898 4459 1981 4509 est

618 4522 860 4579 omnino
925 4518 1238 4576 absurdum
1292 4542 1305 4576 :

618 4604 932 4675 impetrare
955 4600 1378 4673 reparationem
1409 4609 1533 4675 post
1560 4608 1805 4681 lapsum.

402 4715 592 4761 solvitur
692 4686 872 4749 Patet,
905 4682 1163 4753 inquam,
1196 4680 1268 4748 ad
1307 4682 1425 4740 haec
1466 4688 1704 4747 motiva.
1736 4691 1823 4747 Ad
1854 4694 1979 4765 pri·

424 4767 572 4818 νήπια·
614 4781 777 4822 mum
818 4763 978 4820 enim
1006 4761 1312 4818 dicendum
1357 4770 1461 4832 est,
1506 4764 1977 4842 impetrationem

613 4847 829 4919 optime
875 4843 1138 4915 componi
1182 4859 1311 4899 cum
1357 4851 1505 4902 statu
1551 4853 1792 4921 peccati;
1842 4857 1978 4928 quia

614 4944 732 4985 non
757 4925 1032 4983 innititur
1054 4923 1321 4997 dignitati
1348 4930 1608 4998 petentis,
1633 4932 1730 4989 sed
1761 4935 1978 4995 libera-

616 5007 766 5065 litati
796 5005 1009 5061 dantiS.
1040 5005 1108 5059 Et
1137 5006 1215 5061 ita
1238 5012 1556 5078 peccatores
1576 5013 1763 5070 solent
1784 5017 1975 5091 aliqua

392 5110 571 5163 nug,
612 5085 888 5147 beneficia
937 5086 1271 5158 impetrare,
1306 5093 1365 5142 ut
1411 5087 1569 5147 docet
1617 5095 1678 5150 D.
1731 5098 1969 5172 August.

1356 4537 1492 4596 ergo
1543 4526 1730 4599 justus
1782 4533 1981 4606 nequit
2022 4569 2028 4574 -

2147 624 2308 676 tract.
2334 619 2426 686 44,
2460 620 2522 674 in
2541 616 2708 676 loon.
2743 617 2845 676 ubi
2874 624 2997 692 post
3014 620 3121 677 alia
3144 621 3341 693 inquit:
3369 621 3421 677 Si

2143 708 2446 772 peccatores
2472 718 2582 756 non
2605 701 2899 757 exaudiret
2925 700 3083 768 Deus,
3128 704 3313 775 frustra
3336 717 3419 773 pu-

2145 782 2394 838 blicanus
2436 783 2669 839 dixisset
2717 802 2737 839 .·
2782 782 3048 840 Dominus
3077 786 3316 858 propitius
3342 790 3420 838 erto

2144 863 2286 919 mihi
2304 866 2602 936 peccatori.
2626 863 2689 920 ld
2713 870 2926 931 autem,
2955 865 3097 937 quod
3116 882 3231 921 cum
3255 870 3422 938 peccato

2143 943 2528 1015 componitur,
2563 960 2681 1002 non
2712 950 2936 1017 oportet
2958 944 3101 1017 quod
3135 943 3417 1010 excludatur,

2143 1027 2200 1079 et
2228 1023 2608 1082 mortificetur
2633 1042 2738 1099 per
2762 1030 3066 1099 peccatum,
3086 1031 3144 1080 ut
3160 1041 3224 1081 ex
3243 1040 3428 1081 secous-v

2142 1111 2267 1164 tare
2293 1106 2543 1166 videtur.
2588 1108 2756 1167 Unde
2797 1110 2887 1166 vis
2932 1108 3297 1182 impetratoria
3327 1124 3424 1166 ora-

2142 1187 2319 1245 tionis
2340 1206 2372 1246 a
2387 1189 2540 1263 justo
2561 1191 2722 1248 tactae
2740 1207 2859 1248 non
2881 1189 3240 1249 mortificatur
3257 1197 3423 1263 peccato

2141 1274 2613 1343 superveniente;
2630 1274 2731 1331 sed
2748 1275 2912 1350 juxta
2929 1276 3025 1332 Dei
3041 1272 3421 1331 misericordiam

2142 1357 2324 1424 potest
2365 1353 2596 1412 extendi
2645 1355 2718 1412 ad
2768 1356 3204 1430 consequendam
3242 1368 3421 1426 repara-

2140 1433 2357 1491 tionem
2383 1442 2506 1509 post
2528 1437 2776 1509 lapsum.
2805 1441 2969 1495 Caret
2989 1443 3170 1494 tamen
3188 1454 3247 1494 ea
3264 1434 3418 1508 majori

2138 1514 2402 1582 efficacia,
2436 1522 2492 1574 et
2535 1514 2838 1592 dignitate,
2889 1535 3056 1593 quam
3105 1516 3315 1574 habebat
3349 1531 3420 1588 per

2137 1596 2602 1670 conjunctionem
2627 1600 2697 1657 ad
2720 1601 2970 1675 gratiam
3002 1624 3015 1658 :
3043 1600 3134 1657 sed
3160 1599 3262 1654 haec
3281 1597 3419 1654 effica-

2137 1677 2242 1743 cia,
2275 1682 2330 1735 et
2358 1677 2611 1753 dignitas
2663 1683 2958 1753 pertinent
2998 1680 3064 1738 ad
3103 1680 3337 1736 meritum
3370 1675 3420 1732 de

2136 1775 2389 1834 congruo
2434 1763 2668 1836 proprie
2714 1762 2951 1830 dictum,
2981 1762 3123 1836 quod
3148 1758 3416 1818 mortificari

2137 1838 2525 1909 affirmamus;
2573 1848 2631 1899 et
2673 1849 2759 1900 est
2785 1849 2949 1900 extra
2981 1848 3280 1915 conceptum
3318 1852 3416 1912 pro·

2136 1923 2330 1996 prium
2378 1923 2829 1997 impetrationis,
2880 1943 3050 2001 quam
3095 1943 3200 1983 non
3232 1919 3415 1980 mortifi-

2135 2003 2252 2060 cari
2298 2005 2684 2065 concedimus,
2719 2012 2908 2074 Quam
2952 2007 3249 2065 doctrinam
3286 2001 3414 2060 tradit

2126 2088 2197 2141 -D.
2232 2085 2435 2142 Thom.
2462 2089 2517 2153 2,
2550 2099 2604 2156 z,
2639 2099 2830 2168 quaest.
2861 2093 2953 2158 83,
2983 2097 3087 2147 art.
3126 2091 3198 2152 16,
3227 2085 3412 2157 ubipro·

2134 2166 2295 2238 ponit
2315 2166 2425 2223 hoc
2448 2177 2861 2243 argumentum
2897 2193 2910 2228 :
2944 2194 2970 2225 «
2987 2171 3188 2227 Dicitur
3209 2170 3344 2223 Joan.
3361 2165 3408 2218 9:

2137 2269 2162 2301 α
2195 2248 2417 2306 Scimus
2443 2251 2579 2324 quia
2607 2261 2933 2326 peccatores
2962 2248 3073 2311 n'on
3114 2249 3266 2308 audit.
3293 2243 3409 2311 Quod

2137 2353 2163 2385 α
2190 2338 2464 2389 consonat
2507 2335 2561 2391 ei
2613 2337 2767 2409 quod
2808 2338 3019 2395 dicitur
3064 2330 3405 2392 Proverb.28:

2137 2434 2163 2466 α
2191 2413 2300 2477 Qui
2323 2414 2575 2472 declinat
2602 2432 2774 2475 aures
2796 2437 2948 2486 suas,
2976 2435 3046 2476 ne
3066 2416 3235 2474 audiat
3254 2413 3406 2484 legem,

2136 2515 2162 2547 α
2191 2496 2375 2552 oratio
2400 2496 2522 2570 ejus
2542 2498 2654 2554 erit
2694 2500 3035 2558 execrabilis
3076 2498 3245 2553 Oratio
3266 2497 3405 2548 aulem

2133 2596 2159 2626 <r
2190 2576 2533 2634 execrabilis
2575 2595 2692 2639 non
2741 2583 3014 2655 impetrat
3034 2575 3227 2651 aliquid
3251 2591 3277 2630 a
3307 2575 3402 2626 Deo·

2133 2677 2158 2708 α
2190 2658 2338 2732 Ergo
2363 2665 2679 2730 peccatores
2708 2679 2831 2720 non
2873 2664 3171 2735 impetrant
3193 2650 3362 2727 aliquid
3381 2665 3404 2704 a

2134 2759 2159 2790 α
2189 2741 2320 2795 DeO.
2345 2738 2420 2795 Et
2442 2744 2723 2816 respondet
2746 2745 2859 2801 :ad
2883 2746 3127 2818 primum
3146 2733 3396 2795 dicendum.

2132 2838 2157 2870 α
2188 2819 2338 2892 quod
2360 2820 2758 2899 sicutAugust.
2781 2826 2922 2884 dicit
2941 2831 3096 2883 tract.
3118 2823 3195 2887 44,
3214 2820 3263 2874 in
3279 2817 3396 2901 Joall·

2130 2920 2156 2952 α
2190 2900 2339 2956 illud
2366 2902 2610 2960 verbum
2637 2913 2723 2962 est
2771 2909 2905 2966 caeci
2935 2908 3108 2965 adhuc
3134 2897 3326 2985 inuncti,
3357 2888 3394 2946 ld

2129 3002 2156 3036 ι
2187 2990 2271 3039 est
2298 2984 2556 3042 nondum
2607 2989 2857 3061 perfecte
2898 2985 3222 3049 illuminati;
3245 2985 3289 3036 et
3307 2973 3395 3061 lde-⁰

2131 3083 2157 3116 α
2187 3078 2303 3120 non
2325 3073 2407 3121 est
2438 3072 2648 3134 ratum,
2676 3072 2945 3141 quamvis
2972 3068 3135 3143 possit
3161 3056 3387 3119 verificari,

2130 3168 2156 3199 α
2184 3144 2231 3200 si
2260 3145 2625 3222 intelligatur
2651 3150 2722 3207 de
2765 3159 3065 3226 peccatore,
3096 3150 3154 3205 in
3188 3143 3386 3217 quantum

2130 3248 2156 3278 α
2185 3233 2270 3283 est
2315 3234 2617 3299 peccator:
2658 3248 2761 3304 per
2808 3249 2978 3307 quem
3023 3232 3184 3289 etiam
3223 3217 3380 3279 modum

2129 3330 2154 3362 ι
2183 3310 2368 3366 oratio
2395 3311 2517 3384 ejus
2561 3313 2774 3371 dicitur
2815 3315 3162 3373 execrabilis.
3190 3307 3246 3365 Et
3277 3297 3325 3355 ad
3339 3296 3376 3353 2

2128 3412 2154 3442 <<
2182 3390 2339 3447 addit
2363 3411 2380 3444 ··
2407 3397 2684 3458 Quamvis
2710 3400 3018 3472 peccatoris
3048 3395 3214 3454 oratio
3234 3383 3384 3474 noti-51t

2127 3493 2153 3525 α
2183 3474 2503 3540 meritoria,
2534 3484 2712 3551 potest
2735 3487 2932 3551 tamen
2948 3496 3067 3539 esse
3086 3472 3383 3549 impetrarim,

2080 3616 2089 3624 ‚
2127 3574 2152 3606 ι
2179 3554 2314 3624 quia
2339 3558 2616 3615 meritum
2644 3561 2924 3621 innititur
2957 3560 3191 3637 justitiae,
3213 3548 3289 3608 sed
3309 3545 3388 3600 5¹1¹·

2124 3654 2149 3685 α
2183 3636 2426 3706 petratio
2470 3642 2688 3712 gratiae,
2734 3664 2760 3694 n
2796 3644 2903 3701 hoc
2939 3648 3022 3701 est
3064 3623 3388 3714 misericordie

2119 3716 2438 3791 largientis,
2493 3722 2769 3782 Videatur
2822 3728 2993 3785 etiam
3044 3726 3094 3779 S.
3142 3720 3305 3774 Doctor
3347 3718 3386 3757 επ

2116 3797 2302 3854 eadem
2323 3802 2376 3860 2.
2399 3802 2453 3867 2,
2481 3811 2661 3875 quaest.
2696 3807 2818 3875 178,
2844 3815 2952 3863 art.
2979 3808 3013 3863 2
3055 3803 3125 3859 ad
3150 3789 3384 3865 Lei-loan-

2116 3878 2172 3945 4,
2205 3880 2323 3936 lect.
2353 3881 2388 3934 3
2411 3890 2461 3937 et
2487 3885 2545 3939 4.
3431 3942 3436 3949 ,
3468 3868 3510 3989 μ4

2192 3960 2276 4016 Ad
2303 3963 2617 4021 secundum
2666 3968 2974 4027 dicendum
3001 3972 3095 4035 est,
3139 3946 3494 4039 orationemffi

2116 4040 2238 4096 sive
2276 4041 2433 4114 justi,
2479 4047 2602 4104 sive
2647 4052 2953 4120 peccatoris
2998 4064 3108 4105 non
3150 4042 3392 4113 impetrare

2117 4123 2529 4197 infallibiliter,
2563 4131 2677 4187 nisi
2701 4133 3005 4207 suppositis
3028 4123 3393 4209 aliquibus-cou-

2117 4203 2451 4278 ditionibus,
2483 4215 2539 4266 et
2586 4214 2869 4287 praecipue
2894 4211 3131 4287 ejusdem
3174 4207 3392 4262 oratioms

2116 4294 2562 4360 perseverantia,
2617 4299 2677 4350 ut
2719 4298 2893 4354 tradit
2938 4299 2997 4352 D.
3046 4293 3227 4347 Thom.
3268 4284 3312 4345 2,
3350 4278 3390 4335 2·

2114 4380 2296 4448 quaest.
2329 4376 2421 4441 78,
2465 4384 2575 4433 art.
2625 4379 2660 4432 5
2729 4380 2805 4433 ad
2850 4384 2902 4437 2,
2945 4377 3085 4433 Justi
3111 4371 3392 4429 autemeam

2115 4452 2388 4512 labuntur
2430 4458 2493 4513 in
2523 4467 2832 4531 peccatum,
2866 4462 3175 4533 frequenter
3211 4447 3270 4505 ab
3292 4454 3392 4500 ora·

2113 4536 2268 4594 tione
2296 4536 2578 4603 desistunt
2593 4566 2608 4610 ;
2637 4548 2693 4598 et
2718 4544 2846 4602 ideo
2873 4560 2972 4617 per
3004 4538 3289 4621 orationem
3312 4536 3392 4618 an-

2111 4620 2460 4680 tecedentem
2486 4641 2600 4683 non
2622 4634 3042 4702 consequuntur
3062 4611 3390 4679 infallibiliter

2111 4705 2536 4774 reparationem
2567 4715 2689 4781 post
2717 4711 2957 4783 lapsum.
2984 4707 3039 4762 Si
3065 4708 3235 4761 autem
3258 4692 3390 4785 pomo

2109 4783 2254 4839 etin
2282 4790 2430 4842 statu
2453 4788 2708 4861 justitiae,
2741 4800 2795 4850 et
2825 4795 2885 4850 in
2912 4794 3052 4848 statu
3091 4781 3272 4857 peccati
3294 4780 3390 4842 per·

2108 4873 2461 4933 sever-anter,
2501 4876 2557 4926 et
2584 4887 2713 4929 cum
2756 4876 2887 4931 aliis
2912 4858 3292 4930 conditionibus
3314 4860 3389 4922 μ’

2055 4998 2061 5005 .
2110 4949 2253 5003 teret
2295 4964 2327 5004 a
2357 4951 2468 5006 Deo
2511 4952 2840 5024 praedictam
2869 4948 3272 5027 reparationem.
3299 4940 3387 4987 non

2106 5032 2192 5083 est
2240 5027 2553 5089 absurdum
2601 5051 2853 5093 asserere
2876 5079 2889 5102 ,
2932 5028 3069 5106 quod
3115 5016 3384 5099 praedictum

2108 5104 2447 5167 beneficium
2477 5112 2871 5174 infallibiliter
2890 5111 3244 5181 consequetur,
3258 5092 3388 5233 ffiffi
