3647 5753
516 362 630 419 270
1511 435 1514 440 .
1547 374 1638 428 DE
1678 375 1924 431 CAUSIS
1962 377 2280 438 GRATIAE.

517 536 575 588 et
598 533 775 606 liquet
795 536 916 608 ipsa
936 541 1314 611 experientia;
1340 558 1475 600 nam
1498 545 1590 602 vel
1610 551 1869 613 conante,
2008 548 2297 623 producat,
2330 553 2612 628 illumque
2654 553 2896 620 deificet,
2948 553 3061 610 nisi
3089 551 3160 609 ad
3194 566 3347 609 sum-

515 616 573 666 et
617 613 977 673 desiderante
1022 621 1314 694 magistro,
1365 622 1493 680 fieri
1535 641 1653 682 non
1699 627 1869 694 valet,
2006 644 2166 685 mum
2196 632 2735 700 instrumentaliter,
2766 639 2979 691 etcum
3008 630 3341 689 subordina-

513 692 662 761 quod
682 694 922 752 scientia
946 697 1009 753 in
1033 697 1154 771 ipso
1172 701 1422 758 existens
1444 704 1714 775 producat
1734 704 1874 780 phy·
2005 709 2162 767 tione
2187 711 2258 767 ad
2304 715 2483 770 Deum
2526 714 2923 788 principaliter
2968 711 3340 769 deificantem.

513 771 627 829 sice
650 776 1049 849 principaliter
1073 780 1328 838 similem
1349 783 1648 840 scientiam
1670 785 1734 841 in
1761 785 1873 842 dis·
2004 791 2164 855 Quod
2191 794 2472 865 profunde
2509 795 2858 871 significavit
2885 797 2948 852 D.
2980 795 3181 851 Thom.
3232 792 3344 849 illis
3376 809 3424 852 Ι).
3441 809 3529 854 'rim

514 853 721 926 cipulo.
756 857 1170 931 Consequentia
1211 877 1346 918 vero
1386 861 1661 935 probatur
1685 872 1810 922 tum
1838 882 1872 923 a
2007 872 2195 929 verbis
2228 874 2362 933 :Sic
2387 895 2589 933 necesse
2613 885 2707 943 est,
2740 877 2883 954 quod
2907 876 3054 932 solus
3074 874 3217 931 Deus
3235 874 3347 928 dei-

514 936 775 1005 paritate,
826 938 961 1009 quia
1004 939 1204 997 eadem
1251 938 1539 1015 proportio
1584 946 1871 1018 reperitur
2000 952 2118 1023 ficet
2157 958 2606 1013 communicando
2649 959 2983 1014 consortium
3016 963 3222 1011 naturai
3262 953 3347 1008 di-

463 1060 466 1068 „
513 1015 667 1071 inter
690 1032 864 1073 unam
879 1020 1199 1089 scientiam,
1213 1028 1269 1079 et
1289 1024 1528 1081 alteram
1544 1025 1865 1094 scientiam,
2002 1034 2139 1088 vin-z
2152 1052 2251 1107 per
2269 1038 2550 1112 quandam
2569 1037 2956 1093 similitudinis
2974 1036 3348 1109 participatio-

507 1110 634 1167 quae
661 1096 828 1154 datur
856 1099 1010 1155 inter
1040 1116 1214 1157 unam
1243 1105 1508 1179 gratiam,
1534 1110 1590 1163 et
1626 1107 1887 1164 alteram
2000 1130 2122 1170 nem
2148 1133 2170 1183 ,·
2210 1119 2353 1173 sicut
2406 1119 2730 1192 impossibile
2778 1126 2888 1186 est,
2950 1116 3092 1195 quod
3140 1114 3349 1192 aliquid

507 1176 768 1248 gratiam*
803 1198 815 1233 ι
843 1194 978 1252 ergo
1022 1180 1071 1235 si
1102 1197 1218 1239 non
1247 1182 1505 1241 obstante
1546 1187 1870 1259 aequalitate
2000 1197 2196 1265 ἰρηίαι,
2223 1200 2336 1256 nisi
2353 1199 2501 1255 solus
2528 1202 2690 1271 iynis.
2723 1201 2870 1256 Tum
2897 1201 3095 1265 etiam,
3127 1212 3262 1253 nam
3285 1211 3348 1253 eo

508 1257 1218 1332 specificainterunam,et
1232 1267 1473 1323 alteram
1489 1268 1868 1325 scientiamin
1999 1275 2142 1348 ipso,
2187 1277 2334 1349 quod
2361 1294 2579 1345 semen,
2612 1286 2891 1352 quatenus
2917 1279 3051 1343 tale,
3085 1282 3345 1334 naturam

505 1353 629 1394 0850
663 1340 831 1406 entis.
858 1339 984 1398 ficri
1014 1358 1130 1399 110ῐι
1158 1345 1329 1412 valet,
1360 1347 1510 1418 quod
1536 1348 1775 1405 scientia
1803 1348 1868 1404 in
1998 1359 2235 1430 agentis,
2277 1376 2375 1416 seu
2422 1362 2753 1434 generantis
2793 1359 3093 1433 participet
3133 1358 3346 1430 imper-

507 1433 622 1475 uno
643 1420 891 1477 existens
913 1422 1184 1494 producat
1204 1425 1600 1500 principaliter
1622 1430 1866 1485 alteram
1998 1436 2158 1504 fecte,
2208 1444 2265 1494 et
2290 1439 2352 1494 in
2380 1440 2624 1511 quodam
2670 1456 2791 1497 esse
2818 1440 3126 1505 diminut0,
3157 1438 3348 1510 nequit

503 1497 803 1557 scientiam
852 1502 913 1557 in
961 1503 1076 1559 alio
1127 1525 1139 1559 :
1190 1506 1404 1577 pariter
1449 1519 1567 1583 npn
1605 1507 1866 1565 obstante
1999 1517 2393 1590 principaliter
2436 1520 2654 1578 efficere
2682 1519 2839 1577 aliud
2877 1535 3073 1576 semen
3101 1516 3344 1593 ejusdem

508 1580 832 1650 aequalitate
850 1580 1110 1653 specifica
1138 1583 1289 1641 inter
1318 1602 1514 1653 unam,
1546 1592 1604 1644 et
1621 1589 1864 1646 alteram
1998 1599 2270 1665 rationis;
2296 1598 2394 1656 sed
2422 1602 2512 1658 vel
2538 1603 2701 1658 nullo
2728 1600 2898 1658 modo
2923 1599 3112 1668 efficit,
3145 1600 3235 1656 vel
3255 1615 3344 1655 so-

503 1659 772 1731 gratiam,
824 1658 950 1716 fieri
982 1677 1098 1717 non
1145 1665 1368 1735 poterit,
1414 1667 1562 1739 quod
1588 1669 1773 1743 gratia
1799 1669 1864 1726 in
1997 1680 2118 1736 lum
2143 1681 2667 1740 instrumentaliter
2692 1707 2706 1740 ι
2733 1682 3089 1755 nequeenim
3112 1680 3340 1744 efficere,

506 1753 624 1795 uno
646 1740 919 1806 existens,
963 1739 1167 1798 efficiat
1193 1745 1590 1818 principaliter
1614 1748 1861 1823 gratiam
1995 1766 2093 1815 aut
2151 1763 2576 1821 communicare
2614 1779 2811 1821 semen
2841 1769 2926 1820 est
2950 1763 3345 1836 quuscumque

506 1817 572 1873 in
616 1819 752 1876 alio·
799 1822 947 1877 Tum
994 1823 1197 1891 eiiam,
1241 1841 1377 1882 nam
1424 1826 1571 1900 quod
1622 1829 1863 1886 scicntia
1994 1841 2214 1915 agentis
2236 1841 2575 1914 imperfecti,
2606 1844 2773 1915 quale
2798 1849 2882 1900 est
2908 1844 3098 1915 ipsum
3121 1858 3343 1908 semem

485 1901 608 1970 =uni
633 1901 923 1959 inhaerens
954 1912 1193 1977 nequeat
1220 1907 1437 1966 efficere
1466 1909 1861 1984 principaliter
1991 1918 2091 1976 sed
2118 1919 2176 1976 id
2204 1922 2452 1993 pertinet
2473 1921 2542 1977 ad
2565 1938 2738 1996 agens
2760 1923 3093 1995 perfectum,
3120 1927 3176 1978 et
3201 1920 3342 1994 quod

506 1980 806 2038 scientiam
836 1983 898 2038 in
939 1985 1139 2052 alter0,
1173 1989 1369 2060 nequit
1411 1990 1718 2062 provenire
1744 1991 1859 2047 nisi
1992 1999 2234 2070 perfecte
2260 2001 2430 2058 habet
2455 2007 2721 2059 naturam
2745 2002 2935 2059 medio
2954 2003 3180 2059 semine
3200 2018 3345 2059 com-

503 2062 686 2118 velex
707 2078 790 2120 eo.
818 2064 964 2137 quod
986 2067 1224 2126 scientia
1245 2070 1417 2127 unius
1433 2073 1629 2146 nequit
1650 2073 1860 2130 immu·
1992 2080 2398 2138 municandam
2431 2103 2445 2137 ε
2476 2099 2587 2155 qua
2616 2083 2837 2139 ratione
2884 2083 3161 2154 implicat,
3200 2082 3345 2155 quod

503 2147 628 2198 tare
657 2144 885 2218 physice
910 2148 1309 2222 principaliter
1336 2152 1689 2211 intellectum
1712 2157 1860 2212 alte·
1990 2175 2187 2217 semen
2238 2161 2492 2218 hominis
2541 2163 2616 2217 sit
2666 2163 3067 2235 principaliter
3120 2161 3190 2219 ab
3233 2161 3344 2218 alio

505 2223 660 2289 rius;
701 2226 795 2281 vel
834 2241 903 2282 ex
941 2243 1027 2296 e0,
1065 2229 1214 2300 quod
1242 2229 1468 2288 habitus
1493 2249 1563 2291 ex
1590 2251 1692 2291 sua
1720 2252 1858 2308 pro-
1991 2247 2191 2317 agente
2232 2249 2440 2310 creato,
2489 2260 2664 2316 quam
2711 2243 2781 2300 ab
2828 2244 3089 2301 homine.
3121 2247 3344 2301 Constat

503 2304 630 2376 pria
680 2307 900 2365 ratione
940 2325 1058 2366 non
1098 2315 1181 2366 est
1228 2312 1594 2385 productivus
1621 2317 1858 2373 alterius
1990 2328 2200 2390 autem,
2241 2324 2390 2398 quod
2419 2332 2625 2381 natura
2664 2325 2883 2389 divina,
2915 2342 3041 2398 quae
3070 2325 3137 2382 in
3163 2325 3342 2400 gratia

499 2382 730 2440 habitus
757 2409 769 2442 :
797 2388 895 2444 sed
923 2404 1004 2445 eae
1031 2392 1280 2448 rationes
1306 2394 1480 2450 etiam
1510 2395 1766 2453 militant
1792 2397 1856 2453 in
1991 2404 2379 2477 participatur,
2406 2410 2461 2461 et
2487 2420 2588 2478 per
2614 2420 2742 2462 eam
2770 2404 3220 2471 transfunditur,
3251 2421 3341 2461 so-

500 2480 618 2539 una
636 2469 822 2540 gratia
845 2477 1095 2543 respectu
1119 2475 1375 2543 alteriuS,
1407 2477 1689 2550 siquidem
1717 2496 1821 2553 gra
1839 2513 1854 2520 -
1990 2485 2109 2541 lum
2132 2485 2301 2544 habet
2326 2503 2446 2545 esse
2468 2487 2708 2560 perfecte
2736 2488 2798 2543 in
2824 2490 2953 2553 Deo,
2980 2504 3100 2546 non
3124 2503 3258 2545 vero
3282 2488 3344 2542 in

500 2545 580 2602 tia
616 2563 740 2618 quae
772 2547 1002 2606 deberet
1029 2553 1356 2625 producere,
1388 2562 1472 2613 est
1499 2556 1726 2614 habitus
1758 2581 1771 2614 ι
1799 2565 1856 2616 et
1989 2564 2109 2637 ipsa
2133 2567 2353 2640 gratia;
2394 2567 2510 2625 haec
2536 2567 2694 2624 enim
2735 2569 2922 2625 solum
2966 2568 3337 2642 inadaequate,

497 2625 681 2699 gratia
721 2645 846 2701 quae
876 2631 1297 2703 produceretur,
1325 2635 1554 2694 deberet
1583 2638 1756 2711 recipi
1789 2640 1854 2696 in
1986 2649 2042 2701 et
2062 2647 2409 2719 imperfecte,
2435 2648 2751 2705 etlimitate
2772 2655 3039 2705 naturam
3075 2649 3337 2706 divinam

496 2704 816 2764 substantia
839 2711 1149 2782 spirituali,
1196 2714 1557 2774 immutando
1585 2716 1855 2776 radicaliss
1988 2727 2305 2799 participat,
2335 2745 2464 2785 cum
2490 2746 2550 2786 se
2578 2728 2779 2786 habeat
2819 2729 2890 2785 ad
2931 2731 3121 2787 instar
3163 2730 3338 2787 semi-

497 2789 587 2842 ter
627 2787 1000 2859 intellectum,
1041 2797 1097 2848 et
1126 2794 1475 2853 voluntatem
1510 2819 1522 2853 :
1563 2813 1696 2873 ergo
1724 2798 1853 2857 fieri
1986 2806 2078 2862 nis
2109 2822 2280 2881 :ergo
2310 2809 2398 2865 vel
2423 2810 2584 2866 nullo
2611 2809 2780 2867 modo
2806 2810 2974 2867 efficit
3000 2811 3181 2868 aliam
3208 2826 3338 2887 gra-

499 2883 617 2925 non
639 2869 807 2937 valet,
832 2872 981 2944 quod
1000 2876 1184 2949 gratia
1209 2879 1308 2934 uni
1332 2879 1620 2936 inhaerens
1648 2882 1853 2954 produ·
1984 2887 2144 2953 tiam,
2172 2889 2263 2944 vel
2283 2890 2469 2945 solum
2500 2889 3019 2947 instrumentaliter
3039 2906 3172 2948 eam
3202 2906 3331 2963 pro-

497 2954 584 3005 cat
604 2951 1001 3024 principaliter
1020 2958 1267 3029 gratiam
1296 2959 1357 3014 in
1380 2960 1513 3018 alio.
1781 3026 1782 3029 Ἴ
1982 2968 2154 3027 ducit.
2186 2970 2342 3036 Quod
2369 2972 2543 3029 etiam
2569 2973 2851 3044 expressit
2873 2976 2933 3029 D.
2967 2972 3177 3030 Thom.
3207 2972 3339 3030 rer-

278 3050 470 3143 (ffiffleffi
572 3033 903 3167 ”9⁶{51'ffim'
944 3038 1189 3129 ulterius
1203 3041 1526 3132 ‚aperiendo
1567 3044 1849 3138 ratione-m
1982 3050 2070 3108 bis
2097 3053 2357 3127 proxime
2378 3053 2592 3110 relatis.
2623 3056 2769 3111 Tum
2796 3055 3061 3144 deni-que,
3097 3070 3234 3121 nam
3272 3070 3346 3189 elo

280 3158 478 3243 aaa.
494 3124 1172 3269 {53202132222‘3‘3‘3332225
1187 3123 1849 3275 ,3213‘352‘132332323
1982 3132 2338 3285 ξξέἕόηὲῗὲῗ
2355 3135 3338 3289 23³3}„iif²{u‘?.<i¹¹31¹{¹1¹miiida¹}⁰0⁶1¹1¹nss

491 3274 737 3347 gratiam
787 3275 849 3331 in
890 3277 1005 3334 alio
1028 3303 1042 3345 ;
1089 3283 1372 3351 quoniam
1412 3284 1544 3341 licet
1584 3285 1850 3357 quaslibet
1979 3293 2226 3360 excedat,
2259 3295 2454 3366 nequit
2476 3294 2591 3350 haec
2616 3294 2801 3349 virtus
2829 3295 3000 3350 talem
3017 3296 3336 3352 terminum

487 3354 674 3426 gratia
716 3355 789 3410 sit
837 3358 1195 3431 participatio
1229 3369 1450 3420 naturae
1496 3363 1729 3434 divinae,
1790 3373 1848 3423 et
1982 3375 2375 3448 principaliter
2403 3375 2733 3448 producere,
2785 3376 2915 3433 licet
2954 3375 3163 3434 habeat
3190 3375 3339 3438 adae-

494 3438 722 3505 praestet
734 3435 828 3508 jus
848 3437 918 3493 ad
944 3440 1211 3512 gloriam,
1242 3448 1298 3499 et
1323 3444 1394 3500 ad
1418 3446 1693 3504 unionem
1714 3464 1846 3504 cum
1979 3455 2308 3528 quationem
2336 3471 2466 3511 cum
2508 3457 2630 3527 ipso
2668 3454 3019 3520 immediate,
3050 3462 3111 3512 et
3139 3457 3337 3528 praeci-

484 3514 732 3571 essentia
765 3514 968 3575 divina
995 3519 1057 3577 in
1088 3523 1309 3580 ratione
1337 3524 1536 3583 formas
1563 3522 1847 3603 intelligi-
1978 3537 2100 3594 sive
2132 3536 2500 3594 ‘considerato
2551 3557 2564 3592 ι
2595 3553 2706 3610 qua
2754 3537 2977 3594 ratione
3022 3538 3156 3594 licet
3185 3553 3332 3594 unus

486 3591 641 3660 bilis,
696 3600 756 3650 Ui
781 3599 1164 3669 explicuimus
1188 3603 1332 3675 disp·
1374 3606 1429 3672 4,
1473 3606 1600 3663 ‹lub-
1632 3610 1668 3663 2
1705 3616 1755 3664 et
1784 3610 1840 3676 3,
1977 3620 2133 3676 calor
2173 3618 2426 3691 adaequet
2452 3619 2634 3675 alium
2664 3618 2913 3675 calorem
2940 3620 3257 3676 secundum
3277 3637 3337 3677 se

485 3672 869 3733 nihilominus
897 3678 1013 3736 haec
1036 3683 1234 3738 omnia
1262 3683 1430 3741 habet
1469 3703 1569 3758 per
1606 3687 1843 3745 modum
1975 3704 2288 3772 sumptum,
2316 3700 2511 3772 nequit
2530 3699 2749 3756 efficere
2771 3699 3173 3772 principaliter
3194 3701 3340 3758 calo·

481 3756 742 3821 seminis,
792 3764 1003 3817 etcum
1047 3762 1523 3823 subordinatione
1562 3767 1633 3824 ad
1663 3770 1842 3826 Deum
1978 3795 2101 3837 rem
2123 3781 2519 3854 disponentem
2550 3780 2621 3837 ad
2647 3779 3052 3848 substantiam,
3083 3784 3224 3855 quia
3242 3785 3334 3838 vi-

483 3840 757 3909 ianqnam
787 3839 858 3897 ad
884 3856 1131 3907 cansam,
1161 3861 1286 3916 ‹1¹1ae
1309 3846 1708 3920 principaliter
1732 3849 1843 3906 ho-
1974 3858 2179 3918 delicet
2204 3861 2522 3918 substantia
2549 3862 2768 3919 excedit
2794 3863 3044 3919 calorem
3076 3883 3091 3917 :
3121 3863 3221 3920 sed
3264 3879 3335 3920 ex

484 3916 705 3974 minem
742 3927 1056 3993 regenerat,
1089 3927 1146 3980 θῑ
1176 3933 1493 3996 promovet·
1538 3944 1601 3984 nc
1628 3928 1843 4001 perdu-
1975 3948 2136 4014 parte
2154 3942 2355 4016 gratiae
2378 3942 2753 4016 producendas
2771 3944 3118 4016 importatur
3137 3959 3334 4000 essen-

480 3996 558 4051 cit
577 3997 647 4053 ad
671 4000 954 4072 gloriam:
978 4018 1112 4077 ergo
1134 4005 1330 4078 nequit
1352 4006 1661 4078 producere
1682 4010 1842 4081 prin-
1973 4023 2207 4088 tialiter,
2257 4024 2459 4079 saltem
2488 4025 2551 4079 in
2586 4024 2734 4097 jure,
2765 4027 2822 4080 et
2867 4023 3056 4081 radice
3085 4026 3225 4081 unio
3262 4023 3333 4079 ad

480 4075 741 4148 cipaliter
786 4082 963 4138 aliam
1002 4084 1268 4157 gratiam.
1316 4085 1601 4144 Probatur
1635 4105 1840 4147 conse-
1971 4101 2233 4158 divinam
2274 4102 2583 4159 essentiam
2615 4118 2714 4174 per
2742 4101 2978 4158 modum
3006 4103 3209 4161 formae
3237 4104 3332 4159 in-

482 4158 715 4230 qflcniifl
758 4182 771 4216 τ
808 4167 930 4217 inm
967 4163 1100 4235 quia
1127 4180 1344 4231 semen,
1382 4173 1665 4239 qnatenus
1700 4172 1832 4238 tale,
1970 4180 2323 4258 telligibilis;
2352 4187 2410 4238 et
2428 4181 2629 4238 divina
2656 4184 2902 4239 essentia
2929 4183 3009 4239 sic
3036 4185 3204 4240 unita
3228 4200 3331 4241 ex-

477 4239 673 4311 nequit
689 4241 968 4316 attingere
984 4244 1380 4317 principaliter
1394 4247 1654 4306 effectum
1678 4252 1839 4324 prin·
1969 4262 2116 4320 cedit
2161 4264 2298 4327 vim,
2347 4268 2404 4319 et
2432 4263 2839 4335 perfectionem
2865 4264 3172 4339 qu‘uslibet
3195 4281 3332 4341 gra·

482 4318 685 4391 cipalis
700 4323 937 4395 agentis,
954 4325 1189 4382 imo-nec
1205 4326 1363 4383 aliud
1378 4331 1752 4404 semen,quod
1764 4333 1836 4390 ad
1968 4344 2063 4401 tiae
2087 4364 2100 4398 ι
2123 4358 2259 4418 ergo
2285 4343 2416 4399 licet
2439 4359 2552 4400 una
2577 4343 2762 4416 gratia
2784 4344 2961 4400 aliam
2990 4344 3248 4418 adaequet
3266 4347 3331 4401 in

479 4401 652 4457 talem
679 4402 941 4461 effectum
969 4406 1271 4466 conducit:
1299 4426 1411 4483 qua
1441 4413 1665 4470 ratione
1703 4415 1838 4472 licet
1969 4422 2284 4497 praedicatis
2322 4423 2742 4491 essentialibus,
2790 4424 2955 4481 illam
2984 4429 3181 4483 tamen
3224 4441 3330 4484 ne-

477 4481 634 4538 08101'
677 4489 846 4556 queat
873 4484 1183 4557 P¹⁸0d²¹00re
1222 4492 1623 4566 principaliter
1649 4494 1833 4552 alium
1964 4505 2090 4578 quit
2110 4503 2507 4580 principaliter
2526 4503 2778 4572 efficere;
2803 4504 2900 4561 sed
2924 4505 3017 4563 hic
3038 4506 3329 4579 principa-

471 4562 746 4631 cnlorem.
775 4566 971 4637 nequit
992 4572 1185 4625 tamen
1212 4570 1523 4644 producere
1548 4575 1835 4649 principa·
1967 4588 2038 4644 lis
2059 4587 2312 4644 influxus
2337 4593 2562 4645 tantum
2589 4587 2858 4645 convenit
2884 4586 3117 4662 habenti
3149 4595 3328 4646 natu—

472 4643 606 4701 liter
629 4646 724 4702 vel
751 4646 965 4720 ignem,
1012 4650 1105 4708 vel
1144 4652 1323 4709 alium
1350 4655 1601 4713 calorem
1629 4657 1834 4732 igniti-
1967 4683 2090 4724 ram
2133 4669 2233 4726 Dei
2263 4685 2363 4742 per
2388 4670 2715 4732 essentiam.
2746 4684 2986 4741 eamque
3013 4670 3230 4743 potenti
3261 4671 3326 4726 in

471 4742 633 4794 vum,
664 4728 762 4786 Sed
797 4728 854 4785 id
901 4738 1127 4803 praestat
1152 4735 1215 4791 in
1243 4737 1457 4795 virtute
1481 4739 1635 4814 ignis
1662 4741 1833 4813 prin·
1965 4749 2186 4807 ratione
2212 4750 2410 4808 rormae
2438 4749 2826 4823 intelligibilis
2870 4750 3320 4815 communicare,

471 4808 733 4882 cipaliter
759 4814 980 4886 agentis
1009 4835 1023 4870 ε
1050 4830 1186 4891 ergo
1211 4817 1259 4873 si
1287 4820 1475 4892 gratia
1499 4826 1587 4878 est
1616 4822 1826 4889 virtus,
1961 4830 2058 4903 qui
2081 4835 2166 4887 est
2187 4831 2344 4886 solus
2366 4832 2529 4887 Deus.
3384 4890 3393 4895 .

469 4893 525 4945 et
549 4905 751 4948 semen
773 4894 875 4951 Dei
905 4894 1170 4955 homines
1188 4898 1527 4968 deificantis,
1553 4901 1681 4960 fieri
1710 4919 1831 4962 non
2035 4912 2091 4969 5.
2134 4910 2220 4966 Ad
2246 4911 2363 4969 haec
2393 4932 2407 4967 z
2438 4927 2599 4985 posse
2631 4909 2942 4983 producere
2977 4911 3228 4987 gratiam
3258 4913 3321 4967 in

468 4970 640 5037 valet,
686 4972 834 5045 quod
879 4978 1065 5049 gratia
1111 4980 1284 5036 unius
1320 4984 1568 5057 gratiam
1613 4986 1677 5042 in
1712 4986 1830 5044 alio
1962 4990 2076 5047 alio
2095 5034 2108 5057 ,
2151 4995 2238 5046 est
2289 5006 2453 5071 possq
2505 4991 2690 5047 alium
2742 4993 3090 5050 constituere
3136 4994 3319 5050 Deum

3222 5087 3324 5146 pel*
