3647 5753
480 406 554 461 30
1485 404 1578 460 DE
1617 401 1888 459 GRATIA
1937 399 2284 455 EFFICACI.

267 591 425 636 arado
478 582 744 638 damnari
768 583 830 639 in
856 599 943 648 eo,
992 583 1141 655 quod
1170 587 1556 646 asseruerunt,
1602 595 1719 637 non
1739 595 1836 636 so-

482 665 600 718 lum
632 668 918 728 naturam,
945 671 1000 721 et
1028 670 1249 720 naturae
1270 663 1671 737 dispositiones
1699 676 1838 733 prae-

477 744 721 816 supponi
744 743 814 800 ad
856 744 1102 818 gratiam
1143 742 1684 817 supernaturalem;
1738 738 1836 797 sed

478 826 651 882 etiam
676 824 802 879 dari
825 832 979 881 actus
1001 824 1180 882 bonos
1203 825 1515 890 naturales»,
1534 823 1631 895 qui
1651 825 1840 878 essent

482 905 715 961 initium
757 904 911 969 fidei,
961 912 1017 961 et
1045 906 1281 961 initium
1315 901 1752 977 justificationis,
1783 906 1840 958 et

481 985 686 1057 quibus
709 986 826 1040 haec
847 992 1120 1057 tanquam
1145 985 1448 1057 praemium
1470 982 1836 1055 deberentur:

480 1082 553 1121 ex
578 1082 690 1137 quo
716 1063 1014 1121 evidenter
1049 1064 1404 1138 sequebatur,
1495 1063 1698 1118 ratiam
1723 1077 1840 1117 non

482 1154 604 1194 esse
625 1138 890 1212 gratiam,
950 1143 1011 1193 ut
1040 1139 1365 1211 frequenter
1403 1153 1434 1193 a
1479 1152 1676 1194 versus
1711 1136 1841 1191 illos

484 1219 702 1291 colligit
745 1219 1115 1292 Augustinus,
1167 1217 1253 1273 Ab
1282 1219 1384 1274 hoc
1410 1222 1599 1274 autem
1644 1228 1843 1272 errore

486 1296 653 1371 longe
691 1297 863 1355 distat
888 1299 1086 1371 opinio
1134 1298 1365 1370 Vasquii
1394 1321 1407 1364 ;
1443 1296 1725 1370 siquidem
1754 1300 1842 1351 at-

484 1380 824 1451 temperatio
852 1380 955 1436 illa
984 1381 1136 1436 inter
1162 1379 1429 1452 gratiam,
1459 1383 1515 1434 et
1535 1376 1841 1434 arbitrium

486 1477 605 1517 non
632 1468 714 1518 est
737 1462 946 1534 aliquis
973 1467 1145 1528 actae,
1178 1462 1269 1518 vel
1294 1459 1522 1533 aliquod
1547 1459 1838 1524 meritum,

485 1541 582 1597 sed
612 1542 997 1598 necessarium
1024 1540 1309 1614 quoddam
1357 1540 1839 1613 praerequisitum,

486 1626 551 1677 ut
576 1622 760 1694 gratia
806 1621 1027 1678 dicatur
1055 1637 1325 1695 congrua,
1381 1628 1437 1676 et
1467 1620 1650 1694 pariat
1674 1619 1846 1676 effec-

488 1709 633 1759 tum.

275 1780 461 1871 ‘5232‘ss
561 1782 667 1839 Sed
696 1788 892 1839 contra
918 1786 1003 1838 est
1039 1784 1264 1855 primo:
1306 1796 1441 1836 nam
1470 1779 1596 1837 ideo
1640 1779 1848 1846 absur-

296 1862 454 1929 uplici-
487 1863 625 1920 dum
653 1870 929 1923 censetur,
985 1863 1134 1937 quod
1161 1864 1346 1937 gratia
1391 1862 1845 1937 supernaturalis

326 1935 404 1970 ¹⁰¹²
486 1952 765 2019 supponat
780 1962 952 2018 opera
974 1945 1283 2011 naturalia,
1309 1944 1515 2017 quibus
1541 1945 1659 2002 ullo
1688 1951 1847 2018 pacto

484 2023 775 2089 debeatur,
797 2025 931 2097 quia
947 2041 1012 2082 ea
1033 2040 1157 2096 qua}
1179 2031 1311 2080 sunt
1329 2023 1551 2082 ordinis
1568 2025 1847 2082 naturalis

486 2122 602 2163 non
633 2106 845 2163 habent
892 2108 1342 2179 proportionem,
1398 2110 1453 2162 et
1496 2107 1846 2179 exigentiam

483 2187 553 2244 ad
602 2205 686 2253 ea,
733 2205 857 2261 quae
900 2188 969 2243 ad
1016 2188 1283 2245 ordinem
1349 2189 1846 2261 supernaturalem

481 2274 754 2341 spectant,
788 2269 859 2326 ob
890 2270 1466 2343 improportionatam
1513 2269 1846 2326 distantiam

483 2352 781 2423 utriusque
808 2351 1031 2407 ordinis
1065 2372 1078 2405 ε
1133 2350 1229 2407 sed
1257 2350 1681 2407 circunstantiae
1714 2350 1841 2417 loci,

483 2432 780 2503 temporis,
833 2432 1265 2503 complexionis,
1297 2431 1551 2504 subjecti,
1583 2438 1686 2489 etc.
1714 2446 1846 2504 per-

486 2512 674 2567 tinent
721 2509 790 2565 ad
843 2509 1107 2566 ordinem
1158 2512 1503 2575 naturalem,
1572 2517 1631 2566 ut
1679 2528 1749 2567 ex
1787 2526 1849 2567 se

491 2590 668 2662 liquet
692 2613 702 2653 ;
728 2589 911 2662 gratia
937 2604 1075 2644 vero
1100 2604 1351 2661 congrua
1392 2591 1848 2661 supernaturalis

488 2668 557 2724 ad
591 2669 1089 2740 supernaturalem
1121 2666 1388 2723 ordinem
1417 2674 1627 2739 spectat
1652 2691 1665 2725 ε
1694 2684 1849 2742 ¹ergo

485 2764 687 2804 omnes
718 2749 832 2804 illae
870 2747 1271 2820 dispositiones
1303 2754 1593 2820 nequeunt
1630 2748 1849 2805 condu-

484 2844 613 2886 cere
640 2830 731 2885 vel
754 2843 855 2900 per
876 2826 1108 2884 modum
1136 2842 1338 2892 causae,
1374 2828 1461 2885 vel
1487 2843 1587 2900 per
1610 2827 1845 2885 modum

486 2909 848 2976 conditioni3‚
905 2913 967 2963 ut
1014 2907 1201 2982 gratia
1250 2908 1708 2980 supernaturalis
1748 2908 1848 2964 fiat

487 3006 739 3065 congrua
760 3015 772 3057 ;
790 2990 883 3046 vel
904 2991 952 3045 si
978 3007 1092 3047 non
1115 2989 1373 3046 obstante
1396 2991 1848 3063 improportione

489 3073 643 3127 inter
715 3077 1021 3143 utrumque
1091 3070 1374 3137 ordinem,
1451 3072 1848 3143 attemperatio

488 3152 718 3210 arbitrii
749 3151 1028 3217 conducit,
1079 3157 1140 3206 ut
1182 3151 1367 3224 gratia
1394 3152 1849 3223 supernaturalis

487 3250 740 3307 congrua
770 3233 1058 3298 reddatur,
1088 3232 1301 3305 pariter
1322 3247 1496 3303 opera
1518 3232 1664 3289 bona
1687 3245 1849 3289 natu-

491 3314 638 3369 ralia
678 3312 988 3369 conducent
1016 3311 1085 3368 ad
1113 3310 1565 3383 consequendam
1598 3312 1846 3383 primam

488 3395 733 3469 gratiam
758 3394 1253 3467 supernaturalem
1277 3416 1290 3458 3
1313 3398 1370 3449 et
1397 3392 1638 3449 subinde
1662 3395 1848 3467 gratia

488 3490 607 3532 non
653 3476 762 3531 erit
801 3475 1001 3548 gratia,
1057 3472 1155 3530 sed
1204 3473 1525 3544 praemium.
1575 3472 1842 3540 Secundo,

486 3557 621 3630 quia
649 3556 1045 3628 attemperatio
1067 3554 1237 3611 liberi
1262 3554 1491 3611 arbitrii
1514 3570 1641 3610 cum
1663 3556 1848 3628 gratia

485 3639 768 3706 conducit,
801 3643 861 3693 ut
893 3652 1138 3710 congrua
1171 3635 1460 3701 reddatur,
1494 3641 1550 3691 et
1573 3637 1848 3694 sortiatur

486 3720 745 3777 effectum
764 3743 777 3775 :
798 3716 894 3774 sed
922 3717 1093 3773 homo
1124 3722 1302 3788 potest
1329 3734 1429 3788 per
1455 3724 1609 3773 actus
1637 3718 1847 3775 hones-

489 3805 573 3857 tos
617 3798 841 3857 ordinis
905 3797 1187 3853 naturalis
1239 3813 1472 3854 causare
1520 3796 1846 3870 praedictam

489 3880 1019 3953 attemperationem
1061 3903 1074 3944 ;
1123 3878 1405 3951 siquidem
1452 3880 1604 3935 valet
1668 3878 1848 3934 absti-

492 3961 681 4018 nendo
702 3979 757 4016 v.
787 3978 838 4034 g.
873 3977 932 4016 se
957 3958 1228 4016 exhibere
1275 3957 1555 4026 sobrium,
1587 3963 1641 4015 et
1663 3958 1848 4015 refre-

492 4041 685 4099 nando
701 4042 991 4114 passiones
1006 4055 1064 4096 se
1078 4038 1314 4096 reddere
1332 4039 1818 4109 pacatum,mitem
1829 4082 1843 4106 ,

485 4129 589 4180 etc.
621 4139 755 4196 ergo
774 4121 845 4179 de
867 4121 1054 4193 primo
1082 4118 1151 4175 ad
1180 4118 1452 4174 ultimum
1477 4123 1656 4191 potest
1675 4119 1849 4176 homo

488 4222 589 4279 per
604 4205 940 4262 exercitium
956 4208 1184 4260 actuum
1203 4200 1558 4257 naturalium
1579 4205 1848 4271 praestare

488 4286 726 4361 aliquid,
795 4286 943 4360 quod
986 4284 1172 4357 reipsa
1214 4282 1282 4339 ad
1347 4282 1846 4354 supernaturalem

485 4369 663 4427 finem
687 4367 979 4426 conducat.
1016 4365 1214 4431 Tertio,
1242 4380 1378 4420 nam
1401 4363 1846 4437 semipelagiani

486 4451 660 4507 etiam
688 4447 969 4522 expressis
989 4444 1184 4503 verbis
1205 4442 1508 4518 negabant,
1536 4459 1710 4515 opera
1738 4459 1849 4500 na-

488 4532 698 4588 turalia
739 4529 1054 4603 promereri
1095 4528 1356 4584 divinam
1385 4527 1652 4600 gratiam,
1691 4543 1848 4584 asse-

489 4619 678 4671 rentes
700 4614 844 4669 hanc
867 4627 1095 4685 semper
1120 4625 1240 4667 esse
1265 4609 1570 4681 specialem
1613 4609 1848 4665 miseri-

485 4695 761 4758 cordiam,
789 4700 851 4750 ut
872 4700 1086 4751 constat
1106 4709 1177 4750 ex
1197 4691 1360 4749 dictis
1398 4692 1539 4765 disp.
1561 4692 1614 4756 3,
1658 4692 1784 4748 dub.
1810 4693 1847 4746 5

484 4778 606 4841 et6,
629 4781 685 4832 et
706 4773 1105 4838 nihilominus,
1130 4772 1265 4845 quia
1298 4770 1574 4828 docebant
1597 4771 1846 4845 gratiam

488 4857 738 4916 conferri
762 4854 1147 4928 dependenter
1176 4853 1246 4910 ab
1273 4852 1541 4927 operibus
1569 4853 1848 4910 naturali·

490 4940 611 5003 bus,
644 4943 699 4993 ct
720 4935 792 4993 ab
819 4936 1072 4991 humana
1096 4933 1392 5000 industria,
1423 4934 1847 4991 convincuntur

492 5019 737 5097 gratiam
791 5015 917 5072 dari
951 5031 1021 5072 ex
1067 5014 1305 5080 meritis,
1350 5019 1514 5087 atque
1560 5014 1687 5073 ideo
1728 5029 1846 5072 non

1966 594 2088 635 esse
2112 579 2358 652 gratiam
2385 601 2398 635 ε
2427 594 2566 653 ergo
2594 578 2811 651 pariter
2839 578 2887 633 si
2913 576 3103 653 grafia
3128 591 3366 648 super-

1968 662 2248 717 naturalis
2268 660 2332 716 fit
2349 677 2602 736 congrua
2624 677 2724 733 per
2745 661 2870 728 hoc,
2897 659 3048 732 quod
3079 658 3369 715 liberum

1969 739 2274 797 arbitrium
2302 740 2356 798 ei
2396 745 2887 813 contemperetur3
2911 756 3038 812 quze
3055 745 3364 811 attempe-

1971 821 2117 878 ratio
2140 822 2243 879 hoc
2269 821 2566 895 ipso‚quod
2595 838 2712 879 non
2736 821 2811 876 sit
2838 820 3355 892 supernaturalia,

1970 917 2153 972 neque
2179 902 2407 959 effectus
2425 902 2641 976 gratiae,
2676 905 2856 974 potest
2882 900 3214 972 comparari
3239 915 3364 971 per

1971 981 2294 1038 naturalem
2318 981 2683 1047 industriam,
2705 987 2761 1037 et
2776 980 3101 1036 facultatem
3128 1003 3141 1036 ι
3167 980 3365 1051 plane

1973 1060 2221 1116 infertur
2240 1061 2486 1135 gratiam
2507 1060 3028 1134 supernaturalem,
3048 1065 3360 1131 quatenus

1971 1156 2301 1215 congruam,
2345 1140 2546 1199 cadere
2590 1140 2694 1197 sub
2740 1140 2971 1206 merito,
3027 1144 3082 1195 et
3133 1154 3362 1195 conse-
3393 1166 3401 1172 ·

1971 1226 2212 1293 quenter
2237 1236 2355 1278 non
2374 1237 2495 1279 esse
2519 1221 2785 1295 gratiam.

2046 1303 2140 1358 45.
2183 1301 2589 1368 confirmatur,
2634 1302 2768 1374 quia
2795 1301 2993 1356 minus
3033 1298 3356 1355 dissonum
3396 1299 3536 1359 ,mitt

1977 1381 2184 1438 rationi
2225 1388 2327 1450 est,
2370 1381 2518 1454 quod
2558 1384 2744 1457 gratia
2784 1381 3072 1436 tribuatur
3111 1378 3354 1450 depen-
3394 1361 3544 1442 ’ἓῖᾼὲ

1974 1461 2177 1519 denter
2198 1461 2268 1519 ab
2289 1461 2557 1535 operibus
2580 1461 2960 1525 naturalibus,
2993 1475 3167 1532 quam
3188 1458 3360 1531 quod

1974 1542 2158 1617 gratia
2178 1540 2278 1598 fiat
2301 1558 2552 1616 congrua
2585 1540 2972 1614 dependenter
2994 1555 3026 1596 a
3049 1540 3382 1609 naturali<

1977 1621 2080 1678 bus
2100 1621 2333 1696 subjecti
2354 1623 2767 1694 complexione,
2794 1619 3189 1693 dispositione,
3221 1635 3360 1690 pas·

1976 1703 2235 1761 sionibus
2255 1709 2310 1760 et
2330 1704 2462 1760 aliis
2488 1703 2915 1761 circunstantiis
2942 1701 3071 1765 loci,
3111 1706 3357 1773 tempo-

1979 1784 2077 1851 ris,
2105 1789 2210 1840 etc.
2226 1785 2491 1855 quamvis
2514 1789 2821 1855 utrumque
2844 1778 3354 1837 absurdissimum

1973 1864 2291 1940 judicemus
2324 1885 2336 1920 :
2377 1865 2475 1922 sed
2501 1866 2645 1922 illud
2676 1865 2836 1937 prius
2862 1867 2948 1918 est
2975 1859 3114 1917 adeo
3154 1861 3358 1919 disso-

1978 1961 2139 2012 num,
2173 1951 2231 2000 ut
2279 1944 2488 2002 merito
2531 1945 2842 2001 damnetur
2889 1959 2922 1998 a
2967 1941 3258 2005 conciliis,
3295 1948 3360 1998 et

1981 2027 2244 2083 Patribus
2266 2051 2279 2084 ε
2305 2044 2440 2102 ergo
2464 2026 2615 2083 idem
2631 2027 2701 2084 de
2717 2027 2820 2084 hoe
2842 2028 3050 2082 ultimo
3068 2042 3100 2082 a
3116 2025 3357 2082 fortiori

1977 2107 2341 2164 sentiendum
2364 2112 2470 2164 est.
2492 2107 2775 2164 Probatur
2796 2109 2994 2181 major,
3011 2107 3148 2179 quia
3169 2120 3359 2177 opera

1979 2187 2145 2253 bona,
2205 2189 2336 2245 licet
2376 2188 2684 2255 naturalia,
2733 2188 2944 2245 habent
2985 2188 3355 2243 honestatem

1978 2269 2259 2325 moralem
2283 2285 2316 2325 a
2341 2270 2463 2325 solo
2503 2271 2633 2334 Deo,
2659 2275 2715 2325 et
2742 2268 2927 2324 libero
2954 2267 3201 2323 arbitrio
3230 2267 3356 2321 im—

1979 2348 2226 2405 mediate
2265 2348 2683 2420 dependentem
2711 2373 2724 2405 :
2795 2347 3197 2419 attemperatio
3243 2347 3355 2401 illa

1979 2427 2210 2484 arbitrii
2231 2428 2545 2485 consistens
2569 2428 2632 2483 in
2657 2427 2920 2485 hominis
2943 2426 3350 2499 dispositione,

1979 2511 2391 2583 complexione,
2417 2515 2522 2566 etc.
2549 2511 2773 2566 nullam
2796 2508 2966 2565 habet
2988 2507 3355 2564 honestatem

1979 2591 2259 2646 moralem
2285 2614 2298 2655 ;
2329 2594 2385 2646 et
2426 2589 2663 2645 aliunde
2702 2586 2981 2661 dependet
3008 2585 3077 2643 ab
3120 2585 3360 2642 influxu

1978 2674 2273 2739 coelorum,
2329 2672 2601 2747 syderum
2633 2676 2876 2743 aspectu,
2909 2671 3172 2727 alimenti
3201 2686 3355 2741 qua-

1981 2758 2156 2820 litate,
2183 2760 2506 2827 temporum
2531 2754 2949 2817 vicissitudine,
2979 2752 3358 2826 negotiorum

1978 2839 2206 2903 eventu,
2226 2841 2280 2891 et
2297 2835 2428 2891 aliis
2446 2832 2727 2908 pluribu3‚
2749 2850 2817 2890 ex
2833 2832 3039 2905 quibus
3055 2833 3350 2905 provenit,

1980 2918 2278 2977 hominem
2300 2933 2421 2973 esse
2441 2918 2539 2982 sic,
2567 2918 2658 2973 vel
2689 2917 2857 2972 aliter
2879 2914 3163 2972 affectum:
3187 2925 3361 2984 cons-

1978 3007 2060 3058 tat
2112 3005 2301 3056 autem
2370 3000 2552 3054 multo
2611 2998 2794 3070 magis
2845 2995 3155 3053 absurdum
3200 3012 3353 3064 esse,

1978 3080 2126 3154 quod
2146 3080 2332 3155 gratia
2353 3085 2414 3134 ut
2434 3094 2685 3152 congrua
2705 3076 3020 3150 dependeat
3035 3093 3068 3132 a
3082 3082 3163 3132 tot
3186 3077 3357 3148 prin·

1977 3160 2142 3233 cipiis
2171 3160 2394 3216 nullam
2435 3159 2792 3214 honestatem
2823 3159 3102 3213 moralem
3140 3171 3354 3228 praese-

1980 3240 2315 3304 ferentibuS,
2390 3254 2562 3311 quam
2621 3237 2770 3310 quod
2815 3237 3000 3311 gratia
3054 3235 3349 3292 tribuatur

1979 3319 2364 3394 dependenter
2388 3318 2459 3374 ab
2487 3318 2703 3374 actibus
2730 3317 3095 3375 naturalibus
3142 3333 3347 3373 mora-

1979 3402 2112 3457 liter
2132 3399 2296 3456 bonis
2323 3419 2336 3453 ε
2365 3412 2518 3471 ergo,
2550 3406 2666 3455 etc.
2693 3398 2858 3455 Unde
2885 3403 3121 3472 August.
3154 3397 3248 3452 lib.
3280 3397 3349 3450 de

1980 3480 2233 3538 Praedest.
2261 3477 2371 3535 SS.
2426 3478 2738 3551 rejicienda
2765 3478 2926 3535 docet
2950 3479 3146 3534 omnia
3171 3483 3348 3532 nat-,i-
3393 3469 3524 3555 ἓξὲξ

1981 3561 2147 3626 ralia,
2170 3560 2291 3615 sive
2319 3559 2579 3624 actualia,
2612 3559 2734 3615 sive
2757 3559 3171 3633 permanentia,
3206 3574 3340 3613 cum

1979 3644 2167 3716 agitur
2187 3640 2259 3696 de
2278 3640 2462 3715 gratia
2485 3641 2727 3696 Christi:
2749 3657 2886 3697 nam
2909 3657 3120 3707 urgens
3140 3644 3347 3695 contra

1980 3721 2824 3797 PelagianosilludApost.Quis
2836 3725 2980 3778 enim
2995 3722 3350 3777 tediscernit?

1978 3806 2168 3878 inquit
2193 3820 2312 3876 cap.
2340 3804 2375 3857 5
2403 3823 2415 3858 ε
2454 3825 2478 3855 «
2506 3805 2569 3858 In
2592 3803 2696 3859 hac
2742 3804 2998 3876 Apostoli
3025 3802 3348 3860 evidentis-

1985 3907 2010 3937 «
2039 3885 2186 3940 sima
2228 3883 2570 3948 intentione,
2620 3899 2733 3956 qua
2772 3889 2971 3940 contra
3025 3885 3346 3939 humanam

1985 3986 2011 4017 «
2039 3963 2368 4037 superbiam
2392 3963 2666 4035 loquitur,
2719 3979 2792 4019 ne
2817 3966 3120 4036 quisquam
3144 3977 3205 4017 in
3233 3961 3348 4018 ho-

1985 4067 2010 4098 «
2039 4046 2218 4112 mine,
2245 4044 2342 4102 sed
2372 4044 2434 4100 in
2462 4044 2707 4100 Domino
2733 4045 3037 4119 glorietur,
3070 4043 3220 4099 dona
3244 4043 3344 4100 Dei

1986 4150 2010 4180 «
2039 4127 2330 4184 naturalia
2375 4127 2673 4199 suspicari,
2730 4126 2853 4182 sive
2899 4128 3085 4199 ipsam
3140 4130 3340 4188 totam,

1985 4230 2011 4260 «
2042 4207 2459 4280 perfectamque
2507 4211 2796 4272 naturam,
2843 4207 3032 4277 qualis
3059 4206 3121 4260 in
3154 4205 3346 4276 prima

1985 4312 2011 4342 «
2037 4286 2367 4345 conditione
2387 4285 2599 4343 donata
2619 4291 2720 4354 est,
2741 4286 2865 4344 sive
2883 4286 3102 4343 viciatae
3126 4289 3346 4341 naturae

1985 4393 2010 4423 «
2039 4368 2478 4442 qualescumque
2505 4367 2798 4440 reliquias,
2833 4366 3029 4433 nimis,
3060 4371 3342 4440 quantum

1985 4450 2323 4514 «existimo,
2357 4448 2671 4506 absurdum
2700 4454 2803 4505 est.
2839 4469 2864 4500 »

2051 4531 2145 4585 46.
2189 4531 2471 4585 Praeterea
2515 4529 2776 4601 sequitur
2819 4544 2890 4585 ex
2938 4527 3172 4601 Vasquii
3214 4527 3344 4599 opi·
3381 4546 3567 4588 Exvas-
3633 4579 3634 4584 ,

1978 4612 2175 4678 nione,
2205 4611 2472 4667 ultimam
2502 4607 2890 4666 differentiam
2915 4609 3066 4666 inter
3092 4610 3340 4683 gratiam
3358 4595 3572 4696 ἓῆξξῑῇξῗζε

1976 4708 2308 4766 congruam,
2341 4696 2398 4747 et
2438 4706 2554 4746 non
2599 4707 2916 4765 congruam
2959 4687 3340 4747 reducendam
3358 4695 3550 4793 egfflrffigt

1976 4788 2098 4829 esse
2120 4772 2189 4830 ad
2217 4773 2409 4829 varios
2435 4771 2708 4847 syderum
2735 4774 3010 4843 aspectus,
3038 4768 3108 4825 ad
3134 4786 3339 4844 sump-
3376 4793 3561 4836 ηοω..
3633 4831 3634 4844 ¹

1976 4853 2194 4910 tionem
2216 4852 2346 4921 cibi,
2372 4857 2429 4909 et
2455 4857 2637 4924 potuS,
2671 4857 2726 4909 et
2748 4852 2805 4909 id
2829 4850 3052 4907 similia
3079 4870 3093 4906 ε
3141 4865 3342 4907 conse·
3387 4846 3460 4886 ¹¹¹¹·
3480 4843 3525 4884 ³¹²

1977 4949 2157 5005 quens
2199 4939 2287 4990 est
2323 4930 2681 4989 absurdum:
2741 4948 2897 5006 ergo,
2947 4935 3051 4987 etc.
3104 4930 3343 5003 Sequela
3399 4942 3520 4985 anas

3393 3415 3539 3456 [ωυ-
3605 3391 3614 3402 “

3359 4892 3509 4940 coelns,
3525 4897 3580 4934 οι·
3633 4879 3634 4932 ἶ

3385 4999 3553 5036 causas
3633 4983 3634 5022 ἱ

1978 5013 2207 5071 videtur
2237 5011 2560 5077 manifesta,
2591 5013 2864 5084 quoniam
2894 5010 3081 5085 gratia
3109 5007 3171 5065 fit
3201 5025 3343 5066 con-
3378 5047 3549 5088 natu-a»

3198 5107 3341 5164 grua
3411 5091 3494 5136 les.
