3647 5753
23 4858 202 4951 ἳῗέὲΞἏῑ

37 4954 196 5051 iffi&
229 4997 433 5052 Suarez
478 4998 497 5052 1
530 5002 679 5068 part.
728 4995 820 5051 lib.
867 4998 932 5052 de
961 4997 1216 5054 Praedest.
1250 5016 1371 5070 cap.
1404 4998 1497 5062 20,
1530 5001 1587 5052 et

23 5057 202 5150 gssrneafi.
229 5080 432 5153 3part.
469 5077 614 5151 disp.
653 5078 736 5145 lO,
780 5087 904 5136 sect.
935 5082 991 5148 4,
1023 5078 1322 5136 Granadus
1368 5082 1387 5136 l
1428 5086 1580 5151 pare.

1460 427 1638 482 DISP.
1680 423 1776 492 VI,
1819 422 1985 479 DUB.
2030 422 2072 478 1.

254 598 485 667 ceptum
511 593 788 668 dependet
818 599 1203 658 essentialiter
1230 616 1263 657 a
1288 599 1474 675 gratia
1502 615 1619 656 non

257 690 402 751 vage
422 682 663 749 accepta,
694 677 793 734 sed
820 678 1200 739 determinate
1218 682 1577 739 considerata
1603 701 1615 736 ε

253 772 395 832 ergo
434 760 633 831 nequit
661 759 730 816 ad
771 763 1115 823 merendum
1155 767 1320 822 illam
1360 761 1613 822 extendi.

254 839 674 912 Consequentia
699 849 784 899 est
803 845 1127 913 manifesta,
1152 847 1427 921 quoniam
1452 844 1620 919 prin-

252 916 472 991 cipium
497 924 800 980 essentiale
844 926 1040 982 meriti
1089 926 1286 999 nequit
1319 942 1442 984 esse
1470 942 1619 999 prae-

252 1001 443 1057 mium
467 1002 646 1069 illius,
667 1011 729 1060 ut
745 1007 884 1063 satis
904 1013 1123 1065 constat
1142 1025 1211 1066 ex
1231 1024 1405 1081 supra
1427 1006 1612 1064 dictis,

250 1082 440 1157 Maior
486 1092 733 1149 constat.
784 1090 917 1162 quia
982 1090 1256 1148 meritum
1312 1094 1506 1147 movet
1555 1095 1619 1147 ut

251 1166 507 1223 existens
541 1188 553 1223 :
581 1169 680 1226 sed
727 1174 922 1244 nequit
966 1174 1231 1238 existere,
1278 1179 1376 1229 aut
1425 1171 1613 1229 videri

250 1247 524 1315 existens,
558 1250 685 1306 nisi'
712 1253 788 1308 sit
826 1254 1101 1310 meritum
1134 1252 1611 1319 determinatum,

252 1333 312 1384 et
336 1329 776 1391 individualiter
801 1342 1109 1408 acceptum,
1141 1352 1210 1394 eo
1250 1336 1397 1410 quod
1441 1352 1616 1409 repu-

248 1419 391 1488 gnat
441 1421 743 1488 conceptus
786 1418 1110 1490 superiores
1158 1418 1312 1491 poni,
1342 1423 1398 1475 et
1427 1417 1615 1474 videri

246 1500 412 1551 extra
439 1510 654 1563 causas,
689 1498 802 1553 nisi
830 1497 1290 1557 determinentur
1318 1514 1419 1572 per
1446 1497 1615 1554 diffe-

251 1577 502 1635 rentiam
531 1577 973 1650 individualem,
1004 1588 1064 1637 ut
1092 1582 1356 1655 proxime
1383 1579 1616 1638 diceba-

247 1673 379 1714 mus
411 1679 424 1713 :
471 1675 607 1733 ergo
655 1663 802 1718 Deus
848 1679 967 1719 non
1017 1669 1280 1721 movetur
1325 1680 1358 1719 a
1404 1662 1615 1720 merito

247 1756 408 1815 vage,
440 1741 906 1810 indeterminate,
938 1752 1037 1803 aut
1074 1746 1419 1821 disjunctive
1449 1763 1614 1804 sum-

245 1827 343 1894 pto
360 1846 374 1889 3
405 1822 502 1879 sed
531 1824 601 1880 ab
630 1826 734 1884 hoc
761 1829 968 1885 merito
1009 1827 1366 1886 considerato
1404 1845 1613 1887 secun-

243 1903 385 1959 dum
427 1905 694 1963 ultimam
734 1907 1124 1966 differentiam
1165 1908 1605 1967 individualem.

242 1986 440 2045 Minor
483 1986 731 2061 denique
774 1991 1047 2048 suadetur
1077 2015 1089 2048 ε
1118 1998 1242 2048 tum
1283 1993 1419 2065 quia
1446 1993 1525 2049 ita
1551 2008 1613 2049 se

241 2067 415 2125 habet
452 2068 558 2125 hoc
604 2072 880 2129 meritum
928 2072 1310 2130 determinate
1354 2073 1425 2130 ad
1465 2073 1612 2129 hanc

241 2147 626 2205 determinate
662 2156 931 2225 gratiam,
964 2155 1110 2210 sicut
1143 2171 1204 2210 se
1232 2153 1402 2210 habet
1428 2154 1612 2211 meri-

244 2233 369 2285 tum
400 2231 461 2286 in
488 2235 803 2300 communi,
835 2242 892 2291 et
918 2236 981 2290 in
1011 2241 1132 2290 actu
1161 2236 1384 2310 signato
1418 2235 1610 2291 consi-

243 2307 508 2367 deratum
532 2312 600 2369 ad
623 2316 867 2388 gratiam
893 2316 955 2370 in
977 2316 1289 2382 communi,
1315 2320 1372 2372 et
1398 2315 1460 2370 in
1482 2319 1608 2371 actu

243 2390 469 2463 signato
482 2410 608 2448 sum
619 2401 769 2467 ptam
789 2415 800 2447 :
823 2395 921 2452 sed
940 2397 1212 2452 meritum
1235 2396 1304 2452 de
1325 2396 1608 2473 condigno

241 2472 667 2530 consideratum
717 2477 776 2531 in
812 2475 1123 2543 communi,
1156 2482 1211 2532 et
1247 2477 1308 2532 in
1353 2485 1475 2534 actu
1526 2480 1609 2535 si-

239 2557 446 2626 gnato,
502 2554 781 2629 dependet
827 2557 1208 2614 essentialiter
1249 2561 1491 2634 agralia
1545 2561 1609 2615 in

240 2638 557 2701 communi,
584 2645 639 2694 et
662 2641 721 2695 in
745 2645 870 2695 actu
893 2640 1115 2714 signato
1140 2641 1521 2708 considerata,
1548 2647 1608 2698 ut

238 2730 310 2772 ex
337 2732 398 2773 se
416 2722 652 2784 constat,
678 2727 735 2776 et
755 2719 1136 2776 Adversarius
1157 2721 1443 2778 admittit:
1470 2739 1607 2798 ergo

241 2800 516 2855 meritum
546 2800 649 2857 hoc
668 2800 1050 2859 determinate
1071 2809 1359 2875 acceptum
1388 2804 1607 2879 depen-

237 2879 332 2936 det
356 2883 740 2940 essentialiter
769 2885 838 2940 ab
867 2884 973 2941 hac
1009 2886 1195 2958 gratia
1221 2886 1604 2945 determinate

237 2968 485 3036 sumpta.
542 2966 690 3021 Tum
737 2967 932 3032 etiam,
990 2969 1125 3040 quia
1170 2968 1275 3025 hoc
1326 2971 1602 3027 meritum

235 3042 618 3102 determinate
644 3047 1068 3105 consideratum
1099 3050 1377 3122 dependet
1403 3067 1602 3108 essen-

237 3123 453 3180 tialiter
481 3125 551 3180 ab
578 3142 645 3182 ea
671 3131 892 3183 tantum
934 3130 1137 3200 gratia,
1173 3131 1234 3185 in
1262 3146 1374 3201 qua
1412 3131 1603 3186 conti-

238 3210 426 3271 netur,
451 3212 505 3262 et
533 3222 564 3262 a
606 3223 714 3278 qua
756 3213 980 3264 tantum
1022 3214 1201 3281 potest
1248 3209 1598 3281 procedere:

237 3291 295 3341 at
321 3287 426 3343 hoc
455 3289 730 3343 meritum
759 3286 1141 3345 determinate
1163 3295 1451 3362 acceptum
1481 3305 1600 3346 non

234 3369 559 3424 continetur
575 3369 638 3423 in
654 3368 775 3434 hac,
798 3376 895 3425 aut
912 3370 1012 3425 illa
1034 3366 1219 3443 gratia
1234 3370 1594 3445 disjunctive,

235 3454 291 3505 et
318 3466 457 3524 vage
485 3456 725 3521 accepta,
758 3449 855 3506 sed
884 3451 946 3505 in
978 3452 1080 3508 hac
1106 3453 1291 3526 gratia
1319 3452 1599 3511 determi-

237 3535 369 3587 nate
388 3535 615 3603 sumpta
647 3553 658 3587 :
692 3546 795 3587 nec
824 3531 1076 3604 procedit
1102 3532 1501 3590 indifferenter
1527 3533 1598 3590 ab

237 3611 357 3676 hac,
391 3617 489 3667 aut
510 3613 612 3667 illa
636 3613 840 3686 gratia,
865 3612 963 3668 sed
984 3615 1171 3669 solum
1196 3613 1266 3671 ab
1288 3614 1392 3672 hac
1411 3617 1597 3689 gratia

234 3688 653 3751 determinate:
702 3698 983 3766 repugnat
1007 3694 1166 3749 enim
1206 3694 1454 3752 eundem
1483 3712 1593 3752 nu-

236 3785 397 3827 mero
422 3771 682 3828 effectum
722 3775 1009 3830 contineri
1049 3775 1111 3830 in
1152 3773 1372 3832 duabus
1411 3777 1595 3833 causis

232 3851 484 3924 ejusdem
506 3852 746 3917 ordinis,
773 3858 829 3910 et
855 3853 1003 3927 quod
1032 3854 1101 3910 ab
1133 3855 1251 3911 illis
1278 3857 1474 3925 simul,
1501 3858 1594 3914 vel

25 3959 201 4012 comp„
234 3935 468 3992 divisim
517 3936 801 4010 procedat,
851 3944 912 3992 ut
956 3936 1157 3995 docent
1202 3941 1271 3995 N.
1304 3940 1589 4011 Complut.

233 4021 292 4074 in
331 4018 423 4075 lib.
456 4018 675 4090 physic.
707 4020 850 4092 disp.
889 4021 971 4085 15,
1003 4028 1186 4098 quaest.
1216 4020 1319 4075 3et
1347 4022 1383 4075 4
1410 4045 1423 4087 ;
1454 4037 1593 4096 ergo

233 4101 336 4158 hoc
386 4101 662 4158 meritum
719 4100 1101 4160 determinate
1164 4101 1591 4161 consideratum

230 4179 509 4255 dependet
532 4182 917 4240 essentialiter
943 4184 1015 4241 ab
1055 4186 1159 4242 hac
1184 4185 1374 4260 gratia
1399 4185 1591 4244 deter-

231 4267 448 4324 minate
472 4267 646 4324 etiam
678 4273 917 4340 accepta.

827 4433 858 4499 ς
899 4430 991 4486 ιν.

226 4586 479 4662 Refertur
504 4591 689 4663 opinio
715 4593 1017 4657 contraria,
1040 4598 1089 4646 et
1116 4593 1232 4663 ejus
1251 4594 1590 4662 aryumentis

744 4673 1070 4728 occurritur.

306 4834 391 4889 17.
421 4832 751 4905 oppositam
778 4833 1124 4891 sententiam
1150 4832 1467 4890 defendunt
1485 4837 1589 4892 Zu-

229 4915 425 4973 melin
455 4916 740 4988 praesenti.
767 4918 908 4989 disp.
944 4920 988 4979 1,
1014 4918 1181 4973 concl.
1208 4918 1258 4984 4,
1283 4925 1332 4972 et
1352 4918 1493 4990 disp.
1527 4919 1582 4983 4,

3011 411 3125 469 803

1748 603 1912 653 tract.
1944 597 1995 659 6,
2026 594 2170 668 disp.
2207 594 2264 658 7,
2296 596 2352 648 et
2389 593 2451 646 in
2487 590 2592 646 hac
2640 591 2685 654 l,
2718 590 2773 655 2,
2813 592 2977 641 tract.
3029 585 3113 648 12,

1748 684 2078 733 controvers,
2114 676 2170 739 8,
2207 673 2349 746 disp.
2381 674 2437 737 4,
2469 676 2526 729 et
2566 671 2601 726 3
2636 676 2786 742 part.
2827 674 2988 723 tract.
3028 665 3112 729 14,

1747 760 1890 833 disp.
1921 762 1976 825 2,
2009 757 2335 815 Coninchus
2378 757 2434 823 2,
2479 755 2535 819 2,
2585 752 2730 825 disp.
2778 752 2834 817 8,
2882 748 3009 805 dub.
3060 750 3336 815 zemma„

1750 839 1996 914 Ripalda
2041 849 2171 897 tom.
2204 840 2261 906 3,
2290 839 2431 912 disp.
2461 836 2554 901 86,
2584 839 2711 890 sect.
2753 833 2810 898 2,
2855 830 3029 887 concl.
3079 819 3330 884 2⁸¹92ffl2·

1745 931 1796 980 et
1822 925 1877 990 3,
1909 928 1966 980 et
1985 921 2087 979 alii
2112 922 2143 974 J
2151 919 2403 976 unioreS.
2433 918 2547 974 Pro
2571 931 2684 989 qua
2704 913 3001 986 opinione.

1821 1006 2100 1080 Arguitur
2129 1003 2318 1077 primo
2351 1022 2365 1056 ε
2397 1015 2533 1057 nam
2553 999 2605 1055 si
2626 997 2697 1055 ob
2722 997 2977 1068 aliquam
3018 1009 3116 1050 ra-
3131 1013 3318 1060 Primum

1746 1088 1965 1146 tionem
2008 1088 2353 1160 repugnaret
2379 1082 2634 1156 primam
2668 1078 2917 1155 gratiam
2948 1075 3117 1133 habi-

1747 1170 1963 1225 tualem
1983 1166 2185 1225 cadere
2210 1164 2548 1223 sub-merito
2568 1158 2855 1233 condigno
2875 1173 3116 1231 operum

1745 1250 2236 1324 subsequentium,
2269 1247 2527 1305 maxime
2563 1243 2698 1318 quia
2744 1241 2814 1299 de
2855 1241 2977 1315 ejus
3020 1256 3116 1296 ra—

1746 1334 1903 1391 tione
1922 1340 2008 1391 est
2033 1331 2289 1391 conferri
2311 1328 2492 1404 gratis
2523 1349 2536 1383 :
2559 1325 2658 1383 sed
2681 1329 2831 1381 recte
2850 1323 3111 1390 cohaeret,

1743 1412 1895 1487 quod
1943 1414 2135 1488 prima
2184 1414 2374 1488 gratia
2429 1406 2742 1464 habitualis
2787 1403 3117 1461 conferatur

1743 1498 1923 1573 gratis
1946 1542 1959 1566 ,
2014 1503 2071 1555 et
2121 1493 2511 1554 nihilominus
2556 1492 2632 1547 sit
2685 1486 2994 1561 praemium
3047 1501 3118 1542 ex

1738 1579 1964 1654 justitia
1992 1580 2264 1637 collatum
2288 1579 2520 1651 propter
2542 1571 2752 1629 merita
2772 1567 3117 1641 subsequen·

1746 1662 1825 1718 tia
1849 1686 1863 1730 ;
1893 1661 2094 1720 eadem
2120 1660 2331 1732 quippe
2367 1661 2549 1731 potest
2574 1651 2889 1712 secundum
2919 1649 3117 1707 diver-

1741 1760 1836 1803 sos
1861 1746 2058 1802 titulos
2092 1741 2220 1799 dari
2261 1735 2333 1799 ex
2367 1739 2609 1816 justitia,
2642 1740 2699 1793 et
2724 1751 2794 1793 ex
2820 1733 3022 1808 gratia,
3057 1737 3118 1788 ut

1744 1833 1899 1899 patet
1920 1827 1982 1882 in
2013 1826 2203 1884 forma
2231 1838 2335 1880 nos
2357 1819 2719 1897 iustificante,
2751 1819 2910 1891 cujus
2936 1816 3115 1873 colla-

1742 1906 1825 1963 tio
1866 1912 2120 1979 respectu
2171 1903 2356 1962 nostri
2396 1905 2486 1958 est
2523 1899 2729 1975 gratia,
2762 1904 2818 1955 et
2859 1902 3113 1970 respectu

1742 1987 1955 2044 Christi
2007 1994 2092 2044 est
2131 1986 2356 2061 justitia
2408 2005 2421 2041 ε
2468 1998 2606 2057 ergo
2649 1997 2766 2038 non
2809 1983 3107 2053 repugnat,

1739 2067 1889 2141 quod
1947 2068 2139 2141 prima
2187 2067 2375 2140 gratia
2419 2061 2743 2139 justificans
2794 2060 2955 2117 cadat
3006 2057 3112 2114 sub

1741 2149 1950 2206 merito
1977 2147 2260 2223 condigno
2282 2147 2475 2220 operis
2501 2142 2921 2216 subsequentis.

1816 2229 2207 2287 confirmatur
2248 2230 2457 2300 primo,
2489 2227 2624 2300 quia
2665 2225 2914 2281 minime
2937 2237 3110 2294 repu-

1739 2317 1896 2385 gnat,
1928 2309 2076 2384 quod
2105 2311 2300 2383 aliqua
2327 2309 2439 2366 duo
2464 2312 2662 2364 mutuo
2688 2323 2749 2364 se
2776 2309 3024 2368 causent,
3055 2308 3112 2360 et

1743 2394 2066 2465 praecedant
2089 2394 2153 2450 in
2175 2393 2405 2450 diverso
2424 2406 2635 2467 genere
2656 2404 2855 2452 causae,
2877 2393 2938 2445 ut
2961 2392 3111 2460 patet

1741 2474 1803 2529 in
1833 2475 2094 2542 materia,
2138 2480 2196 2530 et
2241 2473 2428 2530 forma
2475 2472 2630 2528 inter
2672 2487 2733 2527 se
2776 2469 3019 2536 collatis,
3054 2474 3111 2526 et

1740 2556 1895 2613 inter
1923 2556 2194 2622 formam,
2220 2560 2276 2613 et
2303 2554 2707 2629 dispositiones
2739 2569 2867 2610 eam
2909 2568 3110 2610 conse-

1738 2646 1994 2712 quentes,
2030 2644 2091 2694 ut
2117 2638 2256 2696 satis
2283 2637 2672 2695 communiter
2712 2636 2915 2692 docent
2954 2635 3111 2693 Tho-

1738 2719 1939 2786 mistae,
1982 2724 2037 2776 et
2081 2725 2302 2777 constat
2343 2734 2416 2775 ex
2463 2717 2629 2774 dictis
2675 2726 2839 2773 tract.
2881 2717 3108 2791 proeced.

1734 2801 1877 2874 disp.
1911 2801 1965 2868 3,
1996 2800 2123 2857 dub.
2154 2802 2189 2855 4
2222 2824 2236 2867 ;
2268 2798 2366 2856 sed
2394 2798 2475 2855 ita
2501 2815 2564 2856 se
2601 2797 2879 2856 haberent
2920 2799 3112 2882 prima

1734 2876 1924 2959 gratia
1944 2883 2284 2961 justificans,
2311 2889 2366 2940 et
2393 2900 2535 2958 opus
2562 2883 2931 2940 meritorium
2971 2882 3112 2938 sub-

1733 2981 1980 3039 sequens
2004 2993 2019 3033 ;
2048 2967 2235 3040 gratia
2262 2966 2424 3022 enim
2445 2970 2590 3021 esset
2623 2964 2782 3037 prior
2811 2964 2874 3019 in
2900 2978 3111 3037 genere

1732 3061 1919 3104 causae
1962 3047 2261 3105 efficientis
2315 3046 2565 3120 physice,
2620 3047 2684 3102 in
2735 3060 2848 3119 quo
2898 3059 3110 3118 genere

1733 3142 1875 3198 opus
1903 3127 2271 3183 meritorium
2297 3132 2445 3182 esset
2473 3126 2787 3198 posterius;
2832 3124 3108 3179 meritum

1733 3224 1873 3264 vero
1900 3213 2047 3264 esset
2075 3210 2237 3280 prius
2266 3208 2329 3267 in
2355 3222 2567 3280 genere
2592 3222 2775 3262 causae
2810 3205 3109 3262 efficientis

1731 3289 2051 3354 moraliter,
2083 3305 2182 3346 seu
2217 3288 2517 3345 meritorie
2549 3309 2562 3345 ε
2592 3303 2737 3361 ergo
2785 3304 2900 3345 non
2944 3305 3109 3362 repu-

1729 3377 1885 3444 gnat,
1930 3369 2080 3442 quod
2126 3370 2318 3444 prima
2362 3371 2550 3444 gratia
2583 3368 2904 3443 justificans
2944 3371 3109 3427 cadat

1728 3450 1835 3507 sub
1874 3452 2084 3508 merito
2110 3451 2300 3525 operis
2324 3455 2446 3524 post
2471 3468 2601 3508 eam
2626 3450 3042 3524 subsequentis.

1804 3531 2194 3589 confirmatur
2213 3531 2462 3589 secundo
2483 3557 2496 3600 ;
2521 3548 2659 3588 nam
2682 3533 2956 3590 contritio
2977 3550 3103 3590 cau-

1727 3618 1814 3668 sat
1860 3612 2194 3685 dispositive
2235 3612 2490 3685 primam
2535 3613 2785 3687 gratiam
2829 3611 3104 3669 habitua-

1729 3694 1864 3760 lem,
1899 3695 2029 3751 licet
2056 3694 2127 3750 ab
2160 3710 2227 3752 ea
2269 3693 2556 3769 procedat,
2589 3700 2653 3751 ut
2690 3694 2948 3751 diximus
2978 3697 3102 3755 loco

1728 3775 1994 3848 proxime
2012 3776 2184 3832 citato
2211 3791 2384 3851 :ergo
2409 3780 2589 3850 potest
2608 3777 2776 3834 illam
2801 3777 3103 3835 meritorie

1725 3873 1980 3923 causare,
2030 3858 2162 3915 licet
2206 3857 2473 3932 procedat
2519 3858 2591 3915 ab
2636 3859 2778 3932 ipsa.
2815 3860 3100 3917 Probatur

1724 3940 2154 4014 consequentia,
2180 3942 2316 4014 quia
2343 3939 2413 3998 ad
2436 3940 2780 3999 merendum
2807 3959 2874 4000 ea
2897 3960 3101 4016 praece-

1724 4020 1921 4077 dentia
1941 4020 2162 4086 sufficit,
2183 4037 2309 4095 quae
2328 4021 2534 4078 sufficit
2555 4023 2625 4079 ad
2648 4023 3093 4095 disponendum,

1725 4117 1935 4175 nempe
1965 4102 2026 4157 in
2055 4103 2246 4176 aliquo
2266 4117 2477 4177 genere
2504 4103 2894 4161 determinato
2921 4127 2933 4160 ε
2962 4121 3099 4182 ergo

1722 4184 1771 4241 si
1815 4184 2090 4241 contritio
2135 4184 2307 4242 habet
2355 4183 2731 4242 sufficientem
2770 4187 3097 4259 praeceden-

1720 4266 1885 4331 tiam,
1920 4270 1980 4321 ut
2001 4264 2268 4339 disponat
2294 4263 2364 4321 ad
2391 4266 2659 4339 gratiam,
2694 4283 2727 4323 a
2754 4284 2867 4341 qua
2895 4284 3094 4341 proce-

1688 4346 1826 4409 ·dit.
1856 4345 2089 4404 habebit
2126 4347 2303 4404 etiam
2343 4345 2717 4405 sufficientem
2748 4350 3094 4408 anteceden-

1720 4428 1880 4496 tiam,
1914 4432 1975 4483 ut
2001 4426 2331 4500 praedictam
2351 4428 2602 4502 gratiam
2627 4435 2939 4488 mereatur.

1793 4507 2183 4566 confirmatur
2233 4509 2434 4575 tertio,
2491 4509 2628 4581 quia
2688 4509 2835 4566 sicut
2890 4517 2976 4568 est
3024 4512 3095 4570 de

1719 4590 1945 4647 ratione
1975 4590 2168 4649 meriti
2199 4590 2516 4664 praecedere
2540 4593 2870 4664 praemium,
2905 4594 2985 4653 ita
3010 4602 3095 4653 est

1717 4670 1789 4729 de
1831 4671 2054 4729 ratione
2081 4672 2509 4744 impetrationis
2536 4673 2858 4746 praecedere
2884 4679 3094 4734 termi-

1717 4768 1882 4820 num,
1912 4768 2082 4826 quem
2128 4753 2400 4826 impetrat
2433 4753 2575 4811 :sed
2615 4756 2909 4824 contritio,
2961 4759 3095 4817 licet

1717 4832 1983 4906 procedat
2020 4849 2053 4889 a
2091 4833 2281 4905 prima
2306 4834 2491 4907 gratia
2531 4833 2834 4903 habituali,
2869 4838 3093 4896 nihilo-

1716 4915 1914 4972 minus
1959 4914 2231 4989 impetrat
2280 4916 2480 4984 illam;
2522 4916 2810 4991 siquidem
2840 4925 2903 4975 ut
2929 4919 3090 4979 docet

3173 1074 3296 1117 argu·

3133 1120 3327 1159 mentum

3150 2244 3288 2288 Pruna

3152 2294 3304 2354 contir-

3153 2349 3294 2388 matio.

3180 3538 3254 3584 Βο-

3142 3588 3294 3632 cunda.

3134 4520 3297 4564 Tertia.

1717 4996 2039 5054 Concilium
2068 4995 2326 5053 Trident.
2358 5015 2487 5054 sess,
2539 5000 2622 5063 14,
2656 5017 2776 5072 cap.
2807 5002 2863 5064 4,
2898 5001 3086 5076 impe-
3121 5009 3284 5055 conen.

1717 5084 1831 5136 trat
1875 5079 2085 5151 peccati
2134 5078 2558 5149 remissionem,
2596 5096 2724 5154 quae
2771 5096 2873 5152 per
2919 5083 3086 5143 illam

3100 5058 3293 5105 Trident.
