3647 5753
487 401 597 455 640

278 589 406 641 orez.
424 572 612 629 aerius
633 570 703 627 de
727 571 1017 637 Arimino,
1038 569 1269 628 Gabriel
1292 573 1457 642 Vasq.
1484 575 1542 627 et
1569 569 1670 626 alii
1694 566 1855 623 infra

274 634 457 680 Arimin.

305 686 366 727 Va
423 716 431 725 .

290 734 404 791 Praec
424 745 465 778 u-

303 782 432 827 ditur.

489 651 795 709 referendi.

562 734 695 800 Hoc,
731 733 990 805 inquam,
1018 748 1135 790 non
1165 731 1358 800 refert,
1390 730 1487 787 sed
1530 730 1697 787 facile
1733 727 1855 784 dis-

490 816 746 888 pellitur;
777 815 913 888 quia
939 821 1095 872 actus
1123 815 1303 888 partis
1332 814 1695 871 intellectivae
1720 816 1857 867 sunt

488 897 815 955 formaliter
868 897 1277 963 indivisibileS,
1320 903 1377 953 et
1428 896 1639 954 habent
1683 910 1853 949 suum

489 994 612 1034 esse
643 979 820 1035 simul
854 999 868 1034 ε
900 977 1051 1035 unde
1080 979 1365 1051 incipiunt
1401 979 1462 1034 in
1505 976 1765 1041 instanti,
1800 979 1857 1030 et

491 1075 591 1132 per
616 1061 873 1131 primum
900 1060 988 1115 sui
1017 1076 1162 1125 esse,
1194 1065 1255 1116 ut
1275 1075 1342 1115 ex
1366 1060 1670 1115 Aristotele
1697 1056 1856 1112 docet

492 1143 554 1196 D.
588 1141 791 1198 Thom.
823 1156 1000 1213 supra
1027 1149 1210 1212 quaest.
1237 1143 1328 1207 31,
1359 1149 1470 1196 art.
1521 1142 1576 1205 2,
1609 1142 1669 1194 in
1703 1154 1849 1210 corp.

486 1231 535 1278 et
566 1223 641 1277 ad
670 1226 716 1290 l,
753 1223 849 1280 ubi
878 1224 958 1279 ait
982 1244 996 1279 ε
1025 1245 1051 1275 α
1078 1223 1411 1288 Dicendum,
1437 1221 1584 1296 quod
1606 1222 1751 1277 sicut
1772 1219 1856 1277 di·
1881 1225 1886 1230 '

494 1325 520 1356 «
551 1304 698 1360 citur
728 1304 789 1360 in
818 1306 871 1369 3,
916 1303 987 1359 de
1030 1305 1261 1371 Anima,
1313 1309 1502 1360 motus
1548 1302 1857 1374 dupliciter

494 1407 519 1436 «
548 1384 778 1441 dicitur.
817 1386 946 1441 Uno
974 1384 1145 1442 modo
1184 1387 1279 1457 qui
1327 1389 1412 1441 est
1439 1389 1594 1440 actus
1634 1385 1855 1457 imper-

432 1482 438 1488 ·
493 1466 700 1533 «fecti,
744 1465 957 1523 scilicet
1003 1466 1302 1524 existentis
1349 1466 1413 1521 in
1463 1466 1736 1537 potentia,
1789 1463 1852 1519 in

270 2941 326 2988 D.
345 2940 451 2987 Tho.

269 4170 468 4226 ncomp.

492 1571 516 1600 «
549 1554 830 1620 quantum
861 1548 1234 1622 hujusmodi;
1289 1554 1344 1605 et
1389 1550 1521 1605 talis
1568 1552 1725 1604 actus
1769 1551 1856 1603 est

494 1651 519 1681 α
551 1629 919 1695 successivus,
945 1636 1001 1686 et
1027 1630 1090 1686 in
1132 1635 1408 1702 tempore.
1458 1629 1625 1684 Alius
1661 1634 1851 1685 autem

491 1731 515 1761 (ι
551 1717 706 1766 actus
733 1716 816 1766 est
844 1717 1032 1768 motus
1062 1711 1312 1782 perfecti,
1345 1709 1403 1765 id
1429 1715 1514 1767 est
1554 1709 1853 1766 existentis

492 1813 517 1844 «
549 1792 611 1847 in
644 1797 786 1860 actu,
820 1794 965 1848 sicut
991 1792 1336 1867 intelligere,
1383 1792 1618 1856 sentire,
1651 1792 1802 1848 velle
1834 1815 1848 1859 ;

500 1899 523 1926 α
555 1880 611 1930 et
641 1872 969 1948 hujusmodi
998 1878 1186 1930 motus
1226 1890 1342 1930 non
1364 1880 1447 1931 est
1474 1873 1848 1938 successivus,

490 1976 514 2006 «
551 1969 653 2010 nec
677 1970 776 2026 per
802 1971 862 2011 se
896 1953 959 2010 in
988 1959 1263 2028 tempore.
1303 1975 1328 2006 n
1369 1958 1601 2012 Constat
1635 1960 1845 2020 autem,

484 2033 635 2107 quod
663 2040 836 2099 actuS,
867 2035 1074 2107 quibus
1103 2036 1318 2107 impius
1346 2036 1554 2092 ultimo
1582 2034 1650 2091 ad
1675 2035 1850 2108 justi-

488 2114 813 2172 ficationem
844 2114 1190 2187 disponitur,
1234 2122 1369 2170 sunt
1412 2122 1599 2173 motus
1631 2115 1851 2188 perfec-

489 2198 698 2254 tissimi
743 2197 921 2271 partis
951 2199 1317 2254 intellectivae
1355 2220 1366 2253 :
1415 2215 1550 2273 ergo
1594 2197 1847 2272 praedicti

491 2286 645 2334 actus
686 2279 972 2350 incipiunt
1012 2279 1075 2334 in
1104 2279 1371 2335 instanti:
1400 2279 1496 2336 sed
1541 2281 1602 2336 in
1648 2278 1849 2336 eadem

490 2358 813 2424 duratione,
861 2359 924 2414 in
964 2375 1075 2431 qua
1103 2360 1258 2416 adest
1304 2360 1510 2416 ultima
1554 2359 1850 2433 dispositio

490 2440 560 2496 ad
578 2439 1066 2514 justificationem,
1102 2441 1259 2498 adest
1279 2441 1452 2497 etiam
1479 2442 1597 2515 ipsa
1625 2443 1811 2515 gratia
1832 2466 1846 2509 ;

489 2521 701 2593 alioqui
755 2520 1021 2592 praedicta
1061 2520 1359 2594 dispositio
1398 2539 1515 2579 non
1560 2528 1706 2580 esset
1756 2524 1850 2578 ul-

485 2601 631 2656 tima
659 2621 672 2655 :
696 2616 831 2675 ergo
855 2599 1183 2674 justificatio
1207 2602 1374 2674 impii
1405 2603 1468 2659 fit
1494 2604 1558 2659 in
1584 2603 1842 2660 instanti.

487 2683 645 2746 Quod
673 2688 849 2755 potest
875 2681 1210 2739 confirmari
1229 2686 1491 2758 exemplo
1513 2685 1848 2758 Adami,qui

486 2763 550 2820 in
575 2764 765 2835 primo
807 2765 1047 2820 instanti
1092 2780 1208 2820 suae
1237 2765 1625 2836 productionis
1646 2783 1849 2823 conse-

484 2849 691 2916 quutus
719 2849 799 2901 est
846 2843 1093 2918 gratiam
1142 2844 1432 2902 mediante
1461 2847 1693 2920 propria
1727 2846 1849 2903 dis-

487 2924 788 2998 positione,
824 2931 883 2980 ut
905 2923 1065 2981 docet
1100 2927 1161 2980 D.
1189 2925 1394 2983 Thom.
1433 2929 1449 2982 l
1483 2935 1627 3000 part.
1661 2936 1841 3006 quast.

484 3007 572 3073 95,
602 3012 715 3061 art.
764 3007 808 3071 l,
845 3004 942 3061 ubi
980 3003 1049 3060 ad
1096 3004 1290 3061 simile
1325 3008 1629 3073 motivum,
1680 3010 1849 3082 quale

483 3091 748 3143 causatur
801 3086 917 3141 haec
956 3084 1167 3149 evasio,
1222 3086 1526 3159 respondet
1577 3089 1641 3145 in
1695 3090 1849 3146 hunc

482 3168 719 3226 modum
750 3191 763 3225 ε
791 3170 886 3226 Ad
932 3170 967 3223 5
1011 3169 1317 3236 dicendum,
1350 3171 1493 3247 quod
1518 3189 1641 3227 cum
1668 3181 1848 3229 motas

479 3252 782 3307 voluntatis
812 3269 921 3306 non
959 3253 1031 3307 sit
1071 3255 1382 3318 contineam,
1416 3254 1562 3309 nihil
1604 3255 1848 3327 prohibet

480 3337 648 3389 etiam
672 3337 731 3390 in
773 3337 956 3406 primo
982 3337 1220 3391 instanti
1245 3354 1356 3391 suae
1404 3339 1697 3393 creationis
1721 3341 1848 3411 pri-

480 3434 630 3471 mum
678 3417 948 3473 hominem
985 3421 1177 3489 yratiae
1205 3420 1548 3474 consensisse.
1596 3420 1663 3473 Et
1692 3419 1845 3476 idem

481 3498 714 3573 contigit
738 3499 801 3554 in
818 3501 1069 3574 Angelis,
1098 3506 1160 3556 ut
1180 3501 1357 3558 docet.
1379 3502 1434 3556 S.
1462 3504 1615 3558 Doct.
1648 3504 1664 3557 l
1693 3510 1841 3576 part.

483 3589 667 3655 quaest.
693 3582 784 3645 62,
812 3588 925 3636 art.
956 3583 1009 3646 3,
1044 3587 1099 3638 et
1129 3584 1189 3638 in
1219 3581 1444 3638 Christo
1487 3583 1752 3649 Domino,
1787 3590 1850 3640 ut

483 3660 660 3716 tradit
689 3662 723 3716 3
758 3668 910 3733 part.
943 3669 1125 3738 quaest.
1176 3664 1267 3729 34,
1299 3670 1414 3718 art.
1464 3664 1509 3719 1.
1564 3664 1848 3720 Praeterea

480 3742 658 3816 gratis
685 3757 967 3809 concesse,
1000 3740 1149 3814 quod
1190 3747 1346 3798 actus
1375 3743 1554 3814 partis
1584 3743 1848 3801 intellec—

484 3823 617 3878 tivae
642 3828 926 3894 nequeant
953 3821 1164 3878 durare
1195 3838 1296 3895 per
1340 3824 1573 3880 unicum
1616 3829 1844 3880 tantum

483 3903 725 3969 instanS,
757 3902 853 3959 sed
869 3903 1196 3959 continuari
1225 3902 1471 3959 debeant
1492 3906 1591 3977 per
1615 3905 1848 3977 aliquod

483 3990 729 4057 tcmpuS,
776 3984 1022 4040 minime
1066 3983 1343 4056 sequitur,
1392 3985 1542 4057 quod
1592 3987 1847 4061 praedicti

487 4072 642 4122 actus
671 4082 788 4123 non
811 4065 1094 4137 incipiant
1121 4064 1183 4119 in
1212 4063 1472 4132 instanti,
1512 4072 1565 4122 et
1595 4083 1694 4139 per
1723 4069 1848 4141 pri-

487 4162 649 4201 mum
677 4161 816 4210 esse,
851 4150 912 4200 ut
958 4143 1160 4200 docent
1197 4146 1266 4200 N.
1326 4146 1609 4218 Complut.
1661 4149 1721 4202 in
1748 4148 1841 4204 tib.

485 4227 707 4300 Physic.
737 4227 877 4300 disp.
904 4227 997 4292 26,
1030 4231 1215 4302 quaest.
1265 4227 1320 4293 3,
1377 4227 1548 4283 concl.
1589 4230 1607 4283 1
1642 4253 1656 4297 ;
1689 4234 1848 4285 actus

485 4314 676 4365 autem
706 4309 913 4365 ultimo
938 4306 1306 4378 disponentes
1327 4306 1397 4364 ad
1424 4310 1671 4383 gratiam
1713 4315 1849 4367 sunt

482 4390 788 4463 qualitates
815 4405 885 4446 ex
911 4403 972 4444 se
1019 4394 1440 4459 permanentes,
1479 4394 1534 4446 et
1575 4389 1849 4450 habentes

482 4487 652 4527 suum
671 4468 982 4527 essesimul
1003 4487 1015 4531 ;
1032 4466 1316 4540 siquidem
1339 4475 1536 4527 carent
1553 4472 1810 4544 partibus
1832 4495 1844 4531 :

483 4566 618 4626 ergo
663 4557 782 4607 esto
826 4549 1071 4606 debeant
1116 4550 1438 4607 necessario
1483 4550 1697 4610 durare
1745 4571 1847 4628 per

373 4645 377 4649 ’
485 4632 714 4706 aliquod
744 4637 986 4705 tempUS,
1047 4632 1432 4690 nihilominus
1460 4634 1750 4708 incipiunt
1784 4637 1847 4693 in

485 4716 746 4781 instanti,
779 4720 835 4771 et
856 4731 956 4786 per
980 4714 1235 4786 primum
1258 4716 1346 4771 sui
1362 4731 1500 4772 esse.
1547 4720 1663 4773 Nec
1687 4717 1847 4774 aliud

483 4797 669 4855 voluit
696 4799 926 4872 Gregor.
955 4798 1018 4851 in
1060 4798 1105 4861 l,
1131 4797 1259 4854 dist.
1292 4798 1382 4864 38,
1416 4805 1601 4876 quast.
1638 4800 1685 4866 l,
1729 4807 1839 4856 art.

484 4879 537 4944 3,
573 4884 634 4934 ut
654 4877 918 4935 observat
939 4879 1193 4951 Vasquez
1214 4877 1278 4934 in
1300 4879 1450 4935 notis
1478 4879 1547 4937 ad
1570 4879 1720 4938 hunc
1747 4897 1847 4937 ar-

486 4960 748 5022 ticulum,
779 4976 933 5015 num.
960 4960 1049 5016 95.
1078 4958 1333 5016 Tandem
1377 4961 1508 5018 licet
1535 4968 1708 5030 actua,
1746 4962 1846 5036 qui

488 5041 695 5097 ultimo
721 5039 1035 5112 disponunt
1054 5039 1124 5097 ad
1160 5039 1653 5115 justificationem,
1705 5043 1849 5101 inci·

1200 400 1291 454 DE
1331 395 1770 464 QUIDDITATE
1808 393 2409 450 JUSTIF'ICATIONIS
2450 396 2658 451 IMPII.

1988 571 2189 636 perent
2212 565 2275 621 in
2323 570 2611 639 tempore;
2643 567 2828 625 adhuc
2854 574 3051 626 tamen
3072 566 3358 642 justifica-

1986 645 2065 701 tio
2088 661 2205 702 non
2231 643 2396 705 fieret
2431 647 2493 702 in
2535 653 2812 722 tempore,
2841 650 2939 707 sed
2984 651 3046 706 in
3087 648 3354 705 instanti.

1987 728 2271 791 Quoniam
2302 727 2555 802 praedicti
2578 737 2734 787 actus
2751 747 2868 788 non
2889 729 3118 788 obirent
3139 746 3358 787 munus

1989 807 2205 864 ultimae
2249 808 2664 883 dispositionis,
2691 812 2806 867 nisi
2854 810 3169 868 secundum
3197 808 3350 882 quod

1986 890 2383 960 exprimerent
2402 899 2617 972 certam
2642 909 2998 958 mensuram,
3029 898 3086 949 et
3111 894 3352 949 tantita-

1986 973 2123 1037 tem,
2152 977 2214 1027 ut
2233 974 2524 1047 explicant
2545 975 2709 1031 Sotus
2731 977 2791 1029 in
2815 976 2871 1041 4,
2896 975 3025 1029 dist.
3052 975 3145 1041 24,
3165 982 3345 1047 quast.

3387 995 3550 1039 scotus.

1985 1052 2041 1117 2,
2072 1060 2181 1109 art.
2208 1055 2263 1120 2,
2295 1060 2351 1110 et
2377 1056 2550 1129 Cajet.
2596 1062 2776 1127 quast.
2839 1056 2886 1119 l,
2917 1054 2981 1109 de
3009 1052 3352 1112 Contritione
3366 1066 3554 1120 cajetan.

1986 1132 2147 1203 (quos
2196 1133 2405 1191 merito
2472 1135 2742 1209 rejiciunt
2810 1136 3198 1193 communiter
3248 1136 3352 1192 alii

1986 1214 2314 1289 Theologi);
2343 1215 2441 1273 sed
2463 1217 2730 1289 qualitas,
2754 1235 2881 1292 quae
2909 1216 3148 1275 aliunde
3167 1223 3254 1275 est
3271 1218 3357 1275 di-

1986 1293 2258 1362 visibilis,
2284 1303 2340 1351 et
2365 1295 2429 1352 fit
2455 1298 2520 1354 in
2549 1303 2826 1371 tempore,
2852 1304 3134 1373 quatenus
3154 1298 3354 1371 expri-

1985 1377 2095 1432 mit
2121 1383 2338 1435 certam
2368 1396 2725 1448 mensuram,
2770 1387 2827 1438 et
2866 1382 3208 1447 tantitatem,
3252 1380 3356 1439 de-

1985 1456 2358 1532 bet‘incipere
2385 1460 2448 1517 in
2471 1461 2713 1518 instanti
2735 1461 2805 1518 ad
2828 1461 3015 1519 instar
3045 1477 3243 1518 rerum
3266 1461 3355 1518 in·

1984 1539 2396 1611 divisibilium,
2422 1548 2479 1599 et
2519 1544 3011 1617 permanentium,
3055 1549 3115 1599 ut
3149 1542 3354 1601 docent

1985 1622 2053 1677 N.
2087 1623 2371 1694 Complut,
2415 1624 2558 1698 disp.
2604 1628 2697 1681 cit.
2750 1631 2928 1697 quaest.
2969 1626 3025 1690 2,
3074 1626 3246 1681 concl.
3275 1627 3347 1693 23

1983 1718 2119 1777 ergo
2148 1703 2404 1776 praedicti
2435 1713 2590 1763 actus
2610 1705 2717 1762 sub
2741 1707 2965 1764 ratione
2993 1707 3212 1764 ultimae
3239 1707 3354 1765 dis-

1984 1786 2287 1859 positionis
2313 1786 2383 1844 ad
2406 1789 2655 1861 gratiam
2685 1789 2973 1863 incipiunt
2992 1790 3053 1846 in
3083 1791 3345 1857 instanti,

1982 1873 2040 1924 et
2059 1884 2162 1941 per
2186 1869 2443 1940 primum
2466 1871 2556 1926 sui
2584 1887 2707 1928 esse
2730 1896 2744 1938 ;
2774 1878 2830 1929 et
2849 1878 3263 1945 consequenter
3286 1872 3351 1929 in

1981 1949 2181 2006 eodem
2231 1951 2471 2009 instanti
2527 1953 2858 2010 infunditur
2917 1955 3103 2030 gratia
3136 1953 3354 2028 justifi-

1982 2047 2138 2088 cans,
2167 2031 2323 2095 Quod
2346 2035 2624 2106 explicari
2650 2040 2830 2108 potest
2855 2035 3120 2108 exemplo
3141 2035 3351 2092 caloris

1983 2115 2048 2168 nt
2066 2117 2204 2180 octo,
2221 2114 2319 2186 qui
2347 2119 2433 2170 est
2455 2115 2661 2171 ultima
2683 2114 2981 2188 dispositio
3003 2115 3072 2172 ad
3097 2115 3347 2173 formam

1984 2193 2165 2267 ignis;
2198 2208 2333 2249 nam
2363 2196 2412 2252 si
2459 2195 2857 2253 consideretur
2880 2196 3153 2263 absolute,
3199 2198 3352 2254 inci-

1983 2275 2065 2347 pit
2094 2291 2196 2348 per
2223 2281 2465 2342 motum,
2492 2283 2549 2334 et
2576 2279 2637 2334 in
2668 2283 2927 2351 tempore
2959 2301 2972 2336 ε
3002 2285 3059 2336 at
3085 2278 3352 2337 conside-

1982 2360 2141 2412 ratus
2161 2360 2222 2412 ut
2250 2356 2418 2415 habet
2443 2356 2906 2426 determinatam,
2938 2365 2994 2417 et
3019 2366 3231 2416 certam
3261 2359 3354 2416 in-

1982 2438 2305 2495 tensionem
2339 2444 2398 2494 ut
2419 2444 2558 2507 octo,
2594 2441 2795 2513 incipit
2820 2442 2882 2496 in
2907 2441 3143 2497 instanti
3172 2440 3352 2497 :etin

1979 2517 2180 2575 eodem
2225 2519 2464 2577 instanti
2492 2519 2752 2577 educitur
2779 2521 2970 2578 forma
2998 2521 3170 2596 igniS,
3201 2525 3258 2577 et
3285 2519 3353 2576 fit

1981 2600 2290 2659 intrinsece
2315 2603 2630 2677 generatio.

2054 2683 2149 2737 21.
2194 2682 2585 2740 confirmatur
2648 2683 2994 2742 destruendo
3059 2684 3347 2740 motivum

1981 2760 2151 2835 hujus
2182 2765 2606 2836 responsionis;
2642 2780 2778 2822 nam
2799 2767 2847 2821 si
2870 2765 2943 2822 ob
2973 2766 3228 2838 aliquam
3259 2779 3348 2819 ra-

1981 2842 2195 2901 tionem
2225 2844 2433 2902 ultima
2454 2844 2752 2919 dispositio
2780 2846 2849 2905 ad
2873 2841 3344 2921 justificationem

1981 2938 2100 2980 non
2129 2930 2314 2997 posset
2357 2927 2614 3000 incipere
2663 2927 2725 2984 in
2777 2929 3038 2995 instanti,
3089 2929 3348 2985 maxime

1978 3004 2113 3075 quia
2127 3002 2197 3059 ad
2222 3006 2551 3077 praedictam
2574 3006 3010 3081 dispositionem
3030 3009 3347 3081 requiritur

1978 3084 2336 3151 consultati0‚
2362 3091 2420 3143 et
2433 3086 2792 3155 deliberatio,
2819 3105 2919 3146 seu
2946 3089 3256 3156 discursus,
3281 3088 3345 3144 in
3371 3138 3374 3139 a

1977 3165 2183 3238 quibus
2235 3172 2460 3241 tempus
2489 3170 2720 3243 aliquod
2773 3171 3099 3230 absumitur
3125 3194 3140 3229 t
3191 3171 3343 3244 atqui

1980 3248 2185 3304 ultima
2211 3247 2511 3321 dispositio
2547 3267 2668 3308 non
2689 3253 2948 3310 consistit
2968 3254 3033 3309 in
3061 3250 3346 3326 praedictis

1979 3328 2210 3397 actibus,
2260 3330 2358 3387 sed
2407 3331 2472 3388 in
2519 3349 2797 3391 consensu
2852 3335 3187 3402 voluntatis,
3237 3349 3346 3408 quo

1978 3411 2248 3467 voluntas
2268 3414 2625 3471 convertitur
2648 3417 2711 3472 in
2736 3418 2916 3474 Deum
2944 3418 3090 3473 sicut
3117 3419 3182 3473 in
3207 3416 3346 3472 ulti-

1979 3508 2141 3547 mum
2170 3491 2366 3559 finem,
2393 3496 2560 3553 ethic
2588 3504 2776 3555 motus
2804 3498 3099 3572 perficitur
3127 3499 3194 3556 in
3220 3499 3344 3555 ins-

1979 3577 2123 3631 tanti
2151 3599 2164 3642 ;
2191 3576 2440 3634 minime
2464 3579 2677 3652 quippe
2705 3588 3005 3655 repugnat,
3038 3581 3186 3655 quod
3214 3598 3341 3654 sup·

1981 3655 2161 3728 posita
2188 3658 2628 3728 consultatione,
2671 3666 2729 3717 et
2762 3661 3201 3729 deliberatione,
3239 3677 3343 3718 vo·-

1980 3736 2171 3793 luntas
2209 3739 2575 3798 instantanee
2613 3743 2932 3800 consentiat
2965 3760 3142 3819 :ergo
3181 3743 3340 3798 nulla

1978 3823 2062 3874 est
2088 3820 2254 3886 ratio,
2287 3819 2358 3877 ob
2385 3839 2559 3894 quam
2583 3823 2917 3897 justificatio
2946 3826 3117 3899 impii
3144 3823 3340 3883 debeat

1979 3900 2233 3974 incipere
2261 3904 2626 3977 intempore.
2658 3906 2817 3972 Quod
2848 3908 3132 3965 motivum
3155 3906 3336 3973 affert,

1977 3989 2035 4040 et
2059 3987 2323 4060 exemplo
2369 3986 2678 4046 confirmat
2722 3992 2787 4047 D.
2835 3990 3040 4049 Thom.
3099 3991 3162 4046 in
3204 3993 3413 4063 prae-1>-
3433 3994 3545 4038 'rho-

1978 4067 2147 4134 senti,
2179 4069 2239 4123 in
2260 4086 2399 4142 resp.
2420 4072 2495 4125 ad
2523 4074 2567 4134 1,
2599 4071 2691 4127 his
2707 4072 2900 4129 verbis
2933 4093 2946 4128 ι
2976 4094 3003 4127 α
3028 4071 3344 4129 Dicendum

1986 4170 2012 4202 α
2040 4148 2189 4222 quod
2216 4155 2405 4207 motus
2432 4152 2602 4210 liberi
2632 4153 2882 4223 arbitrii,
2914 4155 3011 4227 qui
3054 4153 3346 4212 concurrit

1986 4252 2012 4282 «
2043 4229 2112 4286 ad
2130 4230 2599 4304 justificationem
2622 4235 2812 4309 impii,
2838 4240 2923 4292 est
2941 4251 3250 4293 consensus
3271 4234 3345 4292 ad

1985 4333 2013 4366 α
2040 4310 2437 4371 detestandum
2474 4322 2784 4389 peccatum,
2804 4317 2945 4373 etad
2961 4316 3346 4374 accedendum

1983 4415 2009 4447 »
2040 4392 2112 4450 ad
2142 4396 2361 4453 Deum:
2405 4398 2766 4476 quiquidem
2806 4416 3116 4457 consensus
3155 4398 3348 4457 subito

1985 4496 2011 4528 c<
2034 4473 2121 4531 fit.
2176 4477 2470 4553 Contingit
2522 4486 2714 4537 autem
2780 4480 3140 4555 quandoque,
3191 4479 3347 4553 quod

1983 4577 2008 4609 ι(
2041 4558 2308 4630 praecedit
2329 4563 2523 4634 aliqua
2543 4560 2899 4630 deliberatio,
2948 4580 3076 4636 quae
3117 4579 3235 4621 non
3261 4569 3351 4621 est

1986 4659 2011 4691 α
2034 4636 2103 4694 de
2142 4639 2463 4699 substantia
2497 4642 2942 4716 justificationis,
2986 4643 3086 4700 scd
3125 4645 3223 4701 via
3272 4643 3348 4701 ad

1985 4740 2011 4771 α
2033 4718 2502 4792 Justificationem
2539 4725 2729 4782 :sicut
2776 4732 2965 4783 motus
3015 4726 3216 4782 localis
3259 4731 3350 4783 est

1984 4822 2010 4853 «
2040 4801 2136 4858 via
2180 4801 2248 4858 ad
2291 4804 2803 4872 illuminationem,
2862 4813 2917 4864 et
2964 4808 3232 4865 alteratio
3272 4807 3350 4865 ad

1984 4901 2011 4934 α
2036 4884 2487 4956 generationem.
2515 4905 2541 4937 n
2575 4888 2908 4945 Praesertim
2936 4887 3074 4961 quia
3091 4904 3220 4944 cum
3248 4889 3349 4945 ul-

1977 4962 2121 5019 tima
2149 4962 2447 5037 dispositio
2469 4965 2538 5023 ad
2555 4966 3025 5041 justificationem
3043 4968 3350 5042 proveniat

1977 5044 2049 5102 ab
2079 5046 2200 5120 ipsa
2219 5047 2405 5122 gratia
2419 5048 2828 5119 sanctificante,
2851 5055 2998 5108 utex
3024 5053 3080 5107 S.
3106 5054 3350 5112 Doctore

2981 5124 3546 5215 ostendimus*
3567 5185 3633 5243 ⁴
