3647 5753
445 440 449 443 ’
502 428 618 486 668
1388 486 1393 490 q
1548 424 1641 479 DE
1678 424 1982 479 NATURA
2019 424 2297 481 MERITI.

504 609 713 666 tribuit
740 608 803 665 in
828 607 1415 680 recompensationem
1437 606 1723 663 bonorum
1738 619 1869 676 ope-

506 709 664 749 rum.
685 690 875 748 Tobiae
913 693 948 746 4
977 695 1212 747 vocatur
1251 690 1559 762 pra-mium,
1589 690 1626 743 2
1665 685 1736 742 ad
1764 686 1868 741 Ti-

506 772 751 830 moth.4
796 770 1008 826 dicitur
1049 787 1266 838 corona,
1332 771 1349 824 l
1406 767 1476 824 ad
1529 767 1785 824 Corinth.
1832 769 1868 821 9

500 852 781 914 bravium,
813 857 979 924 atque
1018 849 1107 904 his
1134 850 1363 905 similes
1418 849 1867 905 nomenclaturae

505 935 717 1008 passim
744 948 843 1006 per
865 931 1219 1004 Scripturam
1238 931 1638 995 inveniuntur,
1658 945 1783 1001 quae
1804 933 1869 984 ut

501 1019 741 1082 constat,
796 1013 1117 1080 necessario
1162 1013 1361 1070 dicunt
1407 1012 1747 1068 relationem
1793 1009 1865 1067 ad

500 1096 799 1153 meritum.
828 1096 925 1149 Est
946 1099 1221 1167 praeterea
1243 1095 1362 1150 haec
1383 1095 1596 1150 veritas
1618 1089 1867 1147 diffinita

294 1190 463 1250 conen.
504 1179 565 1236 in
591 1178 768 1235 sacris
794 1176 1081 1242 Conciliis,
1099 1180 1160 1231 ut
1187 1176 1249 1232 in
1275 1176 1529 1232 Arausio.
1549 1174 1774 1239 can.18,
1800 1172 1865 1228 in

280 1243 878 1334 ffgssg22Lateranensi
907 1258 1012 1314 sub
1061 1259 1392 1316 Innocentio
1421 1260 1495 1313 111
1523 1262 1579 1313 et
1620 1255 1865 1313 habetur

282 1338 477 1434 {33¹3
505 1341 569 1398 in
598 1342 781 1414 capite
828 1339 1107 1406 Firmiter,
1160 1340 1231 1397 de
1256 1355 1486 1396 summa
1531 1338 1744 1394 Trinit.
1797 1340 1864 1393 In

477 1421 834 1481 ‘Florentino
885 1422 1110 1480 decreto
1157 1421 1228 1479 de
1271 1422 1633 1498 Purgatorio.
1689 1422 1758 1475 Et
1800 1420 1864 1476 in

498 1506 844 1564 Tridentino
868 1524 992 1563 sess,
1021 1508 1076 1573 6,
1119 1523 1239 1577 cap.
1290 1506 1372 1571 16,
1419 1523 1543 1561 can.
1576 1505 1648 1559 26
1689 1511 1738 1559 et
1766 1504 1857 1570 32,

498 1589 598 1645 ubi
618 1594 817 1647 contra
839 1590 1139 1654 Bucerum,
1163 1587 1501 1657 Lutherum‚
1529 1586 1857 1650 Calvinum,

493 1675 552 1727 et
574 1669 1063 1733 ConfessionistaS,
1111 1668 1367 1739 aliosque
1414 1664 1711 1724 haereticos
1756 1680 1863 1721 ne-

496 1756 700 1826 gantes
721 1748 887 1806 bonis
919 1750 1129 1822 nost-ris
1151 1748 1421 1822 operibus
1448 1764 1647 1806 veram
1663 1745 1862 1803 meriti

496 1832 804 1893 rationem,
855 1830 937 1886 ita
982 1829 1262 1887 habetur:
1310 1852 1335 1883 «
1379 1828 1439 1885 Si
1484 1829 1611 1903 quis
1649 1827 1864 1884 dixerit

500 1934 527 1966 α
574 1911 830 1969 hominis
853 1910 1146 1984 justificati
1197 1909 1348 1968 bona
1393 1926 1568 1985 opera
1619 1909 1701 1965 ita
1741 1922 1865 1964 esse

498 2016 526 2048 «
570 1993 721 2051 dona
741 1994 860 2057 Dei,
894 1998 955 2049 ut
982 2009 1099 2050 non
1128 1993 1246 2049 sint
1268 1993 1416 2049 bona
1451 1993 1630 2065 ipsius
1645 1988 1863 2065 justifi-

498 2096 525 2126 α
570 2074 679 2131 cati
708 2073 917 2130 merita
930 2097 945 2141 ς
972 2078 1069 2129 aut
1090 2073 1279 2145 ipsum
1292 2071 1664 2146 justificatum
1696 2069 1863 2127 bonis

498 2177 527 2210 α
570 2156 858 2229 operibuS,
891 2171 1015 2227 quae
1036 2153 1108 2210 ab
1134 2171 1201 2212 eo
1252 2168 1352 2228 per
1379 2154 1479 2211 Dei
1507 2153 1774 2229 gratiam,
1806 2157 1865 2209 et

492 2257 526 2288 α
570 2240 701 2294 Jesu
730 2237 941 2293 Christi
966 2236 1436 2309 meritum,cujus
1455 2237 1658 2292 vivum
1682 2248 1864 2290 mem-

501 2341 528 2372 «
571 2319 745 2378 hrum,
770 2325 868 2385 est,
889 2317 1182 2382 fiunt,non
1201 2335 1336 2375 vere
1357 2318 1571 2376 mereri
1589 2330 1863 2391 augmen-

503 2424 529 2455 «
576 2406 699 2457 tum
753 2399 969 2474 gratiae,
997 2399 1179 2455 vitam
1226 2405 1524 2465 aeternam,
1580 2402 1637 2455 et
1682 2396 1863 2469 ipsius

501 2503 530 2534 α
574 2483 706 2537 vitae
732 2488 977 2545 aeternae,
1003 2480 1051 2535 si
1077 2487 1273 2538 tamen
1300 2481 1364 2536 in
1393 2480 1581 2555 gratia
1608 2480 1863 2536 decesse-

499 2586 527 2616 «
574 2564 668 2629 rit,
714 2563 1219 2635 consequutionem
1242 2605 1255 2629 ,
1283 2568 1450 2634 atque
1475 2561 1675 2636 gloriae
1720 2578 1863 2636 aug-

496 2668 525 2701 α
566 2651 848 2711 mentum,
903 2646 1206 2702 anathema
1252 2646 1345 2703 sit.
1405 2665 1430 2697 1>
1478 2648 1594 2700 Nec
1639 2659 1864 2701 necesse

497 2727 612 2786 erit
633 2727 697 2783 in
717 2727 888 2799 hujus
914 2726 1054 2784 adeo
1082 2727 1409 2784 manifestae
1436 2725 1703 2782 veritatis
1723 2741 1863 2782 con-

494 2810 890 2868 firmationem
939 2809 1108 2883 plura
1149 2809 1386 2876 referre,
1432 2807 1621 2866 autin
1651 2807 1861 2882 proba-

494 2895 653 2950 tione
703 2894 865 2949 illius
912 2892 1081 2949 modo
1128 2892 1379 2965 amplius
1421 2892 1750 2959 immorari,
1794 2908 1864 2950 eo

497 2977 838 3050 praesertim,
883 2976 1018 3048 quia
1070 2974 1225 3031 infra
1252 2975 1394 3048 disp.
1427 2976 1553 3032 Sex
1609 2975 1864 3048 professo

496 3058 951 3132 examinabitur,
987 3063 1179 3114 utrum
1229 3057 1395 3115 bonis
1447 3059 1566 3113 suis
1594 3058 1865 3130 operibus

500 3147 795 3197 mereatur
816 3141 1001 3213 Justus
1046 3138 1228 3194 vitam
1280 3143 1558 3195 aeternam
1609 3138 1680 3195 de
1724 3156 1864 3197 con-

500 3221 677 3296 digno
706 3219 831 3276 :ubi
859 3237 892 3275 a
915 3218 1141 3276 fortiori
1171 3218 1453 3275 constabit
1475 3218 1544 3276 de
1560 3220 1866 3277 existentia

499 3303 719 3368 meriti,
746 3307 801 3359 et
822 3305 1159 3375 argumenta
1181 3315 1305 3371 quae
1326 3305 1523 3357 contra
1545 3301 1708 3357 illam
1737 3299 1866 3358 fieri

502 3387 758 3457 possunt,
785 3380 1194 3438 dissolventur,
1718 3412 1723 3417 ·

285 3487 470 3548 Διῑιοῃ-
575 3469 827 3527 Observa
856 3469 948 3524 hic
967 3468 1141 3525 etiam
1168 3465 1319 3523 circa
1348 3467 1578 3523 literam
1610 3466 1860 3533 articuli,

281 3543 483 3585 mm·
498 3550 647 3624 quod
677 3552 739 3607 in
762 3556 878 3608 tota
904 3550 1009 3605 illa
1030 3547 1258 3605 videtur
1280 3547 1617 3604 concludere
1639 3550 1700 3603 D.
1719 3547 1867 3604 Tho-

502 3649 631 3688 mas
646 3632 888 3703 nullumx
908 3629 1184 3686 meritum
1209 3628 1467 3685 hominis
1494 3627 1642 3699 apud
1682 3631 1862 3684 Deum

497 3728 623 3771 esse
650 3713 928 3769 meritum
972 3709 1339 3782 simpliciter,
1390 3707 1488 3765 sed
1517 3714 1740 3764 tantum
1768 3724 1865 3765 se-

500 3794 754 3853 cundum
777 3792 913 3866 quid
933 3817 947 3861 ;
970 3797 1025 3848 et
1052 3792 1133 3847 ita
1181 3796 1304 3847 erat
1347 3790 1696 3863 loquendum
1723 3808 1864 3848 con-

500 3876 810 3935 siderando
850 3875 1124 3932 meritum
1178 3873 1421 3929 omnino
1465 3872 1719 3947 rigorose
1768 3890 1863 3931 se-

499 3958 754 4016 cundum
783 3955 932 4030 quod
986 3960 1068 4011 est
1096 3954 1509 4010 correlativum
1557 3953 1857 4021 mercediS,

500 4048 556 4100 et
612 4040 857 4115 pertinet
916 4034 985 4091 ad
1034 4035 1319 4108 justitiam
1363 4036 1857 4104 commutativam,

503 4129 673 4199 prout
693 4126 837 4195 Ang.
872 4121 1073 4175 Doctor
1092 4117 1479 4174 consideravit
1500 4116 1643 4172 illud
1673 4117 1735 4172 in
1758 4117 1863 4175 hoc

501 4204 765 4262 articulo.
793 4204 1022 4257 Certum
1071 4203 1154 4254 est
1180 4197 1338 4253 enim
1381 4196 1530 4268 apud
1561 4199 1622 4253 D.
1651 4197 1856 4256 Thom.

500 4287 656 4344 inter
680 4288 878 4350 Deum,
911 4288 966 4338 et
989 4280 1286 4338 hominem
1315 4280 1538 4335 servari
1563 4295 1677 4336 non
1704 4297 1862 4353 posse

496 4367 855 4429 conditiones
881 4378 1081 4421 omnes
1107 4361 1178 4417 ad
1226 4361 1540 4436 rigorosam
1577 4361 1861 4434 Justitiam

497 4449 969 4512 commutativam
987 4444 1165 4518 (cujus
1184 4448 1267 4500 est
1292 4440 1609 4499 retribuere
1625 4444 1861 4515 praemia

499 4552 605 4610 pro
633 4531 879 4600 meritis)
901 4526 1204 4599 requisitas
1223 4548 1236 4592 ;
1262 4529 1428 4597 atque
1450 4523 1589 4581 adeo
1611 4539 1713 4581 nec
1736 4542 1863 4583 me-

500 4617 701 4681 ritum,
731 4612 880 4687 quod
900 4612 974 4667 sit
998 4610 1060 4666 in
1089 4609 1193 4664 hoc
1213 4622 1382 4663 sensu
1408 4608 1684 4664 meritum
1712 4608 1862 4664 sim-

499 4698 740 4773 pliciter.
812 4698 1091 4751 Caeterum
1146 4689 1411 4763 quamvis
1476 4688 1580 4745 hoc
1637 4688 1717 4744 ita
1761 4689 1855 4756 sit,

495 4776 822 4838 communis
848 4781 1043 4831 tamen
1091 4770 1513 4843 Theologorum
1568 4786 1701 4825 usus
1737 4770 1860 4843 jam

494 4860 764 4923 obtinuit,
792 4853 1018 4913 utillud
1042 4851 1264 4908 dicatur
1304 4853 1581 4908 meritum
1624 4850 1859 4924 simpli-

490 4945 652 5009 citer,
697 4937 859 5012 quasi
910 4951 1009 5008 per
1055 4933 1534 4999 antonomasiam,
1561 4937 1616 4988 et
1667 4932 1859 4989 excel-

484 5023 755 5086 ientiam,
789 5015 938 5090 quod
958 5018 1044 5072 est
1070 5013 1132 5069 in
1178 5010 1385 5068 ordine
1432 5011 1502 5069 ad
1524 5012 1852 5085 praemium,

2001 596 2154 670 quod
2176 597 2252 653 sit
2294 597 2507 654 bonum
2533 598 2896 671 simpliciter,
2924 612 3134 670 nempe
3179 596 3373 656 beati-

2005 678 2266 735 tudinem
2319 681 2843 753 supernaturalem,
2874 680 3042 750 quale
3067 683 3152 735 est
3177 680 3372 736 solum

2002 759 2281 816 meritum
2311 759 2460 833 apud
2489 763 2669 816 Deum
2699 766 2792 827 ;et
2820 758 2899 814 ita
2928 756 3094 815 nobis
3122 759 3373 831 loquen-

2000 838 2140 895 dum
2164 841 2294 906 erit,
2313 847 2371 898 et
2396 840 2651 914 loquitur
2681 839 2891 913 ubique
2913 839 3034 897 fere
3056 842 3118 896 D.
3151 840 3365 897 Thom.

2003 922 2326 994 praesertim
2345 924 2588 981 articulo
2608 925 2813 981 ultimo
2825 924 2994 998 hujus
3008 922 3363 996 quaestionis.

2326 1127 2912 1200 DISPUTATIO
2976 1128 3035 1199 I.

1998 1315 2102 1380 De
2128 1319 2393 1381 natura
2428 1317 2695 1395 meriti,
2747 1320 2812 1380 et
2846 1309 3368 1378 conditionibus

2235 1421 2331 1487 ad
2357 1424 2694 1488 mer-ilum
2731 1420 3119 1505 requisiti&

2072 1596 2350 1661 Quamvis
2386 1597 2653 1660 essentia,
2678 1602 2735 1654 et
2782 1596 2931 1652 ratio
2958 1592 3155 1650 meriti
3181 1595 3268 1664 (ut
3289 1608 3361 1650 ex

1996 1677 2256 1736 dicendis
2306 1678 2489 1753 magis
2527 1676 2847 1748 constabit)
2889 1677 2954 1732 in
3005 1676 3199 1748 aliquo
3247 1690 3368 1732 uno

1997 1761 2290 1826 consistat,
2301 1761 2575 1832 importat
2591 1766 2784 1817 tamen
2800 1758 3071 1816 ordinem
3085 1756 3155 1815 ad
3172 1758 3362 1830 plura,

1997 1841 2261 1914 aquibus
2300 1841 2613 1914 dependet;
2666 1839 2898 1913 respicit
2936 1840 3096 1896 enim
3138 1854 3364 1895 merce-

1996 1923 2151 1991 dem,
2185 1930 2684 1982 remuneratorem
2710 1966 2724 1989 ,
2776 1926 3119 1987 merentem,
3170 1926 3275 1976 etc.
3308 1925 3367 1977 et

1996 2006 2210 2064 idcirco
2233 2007 2426 2079 plures
2447 2006 2823 2073 conditiones,
2840 2011 2955 2061 tam
2974 2021 3044 2062 ex
3060 2009 3221 2076 parte
3241 2005 3368 2078 ejus

1998 2087 2061 2144 in
2088 2091 2200 2160 quo
2222 2089 2499 2155 consistit,
2524 2104 2699 2162 quam
2719 2104 2790 2144 ex
2820 2091 2981 2161 parte
3006 2101 3371 2157 eorum,quae

2000 2170 2250 2245 respicit,
2277 2168 2348 2226 ad
2369 2171 2458 2226 sui
2480 2186 2603 2227 esse
2632 2169 2878 2242 requirit
2903 2190 2916 2224 ε
2949 2166 3018 2223 de
3043 2165 3273 2239 quibus»,
3302 2171 3369 2222 ut

1996 2249 2194 2306 meriti
2219 2256 2427 2309 natura
2443 2256 2634 2308 exacte
2656 2247 3197 2321 maneatexplicata,
3212 2262 3359 2319 opus

1996 2336 2081 2386 est
2125 2331 2190 2387 in
2238 2333 2340 2389 hac
2393 2334 2583 2407 prima
2633 2330 3019 2405 disputatione
3057 2328 3365 2384 disserere.

1999 2412 2265 2485 Quinque
2287 2419 2476 2472 autem
2499 2413 2729 2481 sunt,de
2748 2411 2954 2484 quibus
2974 2413 3119 2468 solet
3141 2410 3204 2465 in
3222 2403 3368 2482 pr'ae-

1996 2496 2145 2554 senti
2173 2495 2476 2567 disputari,
2510 2513 2584 2553 an
2607 2495 2676 2552 ad
2722 2495 2999 2551 meritum
3048 2493 3365 2564 requiran-

1996 2591 2111 2651 tur,
2142 2579 2410 2637 videlicet
2456 2583 2609 2635 actus
2660 2575 2957 2649 positivuS,
2991 2572 3229 2629 libertas
3256 2572 3360 2629 in-

1997 2673 2175 2743 tegra,
2203 2663 2431 2721 bonitas
2457 2659 2717 2724 moralis,
2762 2662 2940 2713 status
2967 2656 3096 2721 viae,
3139 2658 3195 2711 et
3223 2671 3364 2729 pac-

1997 2754 2252 2812 tum,seu
2269 2743 2574 2801 conventio
2602 2741 2756 2796 inter
2779 2739 3117 2799 merentem,
3148 2740 3205 2793 et
3224 2752 3369 2794 eum

1997 2829 2148 2905 apud
2168 2843 2337 2902 quem
2392 2828 2648 2882 meretur
2673 2847 2687 2891 ;
2717 2820 2867 2879 etde
2892 2820 2984 2876 his
3024 2834 3128 2875 nos
3174 2818 3235 2874 in
3265 2819 3375 2879 hac

1997 2912 2385 2987 disputatione
2404 2924 2508 2964 suo
2537 2906 2742 2965 ordine
2762 2905 3037 2961 dicemus.
3066 2904 3143 2959 De
3164 2918 3370 2961 neces-

1997 3000 2165 3055 sitate
2188 3011 2347 3061 vero,
2378 2997 2433 3049 et
2477 2989 2819 3047 sufficientia
2846 2988 3047 3063 gratiae
3074 2986 3136 3042 in
3156 2986 3370 3048 ordine

1998 3079 2068 3136 ad
2098 3076 2395 3140 meritum,
2429 3072 2748 3145 praesertim
2777 3071 2909 3128 vitae
2934 3074 3180 3135 aeternae,
3207 3074 3365 3127 trac-

1996 3166 2076 3217 tat
2107 3160 2173 3215 D.
2202 3158 2410 3214 Thom.
2435 3161 2547 3210 art.
2575 3155 2609 3209 2
2631 3158 2687 3211 et
2711 3153 2765 3219 3,
2792 3158 2849 3211 et
2869 3151 2997 3209 ideo
3019 3165 3123 3209 nos
3143 3149 3366 3209 ibidem

1906 3291 1919 3306 ,
1996 3241 2065 3300 de
2089 3241 2194 3298 hoc
2214 3237 2591 3305 commodius,
2623 3242 2680 3295 et
2725 3253 2797 3294 ex
2826 3235 3078 3309 professo
3106 3251 3360 3310 agemus..

2502 3407 2787 3463 DUBIUM
2827 3406 2869 3461 1.

2100 3556 2298 3615 Utrum
2319 3556 2394 3612 ad
2407 3557 2664 3612 meritum
2685 3555 3004 3630 requiratur
3023 3554 3262 3625 operatio

2540 3637 2805 3709 positiva.

2074 3795 2234 3860 Quod
2258 3794 2331 3852 ad
2360 3793 2634 3850 meritum
2659 3792 3046 3849 necessarium
3072 3793 3146 3848 sit
3178 3804 3364 3865 genus

1998 3876 2230 3950 aliquod
2254 3877 2445 3950 operis
2466 3892 2499 3932 a
2521 3876 2819 3931 voluntate
2845 3880 3034 3931 creata
3054 3874 3361 3931 ortumdu·

1996 3975 2148 4024 cens,
2179 3974 2254 4015 ex
2280 3958 2404 4030 ipso
2443 3955 2566 4029 ejus
2593 3954 2831 4010 nomine
2860 3955 3222 4027 perspicuum
3248 3961 3354 4032 est,

1996 4039 2144 4112 quod
2188 4039 2340 4096 nihil
2370 4036 2527 4093 aliud
2567 4042 2733 4094 sonat
2758 4038 2842 4107 (ut
2868 4037 2931 4092 in
2962 4037 3237 4109 praeludio
3261 4038 3359 4093 vi-

1995 4121 2210 4193 dimus)
2252 4119 2366 4176 nisi
2393 4119 2468 4174 ad
2495 4120 2787 4175 mercedem
2832 4120 2930 4184 ire,
2982 4119 3264 4185 laborare,
3302 4125 3362 4176 et

1997 4204 2226 4276 operari
2256 4203 2320 4259 in
2343 4198 2548 4258 ordine
2571 4198 2645 4256 ad
2675 4200 2978 4273 praemium
3006 4217 3356 4275 consequen·

1996 4286 2151 4343 dum.
2207 4289 2335 4341 Non
2381 4290 2466 4341 est
2512 4290 2702 4340 autem
2743 4284 2824 4339 sic
2868 4284 3252 4356 exploratum,
3284 4300 3361 4342 an

1996 4366 2326 4443 hujusmodi
2375 4383 2515 4440 opus
2555 4363 2757 4422 debeat
2793 4381 2916 4423 esse
2951 4367 3276 4440 proprium,
3306 4371 3365 4424 et

1998 4450 2344 4525 rigorosum,
2374 4449 2544 4521 quale
2569 4453 2652 4503 est
2693 4448 2849 4504 solus
2876 4454 3050 4511 actus,
3082 4452 3141 4505 et
3160 4463 3361 4520 opera-

1996 4533 2076 4590 tio
2108 4532 2382 4605 positiva;
2426 4547 2500 4588 an
2549 4546 2686 4587 vero
2711 4529 2781 4586 ad
2827 4528 2888 4585 id
2938 4529 3182 4587 sufficiat
3219 4547 3365 4603 opus

1996 4613 2403 4685 metaphorice,
2429 4617 2486 4669 et
2506 4611 2825 4685 improprie
2845 4610 3083 4677 dictum,
3106 4616 3168 4666 ut
3189 4611 3363 4668 omis-

1994 4695 2081 4751 sio
2107 4695 2460 4761 voluntaria,
2491 4710 2616 4766 quae
2644 4696 2818 4769 large,
2839 4699 2898 4751 et
2917 4693 3356 4766 interpretativa

1998 4783 2179 4851 potest
2206 4779 2318 4835 dici
2333 4794 2506 4851 opus,
2540 4777 2705 4834 Unde
2751 4779 2853 4834 alii
2882 4776 2989 4833 sub
3035 4777 3151 4834 alio
3189 4775 3361 4833 titulo

1959 4861 2249 4924 ‚excitant
2294 4859 2579 4917 hocidem
2630 4858 2893 4926 dubium,
2939 4875 3015 4915 an
3069 4857 3358 4919 nimirum

1995 4945 2117 5001 sola
2177 4943 2414 5000 omissio
2457 4942 2698 5000 sufficiat
2748 4941 2819 4998 ad
2873 4941 3197 4998 meritum?
3243 4939 3354 4997 Sed

1996 5032 2234 5098 uterque
2260 5023 2595 5098 inquirendi
2637 5022 2840 5082 modus
2867 5024 2930 5081 in
2959 5022 3115 5081 idem
3136 5021 3355 5158 coirtilci-

3281 5102 3346 5169 it,
