3647 5753
96 2705 261 2750 contii·-

93 2759 236 2817 matur

88 2816 246 2858 primo.

1474 402 1654 458 DISP.
1697 403 1767 469 11,
1810 402 1976 458 DUB.
2021 404 2168 461 VIII.
3065 414 3166 470 521

301 576 507 633 sufficit
546 575 614 633 ad
663 575 1076 634 destruendum
1124 583 1347 650 peccata
1389 575 1663 642 venialia,

300 659 439 733 quia
478 657 808 734 hujusmodi
834 661 1021 733 gratia
1048 675 1166 716 non
1208 659 1364 716 addit
1385 657 1667 716 attritioni

301 742 749 817 repugnantiam
801 742 1175 799 sufficientem
1234 759 1363 801 cum
1429 741 1668 814 peccatis

300 824 650 893 venialibus,
683 825 783 882 sed
817 842 944 882 eam
976 826 1250 899 relinquit
1288 830 1567 898 quantum
1596 821 1668 879 ad

303 905 644 980 praedictum
688 906 950 963 effectum
980 907 1043 962 in
1081 906 1281 963 eodem
1328 906 1448 962 fere
1492 908 1661 970 statu,

301 1005 472 1062 quem
513 988 757 1046 habebat
796 988 1110 1046 secundum
1135 1005 1195 1045 se
1228 1010 1240 1044 :
1284 988 1437 1060 atqui
1481 985 1667 1061 gratia

299 1071 737 1127 sacramentalis
757 1086 932 1143 supra
966 1069 1322 1150 attritionem
1349 1066 1665 1125 secundum

299 1169 378 1223 se,
405 1158 461 1211 et
486 1154 738 1211 elicitam
754 1161 795 1212 'a
819 1153 1005 1228 gratia
1026 1168 1143 1209 non
1165 1151 1322 1208 addit
1345 1166 1667 1225 repugnan-

298 1236 442 1292 tiam
482 1234 856 1291 sufficientem
885 1250 1012 1289 cum
1054 1232 1292 1307 peccatis
1313 1229 1659 1297 venialibus»,

296 1316 396 1373 sed
440 1332 570 1372 eam
606 1316 670 1373 in
709 1316 907 1373 eodem
952 1319 1102 1371 statu
1150 1313 1427 1386 relinquit
1472 1333 1485 1369 ε
1529 1326 1665 1384 ergo

299 1397 520 1454 attritio
572 1402 632 1452 ut
675 1397 972 1470 conjuncta
1013 1395 1212 1469 gratiae
1254 1391 1664 1449 sacramentali

299 1477 648 1534 insufficiens
668 1482 754 1534 est
779 1477 850 1533 ad
881 1477 1204 1534 venialium
1234 1473 1658 1531 remissionem.

296 1557 583 1615 Probatur
620 1559 847 1625 minor;
877 1574 1014 1615 nam
1045 1556 1174 1613 ideo
1193 1554 1378 1629 gratia
1403 1550 1661 1610 sanctifi-

294 1655 429 1696 cans
455 1656 632 1712 supra
684 1638 1038 1695 attritionem
1078 1634 1391 1692 secundum
1433 1649 1494 1689 se
1544 1648 1663 1688 non

293 1719 451 1776 addit
499 1719 944 1793 repugnantiam
994 1716 1368 1773 sufficientem
1410 1711 1481 1768 ad
1527 1713 1659 1768 des-

290 1800 535 1857 truenda
576 1800 850 1867 venialia,
879 1799 1012 1872 quia
1042 1798 1164 1870 ipsa
1189 1795 1375 1869 gratia
1405 1790 1661 1850 sanctifi-

292 1896 427 1937 cans
467 1897 587 1938 non
608 1879 777 1937 habet
801 1897 932 1936 cum
960 1880 1044 1936 eis
1066 1875 1529 1950 repugnantiam,
1561 1873 1659 1930 sed

290 1966 472 2036 potest
490 1979 619 2019 cum
643 1963 762 2019 illis
784 1961 1048 2035 componi
1071 1981 1083 2015 :
1103 1958 1258 2031 atqui
1279 1957 1466 2030 gratia
1480 1971 1662 2012 sacra-

290 2046 573 2101 mentalis·
590 2061 707 2101 non
722 2043 892 2100 habet
909 2038 1353 2115 repugnantiam
1375 2053 1504 2092 cum
1529 2052 1661 2126 pec-

291 2126 430 2182 catis
457 2125 804 2190 venialibus,
837 2123 936 2180 sed
961 2140 1029 2180 ea
1051 2122 1114 2178 in
1135 2119 1385 2192 subjecto
1413 2122 1659 2206 permit-

290 2203 361 2259 tit
406 2227 420 2262 ε
460 2206 718 2278 alioquin
767 2203 984 2260 habens
1028 2201 1355 2274 praedictam
1408 2202 1657 2271 gratiam

292 2301 411 2343 non
439 2293 624 2360 posset
647 2288 709 2344 in
736 2302 906 2343 sensu
935 2283 1246 2356 composito
1274 2280 1437 2336 illius
1461 2278 1660 2335 venia-

292 2367 429 2424 liter
454 2384 703 2440 peccare,
736 2368 884 2440 quod
911 2369 995 2422 est
1021 2364 1264 2421 omnino
1292 2358 1608 2417 absurdum
1642 2380 1655 2414 :

291 2461 428 2520 ergo
467 2450 655 2523 gratia
693 2445 1126 2505 sacramentalis
1155 2458 1271 2499 non
1300 2440 1458 2497 addit
1484 2454 1657 2510 supra

294 2528 652 2587 attritionem
695 2527 1136 2602 repugnantiam
1171 2522 1544 2580 sufficientem
1585 2518 1658 2575 ad

293 2610 715 2668 excludendum
744 2614 968 2684 peccata
987 2605 1259 2664 venialia.
1468 2682 1478 2693 .

367 2693 496 2747 315.
542 2691 715 2747 Addit
744 2692 936 2765 primo
972 2689 1073 2744 ille
1098 2686 1303 2741 Junior
1341 2681 1655 2754 discipulus

287 2770 353 2824 D.
406 2771 659 2838 Thomae,
707 2769 1062 2826 attritionem
1104 2766 1175 2822 de
1222 2760 1546 2821 venialibus
1592 2764 1655 2815 ut

284 2852 646 2927 conjunctam
679 2854 1066 2919 sacramentO,
1109 2849 1201 2906 vel
1238 2845 1436 2922 gratiae
1460 2857 1652 2900 sacra-

284 2935 546 3002 mentali,
574 2951 691 2992 non
721 2933 927 2990 addere
955 2931 1068 2987 nisi
1098 2930 1191 2987 vel
1234 2929 1423 3000 ipsum
1456 2940 1651 2981 sacra-

283 3018 672 3085 mentum‚vel
696 3016 948 3088 aliquem
976 3012 1213 3069 modum
1244 3009 1642 3097 intrinseca-m,

281 3114 393 3170 quo
430 3098 617 3174 gratia
658 3113 759 3170 per
785 3098 1210 3152 sacramentum
1253 3089 1524 3180 producta
1548 3102 1647 3142 in-

280 3179 462 3237 clinat
501 3180 572 3237 ad
616 3173 889 3252 speciales
930 3182 1105 3241 actuS,
1150 3178 1206 3231 et
1250 3174 1503 3244 exposcit
1542 3183 1646 3258 pro

279 3257 404 3317 illis
459 3261 731 3335 specialia
788 3258 890 3315 Dei
936 3256 1174 3324 auxilia,
1221 3257 1421 3326 utputa
1460 3254 1646 3324 gratia

280 3341 654 3400 Eucharistiae
689 3341 758 3397 ad
786 3338 1170 3403 devotionem,
1206 3339 1260 3391 et
1277 3331 1464 3407 gratia
1492 3332 1645 3386 Con-

276 3420 628 3481 firmationis
655 3421 724 3477 ad
744 3420 1162 3478 confessionem
1186 3413 1364 3480 Fidei,
1390 3417 1448 3469 et
1472 3410 1555 3466 sic
1573 3408 1645 3466 de

281 3502 432 3559 aliis.
478 3506 907 3560 Sacrementum
948 3503 1136 3554 autem
1186 3509 1303 3551 non
1348 3497 1433 3548 est
1476 3505 1646 3581 causa

280 3581 546 3641 formalis
585 3584 899 3639 intrinseca
944 3575 1251 3636 remissiva
1291 3575 1499 3647 peccati
1528 3583 1643 3661 ‘ve-

279 3665 474 3736 nialiS,
506 3666 603 3723 sed
627 3665 698 3722 ad
738 3678 1033 3720 summum
1061 3665 1145 3717 est
1168 3671 1335 3713 causa
1360 3652 1636 3717 effectiva,

275 3753 340 3804 ut
366 3764 438 3806 ex
474 3766 536 3806 se
562 3750 771 3823 liquet;
815 3751 872 3805 et
909 3744 1035 3801 ideo
1076 3740 1500 3797 sacramentum
1523 3748 1642 3825 non

272 3831 584 3904 opponitur
642 3829 881 3904 peccatis
932 3822 1258 3883 venialibus
1317 3816 1642 3874 formaliter

274 3927 379 3984 per
404 3913 676 3985 seipsum,
720 3910 819 3967 sed
854 3906 1145 3964 mediante
1192 3902 1384 3973 aliquo
1411 3897 1632 3989 effectu,

275 4010 446 4067 quem
475 3994 889 4068 investigamus
908 4015 921 4047 :
946 3988 1100 4045 unde
1119 3981 1446 4042 connotatio
1461 3979 1641 4069 solius

272 4075 620 4132 sacramenti
649 4072 1018 4136 insufficiens,
1052 4069 1234 4124 immo
1257 4066 1641 4135 impertinens

272 4161 376 4223 est,
407 4161 472 4212 ut
517 4156 734 4213 attritio
778 4154 1050 4210 sortiatur
1091 4149 1215 4207 vim
1262 4144 1639 4202 intrinsecam

272 4238 346 4295 ad
375 4239 785 4297 remittendum
814 4235 1139 4294 formaliter
1168 4234 1406 4305 peccata.
1436 4221 1641 4317 biodus

273 4326 466 4379 autem
482 4322 584 4377 ille
603 4318 1035 4377 sacramentalis
1057 4319 1142 4373 est
1162 4314 1298 4387 quid
1320 4307 1633 4402 hab-ituale,

270 4407 328 4461 et
377 4418 743 4477 permanens,
802 4406 1111 4473 potensque
1173 4395 1444 4469 conjungi
1508 4403 1639 4481 cum

272 4485 514 4559 peccatis
534 4482 878 4550 venialibus,
906 4481 977 4538 de
1011 4477 1219 4554 quibus
1239 4477 1413 4566 homo
1436 4476 1638 4566 atteri-

271 4573 399 4635 tur;
450 4565 708 4640 alioquin
735 4567 831 4638 qui
878 4580 1033 4620 nunc
1073 4559 1243 4617 habet
1281 4560 1639 4614 attritionem

272 4647 344 4707 de
372 4647 565 4707 verbis
602 4646 818 4712 otiosiS,
850 4650 908 4702 et
946 4641 1151 4714 recipit
1188 4638 1634 4700 sacramentum,

270 4736 329 4789 et
354 4730 593 4788 modum
616 4730 802 4797 illum,
823 4745 941 4785 non
965 4728 1151 4801 posset
1169 4726 1355 4779 stante
1375 4734 1441 4776 eo
1469 4715 1639 4774 modo

273 4816 407 4885 (stat
434 4817 624 4869 autem
652 4808 906 4883 quandiu
928 4806 1114 4882 gratia
1135 4800 1495 4860 sanctificans
1520 4813 1641 4854 non

275 4893 587 4964 amittitur)
602 4889 779 4948 verba
795 4888 974 4947 otiosa
988 4886 1168 4960 loqui;
1183 4881 1330 4956 quod
1346 4886 1430 4938 est
1446 4877 1642 4934 absur-

277 4974 443 5043 dum,
469 4978 526 5031 et
552 4969 936 5046 improbabile
962 4990 975 5025 :
1000 4978 1350 5036 consequens
1375 4975 1510 5033 ergo
1535 4963 1637 5044 est,

277 5049 434 5126 quod
463 5047 768 5124 praedictus
794 5042 1000 5102 modus
1049 5056 1168 5098 non
1192 5036 1449 5094 conserat
1475 5038 1643 5093 attri-

423 5127 719 5190 Salmant.
751 5124 915 5187 Gurs.
941 5122 1165 5193 theoloy.
1193 5126 1321 5176 tom.
1356 5114 1424 5175 X.

1801 575 1951 633 tioni
1996 577 2438 651 repugnantiam
2486 576 2555 633 ad
2602 581 3010 651 expellendum
3047 583 3170 640 for-

1802 658 2035 715 maliter
2059 665 2280 731 peccata
2306 660 2580 716 venialia.

1873 740 2049 796 Addit
2096 740 2360 807 secund0‚
2405 741 2554 815 quod
2600 743 3066 818 quotiescumque
3097 749 3164 803 D.
3232 761 3303 804 se-

1801 821 2008 878 Thom.
2055 823 2302 896 explicat
2348 822 2616 889 modum,
2661 842 2772 898 quo
2811 834 3170 888 sacramenta
3208 809 3358 855 ⁰⁰⁰⁶&

1801 904 2106 960 remittunt
2134 910 2355 976 peccata
2382 905 2655 972 venialia,
2704 923 2933 982 semper
2979 909 3038 965 id
3064 926 3169 967 ex-

1800 984 1963 1056 ponit
2004 1000 2105 1057 per
2146 985 2278 1052 hoc,
2323 984 2473 1058 quod
2513 994 2868 1045 sacrementa
2898 996 3169 1063 praestant
3219 1015 3224 1018 ¹

1799 1064 2080 1131 effectum,
2100 1082 2198 1123 seu
2220 1067 2467 1140 gratiam
2493 1067 2875 1126 inclinantem
2895 1071 2965 1128 ad
2989 1079 3163 1140 actuS,

1797 1143 2006 1217 quibus
2048 1147 2292 1219 perfecte
2318 1147 2668 1204 detestamur
2695 1150 2950 1208 venialia
2976 1174 2989 1209 :
3019 1152 3169 1227 quod

1797 1225 2152 1298 superfluum
2192 1233 2357 1294 esset,
2391 1230 2440 1284 si
2487 1228 2612 1301 ipsa
2658 1231 2875 1289 attritio
2925 1238 2985 1289 ut
3029 1249 3170 1291 con-

1791 1306 1987 1380 juncta
2032 1315 2393 1367 sacramento
2437 1309 2756 1367 destrueret
2799 1320 3021 1384 peccata
3066 1329 3170 1372 ve-

1798 1386 1982 1443 nialia
2006 1387 2363 1457 immediate,
2390 1396 2447 1448 et
2467 1391 2867 1449 antecedenter
2890 1394 2961 1450 ad
2990 1396 3168 1453 aliam

1796 1472 2208 1541 operationem,
2240 1473 2363 1530 sive
2391 1475 2769 1531 mutationem
2788 1476 3167 1536 intrinsecam

1796 1550 2193 1622 perfectiorem
2210 1577 2224 1620 ;
2256 1560 2391 1610 tunc
2428 1554 2637 1628 quippe
2664 1557 3066 1616 antecedenter
3094 1560 3166 1617 ad

1796 1633 2027 1690 altiores
2051 1636 2412 1707 operationes
2449 1646 2914 1711 supponerentur
2943 1647 3167 1715 peccata

1794 1713 2052 1770 venialia
2082 1717 2342 1772 remissa.

1868 1787 1996 1843 316.
2068 1791 2152 1844 Ex
2231 1788 2439 1862 quibus
2515 1792 2889 1865 praecluditur
2966 1796 3160 1854 evasio
3188 1809 3369 1855 Praeclu-

1793 1869 2025 1925 Arauxo
2047 1870 2286 1927 dicentis
2314 1873 2668 1930 attritionem
2695 1875 3056 1948 conjunctam
3078 1893 3163 1933 sa·
3199 1859 3357 1962 fflssffi‘

1792 1953 2087 2006 eramento
2137 1952 2487 2022 poenitentiae
2527 1952 2655 2010 fieri
2693 1972 2822 2017 rem.
2871 1964 2919 2011 et
2967 1958 3361 2050 sacra-ffumffi

1792 2037 2036 2085 mentum
2058 2032 2263 2098 simul;
2289 2036 2455 2104 atque
2482 2032 2611 2090 ideo
2647 2035 2897 2109 gaudere
2938 2038 3161 2110 perfec-
3213 2018 3358 2054 ‘⁸⁰¹⁰’

1793 2113 1969 2179 tione,
2021 2129 2195 2185 quam
2243 2130 2361 2171 non
2389 2114 2558 2172 habet
2584 2116 2899 2176 secundum
2943 2136 3024 2187 se,
3057 2136 3159 2178 nec

1793 2197 1855 2247 ut
1878 2193 2187 2266 procedens
2216 2210 2247 2249 a
2276 2196 2461 2269 gratia
2489 2197 2912 2266 sanctificante3
2938 2205 2994 2256 et
3019 2216 3158 2257 con-

1789 2278 2093 2345 sequenter
2128 2280 2189 2329 ut
2209 2276 2572 2348 conjunctam
2600 2285 2961 2337 sacramento
2984 2281 3162 2353 poeni-

1792 2356 1988 2411 tentiae
2034 2370 2196 2427 posse
2240 2356 2541 2415 excludere
2594 2365 2816 2431 peccata
2880 2360 3158 2416 venialia.

1790 2436 2077 2499 Quoniam
2101 2436 2192 2491 hic
2221 2451 2337 2493 non
2366 2438 2591 2511 agimus
2612 2440 2682 2496 de
2708 2457 2891 2507 causa,
2923 2457 3051 2513 quae
3072 2441 3162 2497 ef-

1788 2515 1995 2573 fective
2018 2515 2287 2585 mediate,
2316 2519 2406 2574 vel
2436 2518 2768 2578 immediate
2795 2520 3038 2578 destruit
3064 2537 3162 2578 ve·

1787 2597 1970 2653 nialia
2017 2598 2078 2654 in
2123 2604 2514 2666 sacramento;
2561 2600 2661 2657 sed
2702 2601 2772 2658 de
2819 2602 3027 2668 forma,
3061 2605 3159 2657 aut

1784 2680 1946 2750 quasi
1990 2680 2180 2736 forma
2214 2679 2548 2748 intrinseca,
2584 2700 2686 2757 per
2729 2700 2902 2756 quam
2951 2684 3155 2740 remit-

1783 2765 2005 2817 tuntur.
2041 2764 2125 2817 Ex
2163 2777 2230 2817 eo
2277 2768 2487 2829 autem,
2521 2765 2670 2836 quod
2698 2766 2918 2822 attritio
2960 2766 3022 2821 in
3061 2783 3157 2823 sa-

1783 2847 2079 2900 cramento
2117 2842 2465 2916 poenitentias
2508 2846 2584 2901 sit
2625 2864 2727 2914 res,
2759 2854 2810 2902 et
2846 2864 3156 2904 sacremen-

1781 2930 1900 2979 tum
1934 2925 2120 2989 simul,
2153 2926 2339 2982 solum
2383 2925 2644 2994 habetur,
2675 2928 2825 3001 quod
2852 2934 3155 2986 concurrat

1781 3004 1965 3061 active
2022 3003 2093 3060 ad
2146 3005 2409 3062 effectum
2467 3010 2847 3077 sacramenti;
2903 3009 3154 3066 minime

1777 3102 1936 3154 vero,
1981 3087 2130 3160 quod
2166 3091 2241 3145 sit
2286 3090 2476 3146 forma
2521 3091 2853 3160 intrinseca,
2896 3101 2954 3151 et
2991 3095 3153 3151 suffi-

1778 3167 1997 3224 cienter
2021 3170 2317 3241 expellens
2344 3170 2602 3227 venialia
2634 3196 2647 3228 ι
2689 3172 2786 3228 sed
2821 3174 3006 3229 adhuc
3033 3175 3150 3231 alia

1779 3247 2002 3314 forma,
2047 3252 2109 3303 ut
2155 3249 2234 3304 sic
2287 3246 2574 3317 dicamus,
2621 3252 3149 3326 incompossibilior

1777 3343 1910 3384 cum
1956 3328 2284 3384 venialibus
2325 3334 2500 3386 restat
2539 3331 2959 3407 investiganda.
2993 3336 3148 3394 Sicut

1776 3408 1954 3464 etiam
1995 3409 2217 3465 attritio
2260 3424 2390 3465 cum
2432 3409 2633 3466 eodem
2677 3420 3036 3472 sacramento
3062 3421 3147 3472 est

1779 3504 1889 3554 res,
1915 3492 1971 3543 et
1991 3495 2418 3545 sacramentum
2440 3489 2617 3545 simul
2640 3491 2710 3546 ad
2730 3491 3143 3552 destruendum

1776 3567 2047 3624 mortalia
2075 3588 2087 3622 ι
2117 3584 2188 3625 ex
2227 3585 2348 3641 quo-
2378 3574 2572 3625 tamen
2601 3571 2849 3629 minime
2875 3574 3138 3644 habetur,

1775 3646 1925 3719 quod
1947 3648 2165 3705 attritio
2189 3649 2265 3703 sit
2285 3649 2478 3705 forma
2506 3653 2779 3709 mortalia
2804 3657 3099 3728 expellens
3122 3682 3139 3726 ς

1774 3728 1874 3786 sed
1906 3729 2094 3785 solum
2134 3729 2283 3802 quod
2312 3728 2606 3787 mediante
2629 3734 2834 3805 gratia,
2866 3753 3038 3809 quam
3079 3744 3144 3795 ut

1776 3824 1908 3881 pars
1942 3810 2289 3865 sacramenti
2316 3809 2503 3878 efficit,
2535 3820 2840 3871 concurrat
2867 3816 2937 3872 ad
2979 3834 3141 3876 mor-

1774 3892 1979 3948 talium
2001 3892 2467 3949 destructionem.

1847 3974 2188 4033 Excluditur
2226 3977 2402 4033 etiam
2447 3976 2742 4049 responsio
2781 3980 3019 4054 Vasquii
3045 3999 3140 4040 as-

1772 4058 2018 4115 serentis
2062 4057 2308 4132 gratiam
2336 4074 2465 4113 cum
2511 4059 2806 4119 attritione
2834 4063 2898 4118 in
2945 4080 3140 4122 sacra-

1773 4144 1970 4196 mento
2003 4140 2270 4197 collatam
2298 4155 2420 4197 esse
2458 4143 2771 4214 gratuitam
2800 4147 3139 4204 reconcilia-

1770 4220 1990 4277 tionem
2020 4237 2124 4293 pro
2163 4221 2400 4294 peccatis
2428 4222 2773 4292 venialibus,
2805 4231 2863 4282 et
2897 4227 3000 4284 hac
3040 4244 3139 4284 ra-

1771 4302 1927 4358 tione
1955 4302 2096 4375 ipsis
2121 4302 2446 4374 specialiter
2465 4305 2707 4376 opponi;
2741 4321 2877 4362 nam
2905 4323 2971 4364 eo
2992 4309 3137 4381 ipsc,

1771 4382 1921 4455 quod
1959 4382 2144 4456 gratia
2168 4384 2604 4439 sacramentalis
2640 4385 2730 4453 sit,
2770 4385 2926 4442 addit
2965 4405 3140 4463 supra

1771 4463 2050 4521 meritum
2080 4465 2272 4537 operis
2311 4464 2531 4537 aliquid
2571 4467 2815 4524 ulterius
2854 4484 2927 4525 ex
2969 4487 3144 4546 opere

1770 4549 2022 4617 operato,
2069 4547 2200 4612 Hoc,
2256 4544 2515 4617 inquam,
2566 4548 2891 4606 excluditur
2932 4569 2945 4604 ε
3001 4568 3139 4609 nam

1770 4625 1899 4681 dari
1935 4628 2181 4700 gratiam
2222 4644 2293 4685 ex
2317 4638 2490 4700 opere
2530 4636 2764 4702 operato
2789 4632 2942 4688 nihil
2983 4634 3141 4691 addit

1771 4723 1946 4781 supra
1967 4711 2215 4782 gratiam
2249 4709 2721 4779 sanctificantem,
2755 4712 2870 4768 nisi
2898 4716 2990 4771 vel
3011 4731 3142 4773 mo-

1772 4789 1914 4845 dum
1945 4789 2195 4862 aliquem
2236 4788 2593 4861 perfectioris
2630 4792 3000 4861 intensionis,
3045 4797 3140 4853 vel

1771 4868 2012 4926 modum
2052 4871 2528 4927 sacramentalem
2567 4886 2742 4942 supra
2767 4875 3139 4946 explicatum,

1772 4951 1868 5008 vel
1934 4950 2182 5024 denique
2232 4951 2524 5022 quandam
2600 4955 2982 5013 extrinsecam
3042 4959 3143 5015 Dei

1778 5030 2272 5102 benevolentiam,
2301 5037 2357 5089 et
2395 5037 2668 5092 neutrum
2702 5035 2912 5094 horum
2941 5037 3147 5095 sufficit

3179 4035 3301 4085 Vasti.
