3647 5753
1282 412 1460 469 DISP.
1513 414 1637 483 vn,
1679 416 1847 473 DUB.
1891 420 1985 477 IV.

169 579 232 616 m
261 566 376 621 mei
391 574 689 643 occasione,
719 585 770 634 et
795 581 1014 637 voluero
1033 599 1158 638 cum
1177 583 1277 640 illo
1305 585 1545 642 absolute

169 660 495 734 concurrere
538 656 617 709 ad
639 675 972 727 consensum,
1022 666 1336 720 comantia.
1369 667 1439 720 Et
1463 665 1546 722 sic

167 740 292 795 jam
332 745 407 787 ex
448 741 609 806 parte
660 739 1004 800 conditionis
1051 746 1287 818 ponitur
1325 745 1543 819 aliquid

176 810 538 881 antecedens,
563 822 621 874 et
641 820 1033 882 infallibiliter
1057 841 1382 884 connexum
1412 843 1543 884 cum

171 902 496 963 consensu3
544 908 601 956 et
644 907 759 960 tota
784 905 1114 978 -propositio
1138 913 1224 964 est
1262 908 1538 976 absolute,

170 972 230 1024 et
275 978 599 1037 necessario
637 998 777 1041 vera
808 985 1106 1059 :implicat
1145 988 1328 1057 enim,
1360 992 1540 1051 Deum

174 1053 324 1111 velle
345 1055 603 1120 absolute
623 1079 988 1133 concurrere,
1018 1068 1240 1140 etquod
1267 1085 1387 1126 non
1413 1084 1543 1127 con-

168 1140 386 1226 currat,
421 1144 589 1213 atque
631 1144 894 1202 effectum
923 1146 1175 1205 inducat.
1208 1150 1293 1205 Ex
1318 1165 1431 1223 quo
1457 1151 1542 1206 ul-

173 1222 353 1272 terius
394 1217 510 1287 fiet,
557 1229 618 1280 ut
668 1227 919 1301 cognitio
970 1228 1252 1301 praedictae
1280 1231 1540 1288 veritatis

175 1312 292 1355 non
345 1304 634 1373 pertineat
659 1306 731 1364 ad
776 1309 1077 1367 scientiam
1118 1313 1391 1380 mediam,
1441 1312 1538 1371 sed

171 1376 253 1469 ad·
288 1381 589 1440 scientiam
634 1387 918 1463 simplicis
957 1389 1377 1467 intelligentiae,
1421 1409 1538 1451 non

173 1474 564 1535 minusquam
591 1465 743 1524 ista:
770 1468 841 1528 Si
878 1470 1076 1528 Petrus
1113 1475 1344 1530 voluerit
1377 1474 1537 1530 abso-

171 1539 281 1595 lute
318 1547 562 1631 operari,
589 1550 924 1621 operabitur.
954 1552 1105 1627 Ergo
1127 1555 1393 1627 praedicta
1416 1572 1538 1612 res-

173 1636 369 1691 ponsio
389 1630 448 1681 et
465 1626 815 1686 insufficiens
828 1636 932 1698 est,
956 1638 1014 1689 et
1028 1634 1278 1707 propriis
1294 1636 1535 1694 illorum

172 1703 492 1763 authorum
522 1710 830 1783 principiis
852 1728 969 1770 non
999 1716 1260 1774 cohaeret.

213 1784 369 1871 ⁸169.
412 1786 501 1842 Ad
536 1788 655 1846 haec
682 1810 696 1845 :
725 1791 775 1847 si
824 1795 1115 1867 supposita
1140 1797 1380 1855 scientia
1419 1815 1536 1856 me-

172 1861 262 1918 dia
280 1879 591 1925 consensus
611 1870 999 1932 conditionate
1047 1876 1247 1944 futuri,
1280 1876 1407 1935 fieri
1431 1895 1535 1951 po-

172 1947 274 2031 test
300 1949 362 2000 ut
405 1946 622 2022 absque
676 1952 909 2009 laesione
950 1954 1231 2014 libertatis
1275 1958 1535 2015 succedat

174 2038 231 2078 tn
257 2026 367 2082 Deo
389 2029 661 2086 voluntas
701 2030 979 2100 absoluta,
1012 2040 1068 2093 et
1089 2037 1302 2101 efficax,
1335 2038 1534 2096 decer-

172 2120 306 2161 nens
332 2124 680 2168 consensum
711 2137 725 2180 ;
753 2115 878 2186 pari
905 2117 1128 2175 ratione
1169 2117 1296 2175 fieri
1327 2121 1534 2192 poterit

173 2191 226 2240 ut
249 2191 536 2261 supposita
579 2193 844 2265 praedicta
871 2198 1126 2263 scicntia,
1161 2200 1532 2274 imprimatur

171 2268 443 2325 voluntati
491 2275 783 2331 auxilium
833 2293 904 2334 ex
932 2294 992 2335 se
1036 2280 1232 2337 efficax
1274 2281 1532 2339 inferens

168 2363 501 2409 consensum
537 2376 552 2409 ε
606 2373 958 2433 consequens
1022 2377 1139 2419 non
1206 2362 1532 2420 admittitur

172 2428 239 2483 ab
257 2429 642 2503 AdversariiS,
668 2443 725 2494 et
753 2440 804 2496 si
833 2439 1253 2507 admitteretur,
1289 2444 1531 2501 eviden-

105 2516 254 2571 m-ler
295 2513 637 2583 inferretur,
676 2521 1007 2593 praedictum
1062 2525 1365 2591 auxilium,
1409 2527 1532 2585 sive

107 2647 121 2659 ,
177 2602 316 2660 ante,
339 2597 461 2656 sive
482 2606 612 2672 post
655 2603 959 2661 scientiam
986 2605 1238 2663 mediam
1267 2624 1532 2665 commu—

106 2709 116 2719 ·
175 2677 412 2737 nicatum
439 2681 697 2740 libertati
725 2701 842 2743 non
873 2688 1256 2761 praejudicare,
1288 2689 1386 2747 sed
1437 2708 1530 2749 re-

173 2758 423 2832 linquere
486 2770 825 2836 potestatem
871 2767 941 2823 ad
991 2769 1314 2842 oppositum
1361 2771 1528 2841 (hanc

170 2843 314 2899 enim
345 2850 685 2918 potestatem
714 2849 898 2906 velex
934 2866 994 2907 se
1021 2852 1227 2920 aufert,
1261 2853 1353 2909 vel
1373 2868 1530 2911 nun-

171 2938 328 2995 quam
356 2927 530 3009 tollit)
565 2949 578 2982 :
608 2944 745 3002 ergo
786 2929 875 2986 illi
915 2933 1196 2990 Authores
1222 2935 1314 2990 vel
1335 2934 1530 2991 minus

171 3013 573 3079 consequenter
595 3016 818 3080 ponunt
840 3013 902 3068 in
938 3015 1050 3070 Deo
1078 3014 1242 3071 illam
1270 3015 1531 3072 volunta-

173 3087 294 3148 tem,
338 3087 428 3142 vel
478 3087 780 3147 immerito
822 3097 1031 3164 negant
1091 3094 1312 3149 auxilia
1350 3109 1420 3150 ex
1469 3110 1529 3151 se

172 3163 415 3225 efficacia.
447 3171 694 3243 Sequela
720 3172 1040 3229 ostenditur
1067 3180 1221 3230 :tum
1243 3176 1380 3248 quia
1402 3175 1529 3234 ideo

175 3248 443 3306 auxilium
490 3268 568 3308 ex
605 3268 669 3309 se
706 3251 902 3310 efficax
926 3254 1244 3313 destrueret
1286 3256 1528 3314 liberta-

175 3332 277 3383 tem
304 3332 617 3388 voluntatis
642 3339 864 3400 creatae,
893 3336 1027 3406 quia
1068 3353 1172 3394 nec
1193 3338 1406 3394 auferri
1435 3355 1528 3410 po-

176 3413 271 3463 test
293 3409 362 3465 ab
411 3412 536 3479 illa,
586 3429 692 3470 nec
733 3429 862 3470 cum
892 3414 1148 3473 dissensu
1197 3418 1464 3491 conjungi
1511 3438 1524 3473 ε

174 3486 261 3543 sed
285 3490 453 3547 etiam
466 3492 740 3549 voluntas
759 3501 946 3552 creata
963 3513 1079 3554 non
1099 3501 1275 3569 potest
1301 3497 1526 3554 auferre

179 3569 325 3627 illam
353 3573 675 3632 absolutam
695 3576 792 3632 Dei
822 3578 1174 3635 voluntatem
1198 3577 1269 3636 de
1290 3595 1526 3636 consen-

175 3668 234 3706 su
255 3652 501 3714 absolute
532 3657 748 3723 futuro,
783 3674 884 3715 nec
917 3660 1083 3717 illam
1114 3663 1263 3718 valet
1290 3678 1525 3734 compo-

181 3748 304 3790 nere
321 3752 446 3792 cum
463 3737 726 3794 dissensu
754 3755 917 3814 :ergo
937 3741 985 3796 si
1004 3742 1108 3798 hoc
1130 3757 1247 3799 non
1263 3740 1525 3800 obstante

176 3819 446 3888 supposita
470 3821 716 3878 scientia
757 3822 964 3887 media,
984 3823 1095 3880 villa
1130 3825 1395 3881 voluntas
1424 3826 1522 3882 Dei

185 3911 286 3955 non
327 3902 660 3976 praejudicat
704 3902 974 3967 libertati,
1015 3921 1116 3960 ncc
1161 3905 1269 3977 ipsi
1325 3907 1523 3980 praeju·

181 3979 374 4038 dicabit
398 3986 685 4040 auxilium
714 4002 784 4041 ex
810 4002 869 4041 sc
894 3985 1107 4041 efficax.
1144 3987 1291 4040 Tum
1319 3987 1516 4056 etiam,

184 4073 304 4116 nam
341 4062 465 4120 ideo
493 4066 598 4121 illa
647 4063 902 4122 absoluta
955 4065 1055 4121 Dei
1099 4066 1364 4122 voluntas
1404 4082 1521 4124 non

183 4139 349 4197 aufert
397 4144 744 4211 libertatem,
787 4145 920 4218 quia
958 4145 1139 4217 potuit
1177 4162 1211 4202 a
1260 4152 1520 4206 creatura

185 4217 446 4294 impediri,
495 4225 545 4281 si
611 4225 730 4282 haec
795 4224 1208 4297 praevideretur
1258 4226 1520 4286 elicitura

183 4305 352 4359 actum
394 4306 719 4379 oppositum
749 4326 763 4363 ε
792 4306 890 4363 sed
915 4306 1114 4364 eodem
1145 4305 1314 4363 modo
1337 4314 1519 4380 posset

183 4381 432 4456 impediri
470 4388 703 4446 collatio
731 4388 933 4444 auxilii
972 4405 1043 4446 ex
1071 4404 1131 4444 se
1173 4386 1429 4457 efficacis
1466 4391 1516 4447 si

183 4463 528 4527 haee'couatio
540 4475 887 4543 supponeret
899 4469 1200 4527 scientiam
1223 4470 1474 4527 mediam
1500 4493 1513 4528 ε

181 4559 301 4621 ergo
325 4548 474 4607 idem
500 4549 651 4624 quod
679 4551 858 4624 prius,

247 4628 382 4685 Tum
427 4630 712 4705 denique;
769 4646 904 4687 nam
941 4628 1070 4686 ideo
1115 4628 1348 4687 libertas
1400 4647 1515 4688 non

186 4707 457 4767 tolleretur
478 4728 581 4784 per
602 4713 767 4768 illam
790 4710 1105 4769 absolutam
1134 4711 1235 4768 Dei
1256 4711 1517 4769 volunta-

185 4790 303 4853 tem,
331 4795 385 4847 et
402 4792 698 4849 tolleretur
725 4808 826 4865 per
847 4791 1132 4849 auxilium
1158 4806 1231 4846 ex
1259 4805 1339 4856 se,
1363 4795 1422 4849 et
1445 4791 1516 4849 ab

187 4866 473 4930 intrinseco
510 4871 726 4938 efficax,
756 4872 890 4946 quia
931 4868 1197 4944 praedicta
1250 4872 1517 4931 voluntas

183 4953 258 5005 cst
289 4946 416 5024 qu'id
463 4954 844 5012 intrinsecum
897 4955 1151 5025 respectu
1204 4953 1516 5012 voluntatis

184 5042 381 5104 ercam,
410 5043 465 5094 et
487 5040 678 5096 solum
719 5036 913 5094 influit
939 5041 1158 5093 remote
1185 5059 1199 5104 ;
1230 5035 1514 5094 auxilium

2941 428 3044 482 113

1677 593 1868 646 autem
1909 591 2078 649 afficit
2104 593 2416 653 intrinsece
2441 597 2819 663 voluntatem,
2850 601 2908 654 et
2933 596 3041 653 im·

1677 669 1925 728 mediate
1970 673 2163 730 influit
2202 675 2266 731 in
2306 677 2428 751 ejus
2474 678 2866 750 operationem
2901 677 3039 735 :sed

1675 749 1782 807 boc
1818 750 2130 812 discrimen
2153 756 2304 813 nihil
2340 758 2531 815 valet:
2560 773 2696 834 ergo
2743 758 2895 815 idem
2944 757 3039 815 di-

1673 831 1917 890 cendum
1959 840 2043 891 est
2068 834 2139 914 de
2164 837 2383 894 auxilio
2415 853 2488 895 ex
2527 838 2833 915 seefficaci,
2868 855 2931 895 ac
2969 838 3040 896 de

1674 911 1777 969 illa
1805 914 2064 973 absoluta
2111 918 2208 974 Dei
2257 914 2895 977 voluntate.'Probatur
2921 921 3037 976 mi-

1674 1007 1783 1049 nor
1809 1017 1821 1061 ;
1847 1011 1984 1052 nam
2000 998 2267 1055 voluntas
2285 998 2521 1066 eliciens
2536 1000 2859 1057 dissensum
2876 1017 3038 1058 com-

1673 1076 1835 1147 ponit
1856 1076 2026 1134 illum
2050 1094 2167 1136 non
2204 1082 2392 1138 solum
2447 1098 2576 1138 cum
2607 1081 2909 1155 principiis
2936 1082 3036 1138 in-

1675 1157 1954 1225 trinsecis,
1980 1165 2037 1217 et
2057 1160 2406 1218 immediatis
2443 1162 2541 1219 sed
2574 1163 2748 1220 etiam
2776 1179 2907 1219 cum
2929 1179 3036 1220 ex·-

1672 1238 1953 1307 trinseciS,
1980 1248 2037 1298 et
2064 1244 2299 1299 remotis
2333 1249 2425 1301 :et
2451 1245 2499 1299 si
2532 1260 2648 1300 non
2676 1249 2855 1317 potest
2875 1259 3036 1303 com-

1672 1335 1886 1392 ponere
1911 1339 2040 1379 cum
2070 1324 2207 1390 illis,
2242 1340 2345 1381 nec
2384 1327 2537 1382 valet
2567 1341 2697 1381 cum
2727 1324 2853 1381 istis
2875 1341 3036 1382 com-

1671 1415 1903 1473 ponere,
1928 1417 1995 1458 eo
2018 1402 2168 1475 quod
2195 1409 2349 1460 actus
2372 1421 2489 1460 non
2516 1410 2599 1461 est
2625 1404 3034 1479 conjungibilis

1668 1497 1797 1536 curn
1828 1482 2130 1555 principiis
2155 1486 2511 1550 extrinsecis,
2542 1490 2596 1541 et
2627 1486 2879 1552 remotis,
2914 1487 3029 1543 nisi

1669 1558 2057 1618 mediantibus
2086 1563 2383 1637 principiis
2414 1564 2763 1628 intrinsecis,
2809 1570 2864 1621 et
2895 1582 3033 1638 pro-

1646 1642 1842 1699 ·ximis
1875 1664 1887 1698 ε
1917 1659 2052 1719 ergo
2071 1646 2119 1701 si
2145 1661 2261 1702 non
2286 1646 2564 1712 obstante,
2590 1647 2739 1720 quod
2762 1647 3031 1704 voluntas

1665 1726 1857 1779 creata
1897 1732 2135 1796 nequeat
2181 1742 2524 1800 componere
2548 1726 2870 1783 dissensum
2896 1743 3026 1783 cum

1668 1809 1961 1865 voluntate
1990 1810 2089 1865 Dei
2116 1808 2371 1865 absolute
2397 1807 2758 1865 decernentis
2783 1824 3030 1865 consen-

1663 1905 1792 1945 sum
1820 1913 1835 1957 ;
1862 1889 2248 1946 nihilominus
2269 1890 2425 1945 elicit
2445 1888 2627 1945 libere
2663 1905 3027 1956 consensum,

1664 1970 1798 2042 quia
1848 1974 2025 2042 potest
2072 1969 2283 2026 habere
2341 1968 2663 2025 dissensum
2717 1968 3029 2025 secundum

1662 2066 1741 2119 se,
1767 2056 1826 2107 et
1847 2066 1964 2108 non
2011 2057 2074 2106 ut
2099 2049 2562 2124 conjungendum
2604 2065 2732 2105 cum
2765 2048 3028 2122 praedicta

1666 2131 1765 2187 Dei
1795 2133 2090 2188 voluntate
2121 2154 2133 2188 ε
2161 2131 2376 2204 pariter
2406 2129 2673 2203 quamvis
2700 2144 2817 2185 non
2846 2129 3035 2185 valeat

1662 2229 2006 2286 componere
2027 2214 2346 2269 dissensum
2365 2211 2724 2269 cumauxilio
2744 2227 2815 2267 ex
2835 2226 2894 2267 se
2908 2210 3033 2267 efli-

1662 2292 1778 2348 caci
1806 2291 1876 2349 ad
1898 2308 2259 2357 consensum,
2293 2290 2678 2347 nihilominus
2698 2288 2883 2346 adhuc
2925 2288 3031 2345 sub

1663 2371 1766 2428 illo
1793 2373 2010 2430 auxilio
2053 2372 2240 2430 eliciet
2272 2370 2454 2429 libere
2503 2372 2860 2436 consensum,
2892 2370 3027 2443 quia

1664 2460 1846 2527 potest
1882 2455 2203 2512 dissensum
2234 2453 2444 2511 habere
2463 2451 2796 2516 secundum,
2829 2456 2884 2507 et
2910 2467 3027 2508 non

1662 2540 1724 2591 ut
1771 2534 2236 2610 conjungendum
2277 2550 2407 2591 cum
2457 2532 2674 2589 auxilio
2719 2530 2927 2587 efficaci
2956 2532 3027 2587 ad

1661 2631 2022 2674 consensum.
2055 2616 2157 2671 Vel
2210 2615 2258 2670 si
2306 2613 2375 2671 ad
2406 2612 2727 2669 libertatem
2778 2612 3029 2683 requiri-

1662 2705 1773 2762 tur,
1804 2695 1954 2769 quod
2000 2699 2264 2753 voluntas
2317 2696 2488 2766 possit
2507 2693 2827 2749 dissensum
2868 2707 3028 2748 com-

1665 2792 1875 2850 ponere
1918 2792 2048 2831 cum
2094 2774 2347 2848 quelibet
2375 2773 2659 2847 principio
2688 2772 3019 2838 intrinsece,

1661 2863 1716 2915 et
1743 2857 2096 2922 immediato,
2122 2862 2289 2931 atque
2316 2855 2442 2914 ideo
2461 2871 2590 2913 cum
2620 2854 2891 2912 omnibus
2918 2870 3025 2910 au·-

1661 2939 1858 2995 xiliis:
1901 2938 2117 3012 pariter
2165 2938 2508 3011 requiretur,
2552 2934 2701 3007 quod
2731 2936 2904 3008 possit
2948 2934 3027 2990 il-

1663 3019 1784 3075 lum
1838 3033 2179 3091 componere
2234 3033 2364 3073 cum
2420 3015 2691 3074 omnibus
2722 3015 3030 3088 principiis

1660 3101 2016 3164 extrinsecis,
2042 3105 2098 3156 et
2122 3098 2375 3165 remotis,
2410 3113 2472 3154 ac
2495 3096 2736 3170 proinde
2761 3112 2889 3153 cum
2919 3095 3024 3153 ab·

1658 3182 1863 3245 soluta,
1896 3186 1951 3237 et
1976 3180 2181 3237 efficaci
2213 3180 2506 3236 voluntate
2542 3177 2638 3234 Dei
2662 3176 3023 3233 decernentis

1658 3279 2018 3319 consensum.
2052 3262 2397 3319 Recolantur
2434 3276 2559 3331 quae
2593 3258 2848 3316 diximus
2891 3259 3019 3314 dub.

1655 3343 1876 3415 praeced,
1909 3346 1940 3412 ἓ
1965 3344 2019 3408 6,
2052 3359 2122 3399 ex
2141 3340 2349 3414 quibus
2389 3341 2507 3396 haec
2532 3339 2892 3413 impugnatio
2921 3354 3025 3411 po—

1659 3428 1766 3479 test
1792 3424 1976 3498 magis
2003 3421 2357 3479 confirmari.

2269 3604 2300 3671 s
2331 3603 2423 3656 v1.

1823 3749 2179 3824 Eoependitur
2206 3755 2466 3827 quartum
2492 3754 2873 3816 aryumentum

1953 3847 2056 3903 pro
2082 3832 2270 3899 qratia
2296 3845 2368 3883 eac
2399 3845 2454 3882 sc
2478 3829 2706 3901 efficaci.

1735 3981 1855 4036 170.
1901 3978 2177 4053 Arguitur
2221 3981 2423 4051 quarto
2469 3976 2532 4032 in
2580 3976 2838 4055 favorem
2882 3991 3019 4033 nos-

1652 4065 1754 4118 trae
1779 4059 2128 4124 assertionis
2154 4059 2290 4131 quia
2316 4061 2365 4114 si
2388 4073 2504 4115 non
2535 4056 2703 4113 datur
2726 4056 3014 4114 auxilium

1648 4159 1722 4200 ex
1748 4157 1809 4199 se
1828 4141 2037 4208 efficax,
2057 4156 2157 4213 per
2182 4138 2332 4213 quod
2354 4142 2500 4195 Deus
2523 4154 2624 4196 nos
2654 4137 2823 4194 faciat
2846 4137 3016 4193 infal-

1650 4223 1891 4280 libiliter
1911 4221 2157 4294 operari,
2188 4221 2447 4293 sequitur
2482 4222 2661 4276 Deum
2690 4219 2755 4275 in
2785 4218 3009 4292 negotio

1651 4310 1860 4362 nostrae
1900 4299 2325 4377 justificationis
2364 4306 2661 4373 expectare
2687 4300 3017 4357 voluntates

1649 4392 1892 4450 nostras,
1950 4387 2071 4439 uta
2099 4387 2323 4454 peccato
2345 4382 2578 4455 purgari
2636 4380 2906 4446 velimus,
2958 4385 3014 4436 et

1647 4468 1727 4525 sic
1742 4467 1974 4524 demum
1992 4461 2285 4521 nobiscum
2309 4461 2599 4536 cooperari
2624 4483 2637 4517 e
2662 4477 3012 4533 consequens

1647 4554 1732 4606 est
1756 4551 1956 4604 contra
1983 4544 2306 4602 Concilium
2335 4543 2756 4600 Arausicanum
2803 4557 3011 4598 secun-

1648 4631 1785 4688 dum
1812 4628 1940 4685 sub.
1971 4629 2028 4684 S.
2052 4627 2239 4682 Leone
2268 4629 2308 4692 Ι,
2356 4625 2627 4682 adversus
2667 4623 3010 4698 Pelagiano-

1649 4728 1777 4769 rum
1830 4708 2103 4783 reliquias
2142 4712 2569 4781 congregatum,
2640 4723 2763 4762 can.
2819 4706 2875 4772 4,
2907 4704 3006 4761 ubi

1648 4795 1765 4852 haec
1791 4792 2076 4851 habentur
2107 4819 2122 4850 ·.
2160 4816 2185 4847 α
2210 4792 2268 4849 Si
2289 4790 2434 4865 quis,
2468 4794 2529 4845 ut
2568 4805 2601 4846 a
2627 4792 2850 4862 peccato
2872 4804 3014 4860 pur-

3054 4025 3208 4074 Quarta

3032 4084 3106 4126 pro
3118 4084 3216 4118 vera

3049 4129 3221 4181 sentcn-

3029 4176 3084 4216 tua
3100 4173 3225 4217 ratio.

3049 4565 3198 4609 Conci·

3068 4615 3183 4674 llum·

3036 4666 3204 4709 Amusi-

3049 4725 3209 4758 canum.

1654 4899 1679 4930 «
1701 4892 1924 4951 gemur,
1951 4876 2309 4932 voluntatem
2338 4876 2595 4930 nostram
2620 4872 2798 4928 Deum
2820 4885 3018 4942 expec·
3083 4908 3087 4912 -

1653 4962 1832 5013 «tare
1876 4954 2170 5013 contendit
2215 4978 2228 5022 ;
2275 4970 2394 5013 non
2444 4957 2654 5018 autem,
2726 4958 2788 5009 ut
2838 4953 3014 5010 etiam

1652 5059 1678 5090 α
1710 5036 1943 5111 purgari
1986 5035 2252 5102 velimus,
2281 5052 2381 5109 per
2418 5034 2599 5092 sancti
2644 5034 2891 5108 Spiritus
2918 5035 3016 5092 in-
