3647 5753
574 363 685 419 264
1784 357 1880 412 DE
1918 356 2208 414 GRATtA.

648 531 844 590 Prima
871 530 1140 586 conclusio
1161 549 1179 583 .·
1210 528 1292 585 Ad
1306 530 1553 604 gratiam
1575 527 1929 585 habitualem

577 613 893 705 requiritur
939 612 1130 686 aliqua
1169 611 1466 685 dispositio
1510 627 1588 700 ex⁸
1622 617 1781 684 parte
1821 611 1929 668 ho-

573 711 899 833 migggmda
919 775 1192 831 conclusio
1213 792 1231 827 .·
1256 771 1343 828 Ad
1361 772 1608 847 gratiam
1635 775 1926 844 sumptam

571 871 674 929 pro
701 855 920 913 auxilio
954 855 1054 912 Dei
1081 854 1370 910 moventis
1398 852 1656 909 animam
1685 866 1801 908 non
1833 866 1928 908 re-

566 937 821 1029 quiritur
867 936 1061 1009 aiiqua
1107 935 1452 1008 praeparatio
1496 949 1568 990 ex
1613 936 1773 1004 parte
1818 931 1927 989 ho-

569 1035 833 1156 ωιᾶἲῑιία
853 1097 1122 1153 conclusio
1143 1114 1161 1149 .·
1189 1095 1391 1150 Omnis
1411 1093 1668 1151 hominis
1687 1092 1926 1165 disposi-

568 1181 649 1237 tio
669 1179 738 1236 ad
758 1179 1004 1254 gratiam
1026 1182 1111 1235 est
1136 1194 1168 1234 a
1197 1175 1380 1233 libero
1400 1175 1665 1244 arbitrio,
1686 1179 1749 1230 ut
1769 1178 1925 1231 moto

566 1277 599 1317 a
625 1261 758 1317 Dec.

641 1372 900 1428 Primam
921 1369 1344 1426 conclusionem
1364 1385 1435 1426 ex
1464 1368 1716 1442 professo
1736 1366 1921 1424 eluci-

564 1452 847 1519 dabimus,
877 1457 934 1509 et
959 1449 1332 1508 defendemus
1357 1459 1522 1507 tract.
1549 1468 1653 1524 seq.
1689 1449 1830 1523 disp.
1862 1449 1917 1516 3,

568 1534 663 1591 ubi
708 1536 882 1592 etiam
922 1531 1360 1601 declarabimus,
1408 1548 1483 1589 an
1519 1537 1674 1589 actus
1714 1530 1922 1604 quibus

564 1616 736 1672 homo
762 1618 1116 1688 praeparatur
1138 1612 1208 1669 ad
1227 1614 1497 1687 gratiam,
1527 1613 1646 1669 sint
1670 1610 1920 1684 disposi-

561 1696 747 1752 tiones
773 1695 1035 1769 physicae,
1068 1694 1159 1750 vel
1182 1694 1463 1760 morales;
1496 1693 1749 1765 aliasque
1775 1690 1921 1747 diffi-

561 1776 796 1833 cultates
811 1775 1285 1846 decidemus,quae
1300 1774 1393 1830 hic
1409 1779 1636 1846 possent
1652 1772 1914 1845 proponi,

560 1855 659 1912 sed
683 1857 870 1930 aptius
893 1857 982 1913 illi
1006 1857 1125 1912 loco
1153 1860 1540 1912 reservantur.
1563 1853 1838 1920 Secunda,
1863 1858 1920 1910 et

562 1937 731 1994 tertia
770 1938 1055 1994 conclusio
1093 1936 1231 1991 satis
1257 1939 1518 1992 constant
1556 1952 1628 1992 ex
1653 1934 1817 1990 dictis
1856 1936 1918 1990 in

563 2020 662 2075 hoc
698 2027 861 2075 tract.
900 2020 1045 2092 disp.
1087 2021 1140 2085 3,
1166 2036 1266 2091 per
1293 2025 1480 2083 totam,
1507 2017 1606 2073 ubi
1633 2018 1918 2090 explicui-

562 2115 692 2155 mus
722 2099 1183 2155 insufficientiam
1206 2098 1423 2154 virium
1452 2098 1829 2166 naturalium,
1855 2103 1918 2152 ut

561 2182 733 2239 homo
759 2182 843 2240 eis
865 2188 1090 2238 tantum
1115 2180 1339 2255 adjutus
1363 2180 1433 2236 ad
1453 2180 1702 2255 gratiam
1724 2180 1917 2252 aliquo

559 2262 729 2319 modo
753 2278 814 2319 se
842 2267 1141 2335 praeparet.
1170 2259 1387 2317 Ibidem
1415 2262 1609 2327 etiam,
1630 2265 1686 2316 et
1712 2260 1915 2332 praeci-

561 2360 669 2417 pue
694 2344 821 2400 dub.
860 2347 896 2399 8
927 2343 1328 2416 explicuimus,
1354 2342 1599 2415 qualiter
1625 2343 1772 2397 Deus
1797 2342 1915 2397 im-

560 2427 774 2499 primat
795 2425 1053 2499 primum
1079 2424 1278 2499 gratiae
1298 2423 1585 2480 auxilium
1631 2420 1915 2494 indepen-

557 2506 760 2563 denter
781 2504 851 2562 ab
873 2506 1035 2563 omni
1059 2504 1313 2561 hominis
1334 2503 1726 2576 dispositione.
1753 2502 1912 2566 Quod

561 2586 742 2642 fusius
771 2586 1097 2660 prosequuti
1125 2601 1323 2640 sumus
1348 2585 1488 2658 disp.
1520 2586 1575 2651 6,
1601 2583 1729 2640 dub.
1760 2584 1814 2639 3.

1024 2761 1341 2803 inmensus
1358 2735 1439 2802 ιιι.

564 2875 711 2918 Utrum
741 2872 978 2918 necessario
994 2871 1120 2915 detur
1140 2873 1282 2923 aratia
1299 2884 1345 2916 xe
1358 2873 1627 2927 praeparunft'
1644 2870 1700 2914 ad
1713 2871 1911 2925 matiam,

922 2931 990 2973 vel
1004 2930 1181 2982 facienti
1197 2931 1306 2983 quod
1327 2933 1391 2975 cst
1417 2932 1460 2974 iu
1479 2942 1538 2974 sc.

607 3066 673 3109 Ad
701 3065 868 3111 tertium
895 3065 957 3108 sic
976 3064 1227 3117 proceditur.
1247 3065 1435 3117 Videtur.
1454 3065 1564 3119 quod
1592 3075 1644 3109 ex
1663 3063 1912 3109 necessitate

561 3124 682 3168 detur
697 3124 826 3178 gratia
845 3133 890 3167 se
910 3123 1152 3176 pra-paranti
1178 3122 1232 3167 ad
1249 3124 1437 3177 gratiam,
1458 3124 1523 3167 vel
1543 3124 1709 3167 facienti
1730 3122 1840 3175 quod
1867 3122 1911 3165 in

555 3193 601 3227 sc
630 3188 709 3227 est.
727 3182 830 3233 Quia
861 3192 909 3224 su
963 3192 983 3224 r
1012 3181 1118 3225 illud
1148 3183 1267 3225 Rom.
1286 3183 1337 3225 5:
1357 3182 1579 3226 Justttloeti
1599 3191 1650 3225 ex
1670 3181 1751 3224 tide
1768 3190 1911 3234 pacem

556 3238 791 3285 habeamus.
804 3241 884 3280 etc.
929 3236 1000 3281 icit
1017 3237 1151 3290 glossa
1168 3255 1179 3279 =
1197 3237 1313 3280 Deus
1332 3237 1478 3291 recipit
1491 3247 1584 3282 eum
1599 3237 1666 3291 qui
1684 3236 1738 3279 ad
1755 3246 1802 3280 se
1815 3246 1910 3279 con·

549 3295 670 3348 fugit.
691 3294 815 3337 aliter
841 3299 952 3338 esset
983 3305 1024 3336 tn
1050 3303 1102 3342 eo
1134 3294 1346 3347 iniquitas.
1366 3295 1449 3340 Sed
1479 3294 1740 3349 impossibile
1764 3301 1845 3342 est.
1865 3293 1909 3336 in

548 3356 640 3397 Deo
656 3351 917 3406 iniquitatem
935 3361 1029 3395 esse
1047 3370 1061 3395 .·
1078 3361 1178 3406 ergo
1194 3357 1259 3395 est
1278 3352 1550 3405 impossibile.
1568 3352 1677 3407 quod
1694 3353 1809 3395 Deus
1827 3362 1909 3395 nou

547 3407 720 3461 recipiat
748 3418 842 3452 eum
872 3406 942 3460 qui
971 3407 1026 3450 ad
1041 3417 1089 3452 se
1105 3407 1315 3462 confugit;
1333 3419 1385 3452 ex
1405 3408 1650 3453 necessitate
1677 3407 1804 3460 igitur
1819 3417 1909 3460 gra·

546 3464 646 3507 tiam
663 3462 911 3516 assequitur.
1101 3462 1114 3483 ²

595 3523 801 3565 Praeterea
831 3519 1086 3573 Augustinus
1116 3519 1221 3565 dicit
1251 3519 1294 3563 in
1324 3519 1397 3562 lib.
1419 3518 1472 3564 de
1490 3530 1585 3563 uisu
1605 3519 1778 3569 diaboli.
1797 3521 1908 3572 quod

548 3578 627 3622 ista
644 3586 707 3622 est
727 3589 863 3630 causa,
888 3586 1013 3631 quare
1042 3578 1156 3620 Deus
1186 3588 1267 3621 non
1282 3575 1489 3619 concessit
1517 3576 1685 3620 diabolo
1713 3576 1906 3629 gratiam,
1938 3596 1939 3599 ¹

545 3637 638 3689 quia
669 3636 758 3689 lpse
783 3646 864 3679 nou
883 3633 1014 3678 voluit
1030 3634 1234 3687 accipere.
1257 3644 1332 3679 nec
1354 3639 1519 3687 paratus
1538 3634 1628 3678 fuit.
1648 3634 1731 3679 Sed
1750 3639 1907 3679 remota

545 3705 620 3737 rau
642 3708 665 3737 a
695 3704 866 3738 necesse
894 3698 958 3738 est
990 3692 1193 3736 removeri
1213 3693 1435 3736 ellectum:
1463 3703 1565 3745 ergo
1581 3693 1617 3736 si
1635 3692 1788 3746 aliquis
1804 3692 1909 3738 velit

543 3750 734 3803 accipere
752 3749 940 3803 gratiam,
966 3758 1137 3792 necesse
1150 3748 1339 3801 estquod
1358 3749 1396 3793 ei
1425 3749 1559 3794 detur.

596 3807 833 3850 Praeterea:
860 3808 1018 3848 Bonum
1046 3809 1113 3847 est
1144 3804 1529 3849 communicativum
1546 3806 1625 3855 sui.
1647 3810 1690 3848 ut
1709 3811 1818 3859 patet
1835 3816 1908 3859 per

548 3862 721 3916 Dionys.
738 3862 780 3906 in
792 3866 818 3905 4
831 3873 918 3915 cap.
934 3861 987 3906 de
1022 3861 1107 3905 div.
1123 3873 1231 3905 nom.
1246 3861 1328 3905 Sed
1343 3862 1494 3906 bonum
1507 3864 1651 3916 gratiae
1662 3869 1728 3907 est
1741 3863 1906 3915 melius,

545 3930 666 3972 quam
693 3920 843 3963 bonum
863 3923 1032 3961 naturae.
1054 3920 1155 3962 Cum
1175 3919 1302 3970 igitur
1320 3919 1449 3962 forma
1469 3919 1666 3963 naturalis
1682 3929 1735 3963 ex
1754 3929 1905 3963 neces·

545 3975 667 4019 sitate
683 3975 878 4020 adveniat
896 3973 1078 4019 ntateriae
1106 3974 1333 4027 dispositae,
1362 3974 1526 4019 videtur
1551 3974 1661 4029 quod
1681 3975 1807 4019 multo
1826 3987 1906 4019 nta-

547 4032 1559 4141 titensauiffltffinitssx‘ffiffiffi‘..⁵3
1574 4032 1837 4133 fflffi‘ffl·
1848 4089 1888 4133 tu

547 4153 633 4191 tum
652 4146 705 4189 ad
724 4146 906 4199 tlgulum.
924 4146 1149 4190 secundum
1169 4145 1273 4188 illud
1290 4147 1478 4189 Hierem.
1500 4149 1562 4189 18:
1582 4146 1696 4190 Sicut
1714 4147 1841 4191 lutum
1862 4146 1905 4189 in

548 4215 668 4249 manu
687 4203 817 4256 figuli.
836 4207 899 4246 stc
917 4214 990 4247 vos
1007 4203 1050 4247 in
1068 4213 1188 4246 manu
1215 4212 1318 4247 mea.
1337 4203 1419 4246 Sed
1439 4203 1566 4248 lutum
1595 4214 1677 4248 non
1693 4213 1747 4248 ex
1765 4214 1906 4248 neces-

544 4262 672 4305 sitate
688 4260 841 4313 accipit
859 4259 1027 4303 formam
1044 4271 1068 4303 a
1088 4260 1227 4313 figulo,
1246 4266 1612 4315 quantumcumque
1630 4260 1686 4304 sit
1701 4272 1906 4315 praepara·

547 4323 646 4361 tum.
666 4319 777 4370 Ergo
795 4325 927 4370 neque
945 4316 1066 4360 homo
1085 4316 1229 4369 recipit
1241 4327 1293 4362 ex
1313 4315 1559 4362 necessitate
1570 4318 1742 4372 gratiam
1754 4328 1778 4360 a
1796 4318 1904 4369 Deo.

545 4381 916 4430 quantumcumque
932 4384 978 4418 se
996 4380 1210 4427 praeparet.

596 4430 849 4484 Respondeo
877 4430 1111 4481 dicendum,
1132 4430 1240 4483 quod
1270 4430 1376 4475 sicut
1394 4441 1515 4483 supra
1535 4430 1688 4475 dictum
1704 4438 1783 4483 est,
1802 4442 1905 4485 prte-

545 4486 706 4540 paratio
724 4485 904 4531 hominis
919 4486 973 4529 ad
992 4485 1163 4539 gratiam
1183 4491 1248 4531 est
1262 4498 1286 4530 a
1305 4489 1396 4532 Deo
1412 4486 1520 4532 sicut
1536 4499 1559 4531 a
1578 4492 1768 4532 movente
1784 4507 1795 4540 ς
1812 4499 1838 4532 a
1856 4487 1906 4531 ll·

548 4543 651 4587 bero
668 4548 801 4586 autem
819 4541 995 4585 arbitrio
1009 4543 1116 4586 sicut
1132 4554 1154 4587 a
1176 4550 1301 4587 moto.

597 4601 743 4645 Potest
762 4599 889 4653 igitur
906 4601 1151 4653 praeparatio
1177 4599 1399 4654 dupliciter
1415 4598 1685 4644 considerari.
1706 4602 1799 4645 Uno
1815 4601 1905 4655 qui·

549 4658 644 4702 dem
663 4657 786 4701 modo
800 4656 1024 4701 secundum
1036 4657 1145 4709 quod
1158 4663 1219 4701 est
1233 4670 1255 4703 a
1269 4657 1404 4702 libero
1420 4657 1611 4709 arbitrio.
1623 4663 1663 4702 et
1679 4658 1906 4704 secundum

549 4715 626 4759 boc
656 4714 811 4758 nnllam
841 4714 1128 4757 necessitatem
1156 4714 1346 4758 habetati
1365 4713 1508 4768 gratiae
1525 4715 1903 4767 consequutionem,

547 4773 643 4825 quia
674 4771 825 4814 donum
858 4769 1003 4822 gratiae
1019 4770 1188 4814 excedit
1201 4780 1362 4815 omnem
1381 4769 1719 4824 praepmttonetn
1738 4771 1906 4814 virtutis

546 4827 748 4873 hunianae.
779 4825 878 4870 Alio
908 4825 1029 4869 modo
1046 4832 1178 4879 potest
1196 4826 1452 4870 considerari
1471 4826 1694 4871 secundum
1713 4826 1822 4881 quod
1840 4831 1905 4871 est

546 4893 570 4926 a
601 4885 693 4927 Deo
710 4887 915 4934 movente.
943 4886 986 4925 et
1006 4888 1100 4928 tunc
1117 4883 1240 4928 habet
1261 4882 1549 4928 necessitatem
1566 4882 1618 4925 ad
1645 4882 1703 4933 id.
1722 4883 1774 4926 ad
1793 4882 1904 4937 quod

548 4940 763 4985 ordinatur
778 4951 802 4984 a
817 4943 922 4992 Deo,
942 4951 1024 4984 non
1042 4941 1208 4995 quidem
1221 4940 1548 4994 coactionis,sed
1563 4940 1903 4994 infallibilitatls3

549 4996 645 5049 quia
676 4996 855 5041 intentio
881 4998 962 5042 Dei
980 4998 1160 5043 deficere
1177 5008 1258 5042 non
1277 5002 1425 5051 potest,
1442 4996 1668 5043 secmidum
1696 4996 1806 5051 quod
1822 4999 1905 5043 Au-

2060 533 2254 586 gustinus
2266 532 2371 576 dicit
2388 532 2431 576 in
2452 531 2561 576 libro
2579 531 2632 575 de
2651 530 3018 584 praedestinatione
3035 531 3284 578 Sanctorum,
3302 530 3402 582 quod

2060 598 2133 642 per
2151 588 2352 633 beneficia
2371 588 2449 634 Dei
2477 586 2708 631 certissime
2729 587 2958 631 liberantur
2980 586 3221 639 quicumque
3238 583 3406 628 liberan-

2060 649 2138 689 tur.
2170 644 2291 688 Unde
2322 645 2359 688 si
2390 653 2442 690 ex
2464 641 2695 686 intentione
2724 644 2804 687 Dei
2834 642 3036 686 moventis
3054 647 3133 690 est.
3153 640 3257 694 quod
3277 640 3407 689 bomo.

2059 702 2177 755 cttjus
2203 714 2275 747 cor
2305 707 2455 753 movet.
2474 701 2647 754 gratiam
2679 706 2966 753 consequatur,
2989 698 3266 748 infallibiliter
3283 698 3403 750 ipsam

2058 756 2337 812 consequitur,
2368 757 2592 802 secuudum
2626 756 2732 800 illud
2761 758 2889 800 Joan.
2915 761 2969 800 (ιε
2991 753 3133 798 Omnis
3162 753 3231 810 qui
3257 754 3402 798 audita

2056 815 2194 866 Patre,
2213 820 2254 858 et
2282 813 2446 864 didicit,
2467 811 2581 856 venit
2596 812 2650 855 ad
2669 822 2746 856 nte.

2105 870 2173 912 Ad
2202 871 2376 923 primum
2404 879 2504 922 ergo
2522 868 2758 918 dicendum.
2793 868 2902 922 quod
2920 868 3055 920 glossa
3073 867 3146 910 illa
3164 866 3339 918 loquitur
3353 866 3407 909 de

2057 925 2147 974 illo.
2167 925 2238 978 qui
2255 925 2441 978 confugit
2463 923 2517 967 ad
2535 926 2666 967 Deum
2687 934 2758 977 per
2782 929 2916 968 actum
2935 921 3191 966 meritorium
3208 921 3328 966 liberi
3345 931 3403 964 ar·

2056 980 2173 1024 bitrii
2200 980 2291 1033 jam
2320 990 2395 1034 per
2424 978 2597 1032 gratiam
2631 978 2840 1023 infortunati
2856 1000 2870 1030 ,·
2902 988 3021 1032 quem
3039 976 3074 1020 si
3097 987 3178 1020 uon
3196 976 3403 1029 reciperet.

2053 1043 2167 1082 esset
2183 1042 2322 1081 contra
2339 1036 2557 1089 justitiam,
2578 1047 2697 1089 quam
2716 1035 2804 1089 ipse
2817 1036 2973 1079 statuit.
2991 1035 3064 1077 vel
3084 1033 3121 1076 si
3141 1033 3339 1077 referatur
3353 1033 3403 1076 ad

2055 1102 2206 1139 motum
2224 1095 2350 1139 liberi
2368 1093 2530 1138 arbitrii
2549 1099 2646 1136 ante
2663 1092 2851 1146 gratiam.
2867 1091 3046 1145 loquitur
3062 1091 3284 1135 secundum
3300 1092 3403 1143 quod

2055 1151 2188 1204 ipsum
2207 1151 2443 1204 confugium
2471 1151 2650 1195 hominis
2665 1150 2718 1193 ad
2736 1152 2868 1194 Deum
2894 1156 2959 1194 est
2970 1160 3043 1203 per
3060 1147 3283 1194 motionem
3301 1148 3402 1192 divi·

2054 1220 2162 1257 nam.
2181 1220 2300 1263 quam
2316 1209 2471 1261 justum
2498 1214 2563 1252 est
2580 1219 2660 1251 non
2680 1208 2872 1252 delicere.

2102 1267 2169 1309 Ad
2202 1266 2427 1310 secundum
2457 1266 2694 1314 dicendum,
2730 1265 2839 1328 quod
2876 1264 3064 1309 defectus
3096 1262 3243 1316 gratiae
3281 1262 3403 1315 prima

2053 1332 2173 1366 causa
2195 1328 2326 1367 estex
2346 1321 2467 1366 nobis
2487 1341 2497 1365 ι
2517 1321 2592 1365 sed
2611 1321 2849 1363 collationis
2866 1319 3011 1372 grattae
3039 1318 3168 1372 prin-a
3197 1328 3316 1362 musa
3342 1325 3404 1362 est

2051 1389 2076 1422 a
2105 1381 2211 1431 Deo,
2238 1378 2462 1423 secundum
2484 1378 2588 1422 illud
2617 1376 3109 1422 osc2132Perditiotua
3132 1381 3245 1420 exte
3266 1375 3402 1425 lsrael,

2052 1436 2332 1482 tantummodo
2343 1446 2394 1480 ex
2414 1447 2478 1481 me
2494 1436 2694 1480 auxilium
2721 1439 2847 1478 tuum.

2101 1494 2169 1537 Ad
2196 1494 2363 1539 tertium
2391 1493 2627 1543 dicendum.
2659 1492 2770 1545 quod
2788 1492 2913 1536 etiam
2944 1491 2987 1535 in
3010 1491 3137 1536 rebus
3153 1488 3403 1534 naturalibus

2052 1549 2272 1599 dispositio
2298 1552 2481 1594 materiae
2500 1559 2581 1592 non
2598 1559 2651 1593 ex
2672 1547 2919 1591 necessitate
2938 1547 3206 1600 consequitur
3224 1547 3400 1594 tot-mam.

2051 1606 2131 1651 nisi
2150 1617 2224 1662 per
2241 1608 2434 1654 virtutem
2450 1606 2628 1660 agentis,
2647 1605 2716 1659 qui
2736 1605 3051 1658 dispositionem
3067 1609 3224 1648 musat.

2123 1744 2319 1802 Prima
2345 1746 2619 1802 conclusio
2646 1763 2663 1798 .·
2702 1745 2762 1800 Si
2792 1745 3133 1817 praeparatio
3172 1742 3245 1801 ad
3270 1759 3402 1818 gra-

2049 1830 2190 1885 tiam
2213 1828 2607 1886 consideretur
2627 1827 2941 1885 secundum
2964 1825 3044 1890 id,
3065 1826 3216 1899 quod
3239 1826 3403 1883 habet

2049 1925 2082 1965 a
2109 1908 2291 1967 libero
2318 1909 2581 1974 arbitrio,
2609 1910 2831 1965 nullam
2866 1908 3261 1964 necessitatem
3289 1908 3400 1963 im-

2050 1996 2235 2063 portat
2256 1989 2325 2047 ad
2350 1990 2551 2064 gratiae
2575 1989 3105 2059 consequutionem.

2118 2070 2373 2129 Secunda
2402 2070 2714 2126 conclusio:
2741 2070 2799 2124 Si
2825 2068 3166 2142 praeparatio
3188 2067 3261 2125 ad
3280 2084 3402 2142 gra-

2046 2155 2188 2218 tiam
2209 2154 2604 2211 consideretur
2623 2167 2747 2208 secu
2757 2152 2935 2209 ndum
2956 2150 3103 2225 quod
3125 2157 3214 2208 est
3238 2167 3272 2209 a
3290 2153 3402 2208 Deo

2045 2241 2334 2303 movente,
2366 2235 2536 2293 habet
2557 2236 2951 2293 necessitatem
2974 2233 3044 2290 ad
3064 2232 3141 2300 id,
3161 2233 3234 2290 ad
3255 2233 3400 2306 quod

2045 2317 2350 2390 ordinatur
2391 2334 2425 2374 a
2468 2318 2602 2383 Deo,
2636 2332 2753 2373 non
2791 2315 3024 2389 quidem
3069 2315 3396 2380 coactionis,

2043 2396 2141 2454 sed
2170 2396 2630 2454 infallibilitatis.

2119 2513 2379 2569 Primam
2419 2529 2491 2569 ex
2519 2511 2609 2568 his
2634 2509 3097 2568 conclusionibus
3121 2510 3241 2568 late
3268 2526 3401 2583 pro-

2045 2593 2310 2651 bavimus
2329 2596 2469 2667 disp.
2492 2594 2545 2661 3,
2566 2593 2692 2649 dub.
2717 2596 2754 2648 7
2774 2609 2897 2649 cum
2919 2592 3281 2670 sequentibus,
3304 2590 3402 2647 ubi

2044 2677 2158 2734 late
2196 2677 2578 2751 explicuimus
2607 2676 2929 2749 legitimum
2968 2692 3205 2732 sensum
3243 2676 3402 2732 illius

2044 2760 2300 2834 vulgaris
2346 2759 2652 2833 proloquii,
2701 2758 2947 2815 Facienti
2972 2758 3115 2835 quod
3149 2761 3322 2815 estin
3348 2775 3400 2814 se

2043 2840 2191 2899 Deus
2209 2859 2317 2897 non
2343 2842 2565 2911 deneyac
2581 2841 2849 2910 qratiam.
2877 2837 3198 2896 Secundam
3226 2840 3396 2897 etiam

2041 2938 2113 2979 ex
2154 2923 2406 2995 professo
2433 2919 2788 2979 ostendimus
2823 2920 2965 2992 disp.
2996 2922 3051 2985 7,
3078 2938 3178 2992 per
3206 2929 3395 2985 totam,

2043 3004 2139 3060 ubi
2168 3005 2537 3077 exposuimus
2575 3003 2821 3076 qualiter
2867 3002 3153 3059 auxilium
3205 3003 3399 3061 efficax

2043 3085 2248 3144 habeat
2268 3102 2339 3143 ex
2359 3091 2501 3151 se,et
2522 3084 2592 3141 ab
2610 3085 2921 3141 intrinseco
2941 3083 3403 3153 efficaciam,sive

2041 3166 2487 3231 antecedentem,
2506 3171 2561 3222 et
2587 3164 2962 3222 infallibilem
2978 3166 3400 3223 connexionem

2039 3263 2169 3304 cum
2210 3252 2333 3303 actu
2366 3244 2545 3302 libero
2575 3244 2644 3302 ad
2671 3261 2839 3317 quem
2870 3251 3079 3311 movet,
3110 3247 3259 3318 quin
3287 3246 3403 3304 haec

1984 3366 1987 3369 -
2040 3328 2478 3386 infallibilitatis
2500 3328 2803 3385 necessitas
2825 3326 3149 3384 libertatem
3167 3328 3396 3391 obruat.

2037 3411 2137 3469 sed
2165 3411 2351 3485 potins
2373 3408 2647 3483 perficiat,
2681 3410 2887 3478 foveat,
2920 3415 2977 3467 et
2997 3416 3207 3468 causet.

2504 3587 2820 3629 ARTICULUS
2848 3588 2922 3629 IV.

2164 3701 2310 3743 Utrum
2332 3701 2476 3752 oralia
2499 3700 2558 3742 sit
2585 3699 2721 3752 maior
2743 3699 2789 3742 in
2828 3710 2924 3751 uno,
2951 3708 3070 3751 quam
3096 3699 3141 3742 in
3167 3700 3275 3743 alio.

2085 3810 2152 3853 Ad
2179 3814 2366 3862 quartum
2392 3809 2455 3852 sic
2470 3809 2721 3863 proceditur.
2742 3809 2932 3859 Videtur.
2962 3810 3071 3862 quod
3090 3810 3226 3862 gratia
3245 3819 3329 3854 non
3348 3807 3403 3852 sit

2036 3864 2167 3917 major
2184 3865 2227 3908 in
2247 3876 2328 3908 uno
2347 3876 2464 3918 quau.
2483 3866 2526 3909 in
2544 3865 2655 3916 alio;
2674 3864 2803 3917 gratia
2818 3865 2930 3909 enim
2944 3872 3134 3909 causatur
3148 3866 3192 3909 in
3207 3865 3335 3909 nobis
3349 3875 3401 3908 ex

2036 3921 2261 3966 dilectione
2278 3921 2437 3972 divina,
2469 3926 2512 3964 ut
2541 3922 2791 3964 dictumest.
2810 3921 2893 3964 Sed
2919 3921 3013 3973 Sap.
3034 3926 3074 3968 6.
3103 3921 3264 3965 dicitur
3284 3938 3296 3965 ε
3325 3922 3404 3965 Pu·

2034 3977 2190 4028 sillum,
2208 3983 2252 4021 et
2281 3989 2468 4031 maguum
2487 3977 2575 4030 ipse
2602 3977 2714 4026 fecit.
2743 3981 2786 4020 et
2804 3976 3019 4029 aequaliter
3045 3982 3110 4020 est
3127 3977 3194 4021 illi
3231 3987 3331 4020 cura
3350 3975 3404 4019 de

2035 4034 2239 4079 omnibus.
2275 4037 2387 4089 Ergo
2406 4045 2551 4078 omnes
2568 4032 2785 4088 aequaliter
2810 4034 2984 4087 gratiam
3002 4033 3055 4077 ab
3072 4044 3124 4079 eo
3141 4043 3404 4088 consequun-

2037 4096 2115 4134 tur.

2084 4148 2289 4193 Praeterea
2311 4166 2322 4192 ι
2356 4150 2416 4190 Ea
2451 4158 2543 4201 quae
2576 4147 2621 4190 in
2651 4157 2808 4191 summo
2838 4146 3044 4199 dicuntur,
3079 4157 3161 4191 non
3191 4147 3407 4201 recipiunt

2036 4204 2180 4257 magis.
2198 4211 2241 4249 et
2258 4205 2404 4249 minus.
2427 4204 2511 4248 Sed
2528 4204 2659 4257 gratia
2680 4203 2722 4247 in
2740 4215 2898 4248 summo
2916 4204 3085 4255 dicitur.
3113 4206 3211 4260 quia
3228 4205 3406 4258 conjun-

2033 4260 2096 4313 git
2124 4260 2268 4305 ultimo
2287 4263 2359 4305 tlm
2381 4279 2393 4304 ε
2423 4269 2523 4312 ergo
2540 4270 2622 4304 non
2642 4259 2792 4313 recipit
2823 4260 2966 4314 magis,
2984 4268 3027 4304 et
3046 4260 3183 4305 miuus
3201 4280 3214 4305 ε
3234 4272 3321 4306 non
3340 4266 3407 4306 est

2033 4326 2135 4371 ergo
2154 4317 2284 4370 major
2303 4318 2347 4361 in
2366 4328 2460 4367 uno.
2480 4329 2601 4371 quam
2620 4318 2663 4361 in
2681 4319 2781 4369 alio,

2087 4377 2324 4418 Praeterea:
2355 4372 2497 4417 Gratia
2528 4378 2595 4417 est
2622 4373 2705 4416 vita
2734 4372 2900 4423 animae.
2919 4377 3101 4425 utsupra
3128 4373 3290 4418 dictum
3307 4380 3405 4419 est:

2033 4432 2109 4476 sed
2143 4432 2285 4475 vivere
2319 4439 2401 4473 non
2437 4428 2590 4473 dicitur
2607 4428 2831 4473 secundm
2865 4431 3008 4482 uagis.
3027 4434 3070 4475 et
3100 4429 3239 4474 minus
3265 4450 3277 4475 ε
3296 4441 3406 4485 ergo

2033 4489 2159 4535 etiaut
2179 4497 2313 4542 neque
2331 4487 2477 4541 gratia.

2083 4547 2167 4592 Sed
2186 4551 2327 4590 contra
2345 4550 2425 4593 est.
2440 4544 2549 4598 quod
2567 4542 2721 4587 dicitur
2738 4543 2795 4587 ad
2810 4542 2962 4596 ephes.
2982 4548 3007 4587 4
3027 4543 3290 4599 :Unicuique
3308 4546 3404 4590 data

2032 4610 2099 4649 est
2124 4605 2254 4658 gratia
2286 4601 2511 4647 secundum
2541 4611 2771 4645 mensuram
2803 4601 3042 4645 donationis
3071 4603 3247 4647 Christiz
3281 4603 3405 4654 Quod

2032 4668 2167 4706 autem
2187 4664 2418 4705 mensurate
2435 4659 2568 4708 datur.
2588 4668 2670 4703 non
2688 4658 2882 4701 omnibus
2898 4659 3115 4713 acqualiter
3133 4659 3284 4705 datur:
3303 4669 3407 4715 ergo

2034 4729 2116 4762 non
2135 4727 2280 4762 omnes
2295 4716 2494 4769 aequalem
2512 4714 2686 4770 gratiam
2707 4714 2872 4759 liabent.

2083 4773 2334 4828 Respondeo
2351 4772 2587 4822 dicendum,
2602 4771 2711 4825 quod
2728 4770 2835 4815 sicut
2849 4781 2972 4825 supra
2984 4772 3139 4819 dictum
3151 4778 3219 4817 est
3237 4772 3408 4818 habitus

2034 4830 2240 4885 duplicem
2259 4829 2581 4883 magnitudinem
2602 4828 2755 4871 habere
2772 4832 2919 4880 potest.
2936 4829 3068 4872 Unam
3086 4839 3140 4873 ex
3154 4833 3277 4882 parte
3292 4829 3406 4877 fluis.

2034 4887 2099 4931 vel
2119 4884 2291 4938 objecti,
2306 4884 2532 4929 secundum
2550 4883 2661 4938 quod
2680 4883 2831 4928 dicitur
2850 4893 2929 4927 uua
2947 4884 3082 4928 virtus
3096 4883 3177 4928 alia
3196 4883 3406 4935 nobilior.

2034 4941 2077 4985 in
2096 4947 2291 4995 quantum
2308 4941 2361 4984 ad
2382 4941 2514 4994 majus
2532 4941 2681 4984 bonnm
2697 4939 2929 4983 ordimtur.
2945 4940 3081 4983 Altam
3098 4949 3196 4984 vero
3212 4950 3270 4985 ex
3289 4944 3408 4994 parte

2035 4999 2236 5053 subjecti.
2266 4999 2376 5054 quod
2407 4998 2552 5053 magis,
2584 4998 2649 5044 vel
2665 4998 2803 5042 minus
2817 4996 3037 5051 participat
3065 4996 3251 5042 habitum
3278 4998 3408 5042 inhe-
