3647 5753
463 401 575 458 498
908 437 911 442 >
1416 403 1511 459 DE
1544 403 2126 461 JUSTIFICATIONE
2164 407 2367 466 1MP11.

463 577 545 632 tat
569 574 635 631 in
654 573 911 631 carentia
931 572 1299 648 subjectionis
1318 577 1434 633 Deo
1453 574 1678 642 debitae,
1706 591 1827 634 non

459 655 737 728 sequitur,
757 653 907 727 quod
923 653 1125 712 debeat
1144 656 1453 714 consistere
1478 658 1543 714 in
1567 656 1825 714 carentia

460 737 702 795 unionis
722 737 1110 812 hypostaticae,
1136 738 1235 796 sed
1261 738 1325 794 in
1355 739 1680 812 privatione
1697 754 1826 813 gra-

458 817 575 875 tiae.
622 819 950 874 Praesertim
990 818 1126 890 quia
1168 834 1338 876 nemo
1384 819 1595 876 dicitur
1629 834 1826 877 carere

458 900 747 974 privative
790 916 877 967 ec,
921 900 1070 973 quod
1118 917 1221 958 nec
1266 902 1378 976 ipsi
1417 901 1676 967 debetur,
1720 916 1826 957 nec

378 1029 385 1034 .
459 981 619 1055 cujus
640 981 761 1053 ipse
780 986 865 1038 est
885 997 1061 1055 capax
1086 1006 1100 1050 ;
1131 983 1490 1056 suppositum
1513 981 1826 1050 autem,vel

460 1062 776 1121 subsistens
819 1069 1073 1121 creatum
1116 1081 1234 1122 non
1274 1070 1359 1123 est
1384 1082 1560 1139 capax
1587 1063 1825 1121 unionis

459 1144 858 1219 hypostaticae;
889 1144 1175 1219 siquidem
1217 1162 1321 1204 nec
1362 1152 1571 1204 natura
1596 1144 1817 1211 divina,

459 1240 564 1283 nec
608 1225 988 1298 personalitas
1032 1225 1235 1284 divina
1281 1231 1461 1300 potest
1505 1225 1817 1300 supposit0,

461 1311 560 1363 aut
584 1306 915 1363 subsistenti
943 1313 1131 1364 creato
1159 1307 1595 1375 communicari,
1628 1312 1691 1362 ut
1716 1305 1823 1363 do·-

459 1392 589 1445 cent
626 1388 1013 1446 communiter
1057 1389 1331 1464 Theologi
1377 1391 1412 1446 3
1452 1396 1606 1463 part.
1658 1387 1823 1446 Unde

458 1469 633 1526 homo
663 1485 765 1526 nec
792 1475 943 1537 ante,
975 1485 1077 1528 nec
1106 1477 1229 1545 post
1259 1475 1549 1544 peccatum
1577 1468 1689 1525 dici
1718 1485 1823 1542 po-

458 1553 567 1607 test
604 1550 819 1608 unione
860 1551 1213 1625 hypostatica
1254 1551 1542 1624 privative
1580 1566 1818 1619 carere;

459 1635 516 1687 et
573 1630 654 1687 ita
704 1631 1031 1706 negandum
1084 1638 1197 1690 est
1225 1632 1584 1707 suppositum
1631 1630 1822 1706 objec-

463 1712 657 1770 tionis.

246 1789 434 1892 lgffittgr
534 1786 622 1842 Ad
646 1787 913 1844 ultimam
942 1787 1337 1861 respondetur,
1369 1788 1684 1846 carentiam
1707 1802 1823 1845 rec-

410 1872 422 1884 ·
460 1865 727 1923 titudinis
765 1868 1220 1940 supernaturalis
1264 1884 1388 1925 esse
1426 1868 1752 1924 immunem
1789 1882 1823 1924 a

458 1952 701 2021 peccato,
733 1948 782 2004 si
825 1964 966 2020 pure
1000 1948 1263 2023 negative
1290 1948 1641 2022 accipiatur3
1670 1946 1822 2021 quod

458 2033 595 2086 tunc
616 2028 816 2085 accidit
836 2029 1064 2102 quando
1081 2046 1185 2087 nec
1205 2028 1361 2087 adest
1375 2029 1632 2086 debitum
1658 2031 1821 2086 illam

460 2109 863 2168 rectitudinem
888 2110 1287 2184 amplectendi,
1321 2126 1424 2167 nec
1448 2111 1704 2168 carentia
1733 2116 1823 2167 at-

455 2190 703 2266 tingitur
732 2208 833 2264 per
859 2197 1067 2257 actum,
1113 2191 1208 2263 qui
1246 2208 1373 2249 eam
1418 2192 1822 2249 rectitudinem

455 2274 745 2348 privative
789 2273 1069 2341 excludat,
1100 2280 1381 2347 quatenus
1417 2274 1692 2348 importat
1719 2273 1825 2331 de-

457 2356 810 2415 formitatem
870 2358 1068 2432 gratiae
1129 2362 1569 2433 repugnantem.
1624 2358 1694 2413 Et
1741 2358 1823 2414 ita

458 2445 646 2512 posset
666 2439 1015 2513 contingere,
1048 2445 1165 2497 tam
1196 2441 1259 2496 in
1286 2440 1524 2516 Angelo,
1557 2456 1729 2513 quam
1757 2439 1821 2496 in

457 2519 715 2586 homine,
734 2519 782 2574 si
800 2519 870 2576 ad
890 2522 1391 2594 supernaturalem
1418 2521 1684 2579 ordinem
1703 2537 1822 2578 non

458 2599 704 2656 fuissent
754 2601 1004 2657 elevati:
1068 2606 1294 2675 possent
1344 2602 1555 2676 quippe
1581 2601 1770 2659 dicere
1804 2622 1818 2657 ε

470 2678 598 2738 Volo
614 2697 789 2736 meam
804 2678 1210 2746 beatitudinem,
1230 2689 1279 2737 et
1298 2680 1463 2746 finem
1484 2681 1817 2750 naturalem,

457 2759 692 2816 sistendo
733 2760 793 2814 in
831 2762 936 2816 eis:
968 2762 1071 2818 »vel
1101 2759 1282 2817 :Nolo
1320 2778 1405 2816 me
1444 2761 1702 2818 ordinare
1747 2763 1825 2818 ad

456 2844 706 2900 altiorem
732 2841 929 2909 finem:
958 2859 1093 2900 nam
1135 2860 1237 2916 per
1276 2843 1380 2900 hos
1406 2848 1560 2901 actus
1588 2860 1690 2902 nec
1716 2860 1823 2902 ex-

457 2923 754 2981 cluderent
779 2922 1033 2995 aliquam
1063 2923 1464 2981 rectitudinem
1493 2929 1629 2981 tunc
1654 2924 1821 2982 debi-

454 3010 593 3071 tam,
627 3019 731 3061 nec
772 3009 1125 3076 apponerent
1166 3003 1650 3077 impedimentum
1689 3022 1822 3062 cum

452 3086 642 3160 gratia
694 3084 1191 3159 inconjungibile3
1234 3085 1445 3157 quippe
1495 3085 1630 3158 quia
1681 3087 1822 3144 tales

454 3171 608 3224 actus
652 3165 716 3221 in
756 3180 824 3221 ea
866 3164 1256 3237 suppositione
1284 3166 1661 3238 peccaminosi
1702 3182 1821 3225 non

450 3252 662 3305 essent.
693 3247 762 3302 Et
789 3246 869 3301 ita
912 3260 974 3301 se
1016 3244 1190 3319 gessit
1233 3247 1485 3321 Angelus
1524 3247 1714 3303 malus
1756 3247 1820 3304 in

452 3326 699 3386 secundo
719 3326 980 3396 instanti,
1008 3326 1150 3400 quin
1179 3324 1328 3383 illud
1354 3328 1641 3385 dictamen
1669 3333 1822 3385 esset

453 3424 619 3466 error
645 3423 971 3481 proponens
996 3407 1261 3480 explicite
1287 3406 1519 3480 aliquod
1549 3409 1770 3464 malum
1801 3429 1815 3465 ε

453 3505 589 3547 nam
620 3490 723 3546 illa
761 3489 1016 3549 carentia
1058 3487 1332 3563 objective
1372 3494 1621 3562 sumpta,
1662 3490 1820 3546 mala

452 3588 570 3629 ηοη
597 3576 700 3641 est,
733 3568 831 3628 ubi
872 3570 1132 3629 debitum
1169 3587 1285 3628 non
1312 3570 1527 3628 existit.
1557 3570 1820 3629 Peccavit

449 3657 666 3718 tamen,
722 3652 856 3725 quia
900 3667 1103 3709 revera
1143 3650 1452 3727 urgebatur
1492 3656 1629 3708 tunc
1669 3668 1819 3725 prae-

453 3738 630 3807 cept0,
687 3737 747 3789 ut
797 3749 858 3789 se
905 3733 1150 3790 referret
1202 3733 1266 3789 in
1316 3734 1817 3805 supernaturalem

453 3813 650 3881 finem,
678 3815 747 3872 ad
780 3814 930 3889 quod
971 3813 1042 3872 ob
1070 3813 1655 3871 inconsiderationem
1698 3830 1818 3872 non

456 3896 719 3955 advertit.
753 3901 1032 3955 Caeterum
1072 3896 1302 3971 quando
1341 3901 1495 3952 actus
1531 3897 1819 3972 attingens

455 3978 772 4035 carentiam
812 3978 1011 4053 gratiae
1039 3982 1122 4034 est
1145 3975 1380 4034 aliunde
1404 3977 1658 4052 graviter
1687 3992 1819 4050 pec-

456 4061 800 4127 caminosuS,
835 4061 957 4134 jam
988 4060 1185 4134 nequit
1226 4060 1507 4135 attingere
1551 4075 1680 4116 eam
1720 4075 1818 4117 ca-

455 4140 704 4199 rentiam
732 4156 890 4198 mere
918 4142 1180 4215 negative
1222 4146 1525 4215 acceptam,
1557 4143 1613 4197 et
1649 4143 1712 4195 ut
1737 4140 1818 4199 sic

451 4225 729 4289 dicamus,
754 4223 917 4296 quasi
945 4224 1322 4298 speculative;
1350 4239 1487 4280 nam
1507 4239 1638 4279 cum
1663 4227 1819 4279 actus

450 4307 592 4381 ipse,
625 4309 686 4362 ut
711 4305 1074 4380 supponitur,
1108 4311 1395 4379 peccatum
1431 4309 1613 4382 'grave
1638 4304 1731 4375 sit,
1762 4309 1819 4362 et

452 4392 696 4461 nequeat
716 4403 845 4443 cum
866 4387 1054 4461 gratia
1079 4387 1366 4462 componi,
1394 4402 1461 4444 eo
1483 4387 1607 4460 ipso
1628 4386 1819 4459 expel-

452 4469 541 4535 lit,
585 4473 864 4542 quantum
892 4474 977 4526 est
1016 4469 1085 4526 de
1112 4485 1190 4536 se,
1223 4469 1407 4542 ipsam
1444 4468 1713 4543 gratiam,
1763 4472 1820 4525 et

451 4549 623 4624 hujus
637 4550 950 4607 carentiam
975 4550 1250 4607 transfert
1271 4550 1533 4622 practice,
1559 4556 1615 4607 et
1630 4550 1819 4607 effica-

452 4633 592 4691 citer
631 4631 701 4689 ab
730 4637 878 4690 statu
919 4633 1201 4706 simplicis
1228 4632 1550 4707 negationis
1591 4632 1663 4690 ad
1700 4636 1819 4688 sta-

452 4721 578 4773 tum
606 4715 967 4789 privationis.
1012 4717 1082 4771 Et
1119 4714 1225 4772 hoc
1266 4720 1442 4789 pacto.
1466 4731 1526 4773 se
1551 4716 1820 4790 gererent

452 4796 721 4855 homines
746 4797 1001 4871 graviter
1042 4792 1333 4869 peccantes
1362 4794 1425 4852 in
1466 4800 1615 4853 statu
1641 4811 1819 4869 puro-

454 4894 606 4941 rum,
647 4882 711 4933 ut
752 4881 970 4934 constat
1008 4894 1080 4935 ex
1119 4875 1303 4934 dictis.
1352 4876 1519 4935 Unde
1562 4875 1819 4933 carentia

452 4960 670 5035 gratiae,
703 4959 994 5032 supposito
1020 4959 1185 5033 gravi
1213 4963 1434 5032 peccato
1455 4956 1692 5014 haberet
1720 4972 1817 5012 ra-

453 5041 675 5100 tionem
698 5040 1060 5115 privationis,
1091 5045 1148 5098 et
1176 5040 1515 5115 importaret
1540 5038 1819 5113 quidquid

1959 576 2318 636 desideratur
2375 578 2446 637 ad
2498 583 2961 641 constituendum
3005 586 3321 656 maculam,

1959 659 2082 717 sive
2103 658 2394 718 habituale
2422 670 2734 735 peccatum.

2539 835 2572 904 9
2612 835 2734 892 vn.

1957 982 2291 1057 Referuntur
2307 988 2589 1060 opiniones
2614 991 2919 1060 contrariae,
2948 997 2998 1046 et
3022 990 3322 1049 diluuntur

2011 1069 2220 1122 motiva
2238 1067 2501 1125 adversus
2519 1071 2814 1128 secundam
2839 1073 3256 1132 conclusionem.

2029 1215 2158 1272 280.
2203 1216 2413 1272 Contra
2440 1217 2691 1290 primam
2723 1219 3151 1278 conclusionem
3177 1236 3317 1279 sen·
3329 1241 3530 1296 omn„

1957 1296 2110 1353 tiunt
2148 1297 2237 1353 illi
2266 1299 2567 1368 AuthoreS,
2598 1302 2693 1373 qui
2716 1304 3064 1376 generaliter
3088 1304 3312 1373 docent,
3346 1292 3509 1388 ⁰2¹2?

1958 1382 2246 1452 peccatum
2269 1381 2512 1438 mortale
2539 1398 2699 1454 posse
2723 1386 2940 1443 remitti
2964 1386 3174 1462 absque
3193 1390 3319 1447 ulla

1956 1460 2268 1517 intrinseca
2291 1464 2598 1535 peccatoris
2612 1469 2949 1535 mutatione,
2977 1474 3039 1525 ut
3062 1470 3320 1528 vidimus

1955 1540 2081 1598 dub.
2124 1543 2178 1610 5,
2199 1545 2230 1613 g
2255 1545 2311 1610 7,
2344 1541 2441 1599 ubi
2472 1544 2710 1603 illorum
2739 1549 2957 1606 motiva
2994 1550 3275 1608 diluimus
3301 1573 3316 1609 ε

1957 1638 2061 1680 uec
2106 1623 2170 1680 in
2216 1625 2482 1696 praesenti
2522 1628 2768 1685 occurrit
2794 1628 3095 1687 difficultas
3141 1648 3315 1699 nova,

1955 1705 2048 1761 cui
2073 1720 2214 1777 opus
2256 1705 2331 1762 sit
2374 1707 2716 1766 satisfacere.
2764 1709 3053 1768 Adversus
3087 1714 3320 1771 tertiam

1957 1786 2331 1845 assertionem
2377 1790 2635 1846 sentiunt
2688 1808 2721 1849 a
2773 1793 2998 1850 fortiori
3055 1795 3165 1861 illi,
3218 1795 3320 1869 qui

1957 1868 2248 1926 affirmant
2269 1874 2558 1943 peccatum
2588 1874 2834 1931 mortale
2859 1874 3231 1942 commissum
3254 1877 3321 1932 in

1955 1954 2102 2007 statu
2127 1955 2347 2007 naturae
2385 1952 2636 2018 elevatae,
2670 1969 2832 2025 posse
2858 1954 3115 2012 absolute
3135 1955 3318 2013 deleri

1956 2030 2168 2105 absque
2213 2031 2505 2089 infusione
2542 2034 2741 2106 gratiae
2780 2034 3188 2093 sanctificantis
3213 2052 3318 2110 per

1955 2114 2138 2169 solam
2182 2113 2616 2170 conversionem
2663 2116 2943 2172 actualem
2992 2115 3320 2173 dilectionis

1953 2193 2366 2261 charitatis,vel
2394 2195 2954 2269 contritionis,quam
2983 2198 3322 2255 existimant

1957 2289 1989 2330 a
2011 2272 2278 2346 praedicta
2295 2275 2481 2349 gratia
2509 2290 2669 2347 posse
2695 2275 2973 2333 divinitus
3009 2278 3269 2351 separari
3301 2298 3316 2333 ε

1956 2369 2095 2426 quos
2123 2353 2420 2419 Authores,
2451 2360 2729 2411 eteorum
2760 2356 3130 2414 fundamenta
3154 2361 3316 2413 retu-

1957 2436 2132 2492 limus
2171 2436 2296 2492 dub.
2334 2438 2557 2509 prae-ed.
2592 2440 2698 2508 §9,
2731 2444 2785 2496 et
2813 2439 2963 2494 nihil
2987 2440 3050 2495 in
3071 2439 3318 2496 hocloco

1954 2534 2015 2575 se
2034 2517 2218 2583 offert,
2249 2519 2340 2576 cui
2361 2535 2432 2576 ex
2455 2519 2669 2577 ibidem
2698 2519 2861 2577 dictis
2885 2538 3001 2579 non
3031 2521 3208 2595 possit
3228 2520 3322 2578 fa-

1955 2599 2063 2656 cile
2089 2599 2331 2656 occurri.
2365 2601 2620 2674 Denique
2640 2607 2838 2659 contra
2857 2601 3169 2658 secundam
3193 2617 3323 2658 nos-

1957 2685 2106 2738 tram
2157 2683 2530 2740 assertionem
2570 2689 2723 2740 stant
2763 2685 2975 2758 plures}
3023 2689 3081 2742 et
3118 2700 3325 2760 graves

1957 2763 2257 2828 Authores,
2309 2763 2406 2836 qui
2447 2764 2780 2821 existimant
2822 2769 3110 2838 peccatum
3154 2764 3325 2821 habi-

1956 2843 2109 2900 tuale
2149 2843 2214 2899 in
2242 2847 2390 2900 statu
2421 2860 2698 2917 purorum
2732 2861 2889 2919 posse
2915 2844 3203 2902 divinitus
3229 2861 3328 2904 re-

1955 2925 2109 2981 mitti
2130 2924 2338 2997 absque
2354 2925 2546 2998 aliqua
2567 2926 2879 2983 intrinseca
2894 2928 3326 3000 supernaturali

1956 3008 2264 3082 peccatoris
2306 3008 2665 3075 mutatione3
2714 3008 2811 3066 sed
2859 3008 2928 3066 ad
2970 3009 3029 3066 id
3070 3010 3327 3068 sufficere

1956 3089 2129 3146 aliam
2159 3086 2538 3144 mutationem
2562 3089 2938 3147 intrinsecam
2961 3092 3311 3158 naturalem,

1953 3174 2156 3243 utputa
2192 3185 2450 3227 amorem
2480 3172 2807 3228 naturalem
2835 3187 2970 3246 erga
2987 3174 3166 3229 Deum
3195 3172 3328 3228 ulti-

1954 3268 2117 3309 mum
2157 3250 2335 3309 finem
2359 3273 2371 3316 ς
2401 3253 2491 3309 vel
2521 3255 2847 3311 naturalem
2877 3255 3086 3327 peccati
3114 3253 3324 3327 displi-

1953 3333 2223 3402 centiam,
2278 3338 2335 3390 et
2377 3332 2635 3391 dolorem
2663 3356 2678 3391 :
2730 3351 2871 3407 quos
2925 3340 3082 3392 actus
3135 3340 3326 3408 posset

1953 3413 2127 3471 homo
2170 3414 2378 3471 elicere
2421 3431 2552 3471 cum
2601 3416 2794 3489 aliquo
2832 3416 3067 3488 speciali
3098 3415 3318 3473 auxilio

1952 3494 2252 3552 entitative
2302 3495 2576 3552 naturali.
2626 3497 2711 3553 Ita
2762 3495 2964 3553 docent
3008 3496 3203 3553 Curiel
3254 3497 3319 3553 in
3349 3515 3510 3609 oggi

1954 3575 2243 3649 praesenti,
2266 3576 2393 3633 dub.
2419 3578 2474 3641 2,
2500 3577 2668 3634 concl.
2705 3580 2749 3642 l,
2772 3580 2953 3634 Gonet
2972 3578 3113 3646 disp.
3150 3580 3316 3643 l,art.

1950 3657 2062 3725 4,§
2100 3656 2137 3710 4
2162 3674 2199 3750 a
2225 3674 2378 3713 num.
2409 3658 2502 3724 46,
2544 3658 2741 3713 Zumel
2780 3658 2920 3731 disp.
2971 3659 3026 3725 2,
3057 3658 3223 3714 concl.
3255 3660 3310 3726 2,
3326 3614 3531 3757 ἓξὲξ,

1950 3740 2305 3796 Montesinos
2347 3740 2491 3814 disp.
2535 3740 2625 3806 33,
2671 3759 2826 3799 num.
2871 3743 2990 3805 167,
3033 3739 3305 3795 Bellarm.
3349 3764 3504 3807 Loroe.

1950 3978 2014 4034 de
2035 3981 2241 4050 qratia,
2273 3997 2396 4055 cap.
2432 3982 2525 4046 22,
2556 3997 2709 4037 num.
2741 3981 2795 4047 8,
2829 3980 3073 4055 Ripalda
3099 3987 3231 4036 tom.
3256 3982 3314 4046 2,

1949 4063 2090 4137 disp.
2117 4065 2220 4120 ult.
2243 4070 2371 4121 sect.
2392 4065 2458 4119 21
2487 4068 2542 4121 et
2568 4063 2690 4131 alii,
2717 4062 2812 4135 qui
2839 4079 2942 4135 pro
2968 4060 3171 4118 eadem
3191 4076 3321 4118 sen-

1952 4144 2132 4201 tentia
2159 4145 2421 4203 referunt
2446 4147 2524 4202 M.
2555 4143 2888 4200 Victoriam.
2938 4144 3008 4197 Et
3035 4143 3165 4200 licet
3197 4141 3323 4216 ejus

1953 4227 2330 4285 fundamenta
2380 4231 2672 4284 maneant
2705 4242 2778 4284 ex
2830 4224 3104 4281 hactenus
3156 4221 3323 4280 dictis

1952 4307 2159 4383 majori
2186 4323 2256 4364 ex
2286 4310 2446 4380 parte
2471 4307 2764 4374 convulsa,
2796 4321 2862 4362 ea
2896 4309 3092 4361 tamen
3123 4301 3321 4361 brevi-

1950 4395 2037 4449 ter
2065 4389 2454 4464 subjiciemus,
2479 4393 2535 4446 et
2555 4389 2767 4446 iterum
2792 4385 3224 4444 enervabimus.

2022 4471 2154 4527 281.
2185 4470 2463 4544 Arguitur
2488 4484 2623 4543 ergo
2651 4468 2842 4541 primo
2870 4466 3218 4523 authoritate
3246 4466 3312 4522 D.
3332 4482 3510 4543 Primum

1950 4554 2157 4611 Thom.
2196 4560 2377 4632 quast.
2421 4554 2514 4621 28,
2546 4552 2609 4608 de
2664 4549 2832 4609 Verit.
2871 4555 2981 4606 art.
3013 4550 3050 4603 2
3079 4551 3140 4604 in
3164 4565 3313 4622 corp.
3358 4540 3482 4626 ”³²32-

1950 4634 2048 4691 ubi
2089 4636 2328 4709 loquens
2373 4632 2443 4692 de
2486 4632 2806 4696 aversione,
2853 4646 2957 4704 pro
2997 4628 3157 4703 cujus
3182 4627 3387 4687 des-1).
3407 4634 3509 4677 rao.

1951 4717 2233 4773 tructione
2252 4715 2449 4771 statuit
2467 4731 2535 4773 eo
2562 4714 2684 4772 loco
2706 4712 3097 4770 necessitatem
3118 4711 3322 4785 gratiae

1949 4798 2426 4871 supernaturalis,
2459 4797 2650 4870 inquit
2681 4817 2695 4852 :
2733 4796 2965 4852 Aversio
2988 4794 3321 4864 intelliqitur

1949 4898 1985 4936 a
2007 4879 2142 4936 bono
2169 4878 2626 4945 incommutabili,
2660 4877 2803 4956 quod
2829 4878 2953 4954 quis
2976 4880 3188 4948 poterat
3207 4874 3317 4930 ha-

1950 4959 2085 5026 bere,
2111 4968 2352 5034 respectu
2368 4961 2526 5032 cujus
2544 4975 2598 5013 se
2617 4960 2958 5030 impotentem
2975 4956 3151 5029 facin
3167 4952 3320 5010 alias

1905 5118 1908 5127 Ι
1949 5044 2167 5099 aversio
2195 5061 2305 5100 non
2345 5048 2478 5099 esset
2504 5039 2817 5113 culpabilis.
2844 5039 3075 5095 Constat
3100 5039 3315 5103 autem,

3168 5113 3323 5189 quod

3341 3812 3426 3855 Sua
3431 3821 3516 3856 101.

1954 3818 2045 3877 lib.
2069 3822 2125 3886 2,
2149 3820 2213 3875 de
2233 3822 2527 3893 justificat.
2559 3839 2680 3895 cap.
2706 3822 2808 3879 ult.
2835 3825 3012 3879 Lorca
3036 3821 3177 3892 disp.
3208 3821 3306 3887 37,
3327 3862 3385 3904 m
3461 3862 3525 3905 m·

1950 3900 2014 3955 de
2047 3900 2256 3970 qratia,
2302 3900 2428 3957 dub.
2460 3903 2515 3968 2,
2546 3902 2858 3973 appendice,
2892 3903 3099 3958 Suarez
3138 3900 3231 3957 lib.
3255 3904 3311 3967 7,
3349 3913 3384 3953 v
3402 3916 3504 3955 otor.
