3647 5753
582 425 619 463 x
1249 370 1273 481 g
1321 409 1545 464 mmex
1582 409 1928 465 Loconnm
1966 410 2222 467 SACRAE
2263 413 2725 497 SCRIPTURAE.

1027 578 1111 632 Ex
1152 578 1491 634 Ezncmssffl.

588 699 670 755 18.
714 696 788 754 Si
828 700 1035 771 impius
1080 699 1662 771 eqeritpoenitcntiam,
1692 702 1940 757 omnium

725 780 1089 855 iniquitatum
1109 781 1245 851 ejus,
1274 796 1412 856 quas
1432 788 1686 852 operatus
1705 788 1802 848 est,
1829 797 1938 838 non

721 859 1061 925 recordabor,
1097 877 1151 933 p.
1179 860 1308 927 318,
1344 876 1401 916 n.
1427 862 1518 917 27.

574 936 654 995 lb.
723 937 794 996 In
818 957 1158 1017 quacumque
1177 941 1313 996 hora
1330 941 1652 1010 inyemuerit
1669 949 1931 1015 peccator,

717 1036 776 1092 p.
818 1021 947 1085 669,
995 1036 1051 1075 n.
1094 1020 1177 1075 18.

566 1101 657 1158 36.
700 1099 1008 1173 Effundam
1046 1118 1207 1175 super
1252 1118 1347 1158 vos
1383 1121 1589 1181 aquam
1643 1107 1927 1174 mundam,

712 1188 761 1236 et
789 1182 1198 1238 mundabimini
1224 1183 1292 1239 ab
1328 1185 1579 1241 omnibus
1604 1186 1932 1265 iniquitati—

711 1262 811 1318 bus
840 1265 1049 1331 vestris,
1074 1282 1131 1338 p.
1177 1265 1287 1322 312
1310 1308 1323 1326 .
1361 1281 1418 1322 n.
1445 1267 1537 1323 20.

1104 1423 1189 1478 Ex
1216 1424 1381 1479 Osa-A.

593 1542 647 1596 2.
696 1538 909 1596 Ducam
929 1558 1050 1598 eam
1071 1543 1128 1595 in
1152 1541 1523 1608 solitudinem,
1556 1549 1607 1597 ct
1630 1543 1831 1621 loquar
1849 1545 1925 1600 ad

706 1639 798 1676 cor
833 1623 966 1694 ejus,
1000 1641 1055 1696 p.
1086 1623 1214 1686 230,
1250 1638 1306 1676 n.
1340 1622 1473 1678 319.

567 1702 650 1758 13.
693 1701 958 1761 Salvator
977 1721 1085 1759 non
1105 1711 1182 1760 est
1196 1711 1394 1777 praeter
1414 1721 1514 1771 me,
1537 1722 1591 1779 p.
1617 1707 1745 1776 266,
1774 1722 1833 1763 n.
1869 1709 1917 1764 1.

1077 1869 1159 1923 Ex
1198 1869 1392 1925 Jonuz.

599 1992 660 2044 2.
706 1989 864 2061 Quod
893 1989 1172 2061 beniynus,
1205 1998 1252 2045 ct
1282 1995 1590 2050 misericors
1613 2002 1708 2064 est,
1738 2005 1787 2051 et
1802 2015 1915 2070 pa-

707 2074 864 2137 tiens,
894 2080 944 2127 et
986 2073 1166 2128 multae
1191 2076 1582 2146 misericordia,
1610 2084 1659 2132 e!
1683 2087 1914 2151 prasta-

701 2150 830 2207 bilis
856 2170 1018 2226 super
1042 2154 1280 2219 malitia,
1316 2173 1370 2229 p.
1416 2158 1542 2226 320,
1578 2174 1633 2235 ῃ.
1666 2161 1757 2215 22.

1031 2313 1113 2367 Ex
1153 2313 1420 2370 M1cuAEA.

594 2441 639 2495 1.
683 2438 981 2513 Desperata
1001 2447 1077 2495 est
1097 2441 1269 2513 playa
1293 2444 1427 2514 ejus,
1460 2463 1515 2518 p.
1547 2446 1674 2512 313,
1709 2464 1766 2504 n.
1809 2451 1903 2506 20.

587 2519 644 2573 7.
691 2517 955 2589 Projiciet
1000 2520 1060 2572 in
1102 2521 1444 2592 profundum
1489 2526 1665 2581 maris
1715 2532 1906 2585 omnia

690 2607 913 2672 peccata
938 2606 1135 2667 vestra,
1187 2600 1304 2656 ibid
1317 2643 1330 2656 .

1052 2760 1135 2815 Ex
1162 2761 1398 2816 Nfflum.

588 2889 631 2943 1.
678 2886 1103 3023 Νοηὲοξηεανῃει
1130 2889 1336 2963 duplex
1359 2890 1665 2960 tribulatiO,
1699 2896 1893 2969 p.318,

715 2985 772 3026 n.
878 3011 891 3025 .

1164 3108 1263 3120 ——

779 3240 875 3294 Ex
914 3240 1109 3297 Novo
1151 3207 1655 3303 VTESTAMENTO.

979 3389 1062 3444 Ex
1095 3390 1419 3450 MA'rTnAEO.

565 3515 620 3570 6.
666 3514 797 3572 Non
810 3520 1033 3587 potestis
1083 3518 1188 3576 Deo
1226 3526 1448 3590 servire,
1472 3533 1521 3581 et
1547 3545 1882 3598 mammonae,

676 3613 731 3668 p.
777 3597 906 3662 351,
942 3615 999 3655 n.
1030 3601 1122 3656 75.

557 3678 611 3731 7.
660 3676 772 3749 Qui
794 3679 941 3735 vides
986 3681 1253 3753 festucam
1274 3686 1334 3738 in
1376 3688 1528 3743 oculo
1552 3689 1757 3760 fratris
1777 3697 1878 3761 tui,

667 3767 715 3814 et
738 3761 945 3897 trgbem
972 3765 1030 3818 in
1057 3766 1208 3821 oculo
1223 3774 1316 3823 tuo
1335 3785 1441 3824 non
1463 3771 1634 3837 vides,
1657 3793 1711 3848 p.
1746 3778 1810 3832 51
1833 3780 1876 3845 l,

669 3857 729 3896 n.
760 3845 791 3896 ‘2
836 3846 886 3900 9.

520 3917 598 3976 1b.
684 3920 767 3978 Vax
792 3924 893 3977 tibi
921 3923 1216 3994 Corozain,
1252 3947 1325 3984 vat
1369 3931 1471 3987 tibi
1519 3932 1874 4003 Bertlzsaida,
1926 3933 1930 3938 ⁹

666 4002 799 4075 quia
839 4005 888 4057 si
915 4004 973 4057 in
1009 4004 1166 4078 Tyro,
1200 4015 1250 4063 et
1276 4008 1492 4081 Sydone
1524 4013 1681 4084 factae
1705 4025 1878 4073 essent

666 4084 913 4150 virtutes,
947 4102 1060 4160 quae
1087 4088 1145 4141 in
1193 4097 1240 4144 te
1283 4091 1442 4162 factae
1465 4101 1611 4161 sunt,
1643 4096 1777 4153 olim
1816 4101 1874 4155 in

662 4164 852 4230 cinere,
883 4173 933 4220 et
974 4167 1155 4224 cilicio
1193 4175 1576 4244 poenitentiam
1621 4178 1869 4246 eyissent,

667 4260 721 4315 p.
772 4244 856 4311 18,
891 4261 949 4302 n.
986 4249 1077 4303 26.

520 4327 601 4380 15.
646 4322 813 4382 Beati
854 4344 1123 4401 pauperes
1166 4333 1386 4403 spiritu,
1418 4329 1681 4413 ‘quoniam
1722 4342 1873 4413 ipso-

655 4421 785 4459 rum
811 4413 887 4460 es!-
911 4424 1135 4476 reynum
1162 4411 1435 4479 coelorum,
1462 4417 1652 4488 p.735,
1682 4434 1740 4475 n.
1772 4421 1867 4477 33.

514 4486 595 4540 16.
668 4484 785 4554 lz'yo
805 4492 999 4558 roqavi
1014 4508 1117 4563 pro
1145 4498 1210 4556 te,
1238 4500 1297 4548 ut
1344 4512 1453 4550 non
1499 4498 1715 4570 deficiat
1737 4503 1869 4574 sides

650 4571 768 4632 tua,
800 4584 858 4640 p.
908 4571 1028 4637 126,
1073 4586 1131 4627 n.
1186 4573 1305 4629 187.

508 4646 594 4702 17.
639 4644 752 4717 Qui
772 4647 889 4724 vuit
916 4653 1100 4706 venire
1120 4659 1239 4725 post
1260 4671 1362 4720 me,
1397 4672 1451 4728 p.
1487 4658 1606 4726 137,
1639 4676 1696 4717 n.
1729 4664 1861 4721 203.

510 4728 595 4783 19.
640 4725 852 4794 Omnis,
885 4734 982 4806 qui
1025 4733 1309 4812 reliquerit
1348 4738 1589 4808 domum,
1632 4745 1719 4800 vel
1742 4748 1865 4819 fra·

649 4817 778 4875 tres,
810 4819 906 4868 etc.
936 4822 1155 4888 propter
1193 4835 1388 4877 nomen
1429 4840 1624 4891 meum,
1669 4836 1861 4884 centu-

644 4891 805 4963 plum
847 4895 1094 4967 accipiet,
1125 4905 1174 4952 et
1210 4902 1385 4958 vitam
1412 4911 1665 4963 aeternam
1683 4912 1860 4982 possi-

644 4971 810 5038 debit,
837 4989 894 5045 p.
925 4975 1053 5041 692,
1082 4992 1143 5033 n.
1166 4981 1257 5035 46.

2594 584 2679 639 Ex
2720 585 2893 641 Loca.

2115 699 2162 756 1.
2205 698 2325 757 Ave
2339 704 2527 772 qratia
2543 703 2729 775 plena,
2762 722 2821 778 p.
2862 705 2991 770 285,
3019 719 3079 761 n.
3110 704 3164 761 3.

2105 780 2161 836 6.
2204 780 2528 839 Mensuram
2553 783 2772 851 bonam,
2801 791 2852 839 et
2879 787 3198 858 confertam,
3228 793 3275 842 et
3297 804 3404 843 ooa-

2211 865 2469 934 9itatam,
2525 873 2574 921 et
2624 867 3044 939 superfluentem
3093 868 3292 924 dabunt
3344 873 3392 923 in

2213 946 2341 999 sinu
2369 952 2564 1013 vestro,
2593 966 2646 1021 p.
2690 950 2821 1016 715,
2850 963 2912 1002 ιι.
2951 948 3031 1003 19.

2074 1025 2159 1082 11.
2201 1023 2413 1082 Beatus
2433 1035 2633 1097 venter,
2685 1032 2783 1108 qui
2827 1037 2875 1085 te
2899 1030 3162 1103 portavit,
3189 1047 3240 1103 p.
3282 1030 3395 1093 655,

2216 1124 2276 1164 n.
2305 1111 2398 1164 47.

2073 1187 2154 1245 13.
2198 1187 2268 1246 Si
2291 1190 2672 1260 paenitentiam
2718 1180 2828 1248 non
2853 1193 3116 1265 feceritis,
3147 1207 3320 1248 omnes
3339 1193 3404 1246 si-

2208 1272 2327 1327 mul
2349 1272 2618 1344 peribitis,
2656 1291 2709 1347 p.
2754 1276 2883 1342 546,
2926 1274 3008 1330 16.

2554 1414 2639 1468 Ex
2678 1415 2708 1467 J
2713 1430 2923 1470 omns.

2102 1529 2147 1586 l.
2194 1529 2397 1587 Omnia
2440 1552 2537 1606 per
2583 1536 2764 1608 ipsum
2810 1536 2966 1607 facta
2992 1540 3157 1601 sunt,
3190 1550 3244 1606 p.
3284 1531 3395 1593 329.

2205 1625 2263 1665 n.
2296 1613 2387 1669 41.

2089 1691 2143 1746 8.
2187 1691 2257 1749 Si
2283 1711 2377 1750 vos
2401 1696 2552 1763 fitius
2592 1698 2865 1762 liberavit,
2899 1714 3020 1753 vere
3065 1697 3221 1752 liberi
3259 1695 3390 1757 esti-5,

2201 1790 2257 1846 p.
2300 1775 2428 1845 313,
2462 1793 2522 1832 n.
2561 1779 2643 1834 13.

2060 1853 2146 1909 13.
2216 1855 2316 1914 Vos
2339 1860 2536 1915 mundi
2559 1863 2705 1925 estis,
2741 1878 2793 1933 p.
2824 1862 2952 1925 285,
2988 1875 3051 1915 n.
3077 1860 3132 1915 3.

2060 1937 2143 1994 15.
2194 1938 2354 1997 Sicut
2370 1944 2583 2015 palmes
2603 1962 2711 1998 non
2735 1949 2905 2017 potest
2930 1944 3079 2016 ferre
3099 1943 3335 2015 fructum
3362 1957 3391 1992 (ι

2173 2025 2493 2094 semetipso,
2532 2026 2645 2079 nisi
2671 2027 2934 2080 manserit
2965 2027 3024 2078 in
3059 2027 3185 2087 vite,
3209 2023 3285 2076 sic
3308 2038 3392 2074 nec

2194 2117 2289 2156 vos
2310 2105 2420 2159 nisi
2434 2107 2493 2160 in
2514 2123 2596 2161 me
2618 2107 2951 2173 manseritis,
2980 2122 3036 2178 p.
3065 2105 3195 2169 706,
3243 2117 3301 2158 n.
3347 2103 3385 2156 1.

2343 2244 2427 2300 Ex
2457 2249 2625 2301 Acus
2667 2248 3107 2301 Aposrononusz.

2078 2349 2135 2403 2.
2189 2349 2394 2409 Factus
2426 2362 2504 2409 est
2542 2361 2753 2427 repente
2797 2355 2859 2408 de
2905 2355 3032 2409 coelo
3058 2352 3385 2408 advenientis

2186 2436 2420 2505 spiritus
2442 2436 2780 2502 vehementi&
2815 2453 2870 2508 p.
2898 2437 3028 2500 639,
3065 2452 3124 2491 n.
3168 2436 3250 2491 18.

2013 2522 2017 2527 ’
2075 2512 2130 2578 4,
2189 2513 2570 2588 Convenerunt
2617 2520 2678 2573 in
2716 2521 2937 2574 civitate
2965 2520 3070 2572 ista
3131 2516 3383 2571 adversus

2178 2611 2415 2667 puerum
2453 2605 2609 2654 tuum
2654 2598 2843 2654 Iesum
2883 2598 3142 2664 Herodes,
3171 2604 3220 2652 et
3244 2595 3381 2653 Pon-

2184 2677 2297 2733 tius
2336 2678 2557 2735 Pilatus
2605 2699 2730 2735 cum
2770 2682 3038 2750 yenlibus,
3088 2687 3139 2735 et
3173 2676 3380 2753 populis

2183 2756 2362 2813 Israel
2403 2761 2603 2833 facere,
2631 2780 2745 2839 quse
2772 2779 2971 2817 manus
2998 2768 3118 2826 tun,
3146 2768 3189 2815 εἰ
3211 2774 3380 2815 ...nsi-

2182 2836 2319 2895 lium
2372 2847 2528 2897 tuum
2572 2843 2919 2900 decreverunt
2946 2845 3127 2917 facere
3173 2857 3226 2913 p.
3265 2839 3374 2902 124,

2181 2935 2239 2977 n.
2281 2924 2400 2979 184.

2224 3095 2227 3097 ψ
2292 3062 2377 3117 Ex
2407 3065 2684 3121 Ems'rom
2712 3085 2785 3121 An
2827 3067 3126 3122 Romanos.

2066 3169 2120 3225 3.
2183 3168 2338 3300 Unzlts
2363 3181 2440 3228 est
2493 3174 2655 3245 Deus,
2697 3180 2793 3253 qui
2821 3178 3117 3249 justificat,
3168 3193 3223 3248 p.
3251 3172 3369 3235 266.

2177 3259 2234 3299 n.
2312 3287 2325 3301 .

2061 3323 2120 3380 4.
2170 3324 2249 3381 Ei
2268 3329 2364 3403 qui
2383 3338 2659 3400 operatur,
2695 3350 2895 3388 merces
2921 3350 3028 3388 non
3069 3334 3376 3405 imputatur

2170 3410 2468 3467 secundum
2490 3416 2754 3482 qratiam,
2786 3416 2878 3472 sed
2901 3416 3199 3471 secundum
3228 3412 3371 3468 debi-

2170 3496 2307 3553 tum,
2341 3507 2397 3562 p.
2425 3494 2554 3557 792,
2590 3510 2645 3551 n.
2682 3496 2735 3551 3.

2056 3569 2111 3623 6.
2169 3567 2336 3625 Nunc
2358 3588 2479 3627 vero
2509 3573 2729 3631 liberati
2748 3593 2784 3630 a
2811 3583 3046 3649 peccato,
3071 3577 3219 3631 servi
3235 3574 3370 3647 lacti

2165 3652 2293 3705 estis
2319 3650 2450 3718 Deo,
2487 3670 2537 3724 p.
2565 3656 2692 3719 313,
2728 3671 2784 3711 n.
2816 3658 2907 3712 20.

2018 3728 2098 3787 Ib.
2167 3730 2507 3790 Eaeistimate
2536 3752 2629 3790 vos
2649 3741 2890 3793 mortuos
2909 3755 3018 3793 esse
3031 3745 3270 3812 peccam,
3295 3737 3371 3790 vi-

2162 3822 2342 3870 ventes
2361 3826 2545 3873 autem
2594 3820 2719 3886 Dea,
2747 3821 2809 3876 in
2850 3820 3073 3879 Christo
3099 3819 3231 3877 Jesu
3257 3818 3368 3876 D00

2160 3890 2312 3944 mino
2334 3899 2534 3948 nostro,
2569 3892 2715 3949 Ibid.

2047 3968 2102 4023 7.
2164 3966 2297 4024 Jam
2324 3988 2432 4027 non
2452 3989 2542 4043 eyo
2570 3992 2758 4048 operor
2788 3976 2950 4038 illud,
2975 3975 3069 4031 sed
3096 3976 3242 4052 quod
3265 3976 3366 4031 ha-

2157 4047 2293 4103 bitat
2317 4052 2375 4104 in
2397 4070 2478 4107 me
2501 4061 2800 4128 peccatum,
2830 4073 2882 4129 p.
2917 4057 3044 4121 305,
3079 4072 3138 4111 n.
3181 4057 3263 4111 10.

2044 4128 2099 4184 8.
2161 4129 2327 4187 Nihil
2352 4132 2732 4193 damnationis
2761 4145 2838 4193 est
2867 4141 2927 4193 in
2965 4141 3070 4204 his,
3100 4141 3200 4217 qui
3240 4144 3362 4192 sunt

2152 4216 2335 4270 renati
2384 4218 2446 4272 in
2495 4217 2712 4276 Christo
2756 4219 2907 4289 Jesu,
2954 4221 3121 4284 Ibid..
3183 4221 3360 4283 n.10‚

2154 4310 2212 4366 p.
2238 4296 2368 4363 313,
2398 4313 2455 4354 n.
2488 4300 2561 4354 20
2587 4307 2644 4357 et
2671 4320 2724 4374 p.
2758 4302 2886 4370 351,
2916 4319 2974 4360 n.
2999 4306 3092 4360 75.
3224 4302 3230 4309 ’

2005 4369 2085 4429 11).
2148 4373 2274 4447 Ipse
2299 4375 2549 4450 Spiritus
2576 4385 2948 4441 testimonium
2973 4384 3221 4442 reddidit
3247 4385 3363 4457 spi·

2147 4457 2289 4511 ritui
2337 4465 2538 4526 nostro,
2591 4463 2736 4538 quod
2777 4482 2969 4520 sumus
3008 4465 3119 4538 filii
3151 4464 3267 4532 Dei,
3300 4480 3355 4536 p.

2147 4536 2275 4603 292,
2310 4553 2369 4594 n.
2411 4540 2495 4595 13.
3233 4547 3240 4548 ⁷

2036 4615 2090 4671 9.
2160 4614 2441 4753 νοίιιὲἑεαεί
2487 4623 2604 4693 ejus
2669 4626 2793 4702 quis
2830 4627 3098 4683 resistet?
3160 4643 3215 4699 p.
3259 4626 3347 4690 87,

2149 4711 2206 4752 n.
2352 4740 2365 4753 .

2184 4824 2268 4878 Ex
2308 4826 2590 4885 Emsrom.
2629 4851 2703 4888 AD
2743 4835 3086 4896 ComN'rmos
3117 4841 3161 4896 l.

2029 4918 2084 4974 6.
2145 4917 2268 4976 Haec
2289 4923 2506 4996 quidem
2531 4929 2759 5000 fecistis,
2784 4932 2876 4986 sed
2898 4933 3079 4991 abluti
3098 4938 3353 5004 estis,-sed

2138 5005 2476 5072 sanctificati
2521 5014 2669 5079 estis,
2697 5030 2751 5086 p.
2780 5014 2908 5082 313,
2940 5032 3000 5073 n.
3031 5019 3123 5074 20.
