3647 5753
53 1091 171 1133 Alia
194 1101 270 1135 ra·

76 1140 275 1235 331-ξᾶ
309 1162 481 1220 ritate
529 1164 726 1231 simul,
752 1169 809 1221 et
850 1165 1072 1222 ratione
1111 1165 1179 1220 D.
1234 1164 1439 1221 Thom.
1496 1180 1676 1236 supra

1459 430 1638 488 DISP.
1681 430 1776 497 111,
1795 502 1800 507 ,
1822 431 1989 490 DUB.
2038 433 2107 490 V.
3070 433 3183 490 609

305 597 716 673 justificantem
745 600 1079 658 causalitate
1112 600 1369 675 physica,
1400 616 1519 658 non
1539 616 1679 659 vero

308 681 643 738 causalitate
668 682 878 739 morali
913 702 926 737 ε
958 686 1055 737 aut
1087 683 1291 739 saltem
1323 681 1678 754 praecipuum

310 762 660 820 causalitatis
707 779 957 831 munuss
993 761 1145 836 quod
1205 764 1418 820 nostris
1458 762 1678 820 actibus

309 846 581 902 convenit
613 845 677 900 in
718 844 923 901 ordine
965 844 1035 901 ad
1071 842 1566 919 justificationem,
1592 846 1678 902 si-

310 932 439 984 tum
487 942 610 984 esse
642 928 709 984 in
751 944 837 995 eo,
863 927 1013 1002 quod
1054 927 1289 1002 physice
1317 927 1387 985 ad
1425 928 1677 1004 gratiam

312 1007 642 1081 disponant.

396 1085 520 1140 107.
559 1082 818 1141 Secundo
846 1083 1120 1156 probatur
1158 1084 1446 1141 conclusio
1468 1082 1677 1141 autho-

307 1251 491 1323 quaest.
532 1246 653 1311 112,
684 1251 794 1303 art.
845 1247 898 1313 2,
947 1243 1044 1300 uhi
1087 1245 1213 1302 ait:
1262 1266 1289 1297 α
1330 1242 1669 1313 Dicendum,

313 1348 339 1379 α
380 1325 530 1399 quod
580 1326 767 1401 gratia
812 1326 1023 1383 dicitur
1080 1325 1407 1400 dupliciter.
1474 1329 1674 1392 Quan-

311 1430 337 1463 α
377 1407 563 1482 doque
605 1408 838 1481 quidem
885 1409 1076 1483 ipsum
1130 1408 1426 1467 habituale
1451 1409 1674 1467 donum

310 1510 336 1542 α
382 1490 505 1558 Dei;
528 1490 868 1564 quandoque
894 1497 1086 1549 autem
1114 1492 1401 1549 auxilium
1427 1493 1526 1550 Dei
1551 1508 1675 1550 mo·

312 1591 338 1623 <1
382 1571 570 1627 ventis
614 1572 876 1629 animam
904 1572 974 1629 ad
1001 1571 1239 1630 bonum.
1273 1572 1475 1631 Primo
1495 1574 1674 1648 igitur

307 1670 333 1703 α
377 1649 548 1709 modo
595 1651 924 1726 accipiendo
972 1653 1242 1728 gratiam,
1295 1655 1672 1730 praeexigitur

310 1753 336 1785 a
379 1730 451 1789 ad
484 1734 732 1807 gratiam
786 1735 978 1806 aliqua
1028 1736 1230 1809 gratiae
1283 1736 1667 1809 praeparati03

309 1834 336 1865 α
377 1812 512 1885 quia
535 1816 698 1872 nulla
720 1815 911 1872 forma
932 1820 1113 1888 potest
1135 1831 1278 1883 esse,
1305 1816 1420 1872 nisi
1450 1818 1513 1874 in
1542 1835 1672 1875 ma-

306 1914 332 1945 «
375 1893 522 1950 teria
542 1893 835 1968 disposita.
859 1916 884 1947 2>
920 1894 1140 1961 Quibus
1160 1895 1424 1971 adjungit
1443 1897 1507 1954 in
1530 1915 1671 1971 pras·

295 1973 445 2028 senti
479 1979 674 2046 quaest.
707 1980 815 2033 art.
862 1978 936 2032 3:
966 1998 992 2031 α
1034 1980 1185 2035 Deus
1230 1983 1425 2035 movet
1468 1979 1670 2037 omnia

304 2077 329 2106 a
369 2057 683 2114 secundum
725 2059 963 2117 modum
1013 2062 1480 2136 uniuscujusque,
1523 2064 1670 2120 sicut

304 2160 329 2191 α
372 2138 436 2194 in
458 2142 823 2199 naturalibus
852 2143 1135 2211 videmuS,
1167 2144 1317 2217 quod
1340 2145 1511 2201 aliter
1539 2162 1669 2204 mo-

304 2240 328 2272 α
371 2227 581 2277 ventur
623 2222 693 2279 ab
739 2225 864 2297 ipso
902 2225 1123 2299 gravia,
1162 2230 1219 2281 et
1277 2226 1449 2282 aliter
1491 2226 1661 2292 levia,

307 2322 331 2352 α
373 2307 607 2374 propter
663 2302 955 2361 diversam
1016 2310 1289 2363 naturam
1343 2306 1663 2381 utriusque.

310 2404 333 2432 α
376 2382 542 2439 Unde
579 2389 636 2440 et
682 2385 979 2442 hominem
1005 2387 1092 2443 >ad
1133 2386 1419 2462 justitiam
1457 2393 1668 2445 „movet

313 2484 337 2515 α
380 2464 691 2520 secundum
718 2467 1107 2524 conditionem
1130 2475 1352 2525 naturae
1372 2468 1660 2526 humanae.

314 2564 340 2594 α
387 2544 568 2600 Homo
589 2550 777 2601 autem
821 2547 1133 2604 secundum
1165 2549 1459 2622 propriam
1489 2555 1666 2605 natu-

313 2644 339 2675 «
384 2639 508 2680 ram
549 2624 737 2692 habet,
780 2627 929 2698 quod
979 2629 1055 2684 sit
1094 2628 1263 2685 liberi
1308 2628 1559 2687 arbitrii.
1594 2633 1665 2687 Et

309 2727 335 2758 α
381 2707 508 2766 ideo
535 2709 599 2764 in
625 2725 710 2776 eo,
742 2711 837 2783 qui
867 2711 1032 2768 habet
1057 2710 1302 2768 liberum
1328 2712 1659 2781 arbitrium,

309 2810 334 2841 α
378 2804 497 2846 non
528 2789 590 2847 fit
619 2792 796 2850 motio
822 2808 855 2848 a
890 2796 1005 2851 Deo
1032 2792 1101 2850 ad
1137 2795 1423 2869 justitiam
1453 2795 1664 2869 absque

305 2895 330 2924 α
373 2878 531 2929 motu
555 2872 724 2931 liberi
748 2874 1007 2944 arbitrii;
1031 2876 1129 2935 sed
1163 2880 1245 2935 ita
1284 2878 1664 2937 infunditdo-

305 2977 329 3008 (t
374 2972 515 3012 num
548 2958 749 3032 gratim
771 2959 1157 3035 justificantiS,
1190 2961 1340 3035 quod
1366 2963 1542 3019 etiam
1578 2962 1662 3019 si-

303 3059 328 3090 «
372 3039 494 3094 mul
521 3055 651 3095 cum
693 3040 796 3097 hoc
832 3048 1024 3099 movet
1062 3041 1313 3100 liberum
1350 3043 1660 3100 arbitrium

300 3139 325 3169 a
371 3117 443 3174 ad
487 3117 705 3177 donum
745 3122 945 3195 gratiae
997 3123 1406 3196 acceptandum
1455 3125 1518 3180 in
1544 3123 1655 3192 his,

299 3219 325 3250 α
366 3201 465 3272 qui
504 3209 638 3260 sunt
688 3204 857 3278 hujus
899 3205 1173 3263 motionis
1201 3222 1449 3278 capaces.
1499 3227 1524 3258 »
1570 3208 1655 3262 Ex

294 3284 531 3357 utroque
583 3289 773 3343 autem
820 3286 1149 3344 testimonio
1194 3287 1516 3344 desumitur
1566 3303 1661 3344 se-

294 3377 475 3435 quens
497 3367 644 3424 ratio
671 3396 683 3429 2
712 3367 986 3441 quoniam
1028 3367 1105 3438 id,
1154 3368 1305 3442 quod
1343 3384 1414 3426 ex
1451 3373 1659 3426 natura

297 3443 382 3500 rei
428 3444 806 3513 desideratur,
845 3454 901 3506 et
948 3454 1233 3523 praeparat
1283 3448 1353 3505 ad
1402 3449 1657 3521 aliquam

295 3523 565 3592 formam,
598 3534 683 3586 est
719 3528 1017 3602 dispositio
1053 3530 1287 3605 physica
1321 3550 1334 3585 ε
1363 3529 1461 3586 sed
1503 3533 1658 3586 actus

294 3610 763 3678 supernaturales
787 3617 1173 3683 praeparantes
1200 3610 1270 3668 ad
1292 3609 1657 3686 justificatio-

297 3702 431 3746 nem
474 3688 643 3761 impii
681 3690 1075 3764 requiruntur,
1119 3699 1176 3750 et
1222 3697 1545 3765 praeparant
1585 3708 1657 3749 ex

294 3776 506 3830 natura
536 3773 619 3829 rei
648 3772 720 3829 ad
745 3774 991 3846 gratiam
1023 3774 1432 3849 Justificantem
1466 3796 1479 3832 ε
1520 3791 1656 3850 ergo

289 3858 428 3910 sunt
453 3852 854 3925 dispositiones
882 3856 1130 3930 physicae
1158 3855 1228 3912 ad
1254 3855 1376 3930 ejus
1403 3855 1656 3913 infusio-

292 3950 449 3993 nem.
495 3936 908 4008 Consequentia
962 3943 1197 3996 constat.
1247 3939 1432 4013 Major
1477 3938 1653 3996 etiam

291 4018 488 4091 liquet,
515 4018 790 4091 quianon
832 4021 948 4077 alia
986 4019 1209 4078 ratione
1248 4020 1653 4091 dispositiones

288 4099 538 4173 physicas
559 4100 637 4156 ita
661 4103 1044 4175 appellantur,
1067 4103 1181 4159 nisi
1202 4103 1339 4177 quia
1358 4119 1428 4160 ex
1445 4106 1652 4159 natura

287 4181 393 4249 rei,
425 4188 482 4238 et
504 4198 621 4240 non
648 4199 719 4241 ex
762 4186 997 4258 praecisa
1025 4182 1393 4243 ordinatione
1421 4185 1521 4242 Dei
1546 4199 1651 4242 ex-

286 4262 533 4319 trinseca
576 4262 890 4337 disponunt
931 4265 1002 4323 ad
1054 4265 1305 4323 formam
1341 4286 1353 4322 :
1396 4281 1532 4341 ergo
1565 4264 1645 4332 id,

283 4344 436 4416 quod
462 4360 531 4401 ex
572 4352 778 4403 natura
808 4348 891 4404 rei
915 4345 1290 4415 desideratur,
1329 4353 1387 4404 et
1427 4364 1650 4421 praepa-

286 4431 377 4484 rat
396 4425 466 4483 ad
491 4427 743 4501 aliquam
772 4430 1042 4496 formam,
1069 4435 1154 4487 est
1178 4430 1477 4502 dispositio
1496 4431 1649 4505 phy-

284 4510 401 4567 sica
422 4509 494 4567 ad
515 4512 701 4568 illam.
734 4512 928 4568 Minor
963 4517 1154 4570 autem
1192 4512 1485 4579 suadetur,
1511 4514 1648 4586 quia

284 4606 356 4649 ex
378 4608 494 4649 una
532 4597 691 4665 parte
729 4593 913 4667 gratia
961 4593 1322 4652 sanctificans
1348 4599 1433 4651 est
1458 4594 1645 4652 forma

287 4673 554 4747 perfecta,
581 4679 636 4731 et
655 4674 942 4731 terminus
981 4676 1264 4748 praecipue
1305 4676 1560 4733 intentus
1582 4676 1646 4735 in

284 4758 454 4830 impii
490 4755 935 4832 justificatione;
982 4757 1053 4815 ad
1095 4753 1491 4831 quamcunque
1538 4776 1645 4816 au-

282 4844 398 4897 tem
421 4839 671 4897 formam
695 4837 1026 4911 perfectam,
1050 4845 1106 4899 et
1129 4839 1434 4897 habentem
1466 4842 1644 4899 ratio-

282 4938 418 4981 nem
466 4921 705 4980 termini
754 4922 1037 4995 praecipue
1083 4922 1294 4980 intenti
1340 4923 1405 4979 in
1452 4921 1644 4997 aliquo

279 5008 441 5061 motu
465 5002 784 5076 requiritur
805 5018 877 5059 ex
899 5007 1108 5060 natura
1148 5002 1231 5060 rei
1281 5002 1474 5076 aliqua
1495 5019 1646 5076 prae-

282 5082 845 5159 paratio;siquidem
895 5083 1101 5143 ordine
1138 5083 1542 5160 generationis,
1586 5087 1642 5144 et

1812 602 1878 660 in
1897 618 2105 678 genere
2144 621 2325 663 causae
2371 606 2693 664 materialis
2740 604 2805 661 fit
2846 618 3177 679 progressus

1813 682 1884 739 ab
1924 685 2450 759 imperfectioribus
2502 687 2571 744 ad
2619 687 2867 760 perfecta
2901 707 2913 741 ε
2942 700 3078 758 ergo
3106 684 3176 740 ad

1811 763 2165 823 infusionem
2187 768 2387 843 gratias
2412 767 2820 825 sanctificantis
2862 765 3178 839 requiritur

1810 860 1883 903 ex
1909 851 2116 904 natura
2139 849 2222 904 rei
2265 849 2458 922 aliqua
2494 848 2858 922 praeparatio,
2885 852 2940 904 et
2956 846 3061 904 hoc
3082 844 3177 903 do-

1809 933 1896 984 cet
1918 929 1980 984 D.
2007 929 2212 986 Thom.
2246 929 2310 985 in
2338 930 2521 1002 priori
2563 929 2916 986 testimonio.
2948 930 3032 982 Ex
3060 927 3177 983 alia

1810 1023 1949 1065 vero
1971 1015 2133 1082 parte
2173 1010 2537 1083 praeparatio,
2563 1025 2661 1066 seu
2684 1009 2983 1081 dispositio
3006 1006 3177 1064 habet

1808 1089 2227 1148 accommodari
2260 1089 2575 1147 conditioni
2598 1088 2854 1162 subjecti,
2875 1087 3024 1161 quod
3046 1103 3175 1145 mo-

1807 1174 1977 1228 vetur
1997 1170 2066 1228 ad
2087 1170 2334 1229 formam
2371 1194 2384 1228 ε
2406 1175 2529 1227 tum
2551 1169 2687 1243 quia
2727 1166 3174 1241 unumquodque

1806 1256 2075 1308 movetur
2093 1253 2238 1309 sicut
2259 1257 2455 1324 aptum
2482 1258 2568 1310 est
2589 1251 2810 1308 moveri
2846 1271 2859 1306 ε
2890 1255 3014 1305 tum
3036 1250 3173 1322 quia

1807 1333 2255 1408 unumquodque
2304 1333 2580 1407 recipitur
2617 1332 2687 1388 ad
2735 1331 2971 1390 modum
3026 1331 3173 1389 reci-

1807 1416 2019 1489 pientis
2051 1417 2245 1490 :atqui
2280 1418 2454 1474 homo
2489 1415 2718 1473 adultus
2743 1421 2828 1473 est
2853 1414 3086 1480 mobile,
3119 1420 3177 1472 et

1806 1497 2165 1571 perfectibile
2211 1497 2462 1555 liberum
2497 1513 2674 1572 :ergo
2720 1514 2792 1555 ex
2840 1504 3046 1553 natura
3089 1496 3175 1553 rei
3258 1558 3267 1567 ⁴

1804 1579 2184 1649 desideratur,
2211 1579 2361 1654 quod
2389 1578 2571 1637 libere
2592 1580 2931 1653 disponatur
2953 1578 3023 1635 ad
3051 1577 3175 1634 for-

1804 1677 1962 1718 mam
1984 1660 2434 1735 justificantem3
2468 1662 2666 1734 nequit
2707 1665 2898 1717 autem
2947 1660 3170 1718 moveri

1805 1741 2011 1809 libere,
2043 1743 2155 1799 nisi
2192 1758 2292 1816 per
2338 1746 2495 1800 actus
2524 1741 2739 1799 liberos
2762 1758 2794 1797 a
2814 1758 2873 1798 se
2900 1742 3123 1799 elicitos
3155 1762 3168 1798 ε

1802 1839 1940 1899 ergo
1968 1822 2295 1898 hujusmodi
2326 1830 2479 1881 actus
2505 1839 2574 1882 ex
2606 1831 2813 1880 natura
2848 1824 2929 1880 rei
2974 1822 3172 1895 requi-

1806 1911 2034 1973 runtur,
2064 1910 2120 1962 et
2148 1911 2473 1979 praeparant
2514 1905 2584 1963 ad
2626 1905 2874 1980 gratiam
2896 1903 3168 1962 habitua-

1804 1987 1940 2053 lem,
1974 2001 2075 2059 per
2101 2002 2272 2059 quam
2297 1985 2525 2043 adultus
2559 1986 2907 2062 justificatur
2940 2005 2953 2039 ε
2982 1990 3038 2042 et
3064 1985 3167 2044 hoc

1801 2066 2090 2127 concludit
2133 2068 2337 2141 Angel.
2381 2070 2583 2125 Doctor
2604 2067 2668 2123 in
2712 2065 2960 2124 secundo
3004 2066 3168 2123 testi-

1801 2150 2020 2207 monio.

1879 2223 2268 2282 confirmatur
2309 2222 2532 2296 primo,
2582 2223 2717 2296 quia
2770 2220 2840 2278 ad
2892 2221 3168 2278 unionem
3201 2233 3359 2292 conut-

1769 2348 1774 2355 .
1801 2320 1931 2361 cum
1960 2302 2163 2361 divina
2192 2304 2440 2361 essentia
2466 2303 2533 2360 in
2569 2304 2792 2360 ratione
2817 2301 3027 2374 speciei
3070 2300 3169 2356 in·
3208 2290 3352 2386 ¹3¹3ssss-

1801 2384 2127 2460 telligibilis
2168 2385 2487 2459 requiritur
2512 2401 2583 2442 ex
2625 2390 2832 2442 natura
2861 2383 2944 2441 rei
2974 2385 3169 2457 aliqua

1800 2460 2121 2539 dispositio,
2153 2482 2219 2523 eo
2246 2465 2396 2539 quod
2422 2466 2635 2539 species
2658 2462 3047 2539 intelligibilis
3070 2464 3169 2519 ha-

1799 2546 1893 2605 bet
1914 2548 1979 2605 in
2001 2547 2210 2606 ordine
2232 2548 2605 2605 intentionali
2632 2547 2916 2604 rationem
2934 2545 3164 2602 formae:

1797 2629 1897 2687 sed
1916 2631 2105 2705 gratia
2124 2629 2487 2687 sanctificans
2510 2629 2681 2687 habet
2707 2629 2771 2684 in
2792 2627 2999 2685 ordine
3026 2627 3167 2702 phy-

1797 2712 1914 2768 sico
1939 2710 2379 2784 supernaturali
2404 2710 2690 2768 rationem
2720 2709 2949 2776 formam
2980 2709 3159 2783 siqui-

1797 2792 1929 2850 dem
1981 2791 2278 2849 constituit
2344 2791 2644 2850 hominem
2709 2792 3055 2865 simpliciter
3101 2791 3164 2848 in

1797 2874 2067 2949 praedicto
2094 2874 2300 2933 ordine
2326 2890 2501 2951 :ergo
2522 2873 2592 2933 ad
2623 2876 3005 2948 receptionem
3028 2891 3166 2950 gra-

1795 2958 1891 3013 tiae
1937 2955 2350 3012 sanctificantis
2391 2955 2710 3029 requiritur
2745 2973 2816 3013 ex
2847 2963 3055 3013 natura
3084 2956 3169 3013 rei

1796 3039 1992 3112 aliqua
2018 3037 2333 3110 dispositio.
2362 3038 2779 3111 Consequentia
2804 3042 3023 3094 constat
3042 3041 3168 3091 tum

1795 3138 1830 3178 a
1856 3122 2119 3195 paritate,
2149 3126 2274 3174 tum
2317 3136 2351 3176 a
2391 3119 2657 3186 fortiori3
2696 3120 2834 3193 quia
2885 3135 3015 3176 cum
3048 3134 3167 3175 ma·

1788 3203 1905 3277 jori
1935 3201 2285 3275 proprietate
2310 3200 2498 3275 gratia
2525 3198 2694 3256 habet
2723 3201 3010 3257 rationem
3042 3198 3169 3255 sor-

1794 3301 1904 3342 mae
1926 3285 1989 3341 in
2017 3282 2220 3341 ordine
2250 3281 2485 3356 physico
2506 3283 2962 3355 supernaturali,
2991 3298 3167 3355 quam

1793 3366 2040 3425 essentia
2077 3364 2282 3422 divina
2322 3364 2486 3420 unita
2522 3364 2813 3420 mentibus
2856 3367 3166 3421 Beatorum

1794 3449 2001 3507 habeat
2021 3448 2304 3505 rationem
2323 3447 2523 3504 formae
2538 3447 2602 3502 in
2618 3463 2739 3504 esse
2763 3449 3159 3505 intentionali.

1792 3531 1987 3588 Minor
2026 3530 2201 3588 etiam
2240 3527 2379 3584 satis
2423 3528 2624 3601 liquet.
2656 3529 2940 3603 Majorem
2972 3533 3163 3586 autem

1790 3613 1968 3682 docet,
2000 3616 2057 3669 et
2080 3610 2330 3669 ostendit
2369 3612 2434 3666 D.
2467 3611 2671 3666 Thom.
2714 3613 2730 3665 l
2789 3618 2938 3684 part.
2972 3619 3155 3689 quaest.

1800 3697 1884 3761 12,
1933 3702 2045 3751 art.
2089 3696 2143 3761 5,
2191 3692 2290 3749 ubi
2344 3691 2426 3748 ait
2474 3711 2486 3747 ε
2540 3712 2566 3744 «
2619 3691 2959 3763 Dicendum,
3012 3695 3164 3767 quod

1795 3799 1820 3830 (ι
1863 3791 2055 3844 omne,
2105 3772 2255 3847 quod
2301 3775 2563 3831 elevatur
2611 3773 2683 3831 ad
2728 3774 2968 3846 aliquid,
3012 3776 3162 3847 quod

1794 3880 1821 3912 α
1864 3856 2085 3915 excedit
2147 3871 2312 3912 suam
2381 3859 2672 3922 naturam,
2734 3861 2954 3930 oportet
3006 3858 3161 3931 quod

1793 3959 1819 3990 α
1864 3937 2200 4010 disponatur
2241 3935 2435 4010 aliqua
2472 3934 2873 4008 dispositione.
2919 3953 3044 4011 quae
3084 3938 3162 3994 sit

1792 4039 1819 4071 α
1864 4034 2038 4091 supra
2064 4033 2228 4073 suam
2257 4022 2548 4073 naturam.
2576 4017 2729 4073 Sicut
2756 4017 2803 4072 si
2833 4033 2932 4074 aer
2958 4016 3161 4076 debeat

1792 4120 1818 4151 «
1863 4100 2118 4172 accipere
2144 4098 2397 4155 formam
2419 4098 2590 4173 ignis,
2618 4103 2841 4171 oportet
2867 4099 3017 4172 quod
3046 4099 3159 4157 dis-

1789 4203 1816 4235 «
1862 4187 2108 4255 ponatur
2160 4180 2354 4254 aliqua
2420 4179 2799 4253 dispositione
2857 4182 2928 4238 ad
2983 4184 3157 4241 talem

1790 4284 1816 4317 α
1862 4264 2137 4322 formam.
2170 4267 2313 4319 Cum
2355 4267 2545 4319 autem
2593 4265 2805 4337 aliquis
2833 4265 3158 4323 intellectus

1789 4365 1816 4397 α
1859 4349 2080 4401 creatus
2121 4343 2278 4401 videt
2315 4346 2496 4401 Deum
2528 4359 2629 4417 per
2666 4345 2997 4413 essentiam,
3032 4346 3157 4420 ipsa

1787 4447 1814 4479 «
1859 4425 2105 4485 essentia
2129 4426 2229 4482 Dei
2257 4423 2320 4481 fit
2347 4425 2536 4483 forma
2563 4426 2954 4501 intelligibilis
2977 4428 3156 4486 intel—

1787 4529 1814 4562 «
1859 4510 2054 4567 lectus,
2089 4506 2255 4564 Unde
2282 4513 2521 4579 oportet,
2553 4508 2702 4583 quod
2732 4510 2927 4582 aliqua
2956 4508 3153 4585 dispo-

1787 4612 1814 4644 α
1857 4591 1991 4648 sitio
2031 4590 2491 4664 supernaturalis
2531 4590 2584 4647 ei
2630 4591 3054 4664 superaddatur
3083 4593 3154 4651 ad

1785 4691 1812 4724 α
1856 4670 1979 4740 hoc,
2011 4669 2159 4744 quod
2186 4672 2445 4728 elevetur
2473 4672 2537 4728 in
2566 4676 2786 4729 tantam
2814 4673 3154 4732 sublimita-

1784 4774 1811 4806 α
1854 4757 1993 4810 tem.
2026 4754 2166 4809 Cum
2200 4752 2378 4827 igitur
2416 4754 2603 4810 virtus
2645 4756 2931 4812 naturalis
2973 4756 3151 4814 intel-

1783 4857 1810 4889 «
1855 4836 2032 4893 lectus
2045 4837 2220 4893 creati
2244 4851 2363 4893 non
2378 4836 2618 4894 sufficiat
2634 4836 2703 4893 ad
2720 4836 2820 4893 Dei
2836 4839 3148 4896 essentiam

1782 4941 1809 4973 ι
1854 4917 2186 4987 videndam,
2216 4926 2278 4976 ut
2303 4925 2596 4978 ostensum
2617 4926 2720 4978 est.
2753 4926 2975 4991 oportet
2995 4921 3147 4994 quod

1781 5022 1807 5054 α
1852 5017 1923 5060 ex
1969 5000 2172 5061 divina
2213 5005 2403 5080 gratia
2445 5009 2831 5076 supercrescat
2873 5003 2927 5061 ei
2958 5004 3148 5063 virtus

1781 5103 1807 5136 α
1852 5081 2237 5156 intelligendi.
2269 5085 2338 5140 Et
2365 5084 2472 5142 hoc
2496 5090 2871 5161 augmentum
2911 5084 3145 5145 virtutis
