3647 5753
489 370 603 425 466
1421 366 1514 420 DE
1552 366 1581 419 J
1587 365 2134 420 USTIFICATIONE
2174 364 2380 420 1MP11.

495 555 627 596 nem
649 538 958 596 excluserit
979 538 1228 613 gratiam
1250 537 1723 607 sanctificantem,
1750 556 1852 614 per

492 638 665 696 quam
712 626 931 694 poterat
977 637 1095 678 non
1143 623 1408 680 omittere
1434 666 1446 689 ,
1494 622 1594 680 sed
1645 623 1853 681 elicere

492 720 770 762 amorem.
799 703 966 760 Unde
994 706 1219 762 nullam
1241 721 1313 762 ex
1336 706 1521 778 capite
1561 706 1853 778 impoten-

493 785 585 840 tiae
605 784 676 842 ob
704 784 1022 843 absentiam
1043 787 1242 861 gratiae
1264 792 1442 861 potest
1466 786 1577 843 sibi
1602 791 1854 860 praeten-

493 866 627 925 dere
654 869 1109 925 excusationem.

569 953 697 1009 238.
743 952 849 1009 Sed
872 957 1071 1009 contra
1102 952 1250 1010 hanc
1293 954 1725 1026 responsionem
1757 954 1856 1011 in-

496 1033 678 1106 surgit
700 1031 894 1107 Godoy
916 1032 1014 1089 ubi
1041 1052 1234 1108 supra,
1265 1053 1419 1092 num.
1449 1037 1542 1103 42,
1575 1036 1855 1110 quoniam

498 1108 662 1188 pueri
692 1127 808 1169 non
826 1111 1113 1185 baptizati,
1140 1131 1271 1171 cum
1296 1116 1484 1189 primo
1507 1116 1857 1188 perveniunt

500 1193 571 1252 ad
595 1210 759 1249 usum
784 1193 1044 1261 rationi5‚
1067 1201 1337 1253 tenentur
1349 1214 1409 1254 se
1430 1202 1764 1254 convertere
1784 1196 1856 1254 ad

501 1277 681 1332 Deum
709 1275 812 1330 tali
840 1290 1057 1341 amore,
1089 1275 1159 1333 ad
1186 1293 1356 1350 quem
1383 1284 1650 1351 sequatur
1674 1279 1857 1335 infal-

499 1354 744 1412 libiliter
764 1353 1093 1429 Justificatio
1124 1380 1139 1424 ;
1165 1375 1301 1414 nam
1327 1375 1397 1416 ex
1437 1359 1542 1416 hoc
1571 1359 1858 1433 principio

282 1426 462 1470 D·'¹'¹¹⁰·
500 1437 677 1493 infert
724 1440 789 1492 D.
844 1437 1047 1495 Thom.
1092 1456 1269 1512 supra
1319 1449 1500 1519 quaest.
1529 1442 1620 1506 89,
1652 1448 1762 1497 art.
1793 1443 1850 1510 6,

499 1534 618 1575 non
642 1534 803 1591 posse
832 1524 1119 1591 peccatum
1143 1521 1432 1595 originale
1453 1538 1582 1578 curn
1609 1522 1733 1578 solo
1752 1537 1858 1577 ve-

501 1598 645 1655 niali
665 1600 951 1673 conjungi,
986 1605 1048 1655 ut
1074 1599 1276 1657 docent
1303 1602 1687 1659 communiter
1729 1618 1858 1658 om-

499 1695 602 1736 nes
640 1682 695 1736 S.
740 1682 994 1738 Doctoris
1019 1680 1286 1754 discipuli
1321 1704 1334 1740 :
1372 1700 1508 1760 ergo
1535 1689 1760 1741 tenetur
1788 1682 1859 1739 ad

502 1780 756 1820 amorem
784 1768 1282 1836 supernaturalem
1306 1768 1404 1825 Dei
1432 1784 1604 1842 super
1632 1768 1855 1834 omnia;

500 1850 557 1901 et
581 1850 776 1902 tamen
805 1862 921 1902 non
949 1863 1151 1905 omnes
1183 1853 1318 1906 tunc
1358 1850 1571 1907 habent
1608 1849 1859 1926 gratiam

501 1926 972 1995 sanctificantem,
1019 1929 1305 2002 siquidem
1329 1932 1523 2004 plures
1566 1937 1701 1988 tunc
1730 1946 1863 2003 pec-

502 2016 632 2066 cant
652 2011 975 2068 mortaliter
1002 2011 1319 2072 omittendo
1341 2012 1679 2086 praedictum'
1707 2029 1862 2070 amo-

506 2108 627 2148 rem
656 2114 669 2148 :
719 2102 871 2167 ergo‘
906 2093 1113 2152 dehent
1153 2096 1365 2153 habere
1416 2094 1648 2169 aliquod
1700 2094 1860 2152 aliud

506 2175 810 2243 auxilium,
855 2176 1002 2249 quod
1031 2177 1101 2233 ad
1141 2194 1273 2235 eum
1319 2196 1577 2236 amorem
1618 2179 1862 2236 elicien-

504 2255 642 2313 dum
662 2258 918 2317 suffic-iat.
948 2263 1108 2317 Patet
1128 2263 1547 2334 consequentia,
1568 2262 1703 2335 quia
1725 2262 1863 2319 alio-

503 2341 646 2412 quin
684 2347 873 2398 essent
925 2344 1288 2416 simpliciter,
1357 2349 1414 2401 et
1463 2344 1864 2401 antecedenter

278 944 464 1049 aas

509 2425 848 2494 impotentes
893 2422 964 2479 ad
992 2430 1200 2489 actum,
1233 2425 1298 2481 in
1346 2427 1506 2499 qu'us
1551 2424 1884 2481 omissione.

509 2506 738 2575 peccant
764 2526 776 2567 ;
804 2502 952 2575 quod
980 2510 1062 2559 est
1091 2505 1332 2562 omnino
1355 2504 1687 2561 absurdum.
1714 2509 1862 2561 Nam

510 2584 572 2639 in
593 2598 659 2639 eo
684 2588 890 2638 eventu
920 2598 1037 2638 non
1060 2583 1228 2639 datur
1251 2600 1513 2640 recursus
1535 2583 1603 2640 ad
1634 2583 1863 2656 aliquod

505 2667 790 2736 peccatum
817 2661 1171 2729 antecedenS,
1206 2680 1307 2735 per
1347 2662 1495 2735 quod
1522 2664 1707 2736 gratia
1737 2663 1865 2720 fue-

506 2744 582 2799 rit
632 2742 879 2807 exclusa,
929 2748 986 2798 et
1037 2743 1186 2817 quod
1236 2743 1529 2800 induxerit
1576 2744 1866 2817 impoten-

507 2824 648 2879 tiam
681 2846 694 2890 ;
727 2824 957 2879 nullum
985 2824 1142 2880 enim
1166 2829 1453 2897 peccatum
1477 2826 1777 2896 personale
1801 2825 1865 2881 in

507 2919 685 2976 puero
712 2905 1012 2976 praecessit,
1046 2911 1108 2960 ut
1152 2905 1535 2977 supponitur;
1578 2906 1866 2978 siquidem

508 2990 642 3040 tunc
669 2986 857 3057 primo
899 2990 1122 3057 peccat:
1179 2985 1463 3060 originale
1510 2993 1699 3043 autem
1749 3002 1866 3044 non

506 3071 590 3122 est
610 3065 912 3131 sufficienS,
963 3071 1038 3121 ut·
1054 3071 1275 3139 peccata
1317 3068 1641 3138 personalia
1670 3068 1868 3140 impu-

506 3151 718 3212 tentur,
750 3151 805 3203 et
850 3148 1107 3204 carentia
1148 3147 1412 3220 potentiae
1459 3149 1745 3221 requisitae
1796 3147 1868 3204 ad

506 3227 879 3301 adimplenda
926 3235 1206 3303 praecepta
1250 3229 1474 3287 dicatur
1512 3231 1863 3300 voluntaria,

507 3313 571 3364 ut
612 3326 714 3366 nos
762 3310 871 3382 ipsi
915 3318 1114 3368 contra
1155 3312 1489 3368 Cornelium
1528 3312 1869 3368 Jansenium

510 3390 865 3448 ostendimus
892 3400 1053 3451 tract.
1073 3394 1297 3467 praeced.
1327 3393 1548 3467 dis12..5,
1581 3394 1707 3450 dub.
1747 3395 1787 3449 l.

588 3475 717 3530 Haec
744 3481 937 3532 tamen
977 3475 1215 3549 objectio
1242 3491 1446 3548 parum
1490 3481 1673 3550 urget,
1718 3481 1773 3531 et
1797 3490 1871 3531 ex

513 3553 678 3611 dictis
718 3557 839 3614 loco
880 3559 1142 3630 proxime
1180 3559 1370 3623 citato,
1401 3561 1433 3627 ξ
1477 3559 1532 3624 2,
1595 3559 1870 3615 convulsa

514 3643 730 3706 manet,
774 3645 830 3695 et
856 3640 1095 3714 insuper
1118 3640 1363 3696 diluitur
1413 3639 1763 3713 persistendo
1804 3640 1871 3695 in

516 3720 885 3791 responsione
914 3723 1174 3795 proxime
1189 3721 1341 3779 data.
1367 3720 1530 3778 Unde
1560 3719 1871 3793 responde-

515 3804 626 3867 tur,
671 3800 822 3873 quod
863 3803 992 3859 licet
1021 3820 1161 3876 puer
1190 3803 1535 3876 perveniens
1588 3801 1658 3858 ad
1699 3817 1871 3857 usum

407 3883 415 3891 ’
517 3877 776 3948 rationis,
826 3883 972 3939 etin
1011 3899 1079 3940 eo
1124 3884 1394 3941 omittens
1433 3881 1870 3940 conversionem

513 3964 1034 4032 supernaturalem,
1055 3963 1125 4019 ad
1146 3979 1319 4036 quam
1343 3969 1478 4019 tunc
1498 3966 1871 4026 tenetur-,non

305 3499 467 3544 solutio

516 4042 829 4111 peccaverit
857 4050 989 4100 ante
1030 4043 1174 4099 illud
1221 4045 1443 4100 instans
1468 4042 1730 4107 morale;
1775 4040 1873 4096 ni-

515 4122 835 4181 hilominus
862 4125 924 4181 in
969 4125 1169 4183 eodem
1209 4124 1449 4182 instanti
1493 4124 1656 4196 prius
1684 4128 1873 4195 peccat

515 4201 795 4262 eliciendo
822 4210 1029 4272 actum,
1059 4221 1173 4278 quo
1197 4205 1429 4269 directe,
1460 4205 1551 4260 vel
1593 4202 1874 4258 indirecte

516 4287 641 4341 vult
667 4287 947 4356 omittere,
991 4304 1162 4361 quam
1191 4283 1508 4344 exercendo
1535 4283 1874 4341 immediate

516 4365 699 4437 ipsam
730 4368 1124 4424 omissionem.
1154 4370 1300 4422 Nam
1325 4363 1560 4422 amissio
1589 4363 1874 4435 peccami-

518 4461 658 4503 nosa
698 4464 815 4505 non
843 4447 1134 4522 egreditur
1161 4464 1196 4504 a
1235 4448 1547 4514 voluntate,
1603 4445 1716 4502 nisi
1746 4462 1875 4503 me-

516 4526 712 4585 diante
732 4531 924 4604 aliquo
951 4534 1096 4594 actu,
1147 4531 1240 4586 vel
1285 4529 1561 4586 exercitio
1604 4528 1869 4610 p9sitiVO,

514 4625 626 4681 quo
648 4608 876 4679 directe,
905 4616 1001 4668 aut
1028 4610 1306 4667 indirecte
1328 4610 1450 4666 vult
1479 4609 1662 4682 ipsam
1703 4607 1877 4665 omis-

512 4692 768 4761 sionem;
799 4695 921 4751 sive
944 4694 1241 4768 praedictus
1264 4699 1418 4750 actus
1444 4694 1519 4749 sit
1540 4694 1700 4767 prior
1727 4700 1877 4751 tem-

515 4790 670 4847 pore,
702 4791 874 4849 quam
915 4777 1169 4845 omissio,
1200 4776 1324 4832 sive
1369 4775 1533 4830 illam
1582 4773 1878 4832 antecedat

513 4857 635 4913 solo
681 4855 903 4924 ordine,
962 4863 1019 4914 et
1063 4857 1364 4930 prioritate
1404 4862 1643 4913 naturae.
1695 4858 1877 4912 Porro

516 4938 852 5012 praedictum
870 4944 1057 4997 actum
1081 4940 1263 5013 potuit
1284 4954 1425 5011 puer
1452 4937 1718 4995 cohibere
1746 4937 1878 4994 abs-

513 5036 623 5091 que
657 5020 942 5096 adjutorio
987 5021 1186 5095 gratiae
1231 5019 1561 5088 habitualiS,
1613 5020 1796 5075 immo
1821 5022 1880 5075 et

1986 536 2198 610 absque
2228 538 2349 595 ullo
2371 538 2590 596 auxilio
2615 539 3045 612 supernaturali
3067 557 3086 607 ,·
3111 538 3243 612 quia
3273 536 3356 593 li-

1986 626 2071 675 cet
2109 619 2282 687 homo
2323 623 2566 691 nequeat
2612 620 2865 693 propriis
2906 618 3129 676 viribus
3170 618 3357 674 adim-

1989 702 2146 775 plere
2216 707 2494 773 praecepta
2550 701 3018 775 supernaturalia
3081 700 3350 774 positiva,

1986 799 2117 839 cum
2137 798 2341 840 eorum
2362 782 2696 857 adimpletio
2716 788 3051 842 exerceatur
3072 798 3175 856 per
3197 786 3357 840 actus

1987 864 2453 936 supernaturales
2484 885 2496 920 :
2544 869 2726 937 potest
2753 869 2950 923 tamen
2979 864 3229 938 propriis
3255 863 3356 921 vi-

1991 946 2151 1002 ribus
2179 946 2498 1021 adimplere
2525 952 2802 1021 praecepta
2831 946 3115 1021 negativa,
3146 947 3355 1003 saltem

1988 1027 2283 1096 divisive;
2325 1029 2461 1101 quia
2507 1028 2577 1085 ad
2623 1045 2825 1087 eorum
2879 1026 3354 1100 adimpletionem

1989 1107 2192 1164 sufficit
2218 1108 2502 1177 cohibere,
2537 1125 2599 1166 ac
2625 1110 2977 1184 suspendere
3016 1112 3174 1166 actus
3212 1125 3357 1181 pro-

1990 1190 2215 1255 hibitos,
2269 1192 2419 1265 quod
2460 1192 2712 1265 profecto
2757 1208 2875 1250 non
2925 1190 3146 1249 excedit
3197 1191 3359 1248 vires

1991 1271 2241 1329 arbitrii.
2268 1272 2571 1337 Quodlibet
2592 1278 2780 1330 autem
2799 1278 3087 1345 peccatum
3108 1272 3359 1329 mortale

1990 1358 2074 1410 est
2094 1352 2576 1426 impedimentum
2601 1352 3057 1428 inconjungibile
3078 1368 3208 1408 cum
3228 1368 3360 1427 gra·

1992 1436 2094 1492 tia.
2143 1435 2308 1494 Unde
2345 1453 2475 1493 cum
2516 1436 2709 1494 omnis
2737 1451 2876 1508 puer
2916 1436 3188 1493 omittens
3215 1450 3360 1492 con-

1992 1516 2318 1574 versionem
2345 1516 2867 1590 supernaturalem,
2901 1515 2969 1573 ad
2999 1532 3170 1589 quam
3193 1520 3363 1572 tene-

1992 1600 2106 1663 tur,
2159 1602 2291 1654 ante
2328 1598 2700 1655 omissionem
2745 1602 2900 1653 actus
2953 1596 3129 1653 debiti
3174 1602 3364 1670 peccet

1993 1679 2319 1735 mortaliter
2344 1722 2357 1747 ,
2410 1697 2511 1753 per
2553 1681 2740 1752 ipsum
2790 1684 3079 1751 peccatum
3116 1678 3365 1750 impedit

1994 1759 2345 1817 infusionem
2371 1762 2569 1836 gratiae
2594 1759 3018 1825 sanctificantis,
3062 1765 3117 1816 et
3143 1762 3361 1817 volun-

1995 1840 2141 1897 tarie
2186 1840 2439 1897 excludit
2481 1841 2834 1914 principium
2889 1840 3151 1913 proxime
3201 1841 3367 1896 suffi-

1994 1920 2150 1976 ciens
2178 1919 2247 1976 ad
2293 1921 2642 1978 eliciendum
2673 1925 2858 1978 actum
2907 1937 3079 1994 quem
3119 1921 3361 1977 omittit.

1997 1998 2380 2064 Quamobrem
2437 2017 2554 2058 non
2610 2006 2695 2056 est
2759 1998 2943 2073 magis
2995 1998 3361 2068 excusabilis,

1995 2098 2163 2154 quam
2190 2076 2367 2139 adulti
2395 2099 2523 2138 cum
2552 2083 2826 2138 omittunt
2852 2083 3060 2139 elicere
3101 2098 3362 2139 amorem

1996 2163 2309 2229 charitatiS,
2354 2161 2600 2236 quande,
2658 2168 2714 2220 et
2754 2162 2850 2219 ubi
2903 2168 3171 2221 tenentur
3221 2180 3358 2220 eum

1995 2245 2221 2303 elicere.
2276 2245 2591 2319 Utrobique
2630 2245 2790 2301 enim
2837 2245 3125 2301 refellitur
3182 2261 3362 2303 excu-

1996 2326 2479 2399 satio;quoniam
2530 2331 2662 2381 ante
2702 2325 3074 2382 omissionem
3128 2332 3364 2398 peccant

1998 2409 2338 2478 mortaliter,
2363 2413 2420 2465 et
2461 2406 2738 2481 peccando
2766 2406 3089 2480 impediunt
3112 2409 3363 2481 gratiam

1998 2488 2375 2555 habitualem,
2406 2505 2578 2561 quam
2607 2489 2657 2544 si
2685 2487 2980 2553 haberent,
3015 2504 3132 2544 non
3171 2488 3364 2545 solum

2001 2575 2227 2642 possent
2272 2569 2528 2626 converti
2584 2584 2684 2640 per
2731 2584 2989 2627 amorem
3043 2569 3363 2636 charitatiS,

1998 2650 2097 2706 sed
2122 2651 2311 2723 reipsa
2331 2655 2825 2705 converterentur.
2852 2652 2999 2704 Deus
3022 2655 3211 2704 autem
3244 2665 3365 2705 non

2001 2738 2223 2789 tenetur
2244 2731 2462 2787 evitare
2489 2730 2789 2787 efficaciter
2816 2736 3003 2786 actum
3029 2730 3237 2803 peccati
3271 2755 3287 2797 ;
3313 2737 3373 2787 et

1999 2829 2067 2869 eo
2095 2812 2393 2886 permisso,
2421 2815 2600 2885 potest
2634 2812 2951 2885 justissime
2996 2812 3366 2868 collationem

1999 2895 2197 2968 gratiae
2248 2891 2629 2965 suspendere,
2693 2893 2833 2965 quin
2879 2893 3047 2968 hujus
3111 2893 3369 2949 carentia

2003 2974 2201 3052 reddat
2243 2976 2541 3033 hominem
2594 2974 2977 3032 excusabilem
3025 2991 3127 3047 pro
3173 2974 3368 3031 adim-

2003 3056 2252 3130 pletione
2280 3057 2564 3129 praecepti,
2598 3055 2668 3113 ad
2696 3072 2867 3130 quam
2896 3056 3021 3130 ipsa
3057 3055 3245 3130 gratia
3268 3071 3360 3113 re*

2002 3137 2253 3210 quiritur
2281 3142 2402 3193 :est
2426 3138 2586 3194 enim
2616 3136 2957 3210 impotentia
2984 3152 3360 3210 consequenS,

2001 3222 2058 3274 et
2095 3216 2439 3288 simpliciter
2473 3218 2822 3274 voluntaria.
2863 3219 3211 3274 Recolantur
3238 3233 3366 3290 quae

2003 3297 2257 3353 diximus
2284 3304 2445 3355 tract.
2465 3298 2688 3372 praeced.
2712 3299 2853 3371 disp.
2885 3302 2941 3365 7,
2967 3298 3094 3354 dub.
3125 3299 3179 3365 4,
3213 3303 3246 3369 5
3275 3301 3361 3356 12.
3407 3292 3540 3335 Μ’*

2004 3381 2073 3434 Et
2092 3377 2335 3436 observa
2379 3381 2598 3437 nonita
2619 3385 3031 3451 consequenter
3060 3380 3369 3451 procedere

2004 3460 2217 3535 Godoy,
2251 3477 2380 3517 cum
2411 3462 2531 3517 loco
2570 3461 2739 3517 citato
2779 3460 2982 3517 fundat
3029 3476 3193 3516 suam
3240 3460 3370 3535 opi-

2005 3544 2239 3601 nionem
2271 3544 2333 3600 in
2361 3560 2447 3611 e0,
2473 3542 2626 3616 quod
2643 3559 2843 3600 omnes
2871 3544 3272 3616 pervenientes
3299 3543 3371 3600 ad

2007 3643 2173 3682 usum
2217 3626 2459 3682 rationis
2512 3624 2722 3681 habent
2762 3625 2982 3682 auxilia
3023 3632 3372 3697 supernatu-

2006 3709 2153 3765 ralia
2201 3724 2305 3781 pro
2355 3703 2733 3764 conversiOne
2782 3709 3233 3779 supernaturali,
3299 3707 3372 3765 ad

2005 3807 2178 3865 quam
2208 3791 2398 3863 inquit
2436 3806 2638 3847 omnes
2664 3789 3048 3847 determinate
3075 3790 3322 3865 obligari
3355 3814 3372 3857 ;

2007 3889 2144 3929 nam
2159 3871 2476 3944 oppositam
2498 3870 2820 3928 doctrinam
2844 3869 3018 3926 tradit
3043 3872 3058 3926 i
3067 3888 3161 3945 pse
3175 3871 3378 3945 Godoy

2013 3955 2034 4008 1
2060 3960 2217 4026 part.
2264 3959 2425 4009 tract.
2458 3954 2513 4017 8,
2550 3952 2692 4026 disp.
2717 3953 2810 4017 73,
2861 3954 2893 4020 §
2919 3951 2974 4015 4,
3008 3956 3070 4006 ut
3118 3952 3380 4008 vidimus

2007 4041 2171 4090 tract.
2197 4034 2419 4107 praeced.
2444 4034 2588 4108 disp.
2613 4036 2668 4100 6,
2700 4032 2827 4088 dub.
2859 4033 2914 4101 3,
2945 4035 2976 4101 ξ
3001 4034 3056 4089 6.

2079 4116 2208 4172 239.
2253 4114 2531 4190 Arguitur
2551 4114 2755 4188 quinto
2781 4138 2795 4180 ;
2820 4129 2958 4170 nam
3000 4113 3253 4172 intensio
3278 4112 3581 4177 ‹ii-Quinum

2007 4196 2270 4253 lectionis
2308 4197 2624 4262 charitatiS,
2668 4195 2762 4252 vel
2792 4201 2947 4251 actus
2984 4195 3285 4253 charitatis
3313 4186 3578 4270 utmffiss‘m,

2008 4279 2288 4345 intensuS,
2317 4296 2434 4336 non
2462 4277 2742 4352 dependet
2768 4277 3155 4336 essentialiter
3179 4296 3212 4336 a
3237 4296 3377 4353 gra-

2008 4359 2091 4416 tia
2111 4360 2519 4426 sanctificante,
2545 4365 2818 4433 tanquam
2842 4377 2874 4416 a
2903 4360 3190 4433 principio
3217 4361 3379 4420 effec-

2010 4442 2163 4501 tivo:
2212 4458 2348 4516 ergo
2388 4457 2490 4498 nec
2517 4446 2673 4498 actus
2717 4442 3015 4498 charitatis
3059 4444 3377 4501 secundum

2009 4543 2175 4583 suam
2216 4525 2525 4583 essentiam
2565 4525 2978 4582 consideratus,
3010 4527 3380 4599 Consequen-

2010 4608 2090 4665 tia
2131 4606 2357 4664 videtur
2386 4605 2701 4680 perspicua,
2733 4606 2870 4680 quia
2897 4606 3146 4664 intentio
3172 4623 3381 4682 opera-

2010 4690 2187 4747 tionis
2213 4695 2294 4746 est
2340 4688 2594 4762 ejusdem
2635 4688 2805 4744 lineae
2849 4704 2979 4745 cum
3025 4691 3383 4762 operationis

2010 4773 2258 4830 essentia
2288 4793 2301 4828 :
2330 4788 2465 4846 ergo
2490 4770 2538 4826 si
2569 4776 2723 4826 actus
2750 4770 3046 4827 charitatis
3077 4776 3139 4827 ut
3178 4772 3381 4830 inten-

2011 4869 2127 4917 sus,
2177 4867 2296 4908 non
2334 4850 2614 4925 dependet
2663 4850 3052 4907 essentialiter
3095 4867 3128 4908 a
3166 4852 3381 4927 gratia,

2011 4938 2287 5007 tanquam
2335 4950 2369 4990 a
2430 4931 2716 5006 principio
2766 4930 3048 5002 effectivo,-
3100 4932 3259 4990 idem
3309 4934 3384 4991 de

2013 5031 2211 5074 amore
2223 5015 2519 5073 charitatis
2537 5012 2854 5072 secundum
2875 5031 3042 5071 suam
3066 5016 3382 5073 essentiam

3017 5095 3387 5155 considerato
