3647 5753
533 386 643 441 216

533 558 856 625 existentia,
891 563 947 615 et
987 558 1302 623 actualitaS,
1350 556 1654 630 quae'quid
1695 556 1896 631 physi÷

532 655 662 696 cum
709 645 862 706 sunt,
911 644 974 695 ut
998 655 1069 696 ex
1095 656 1156 697 se
1201 640 1423 711 liquet:
1464 639 1728 711 quinimo
1773 639 1897 710 ipse

534 718 735 776 modus
765 718 1060 787 libertatis,
1090 726 1147 777 et
1175 720 1519 776 moralitatis
1543 735 1659 775 non
1690 717 1897 791 produ-

531 803 682 858 citur
703 801 1055 866 immediate,
1081 809 1138 859 et
1158 819 1258 875 per
1285 818 1344 859 se
1371 825 1384 868 ;
1415 798 1512 857 sed
1540 799 1603 856 fit
1622 799 1891 867 mediate,

529 889 588 940 et
639 900 740 958 per
773 884 1171 941 resultantiam
1226 882 1298 939 ab
1357 882 1594 945 entitate
1660 882 1895 954 physica

533 964 900 1037 operationiS,
960 968 1022 1018 ut
1060 962 1417 1019 ostendimus
1446 961 1509 1017 in
1554 966 1795 1017 tractatu
1825 960 1894 1016 de

533 1045 804 1112 bonitate,
836 1053 889 1102 et
929 1045 1175 1109 malitia,
1220 1046 1362 1116 disp.
1403 1046 1448 1109 l,
1491 1043 1618 1100 dub.
1647 1045 1699 1108 2,
1746 1043 1893 1100 etin

533 1130 771 1183 tractatu
799 1125 870 1182 de
892 1123 1233 1188 Virtutibus,
1258 1125 1401 1197 disp.
1436 1127 1481 1190 l,
1507 1124 1638 1179 dub.
1665 1125 1718 1180 3.
1745 1125 1894 1196 Ergo

533 1207 705 1264 homo
731 1208 795 1262 in
823 1205 1078 1279 qualibet
1119 1205 1452 1278 operatione
1479 1204 1663 1261 libera
1687 1203 1893 1260 subor-

532 1286 768 1343 dinatur
793 1290 906 1343 Deo
936 1302 1052 1342 non
1079 1286 1267 1342 solum
1291 1289 1354 1340 ut
1374 1285 1565 1360 agenti
1591 1285 1893 1341 moraliter

535 1384 635 1440 per
653 1368 999 1430 suasionem,
1024 1372 1081 1423 et
1103 1367 1563 1439 inspirationem,
1594 1364 1693 1422 sed
1714 1365 1892 1423 etiam

536 1454 594 1503 ut
621 1448 877 1505 moventi
906 1447 1138 1521 physice
1166 1463 1266 1519 per
1319 1446 1636 1520 rigorosam
1688 1446 1891 1502 motio-

535 1546 666 1588 nem
715 1529 1137 1603 applicativam,
1203 1532 1261 1585 et
1298 1527 1618 1586 effectivam
1644 1545 1657 1579 :
1727 1533 1892 1600 atque

531 1611 661 1670 ideo
701 1613 984 1668 auxilium
1012 1610 1226 1678 efficax,
1271 1626 1382 1683 quo
1409 1610 1582 1667 homo
1625 1615 1893 1666 movetur

532 1708 565 1750 a
593 1694 706 1751 Deo
732 1693 800 1750 ad
831 1692 1013 1749 libere
1034 1691 1339 1766 agendum,
1367 1695 1575 1755 movet,
1620 1696 1676 1747 et
1702 1692 1892 1763 appli-

531 1777 620 1829 cat
641 1773 936 1829 hominem
967 1771 1197 1845 physice
1218 1769 1287 1827 ad
1315 1769 1692 1843 operandum.
1739 1773 1887 1826 'l'um

530 1854 727 1918 etiam,
753 1853 888 1926 quia
913 1851 1312 1910 subordinatio
1338 1851 1595 1907 hominis
1616 1849 1685 1906 ad
1710 1854 1888 1908 Deum

533 1940 803 2008 tanquam
822 1933 892 1990 ad
908 1950 1136 1990 causam
1160 1932 1538 2006 principalem
1563 1938 1891 1990 moventem

531 2015 829 2072 hominem
856 2014 921 2069 in
947 2013 1203 2087 qualibet
1254 2013 1587 2086 operatione
1614 2011 1684 2069 ad
1712 2029 1890 2087 agen-

528 2095 668 2152 dum
731 2094 1270 2160 instrumentaliter,
1337 2109 1453 2151 non
1506 2092 1782 2150 fundatur
1828 2095 1889 2150 in

532 2177 864 2250 particulari
889 2176 1140 2233 hominis
1179 2173 1525 2239 conditione,
1570 2174 1672 2231 sed
1702 2174 1763 2229 in
1789 2191 1890 2249 ge-

530 2258 716 2315 nerali
763 2257 1090 2314 conditione
1135 2245 1354 2328 agentis
1392 2256 1585 2320 creati,
1642 2253 1791 2327 quod
1818 2271 1890 2311 ex

530 2337 762 2410 propria
809 2337 1022 2393 virtute
1064 2335 1261 2408 nequit
1305 2334 1587 2409 attingere
1626 2334 1889 2390 effectum

531 2418 831 2491 proprium
880 2417 999 2483 Dei,
1035 2433 1241 2490 nempe
1287 2416 1672 2482 existentiam,
1704 2421 1760 2472 et
1793 2432 1889 2472 ac-

471 2491 478 2498 ”
533 2498 847 2555 tualitatem
884 2498 1250 2570 operationis,
1282 2501 1339 2552 et
1362 2497 1609 2563 effectus,
1641 2501 1703 2552 ut
1720 2511 1890 2553 cons-

363 3558 483 3601 Cate-

312 3609 493 3650 clusinus

339 3658 489 3700 Roma·

364 3716 457 3748 uus.

531 2585 610 2636 tat
648 2595 720 2637 ex
747 2578 1004 2635 discursu
1032 2595 1205 2652 supra
1228 2578 1372 2635 facto
1404 2599 1418 2633 ε
1459 2595 1596 2652 ergo
1624 2577 1890 2651 praedicta

528 2659 942 2726 subordinatio,
1005 2677 1135 2716 cum
1189 2659 1478 2732 generalis
1527 2660 1620 2726 sit,
1686 2657 1890 2715 fundat

527 2741 877 2815 exigentiam
905 2741 1176 2799 motionis
1197 2740 1426 2808 divinae,
1457 2756 1568 2813 qua
1591 2742 1737 2797 Deus
1758 2756 1888 2797 mo-

527 2828 658 2882 veat
681 2824 1030 2898 generaliter
1050 2839 1283 2881 omnem
1311 2826 1632 2881 creaturam
1661 2821 1731 2880 ad
1758 2838 1889 2896 ope·
1934 2884 1937 2885 γ

530 2907 777 2964 randum
805 2928 817 2963 :
875 2907 1029 2979 atqui
1058 2905 1262 2963 modus
1289 2903 1559 2963 movendi
1587 2905 1888 2962 moraliter

529 3003 646 3044 non
666 2993 751 3044 est
779 2986 1102 3042 communis
1129 2986 1290 3044 omni
1316 2990 1607 3050 creaturae,
1633 2983 1731 3041 sed
1755 2992 1888 3040 tan-

526 3071 649 3123 tum
693 3066 961 3124 convenit
1000 3066 1191 3140 agenti
1233 3065 1461 3132 libero;
1519 3065 1697 3122 motio
1748 3080 1887 3121 vero

528 3147 760 3221 physica
779 3148 902 3219 quit
929 3146 1088 3202 omni
1112 3146 1302 3220 agenti
1323 3150 1509 3202 creato
1529 3144 1841 3202 convenire
1869 3164 1884 3200 ε

524 3244 660 3303 ergo
685 3229 859 3286 homo
886 3227 1053 3285 debet
1076 3244 1110 3284 a
1140 3231 1253 3285 Deo
1293 3227 1515 3283 moveri
1558 3241 1675 3284 non
1695 3227 1885 3283 solum

527 3308 844 3374 moraliter,
886 3308 1048 3382 juxta
1086 3324 1249 3364 suam
1293 3306 1642 3398 peculiarem
1682 3304 1886 3363 condi-

530 3390 764 3454 tionem,
806 3387 905 3445 sed
933 3388 1106 3444 etiam
1149 3388 1399 3463 physice,
1443 3386 1515 3444 ob
1555 3386 1883 3460 generalem

523 3468 912 3527 conditionem
941 3468 1159 3543 agentis
1199 3468 1393 3525 creati.
1427 3469 1496 3522 Et
1523 3468 1633 3522 huc
1657 3465 1886 3539 respicit

525 3551 630 3607 illa
650 3550 912 3608 doctrina
934 3550 1272 3607 Catechismi
1296 3549 1545 3606 Romani
1563 3555 1712 3621 part.
1756 3549 1798 3615 l,
1820 3548 1886 3602 de

518 3635 703 3706 primo
743 3632 991 3705 Symboli
1016 3634 1271 3698 articula,
1304 3649 1459 3688 vtum.
1487 3631 1580 3698 22,
1614 3628 1710 3685 ubi
1738 3628 1885 3684 dici-

525 3720 618 3770 tur
651 3735 664 3770 :
700 3737 724 3767 α
750 3717 877 3770 Non
897 3714 1086 3769 solum
1115 3712 1556 3770 Deus'universa
1577 3726 1701 3782 quae
1726 3713 1879 3777 sunt,

529 3820 553 3849 «
586 3795 949 3870 providentia
964 3811 1066 3851 sua
1083 3799 1237 3852 tuetu
1247 3810 1293 3860 r,
1315 3799 1480 3867 atque
1497 3792 1891 3865 administrat,

529 3894 788 3935 «verum
828 3878 1002 3935 etiam
1041 3893 1166 3950 quaa
1223 3881 1549 3941 moventur,
1606 3880 1662 3930 et
1707 3877 1884 3947 agunt

529 3982 552 4010 «
584 3957 821 4030 aliquid,
857 3957 1064 4013 intima
1085 3958 1298 4012 virtute
1328 3954 1399 4011 ad
1426 3958 1666 4021 motum,
1718 3958 1884 4025 atque

529 4061 554 4091 «
585 4040 868 4095 actionem
897 4036 1165 4108 impellit,
1211 4038 1274 4089 ut
1294 4032 1559 4105 quamvis
1603 4030 1884 4089 secunda-

527 4144 551 4172 «
584 4136 715 4176 rum
735 4134 1038 4176 causarum
1060 4115 1423 4174 efficientiam
1442 4130 1557 4172 non
1583 4112 1877 4186 impediat,

527 4226 552 4257 «
584 4202 898 4277 praeveniat
923 4207 1133 4266 tamen,
1177 4213 1309 4254 cum
1329 4197 1452 4271 ejus
1497 4196 1882 4252 occultissima

526 4306 550 4335 «
581 4283 668 4338 vis
696 4280 766 4338 ad
788 4280 1017 4354 singula
1045 4278 1348 4351 pertineat.
1376 4296 1402 4327 a>
1451 4277 1579 4343 Haec
1604 4275 1763 4331 enim
1793 4274 1883 4330 vis

517 4379 630 4437 qua
664 4365 812 4418 Deus
853 4359 1149 4432 praevenit,
1193 4363 1251 4414 et
1288 4356 1541 4428 impellit
1585 4355 1876 4420 universa,

517 4459 644 4517 quae
696 4440 914 4514 aliquid
974 4444 1167 4513 agunt,
1212 4437 1410 4510 nequit
1448 4451 1570 4493 esse
1616 4434 1876 4501 moraliS,

519 4540 650 4582 cum
673 4523 791 4579 haec
812 4522 1041 4595 praecise
1064 4521 1250 4577 locum
1269 4517 1472 4575 habeat
1494 4517 1558 4573 in
1581 4515 1881 4572 moraliter

522 4603 821 4681 agentibus
855 4624 868 4659 ι
915 4618 1050 4676 ergo
1077 4599 1257 4658 debet
1280 4614 1401 4657 esse
1424 4596 1642 4672 aliquid
1684 4597 1876 4663 altius,

519 4694 576 4746 et
623 4685 1011 4744 universalius
1056 4682 1266 4739 morali
1321 4677 1576 4737 motione
1603 4700 1616 4736 :
1685 4679 1881 4752 nequit

522 4773 712 4825 autem
729 4766 792 4821 in
815 4765 930 4822 alio
950 4764 1277 4827 consistere,
1297 4775 1469 4833 quam
1494 4759 1555 4814 in
1575 4774 1875 4824 concursu,

520 4849 642 4906 sive
669 4847 888 4906 auxilio
932 4846 1137 4903 efficaci
1190 4846 1458 4901 movente
1505 4841 1737 4916 physice
1762 4845 1880 4897 tam

522 4931 840 4997 hominem,
869 4945 1042 5003 quam
1071 4925 1270 4986 omnia
1297 4925 1411 4981 alia
1439 4923 1666 4997 agentia
1692 4927 1883 4980 creata

522 5011 594 5067 ad
639 5008 1015 5083 operandum.
1046 5010 1194 5064 Tum
1232 5004 1497 5078 denique,
1542 5004 1678 5077 quia
1704 5003 1883 5061 motio

1562 381 1655 434 DE
1694 380 1967 435 GRATIA
2007 380 2348 436 EFFICACI.
2388 370 2392 374 ’

2033 557 2274 613 moralis
2304 573 2419 614 non
2449 557 2789 614 subordinat
2829 574 3059 631 passum
3101 564 3390 631 tamquam

2033 636 2485 694 instrumentum
2515 640 2772 695 moventi
2801 640 3120 704 moraliter,
3157 646 3215 696 ut
3244 645 3393 713 patet

2029 733 2157 774 cum
2205 718 2487 787 diaboluS,
2542 720 2630 777 vel
2659 719 2832 776 homo
2861 726 3053 778 movet
3093 723 3388 780 hominem

2029 797 2221 856 medio
2241 801 2504 866 consilio,
2533 801 2819 865 suasione,
2852 807 2954 858 etc.
2988 817 3091 859 nec
3116 804 3276 860 enim
3298 803 3389 859 di-

2028 879 2230 947 cimus,
2284 896 2387 937 nec
2412 897 2542 937 cum
2596 882 2943 953 proprietate
2976 881 3164 940 dicere
3192 901 3390 956 possu-

2029 975 2177 1026 mus,
2233 960 2383 1033 quod
2410 962 2584 1019 homo
2611 962 2692 1018 sic
2718 967 2906 1018 motus
2928 968 3057 1038 agat
3083 969 3144 1020 ut
3171 966 3389 1023 instra*

2028 1047 2289 1098 mentum
2318 1043 2557 1110 diaboli,
2590 1046 2683 1101 vel
2714 1044 2969 1101 hominis
2995 1045 3306 1113 suadentis,
3336 1056 3393 1106 et

2029 1121 2358 1196 instigantis
2389 1148 2403 1190 ;
2447 1123 2545 1180 sed
2570 1124 2689 1197 ipse
2729 1125 2900 1181 homo
2930 1131 3117 1183 motus
3137 1144 3197 1185 se
3224 1128 3393 1187 habet

2026 1202 2386 1275 simpliciter,
2434 1209 2490 1261 et
2537 1205 2838 1261 moraliter
2890 1211 3166 1278 tanquam
3223 1225 3390 1267 causa

2029 1282 2366 1356 principalis
2417 1300 2533 1341 suae
2578 1286 2930 1358 operationis
2963 1307 2976 1342 t
3024 1288 3179 1360 atqui
3229 1293 3388 1347 testi-

2028 1365 2229 1422 monia
2254 1367 2578 1440 Scripturae,
2609 1373 2664 1424 et
2692 1370 2756 1423 D.
2803 1368 3007 1426 Thom.
3033 1374 3090 1426 et
3115 1374 3262 1429 ratio
3287 1389 3393 1428 su-

2029 1447 2221 1519 perius
2262 1448 2407 1505 facta
2430 1449 2674 1522 probant
2702 1450 2999 1508 hominem
3029 1452 3092 1508 in
3138 1454 3395 1526 qualibet

2026 1528 2359 1599 operatione
2385 1545 2507 1587 esse
2529 1529 2982 1587 instrumentum
3006 1533 3124 1597 Dei,
3154 1538 3209 1590 et
3231 1533 3300 1589 ad
3321 1535 3392 1589 il·

2029 1608 2148 1662 lum
2178 1609 2501 1680 comparari
2532 1615 2803 1682 tanquam
2829 1610 2898 1665 ad
2928 1618 3257 1670 moventem
3286 1613 3390 1672 ba-

2025 1689 2239 1756 culum,
2265 1690 2510 1764 virgam,
2539 1693 2629 1749 vel
2650 1706 2889 1760 serram,
2911 1693 2973 1748 in
2994 1692 3200 1765 quibus
3221 1695 3393 1754 datur

2028 1770 2283 1844 rigorosa
2327 1771 2726 1831 subordinatio
2769 1773 2837 1829 ad
2893 1775 3243 1849 principium
3284 1794 3394 1836 ex-

2024 1852 2338 1910 trinsecum
2368 1870 2607 1911 movens
2637 1877 2650 1912 :
2682 1872 2817 1930 ergo
2842 1857 3019 1914 motio
3042 1861 3280 1917 moralis
3305 1867 3395 1917 est

2026 1934 2375 1993 insufficiens
2402 1934 2473 1991 ad
2501 1936 2842 1994 salvandam
2871 1954 3071 1996 veram
3119 1941 3390 1999 subordi—

2025 2016 2319 2074 nationem
2341 2016 2597 2074 hominis
2626 2018 2696 2074 ad
2726 2021 2923 2086 Deum,
2957 2027 3229 2094 tanquam
3264 2024 3392 2079 ins--

2026 2097 2302 2152 trumenti
2364 2096 2434 2153 ad
2483 2113 2715 2155 causam
2759 2099 3158 2173 principalem,
3214 2119 3389 2176 quam

2025 2178 2418 2244 authoritateS,
2438 2184 2495 2235 et
2518 2179 2664 2237 ratio
2685 2197 2861 2254 supra
2883 2182 3075 2253 positae
3089 2184 3383 2243 evincunt.

2025 2261 2206 2330 Atque
2233 2258 2362 2316 ideo
2387 2258 2695 2317 dicendum
2723 2265 2825 2327 est,
2872 2263 3186 2321 motionem
3213 2282 3391 2338 quam

2025 2339 2311 2394 auxilium
2341 2339 2535 2396 efficax
2557 2341 2846 2413 importat,
2873 2357 2994 2400 esse
3016 2360 3131 2402 non
3155 2347 3391 2419 praecise

2024 2421 2328 2496 moralem,
2350 2422 2442 2477 vel
2461 2422 2929 2497 metaphysicam,
2949 2425 3044 2482 sed
3069 2428 3383 2503 physicam,

2022 2503 2079 2556 et
2104 2500 2446 2573 rigorosam.

2096 2582 2228 2637 302.
2271 2581 2378 2639 Sed
2399 2589 2596 2640 contra
2625 2584 2773 2642 hanc
2798 2584 3119 2645 doctrinam
3156 2589 3386 2665 objicies
3398 2614 3572 2665 omem.

2016 2663 2218 2733 prime,
2248 2663 2384 2735 quia
2429 2664 2703 2720 Calvinus
2740 2682 2874 2730 usus
2906 2673 2989 2724 est
3041 2670 3389 2728 authoritate

2020 2740 2326 2813 Scripturae
2346 2759 2520 2815 supra
2538 2744 2735 2816 posita,
2762 2745 2852 2802 cui
2893 2748 3072 2804 nostri
3101 2749 3391 2807 discursus

2024 2821 2199 2880 robur
2225 2822 2516 2890 innititur,
2543 2830 2599 2883 et
2641 2826 2701 2883 in
2753 2826 2952 2885 eodem
2988 2846 3178 2900 sensu,
3218 2848 3390 2907 quem

2019 2903 2377 2961 intendimus
2420 2927 2432 2962 :
2475 2913 2696 2964 constat
2722 2914 2913 2966 autem
2955 2912 3262 2971 Calvinum
3290 2930 3389 2972 er-

2021 2999 2176 3040 rasse
2197 2984 2258 3040 in
2286 2986 2626 3058 explicando
2654 2988 2911 3059 modum,
2956 3007 3070 3064 quo
3098 2995 3386 3053 auxilium

2019 3066 2212 3123 efficax
2240 3074 2432 3124 movet
2464 3090 2476 3125 ε
2507 3085 2643 3144 ergo
2690 3076 2751 3127 ut
2770 3080 3060 3146 suspectus
3088 3074 3386 3135 habendus

2019 3152 2103 3203 est
2129 3146 2430 3220 praedictus
2456 3148 2762 3218 discursuS,
2794 3159 2851 3210 et
2875 3171 3011 3210 usus
3053 3158 3220 3213 relati
3266 3165 3385 3217 tes-

2018 3227 2272 3284 timonii.
2303 3229 2488 3303 Major
2526 3236 2744 3288 constat
2783 3249 2855 3289 ex
2882 3234 3006 3306 ipso
3053 3238 3295 3296 Calvino
3322 3241 3384 3297 in

2020 3308 2170 3367 libro
2189 3309 2259 3366 de
2289 3308 2470 3367 libero
2516 3312 2760 3370 arbitrio
2807 3322 3005 3373 contra
3057 3321 3380 3395 Pelagium,

2016 3407 2145 3463 paq.
2173 3391 2302 3457 241,
2331 3393 2362 3459 ἕ
2389 3388 2500 3446 Sed
2519 3393 2712 3458 videte,
2743 3393 2838 3450 ubi
2868 3396 2982 3453 ait:
3006 3397 3218 3472 Impios
3241 3405 3387 3460 velut

2016 3488 2198 3528 serras
2217 3489 2324 3528 esse
2352 3474 2412 3528 in
2439 3491 2611 3529 manu
2635 3475 2755 3543 Dei,
2789 3495 2903 3554 quar
2920 3490 3152 3548 moveat,
3183 3493 3378 3552 vertat,

2016 3552 2223 3623 diriqat
2243 3570 2330 3608 eos
2354 3570 2615 3629 quorsum
2633 3558 2771 3624 vult,
2796 3576 2905 3614 non
2928 3577 3000 3615 ea:
3020 3561 3258 3621 Lutltero
3282 3575 3379 3631 est,

2018 3636 2108 3689 scd
2130 3634 2440 3708 eaeSpiritu
2466 3644 2690 3704 sancto;
2732 3638 2867 3694 dicit
2911 3643 3057 3698 enim
3098 3644 3285 3703 Isaias
3322 3649 3388 3703 de

2014 3716 2386 3775 Senrmcherib
2408 3736 2426 3769 .·
2448 3716 2723 3797 Nunquid
2739 3720 3072 3789 „qim-fabitur
3090 3743 3243 3784 serra
3264 3748 3386 3787 con·

2016 3806 2105 3854 tra
2132 3816 2277 3865 eum,
2306 3815 2342 3853 a
2365 3814 2469 3873 quo
2494 3801 2742 3855 trahitur
2761 3801 2793 3856 Ρ
2833 3804 2902 3858 Et
2947 3805 3170 3864 similia
3218 3810 3388 3868 habet

2018 3879 2111 3935 lib.
2135 3881 2191 3944 2,
2224 3878 2476 3935 Institut.
2497 3896 2618 3952 cap.
2645 3882 2698 3947 3,
2725 3883 2830 3951 59,
2855 3883 2956 3954 sol.
2984 3886 3074 3941 95.
3104 3889 3380 3955 Secundo,

2016 3975 2151 4015 nam
2175 3963 2374 4015 contra
2403 3961 2688 4017 rationem
2713 3964 2935 4037 agentis
2963 3965 3131 4024 liberi
3160 3977 3244 4026 est
3265 3987 3387 4028 mo·

2018 4039 2140 4096 veri
2199 4038 2724 4098 instrumentaliter
2771 4043 3002 4117 physice
3044 4067 3057 4102 :
3108 4062 3244 4122 ergo
3290 4053 3384 4107 vel

2014 4119 2189 4175 homo
2217 4134 2333 4174 non
2361 4118 2478 4191 agit
2507 4119 2708 4186 libere,
2736 4123 2885 4194 quod
2921 4129 3005 4181 est
3042 4133 3242 4185 contra
3284 4130 3384 4186 Fi-

2015 4198 2166 4263 dem,
2225 4199 2318 4254 vel
2374 4215 2491 4256 non
2544 4207 2809 4260 movetur
2861 4204 3385 4268 instrumentaliter

2018 4279 2267 4353 physice.
2301 4280 2656 4338 Antecedens
2683 4282 2981 4352 suadetur;
3007 4302 3145 4345 nam
3172 4288 3242 4347 de
3286 4306 3382 4347 ra-

2015 4361 2172 4418 tione
2199 4359 2572 4418 instrumenti
2604 4363 2822 4438 physici
2843 4373 2928 4423 est
2950 4383 3065 4426 non
3096 4373 3320 4430 moveri
3350 4388 3381 4428 a

2012 4457 2091 4509 se,
2122 4439 2312 4497 sedab
2340 4440 2455 4498 alio
2513 4463 2527 4498 ε
2577 4445 2733 4517 atqui
2773 4445 2845 4503 de
2898 4448 3119 4507 ratione
3163 4453 3382 4527 agentis

2014 4520 2183 4578 liberi
2204 4526 2307 4587 est,
2356 4521 2505 4593 quod
2534 4525 2731 4596 positis
2782 4526 3053 4585 omnibus
3094 4532 3381 4604 requisitis

2013 4621 2085 4662 ex
2113 4607 2274 4677 parte
2296 4608 2450 4659 actus
2475 4606 2650 4677 primi
2678 4624 2738 4665 se
2765 4614 3007 4679 moveat,
3032 4616 3090 4669 et
3113 4611 3382 4671 determi-

2016 4691 2112 4741 net
2139 4682 2209 4740 ad
2231 4684 2546 4742 secundum
2580 4708 2615 4752 ,ε
2666 4705 2802 4764 ergo
2847 4696 3046 4748 contra
3097 4694 3383 4752 rationem

2014 4765 2234 4839 agentis
2263 4760 2431 4821 liberi
2472 4772 2555 4823 est
2594 4771 2817 4827 moveri
2860 4771 3385 4833 instrumentaliter

2015 4847 2092 4921 ph
2137 4848 2268 4903 sice.

2090 4864 2487 4994 {espondetur
2549 4923 2621 4981 ad
2688 4925 2938 4998 primam
3003 4927 3380 5003 objectionem

2016 5001 2280 5077 negando
2316 5002 2599 5079 maiorem
2620 5030 2636 5074 ;
2677 5008 2942 5078 quamvis
2984 5009 3147 5075 enim
3189 5010 3384 5068 Calvi-

3273 5107 3385 5149 nus

3449 2673 3530 2707 1183.

3450 2924 3531 2981 §Jal-

3429 2982 3549 3017 vinus.

3396 4952 3567 5001 Respon-

3419 4999 3542 5044 sioad
3636 5024 3637 5029 =

3396 5048 3571 5104 primam.
