3647 5753
47 1155 155 1198 Atia
178 1155 274 1200 ob·

78 1204 256 1256 lectio.

50 2135 288 2227 Diis-fgiti-

1475 405 1658 465 DISp,
1699 408 1768 475 11,
1814 410 1979 469 DUB.
2025 414 2125 471 IV.
3066 422 3178 480 383

309 585 459 627 mus.
479 569 539 625 Si
561 571 755 627 autem
772 569 950 628 fuerit
967 587 1133 630 amor
1147 576 1450 643 naturalis,
1471 578 1676 651 nequit

306 650 483 708 homo
497 649 752 722 potentia
765 653 1133 726 consequenti
1148 654 1212 710 in
1231 655 1401 712 illum
1419 657 1672 730 prodire,

308 730 424 787 nisi
445 731 609 804 prius
627 737 980 807 expurgetur
1003 749 1104 807 per
1123 735 1373 809 gratiam
1396 753 1429 793 a
1451 745 1689 811 peccato<

305 810 611 880 habituali,
643 816 700 870 et
725 811 1066 887 expediatur
1092 814 1164 872 ab
1189 816 1312 890 ejus
1351 816 1528 888 obice,
1576 819 1675 894 qui

305 908 439 951 cum
484 893 755 966 praedicto
802 909 1003 954 amore
1036 895 1308 972 conjungi
1349 900 1570 973 nequit,
1613 905 1678 958 ut

303 973 613 1036 statuimus
629 975 752 1033 loco
772 974 943 1033 citato
962 991 1033 1034 ex
1048 980 1289 1042 tractatu
1306 979 1669 1050 praecedenti,

303 1069 477 1126 quem
500 1057 678 1114 lector
703 1054 886 1113 adeat.

390 1137 515 1194 122.
542 1135 785 1211 objicies
809 1138 1060 1197 secundo
1087 1160 1102 1195 ε
1131 1139 1303 1198 unica
1324 1141 1469 1199 actio
1492 1145 1675 1215 potest

302 1216 522 1276 habere
540 1218 717 1275 simul
744 1218 887 1278 duos
912 1221 1150 1279 ultimos
1174 1221 1322 1281 fines
1347 1245 1361 1279 ε
1387 1239 1525 1299 ergo
1553 1239 1672 1283 non

308 1305 592 1376 repugnat
609 1299 857 1360 eundem
872 1301 1173 1362 hominem
1194 1303 1264 1360 ad
1279 1304 1510 1363 eosdem
1524 1303 1674 1364 fines

303 1380 586 1449 converti,
610 1385 727 1438 tam
741 1382 1057 1452 actualiter,
1072 1400 1248 1458 quam
1270 1384 1666 1445 habitualiter.

303 1461 722 1535 Consequentia
759 1466 912 1536 patet
951 1479 985 1521 a
1019 1464 1285 1538 paritate.
1327 1467 1402 1522 Et
1440 1471 1672 1526 antece-

299 1541 448 1600 dens
472 1544 649 1602 etiam
667 1549 886 1602 constat
905 1544 973 1601 in
1000 1547 1223 1605 actione
1249 1549 1665 1621 peccaminosa,

297 1621 431 1696 quse
468 1622 783 1681 secundum
824 1624 1126 1682 entitatem
1161 1631 1247 1684 est
1285 1643 1318 1685 a
1354 1631 1489 1696 Dee,
1519 1628 1670 1686 etin

299 1703 493 1778 ipsum
536 1703 841 1776 ordinatur
866 1710 1141 1779 tanquam
1170 1708 1234 1765 in
1282 1709 1559 1766 ultimum
1598 1708 1672 1766 fi-

304 1799 440 1850 nem
466 1805 480 1841 z
503 1790 561 1842 at
587 1801 726 1843 vero
743 1786 1059 1843 secundum
1083 1788 1372 1845 malitiam
1389 1793 1474 1845 est
1496 1806 1530 1846 a
1548 1791 1680 1856 sole,

302 1872 612 1940 peccatore,
652 1872 712 1924 et
749 1885 855 1941 pro
897 1869 1104 1929 ultimo
1130 1870 1248 1928 fine
1294 1871 1526 1943 respicit
1548 1872 1671 1944 ejus

304 1945 520 2005 bonum
538 1971 554 2014 ς
590 1948 721 2005 licet
745 1949 976 2017 entitas,
1007 1955 1065 2007 et
1089 1951 1316 2008 malitia
1344 1967 1461 2010 non
1501 1950 1670 2010 diffe-

304 2033 438 2084 rant
466 2028 722 2086 realiter.

380 2107 779 2180 Respondetur
834 2108 1097 2183 negando
1161 2110 1522 2169 antecedens⁸
1580 2111 1668 2168 Ad

301 2186 464 2261 cujus
491 2189 893 2261 probationem
921 2189 1227 2248 dicendum
1255 2197 1359 2259 est,
1385 2194 1666 2251 actionem

304 2282 423 2325 non
453 2268 731 2342 respioere
771 2270 1045 2326 ultimum
1072 2267 1249 2327 finem
1281 2277 1340 2328 ut
1377 2273 1538 2350 quod,
1567 2272 1668 2330 sed

302 2353 531 2404 tantum
576 2354 638 2404 ut
676 2355 931 2426 quo;est
966 2352 1129 2408 enim
1155 2351 1235 2417 id,
1279 2368 1391 2424 quo
1423 2368 1667 2426 operans

302 2428 483 2488 finem
507 2433 756 2506 attingit,
781 2436 840 2488 et
857 2432 929 2489 ad
949 2449 1082 2490 eum
1111 2436 1488 2492 convertitur.
1516 2438 1668 2492 Prae-

304 2509 519 2567 dictam
547 2517 737 2568 autem
758 2511 1291 2574 denominationem
1312 2532 1427 2573 non
1447 2517 1668 2575 confert

311 2592 478 2658 actio,
512 2593 626 2650 nisi
645 2593 907 2667 subjecto,
933 2612 965 2653 a
983 2614 1096 2670 quo
1118 2597 1368 2665 elicitur,
1394 2599 1535 2656 etin
1555 2614 1666 2673 quo

308 2678 419 2730 est.
450 2674 612 2732 Unde
638 2676 846 2733 actioni
873 2679 1283 2749 peccaminosae
1313 2695 1428 2737 non
1453 2695 1666 2739 conve-

215 2760 220 2766 ’
309 2754 402 2811 nit
446 2753 627 2812 adhuc
673 2763 732 2813 ut
776 2776 880 2835 quo
934 2759 1188 2833 recipere
1234 2761 1417 2817 alium
1462 2760 1660 2828 finem,

306 2835 425 2894 nisi
446 2836 636 2907 illum,
655 2838 717 2896 in
730 2855 898 2913 quem
914 2840 987 2897 ab
1006 2857 1134 2899 eam
1161 2842 1442 2910 eliciente,
1459 2859 1666 2917 nempe

303 2935 342 2974 a
362 2924 667 2992 peccatore,
699 2920 1027 2979 ordinatur.
1049 2924 1119 2980 Et
1138 2924 1221 2982 ita
1247 2930 1364 2982 tam
1386 2930 1660 2997 peccator,

300 3016 476 3074 quam
504 3002 625 3076 ejus
664 3003 811 3060 actio
849 3005 1242 3077 peccaminosa
1281 3006 1494 3064 habent
1518 3007 1666 3064 sim-

265 3146 274 3149 ,
302 3082 531 3155 pliciter
568 3082 815 3141 eundem
865 3085 1139 3143 ultimum
1169 3086 1367 3153 finem,
1401 3088 1666 3146 videlicet

301 3162 522 3220 bonum
569 3166 869 3239 proprium
913 3167 1095 3240 ipsius
1135 3168 1460 3239 peccatoris.
1505 3168 1665 3234 Quod

301 3249 500 3302 autem
520 3246 744 3303 illamet
764 3247 910 3305 actio
927 3247 1248 3304 secundum
1269 3248 1569 3307 entitatem
1590 3248 1667 3304 sit

300 3343 344 3383 a
366 3329 500 3395 Dee,
541 3329 640 3401 qui
678 3330 846 3387 illam
884 3328 1118 3388 ordinat
1143 3328 1215 3386 ad
1240 3330 1514 3403 seipsum,
1546 3346 1665 3388 non

303 3407 462 3475 facit,
514 3416 578 3466 ut
628 3409 902 3484 praedicta
954 3411 1101 3469 actio
1151 3410 1360 3469 habeat
1409 3411 1666 3469 absolute

301 3491 488 3547 Deum
528 3507 632 3565 pro
655 3493 861 3549 ultimo
880 3493 1018 3550 fine.
1047 3494 1197 3550 Tum
1222 3494 1359 3565 quia
1386 3493 1457 3550 ad
1485 3495 1664 3551 Deum

299 3586 428 3629 non
464 3578 830 3645 comparatur
862 3589 964 3647 per
993 3573 1229 3631 modum
1257 3574 1535 3640 exercitii,
1567 3573 1674 3651 sed,

300 3667 412 3727 per
432 3651 667 3710 modum
686 3654 950 3723 effectus3
977 3661 1033 3713 et
1052 3655 1135 3711 ita
1156 3661 1410 3728 respectu
1426 3657 1525 3713 Dei
1547 3672 1666 3714 non

283 3736 545 3793 ‘sortitur
569 3735 1103 3801 denominationem
1128 3739 1543 3805 conversioniS,
1570 3755 1668 3796 ne·

297 3832 418 3890 que
443 3822 517 3874 'ut
543 3835 666 3896 quo,
700 3833 882 3892 neque
911 3824 971 3875 ut
996 3818 1155 3897 quod.
1182 3820 1330 3875 Tum
1356 3819 1491 3892 quia
1519 3821 1668 3878 ratio

298 3900 566 3957 entitatis
604 3903 691 3956 est
733 3904 1032 3974 conceptus
1074 3901 1567 3975 generalissimus,
1611 3906 1669 3958 et

304 3981 737 4051 transcendens,
769 3988 826 4039 et
848 3983 1173 4040 communis
1207 3982 1526 4039 actionibus
1560 3984 1670 4041 ho-

302 4062 508 4128 nestis,
552 4067 608 4120 et
646 4064 1057 4135 peccaminosis
1083 4086 1096 4120 ε
1127 4063 1280 4121 unde
1306 4063 1534 4137 ineptus
1559 4069 1662 4131 est,

301 4146 377 4200 ut
405 4143 626 4201 ratione
649 4144 772 4218 ejus
795 4143 1020 4201 dicatur
1057 4146 1204 4202 actio
1246 4145 1525 4218 respicere
1564 4144 1669 4202 de·-

299 4223 620 4282 terminate
658 4222 836 4281 finem
877 4224 1114 4291 bonum,
1161 4229 1259 4281 aut
1286 4226 1525 4291 malum.
1559 4225 1669 4283 Sed

297 4306 430 4361 haec
471 4302 877 4362 determinatio
926 4303 1255 4378 accipienda
1306 4310 1390 4361 est
1437 4304 1508 4361 ab
1556 4306 1670 4362 eli-

298 4384 497 4442 ciente
510 4384 795 4457 proximo,
812 4384 912 4456 qui
934 4384 998 4441 in
1017 4401 1149 4441 casu
1164 4384 1498 4459 objectionis
1523 4384 1671 4442 enti-

303 4470 485 4523 tatem
512 4466 751 4523 actionis
772 4464 1110 4524 subordinat
1129 4466 1389 4534 malitiae,
1413 4471 1468 4523 et
1489 4465 1670 4525 tinem

300 4546 566 4606 entitatis
610 4546 717 4603 fini
763 4547 1020 4606 malitiae.
1077 4548 1351 4614 Quocirca
1404 4548 1672 4621 praedicta

303 4628 458 4688 actio
486 4644 603 4686 non
625 4625 796 4686 habet
818 4629 1161 4702 simpliciter
1179 4627 1322 4686 duos
1342 4627 1488 4686 fines
1526 4631 1672 4688 ulti-

300 4725 454 4778 mos,
484 4706 584 4767 sed
612 4709 845 4767 unicum
872 4714 1119 4777 tantum,
1154 4724 1360 4781 nempe
1385 4709 1562 4768 finem
1587 4714 1671 4770 ul-

299 4795 518 4852 timum
539 4791 722 4865 ipsius
737 4792 1062 4865 peccatoris.
1088 4792 1245 4848 Sicut
1262 4792 1440 4849 etiam
1460 4794 1673 4852 entitas

298 4876 488 4950 ipsius
504 4874 813 4948 peccatoris
827 4878 912 4931 est
923 4891 958 4933 a
973 4876 1107 4942 Dee,
1126 4880 1182 4932 et
1204 4877 1437 4948 propter
1456 4877 1637 4933 Deum
1653 4902 1668 4946 ;

296 4962 363 5015 et
403 4954 795 5014 nihilominus
833 4969 953 5011 non
977 4953 1190 5012 dicitur
1216 4954 1490 5021 absolute,
1522 4957 1672 5029 quod

301 5043 567 5115 peccator
606 5033 780 5092 habet
803 5034 876 5092 de
902 5035 1049 5093 facto
1073 5034 1217 5092 duos
1242 5033 1479 5093 ultimos
1504 5035 1668 5106 fines,

1811 582 1911 640 sed
1931 599 2066 642 eum
2088 586 2367 647 duntaxat
2388 594 2448 646 ut
2477 590 2749 648 ultimum
2776 591 2956 651 finem
2988 596 3140 668 respi
3166 629 3173 636 =

1810 663 1906 732 cit,
1938 681 2107 739 quem
2129 669 2241 741 ipsi
2264 670 2525 746 praefigit.
2549 674 2715 731 Alius
2734 676 2894 733 enim
2916 679 3177 734 entitatis

1810 752 2112 822 conceptus
2143 756 2230 808 est
2256 753 2806 827 universalissimuS,
2838 765 2893 815 et
2925 776 3045 818 non
3072 758 3176 817 de·

1810 829 2077 888 nominat
2104 833 2450 906 specialiter.

2403 1109 2457 1190 ςκ
2483 1108 2578 1164 1v.

1810 1291 2210 1351 Cor-roboratur
2248 1296 2434 1353 eadem
2471 1298 2744 1354 conclusio
2784 1300 2997 1358 duabus
3036 1302 3171 1358 aliis·

2320 1386 2645 1445 rationibus.

1891 1568 2011 1625 123.
2045 1570 2259 1633 Quarto
2282 1571 2555 1645 probatur
2575 1575 2811 1633 assertio
2834 1576 2896 1632 D.
2930 1575 3164 1633 Thomae
3207 1589 3361 1638 Quarta

1808 1646 1925 1703 alia
1952 1649 2175 1707 ratione
2200 1649 2501 1726 desumpta
2524 1670 2595 1712 ex
2619 1656 2820 1713 eodem
2842 1657 2897 1712 S.
2932 1658 3166 1714 Doctore
3180 1649 3365 1736 sgffiffig

1807 1735 1989 1804 quast.
2015 1730 2087 1784 28
2107 1730 2172 1785 de
2205 1730 2493 1790 Ver-itari.
2510 1737 2564 1800 2,
2589 1751 2713 1808 quae
2729 1740 2909 1810 potest
2925 1735 2995 1791 ad
3017 1736 3166 1793 hanc
3230 1741 3351 1784 ratio.

1807 1811 2056 1868 formam
2086 1813 2276 1870 reduci
2309 1835 2322 1870 e
2365 1830 2503 1870 nam
2533 1816 2790 1889 implicat
2817 1820 2995 1873 Deum
3024 1787 3351 1874 dili-D'Tm'

1804 1905 1940 1965 gere
1960 1892 2300 1967 simpliciter
2328 1894 2644 1961 hominem,
2676 1896 2841 1969 eique
2863 1899 3073 1970 pacari,
3106 1904 3163 1955 et

1805 1973 1954 2045 quod
1981 1975 2154 2032 homo
2172 1974 2247 2030 sit
2273 1974 2335 2030 in
2360 1980 2579 2047 peccato
2605 1997 2619 2033 ε
2648 1976 2745 2033 sed
2768 1978 3027 2051 implicat
3055 1978 3163 2035 ho-

1805 2054 2027 2111 minem
2068 2053 2281 2113 habere
2305 2054 2571 2129 gratiam,
2602 2061 2659 2113 et
2682 2056 2832 2129 quod
2859 2059 3003 2114 Deus
3024 2074 3158 2116 eum

1804 2133 2147 2206 simpliciter
2186 2150 2304 2191 non
2347 2132 2567 2207 diligat,
2617 2135 2839 2207 ipsique
2879 2143 3109 2208 pacetur
3146 2161 3159 2194 z

1803 2229 1940 2287 ergo
1966 2214 2244 2286 implicat,
2281 2212 2429 2286 quod
2458 2214 2630 2271 homo
2657 2215 2860 2272 habeat
2885 2217 3157 2291 gratiam,

1803 2299 1862 2351 et
1884 2295 2089 2351 existat
2116 2295 2180 2350 in
2209 2299 2461 2367 peccato;
2484 2300 2648 2367 atque
2667 2294 2796 2353 ideo
2825 2296 3161 2369 impossihi-

1806 2375 1880 2431 lis
1898 2376 2013 2431 erit
2038 2375 2359 2449 conJ‘unctio
2384 2376 2603 2449 gratiae,
2636 2383 2694 2433 et
2720 2378 2929 2449 peccati
2959 2377 3020 2433 in
3060 2392 3177 2434 e0-·

1804 2454 1935 2511 dem
1954 2454 2226 2531 subjecto.
2244 2457 2461 2513 Ultima
2480 2458 2883 2530 consequentia
2905 2458 3161 2532 legitime

1804 2535 2055 2592 infertur
2074 2553 2145 2594 ex
2166 2538 2375 2609 prima,
2399 2543 2458 2594 et
2477 2538 2593 2594 haec
2611 2553 2682 2594 ex
2704 2538 3160 2610 praemissisMa·

1797 2618 2004 2692 jerem,
2028 2633 2201 2690 quam
2216 2618 2450 2690 quidam
2469 2619 2593 2676 ausi
2606 2626 2743 2675 sunt
2765 2634 2992 2694 negare,
3010 2625 3160 2676 recte

1804 2699 2047 2772 probant
2076 2700 2248 2773 Cajet.
2291 2702 2328 2755 3
2360 2709 2513 2773 part.
2542 2709 2724 2778 quaest.
2755 2703 2846 2767 86,
2878 2708 2988 2757 art.
3018 2702 3072 2766 2,
3103 2707 3359 2782 eth-mmu-

1801 2797 1874 2838 ex
1892 2798 1960 2839 eo
1979 2781 2170 2838 Curiel
2188 2782 2309 2838 loco
2323 2798 2497 2855 supra
2510 2783 2678 2839 citato
2691 2785 2751 2837 in
2762 2782 3079 2855 responsant
3107 2784 3152 2849 l,
3189 2782 3344 2826 curten.

1801 2862 2074 2936 quoniam
2105 2866 2379 2935 repugnat
2406 2878 2647 2919 summae
2674 2861 2772 2920 Dei
2799 2862 3151 2936 perfectioni,

1802 2959 1865 3000 ac
1891 2942 2157 3010 bonitati,
2189 2957 2307 2998 non
2328 2942 2531 3007 odisse,
2557 2948 2613 3000 et
2636 2943 2944 3017 reprobare
2973 2959 3158 3016 pecca-

1797 3029 1945 3092 tum,
1978 3028 2033 3080 et
2053 3027 2386 3094 peccatores.
2413 3023 2579 3080 Unde
2599 3023 2919 3080 Ecclesiast.
2954 3027 3036 3091 12,
3063 3024 3157 3080 di-
3192 3047 3351 3091 semes.

1799 3105 1950 3160 citur
1994 3127 2010 3161 ι
2050 3104 2374 3161 Altissimus
2398 3105 2520 3159 odio
2559 3105 2713 3161 habet
2738 3113 3059 3180 peccatores,
3090 3106 3158 3160 Et
3241 3097 3303 3138 ¹²·

1800 3183 2052 3257 Sapient.
2107 3184 2169 3238 14
2202 3203 2215 3239 :
2247 3182 2384 3240 odio
2408 3191 2540 3240 sunt
2576 3184 2688 3240 Deo
2716 3188 2938 3259 impius,
2967 3194 3017 3240 et
3045 3187 3157 3239 im—
3172 3146 3357 3237 Safffm'

1793 3269 1976 3339 pietas
2004 3268 2141 3337 ejus.
2184 3266 2254 3319 Et
2281 3266 2411 3321 Luc.
2445 3267 2527 3332 13,
2556 3272 2617 3323 et
2640 3269 2840 3325 Matth.
2869 3269 2942 3323 25
2968 3288 2982 3322 z
3011 3266 3156 3324 Nes-
3170 3270 3271 3311 Luc.
3290 3272 3351 3313 ¹3.

1801 3349 1886 3403 cio
1904 3364 2027 3413 ⁰⁰⁸5
2048 3345 2209 3414 idest,
2227 3359 2345 3401 ⁰⁰¹¹
2360 3344 2631 3417 approbo,
2646 3346 2744 3404 sed
2762 3346 3005 3421 reprobo
3023 3362 3121 3405 vos
3140 3368 3153 3402 :
3201 3319 3345 3411 Μέἐῖὓ·

1799 3432 1858 3483 et
1878 3426 1980 3481 hac
2005 3424 2077 3481 de
2101 3441 2269 3482 causa
2289 3429 2606 3497 peccatores
2627 3429 2993 3499 appellantur
3020 3444 3156 3482 vasa

1802 3508 1926 3573 irs„
1955 3504 2026 3560 ad
2064 3504 2268 3577 Ephes.
2299 3506 2353 3569 2,
2380 3509 2441 3573 et
2480 3504 2620 3561 alibi
2661 3522 2826 3578 saepe.
2858 3509 3157 3580 Repugnat
3174 3514 3366 3567 Ephess.

1801 3589 1979 3663 igitur
2001 3587 2181 3642 Deum
2202 3584 2445 3659 diligere
2461 3586 2805 3658 simpliciter
2831 3587 3152 3651 hominem,

1802 3685 1866 3725 ac
1892 3665 2082 3741 pacari
2104 3664 2444 3738 simpliciter
2465 3666 2575 3731 illi,
2602 3666 2705 3738 qui
2720 3666 2915 3723 existit
2936 3667 3003 3722 in
3026 3682 3148 3740 pec·

1802 3752 1942 3806 cate.
1993 3744 2186 3801 Minor
2232 3749 2425 3801 autem
2472 3743 2839 3802 ostenditur:
2876 3746 3151 3818 quoniam

1802 3844 1934 3885 cum
1974 3840 2137 3882 amor
2181 3824 2281 3881 Dei
2325 3840 2459 3899 erga
2502 3831 2825 3882 creaturam
2871 3826 2947 3882 sit
2991 3843 3156 3885 amor

1803 3906 2113 3971 effectivus,
2158 3911 2293 3963 tunc
2337 3909 2485 3963 Deus
2524 3905 2733 3963 dicitur
2772 3906 3012 3981 diligere
3053 3909 3160 3965 ho—

1804 3988 2026 4044 minem
2075 3986 2435 4058 simpliciter,
2491 3985 2719 4059 quando
2774 3988 3164 4045 communicat

1805 4070 1895 4126 illi
1938 4069 2172 4137 bonum,
2202 4068 2352 4141 quod
2389 4074 2474 4126 est
2510 4068 2850 4142 simpliciter
2892 4069 3108 4127 bonurn
3146 4092 3158 4126 z

1804 4148 1902 4207 sed
1922 4149 2108 4224 gratia
2134 4149 2494 4207 sanctificans
2519 4155 2602 4206 est
2630 4149 2844 4206 bonum
2872 4151 3160 4223 simplici-

1804 4235 1912 4296 ter,
1963 4235 2018 4287 et
2062 4229 2203 4287 adeo
2247 4245 2524 4304 magnum
2571 4230 2808 4295 honum,
2854 4236 2915 4286 ut
2959 4246 3161 4288 omnes

1804 4309 2153 4367 substantias
2191 4313 2426 4375 creatas,
2456 4315 2513 4366 et
2556 4309 2849 4375 meabiles,
2879 4315 2935 4367 et
2958 4319 3161 4368 cuncta

1807 4389 2137 4455 accidentia,
2169 4395 2287 4446 tam
2325 4389 2632 4457 naturalia,
2677 4404 2849 4461 quam
2877 4406 3162 4463 superna·-

1807 4469 2037 4531 turalia,
2069 4473 2126 4525 et
2150 4467 2399 4541 denique
2423 4472 2624 4524 cuncta
2648 4469 2718 4538 (si
2747 4468 3024 4526 unionem
3052 4471 3163 4544 hy-

1808 4549 2140 4622 postaticam
2165 4548 2540 4621 excipiamus)
2565 4554 2794 4620 superet
2819 4549 3163 4623 simpliciter

1807 4630 1872 4686 in
1913 4627 2278 4701 perfectione,
2328 4632 2391 4683 ut
2434 4628 2544 4684 late
2570 4618 2944 4684 'ostendimus
2996 4637 3160 4687 tract.

1799 4710 2025 4784 praeced.
2055 4708 2197 4781 disp.
2240 4710 2294 4773 4,
2325 4708 2451 4764 dub.
2481 4711 2536 4774 7,
2567 4712 2626 4764 et
2648 4712 2734 4764 est
2772 4707 2986 4766 bonum
3024 4709 3164 4769 adeo

1807 4787 2165 4853 aestimabile,
2192 4793 2256 4844 ut
2276 4789 2340 4845 D.
2366 4787 2570 4845 Thom.
2596 4790 2657 4843 in
2674 4789 2779 4845 hac
2798 4796 2979 4867 quast.
2999 4798 3111 4846 art.
3130 4793 3165 4846 9
3199 4819 3250 4861 D,
3276 4819 3379 4860 Tho.

1807 4873 1886 4929 ad
1906 4874 1964 4940 2,
1997 4870 2206 4928 merito
2228 4871 2552 4939 asseruerit,
2586 4870 2802 4929 bonum
2830 4872 3002 4929 unius
3026 4888 3166 4948 gra-

1809 4953 1905 5010 tiae
1944 4950 2130 5025 majus
2166 4964 2308 5017 esse,
2350 4966 2524 5022 quam
2566 4948 2782 5007 bonum
2821 4952 2995 5009 totius
3029 4954 3167 5010 uni-

1807 5031 1963 5090 versi
1989 5053 2003 5088 ε
2025 5045 2161 5104 ergo
2181 5030 2455 5103 implicat,
2484 5030 2779 5090 hominem
2801 5031 3013 5091 habere
3030 5049 3168 5108 gra-
