3647 5753
557 409 572 461 l
594 408 655 463 18
1570 404 1662 458 DE
1701 404 1974 461 GRATIA
2014 406 2357 464 EFFICACI.

547 574 622 629 tis
643 574 836 631 verbis
859 595 914 632 n.
978 578 1072 632 171
1100 574 1296 632 relatis
1324 574 1588 641 fateatur,
1609 575 1787 630 Deum
1808 591 1911 631 sua

542 657 729 729 gratia
757 674 861 713 nos
892 657 1215 731 praevenire
1246 677 1260 712 :
1302 656 1399 713 sed
1422 657 1557 736 quia
1584 657 1732 712 nihil
1763 657 1912 714 circa

544 756 646 796 nos
677 739 966 802 decernat.
995 741 1110 798 nisi
1136 740 1299 813 prius
1321 744 1597 812 expectet,
1628 741 1905 812 exploret,

541 821 822 888 observet,
849 828 906 879 et
933 822 1093 880 velut
1129 838 1230 895 per
1257 822 1542 878 cancellos
1570 821 1832 888 rimetur,
1855 829 1910 879 et

2046 576 2281 635 Recedat
2307 581 2435 635 hinc
2461 581 2754 652 oriyinalt‘s
2772 582 3031 652 definitio,
3065 583 3150 638 vel
3178 583 3400 655 fatalis,

2045 672 2252 731 nempe
2281 658 2571 716 decretum
2601 661 2702 718 Dei
2749 662 2947 718 omnia
2996 678 3169 735 opera
3210 669 3405 721 nostra

2046 739 2512 811 praedefinientiS,
2545 748 2601 800 et
2621 744 2905 800 causantis
2937 765 2950 799 :
2974 749 3177 800 etcum
3200 744 3401 802 eodem

2045 819 2213 886 libro,
2244 840 2365 893 cap.
2401 825 2480 889 ll,
2505 822 2695 879 subdit
2726 845 2738 878 ε
2770 824 2953 894 Iyitur
2978 825 3112 880 dum
3140 825 3298 879 liberi
3318 828 3402 881 iu·

2043 907 2328 973 teremptor
2348 902 2573 958 arbitrii
2599 903 2699 973 (sic
2721 904 2968 976 appellat
2989 905 3394 976 Augustinum,

2043 986 2104 1035 ut
2157 980 2390 1038 videant
2439 983 2618 1039 nostri
2653 983 3003 1050 Adversarii,
3059 1000 3134 1040 an
3173 1000 3395 1042 ceream

2042 1060 2300 1126 mollem,
2338 1067 2393 1118 et
2433 1062 2861 1119 indifferentem
2901 1064 3147 1137 gratiam
3190 1065 3398 1137 praedi-

2042 1143 2257 1198 caverit
2303 1143 2361 1197 S.
2420 1144 2660 1214 Doctor‚)
2707 1146 2767 1198 in
2810 1146 3140 1200 alterutram
3189 1154 3399 1217 partem

2041 1224 2230 1278 omnia
2255 1240 2326 1279 ea:
2343 1226 2812 1296 pratae-clinatione
2836 1233 3063 1290 statuta,
3093 1234 3143 1281 ct
3168 1228 3393 1298 definita

2039 1320 2148 1358 csse
2168 1307 2514 1375 pronuntiat,
2540 1306 2706 1360 ctiam
2738 1323 2992 1378 suprema
3021 1308 3259 1362 remedia
3280 1325 3398 1380 pae-

2041 1384 2278 1438 nitentias
2324 1402 2481 1440 sensu
2515 1385 2755 1457 abrupta
2798 1388 3098 1458 impictatis
3134 1396 3387 1445 evacuat.

2041 1465 2175 1527 Quae
2204 1462 2582 1528 incommoda,
2623 1471 2680 1521 et
2723 1467 2921 1522 omnia
2960 1483 3085 1539 quae
3128 1467 3397 1524 adversus

2038 1544 2284 1618 gratiam
2324 1560 2393 1600 ex
2434 1561 2494 1602 se
2532 1546 2810 1604 efficacem
2852 1547 3185 1621 intorquent
3227 1548 3396 1607 modo

544 902 903 974 introspiciat
932 903 1252 968 voluntatis
1283 902 1748 970 inclinationem,
1773 903 1911 960 etin

538 998 711 1055 quam
757 990 980 1056 partem
1022 1001 1083 1042 se
1110 982 1540 1051 determinabit,
1575 990 1904 1055 praenoscat.

322 1102 511 1144 tncuuc-
614 1064 750 1127 Quae
796 1064 905 1119 fuit
944 1065 1271 1121 communis
1312 1063 1907 1138 semipelagianorum

342 1148 509 1208 ,tissra-
541 1141 822 1214 doctrina,
874 1151 935 1200 ut
986 1150 1206 1202 constat
1267 1162 1338 1202 ex
1397 1147 1463 1201 D.
1514 1148 1794 1220 Prospero
1845 1148 1908 1204 in

319 1206 456 1293 Ἓξ,
489 1208 703 1296 ⁰‘epist.
736 1223 806 1282 ad
839 1226 1239 1299 Augustinum,
1267 1223 1363 1281 ubi
1392 1227 1509 1282 ait:
1547 1247 1572 1279 «
1600 1228 1727 1302 Haec
1747 1227 1906 1284 enim

321 1307 499 1342 eamre-
546 1301 857 1375 «ipsorum
917 1303 1206 1371 definiti0,
1270 1321 1335 1361 ac
1398 1304 1673 1377 professio
1738 1311 1822 1366 est
1892 1328 1906 1362 ε

359 1357 501 1441 ffliirt‘f'
545 1405 569 1433 «
600 1399 833 1440 omnem
895 1383 1128 1457 quidem
1177 1384 1495 1447 hominem,
1545 1383 1728 1441 Adam
1780 1401 1908 1458 pec-

318 1449 771 1533 D‘¹’‘⁰⁵¹'·<‹cante,
805 1482 1089 1538 peccasse;
1127 1473 1184 1524 et
1238 1467 1535 1524 neminem
1587 1483 1687 1540 per
1732 1483 1907 1541 opera

543 1561 717 1610 «sua,
743 1545 839 1602 sed
869 1562 968 1618 per
1016 1548 1116 1603 Dei
1167 1546 1415 1621 gratiam
1471 1548 1907 1621 regeneratione

541 1647 567 1677 <c
590 1626 825 1682 salvari.
861 1626 1165 1683 Universis
1194 1631 1389 1683 tamen
1418 1626 1753 1683 hominibus
1781 1645 1907 1700 pro·

537 1729 566 1760 «
596 1708 979 1780 pitiationem,
1013 1725 1140 1781 quaa
1167 1713 1253 1765 est
1274 1708 1338 1764 in
1384 1715 1740 1766 sacremento
1767 1726 1906 1768 san-

540 1809 566 1839 «
588 1788 782 1862 guinis
840 1788 1074 1854 Christi,
1145 1788 1274 1845 sine
1323 1790 1660 1862 exceptione
1727 1789 1904 1847 fuisse

532 1889 566 1919 -«
598 1868 970 1940 propositam,
1005 1874 1064 1923 ut
1090 1868 1434 1941 quicumque
1477 1867 1547 1925 ad
1590 1869 1811 1936 Fidem,
1845 1876 1904 1927 et

533 1969 565 2000 «
595 1947 665 2003 ad
694 1947 1051 2020 Baptismum
1099 1947 1364 2005 accedere
1399 1949 1711 2017 voluerint,
1754 1951 1901 2006 salvi

532 2052 564 2081 «
593 2044 715 2086 esse
740 2029 975 2102 possint.
1027 2030 1136 2093 Qui
1180 2034 1371 2086 autem
1422 2030 1697 2087 credituri
1742 2038 1896 2096 sunt,

531 2131 562 2160 a
592 2109 763 2182 quive
791 2109 853 2164 in
894 2125 962 2166 ea
999 2107 1129 2177 fide,
1185 2125 1297 2181 qua
1336 2109 1604 2183 deinceps
1651 2128 1753 2183 per
1799 2112 1899 2169 Dei

529 2214 561 2244 τι
588 2192 837 2267 gratiam
896 2192 1015 2247 sint
1072 2189 1340 2261 juvandi,
1413 2194 1676 2249 mansuri
1740 2201 1893 2260 sunt,

528 2298 560 2328 «
594 2275 879 2347 praescisse
949 2280 1082 2331 ante
1149 2272 1355 2330 mundi
1419 2276 1897 2335 constitutionem

529 2376 560 2407 (ι
596 2357 796 2428 Deum,
828 2358 882 2410 et
910 2370 1006 2410 eos
1048 2353 1486 2425 praedestinasse
1537 2355 1600 2410 in
1654 2372 1895 2430 regnum

534 2455 558 2486 «
588 2449 776 2499 suum,
808 2448 949 2506 quos
974 2433 1153 2507 gratis
1181 2437 1406 2490 vocatos
1437 2454 1462 2483 »
1513 2436 1607 2503 (en
1647 2435 1896 2508 gratiam

528 2513 979 2585 praevenientem
1009 2529 1127 2569 non
1143 2515 1332 2569 solum
1358 2514 1419 2568 in
1441 2518 1587 2570 statu
1614 2514 1891 2581 absolut0‚

521 2593 624 2650 sed
650 2594 825 2650 etiam
854 2594 918 2649 in
946 2597 1094 2649 statu
1140 2591 1574 2664 conditionato,)
1624 2615 1651 2648 α
1694 2594 1897 2670 dignos

532 2693 557 2724 α
589 2672 810 2728 futuros
831 2672 1129 2739 electione,
1155 2677 1211 2729 et
1238 2670 1307 2728 de
1329 2672 1433 2728 hac
1463 2673 1580 2729 vita
1609 2672 1757 2731 bono
1779 2673 1896 2733 fine

532 2769 913 2811 «excessuros
956 2769 1079 2810 esse
1119 2753 1466 2827 praeviderit.
1513 2777 1538 2806 η
1586 2756 1655 2811 Et
1697 2773 1896 2814 rursus

532 2859 558 2889 «
590 2837 744 2892 Pene
769 2833 1032 2892 omnium
1064 2851 1166 2908 par
1196 2835 1515 2901 invenitur,
1547 2841 1602 2893 et
1635 2852 1749 2895 una
1769 2855 1896 2896 sen-

531 2938 557 2967 «
587 2916 785 2980 tentia,
817 2930 928 2988 qua
950 2915 1325 2988 propositum,
1355 2921 1412 2973 et
1437 2915 1895 2988 praedestinatio-

531 3020 556 3050 «
587 3013 721 3053 nem
744 2998 843 3054 Dei
872 2995 1185 3053 secundum
1217 2999 1636 3070 praescientiam
1663 3016 1894 3074 recepe-

530 3099 555 3129 «
598 3082 750 3134 runt.
781 3097 805 3129 »
833 3076 1121 3149 Additque
1146 3099 1159 3133 :
1201 3099 1222 3129 a
1261 3079 1330 3133 Et
1355 3078 1427 3135 ob
1450 3079 1552 3135 hoc
1573 3082 1720 3136 Deus
1747 3081 1893 3138 alios

528 3178 554 3209 «
586 3173 719 3214 vasa
759 3157 1017 3222 honoriS,
1066 3157 1211 3213 alios
1260 3158 1631 3216 contumelias
1669 3160 1887 3226 fecerit,

525 3257 551 3288 «
580 3236 717 3308 quia
756 3234 937 3292 finem
978 3236 1424 3309 uniuscujusque
1453 3238 1801 3309 praeviderit,
1834 3246 1890 3296 et

523 3336 550 3367 «
580 3313 685 3371 sub
742 3316 863 3388 ipso
913 3316 1113 3389 gratiae
1164 3315 1450 3389 adjutorio
1478 3337 1503 3369 >a
1557 3318 1725 3391 (quod
1773 3335 1890 3377 non

518 3394 847 3469 negabant,)
883 3417 907 3447 «
934 3395 998 3451 in
1025 3412 1135 3468 qua
1157 3396 1384 3452 futurus
1404 3401 1547 3454 esset
1570 3399 1884 3467 voluntate,

521 3497 548 3529 α
576 3480 633 3532 et
660 3477 883 3533 actione
905 3479 1237 3549 praescierit.
1265 3497 1292 3528 »
1328 3478 1494 3534 Unde
1533 3494 1890 3553 consequen-

515 3559 602 3612 ter
628 3554 698 3612 ad
745 3556 861 3612 haec
890 3556 1177 3628 principia
1233 3559 1377 3629 (quae
1421 3564 1557 3614 sunt
1597 3560 1889 3631 ipsissima

511 3638 767 3694 scientiae
790 3636 998 3694 mediae
1040 3637 1456 3710 fundamenta),
1506 3647 1800 3714 perpetuo,
1832 3648 1889 3699 et

510 3732 741 3774 summo
781 3714 912 3773 odio
939 3716 1264 3774 habuerunt
1305 3719 1554 3793 gratiam
1583 3736 1656 3776 ex
1676 3738 1736 3779 se
1762 3722 1887 3779 effi-

512 3812 720 3863 cacem,
756 3801 812 3853 et
839 3797 1198 3855 voluntatem
1247 3799 1345 3855 Dei
1377 3799 1717 3866 absolutam,
1775 3819 1886 3875 qua

512 3880 678 3945 Deus,
730 3879 1054 3937 inconsulto
1074 3879 1331 3936 hominis
1361 3880 1625 3948 arbitrio,
1665 3883 1884 3957 aliquid

516 3959 669 4014 circa
697 3959 819 4033 ejus
841 3974 1033 4031 opera,
1077 3964 1133 4016 et
1172 3959 1639 4032 justificationem
1685 3961 1886 4020 decer-

515 4043 697 4094 neret.
719 4037 883 4095 Unde
906 4038 1187 4097 referente
1214 4041 1281 4094 D.
1330 4041 1630 4112 Prospero,
1663 4058 1884 4100 assere-

517 4117 656 4174 bant
689 4139 701 4174 :
725 4118 1015 4176 Removeri
1034 4137 1246 4174 omnem
1268 4119 1626 4187 industriam,
1659 4124 1883 4202 tollique

515 4199 768 4264 virtuteS,
798 4200 849 4253 si
868 4197 972 4254 Dei
1009 4201 1325 4255 constitutio
1365 4200 1642 4258 humanas
1671 4221 1883 4276 pracve-

515 4282 637 4334 niat
686 4278 905 4351 (utique
954 4277 1274 4350 efficaciter)
1318 4281 1641 4349 voluntates,
1689 4292 1739 4339 et
1782 4286 1882 4341 sub

512 4360 1007 4432 pra-destinationis
1031 4360 1280 4433 (qualem
1306 4361 1646 4433 praedicabat
1667 4367 1882 4441 Augus-

515 4441 694 4512 tinus)
711 4442 928 4496 nomine
947 4441 1179 4513 fatalem
1199 4441 1481 4520 quandam
1502 4446 1691 4501 induci
1711 4465 1882 4503 neces-

512 4522 754 4576 sitatem.
786 4522 856 4576 Et
875 4526 937 4576 ut
957 4524 1196 4577 testatur
1223 4520 1377 4578 idem
1397 4524 1642 4597 Prosper
1659 4525 1720 4583 in
1737 4529 1881 4601 epis·

516 4600 632 4657 tola
648 4600 718 4657 ad
734 4600 1047 4669 Ruffinum,
1071 4601 1540 4676 improperabant
1569 4607 1633 4661 D.
1665 4610 1881 4683 Augus-

516 4681 660 4748 tin0,
694 4681 852 4738 Duas
873 4684 1033 4739 illum
1052 4686 1266 4753 yemis
1303 4702 1537 4751 masma,
1568 4686 1708 4743 duas
1733 4691 1881 4747 credi

513 4765 649 4820 velle
670 4772 925 4832 naturas,
955 4771 1015 4820 ut
1042 4766 1244 4820 scilicet
1298 4773 1464 4822 tantm
1483 4769 1709 4840 pietatis
1757 4773 1879 4827 viro

517 4844 896 4917 Paqanorum,
921 4853 971 4900 et
990 4846 1422 4906 Manichaeorum
1446 4850 1759 4908 ascribatur
1777 4855 1880 4909 im·

294 4954 483 5001 Faustus.
514 4928 711 5000 pietas.
744 4927 867 4990 Quo
895 4925 1123 4999 respicit
1150 4929 1388 4983 Faustus
1411 4928 1653 5004 insignis
1689 4933 1879 4989 Semi-

520 5006 877 5082 pelagianus,
912 5021 1042 5062 cum
1084 5007 1177 5063 lib.
1218 5008 1265 5073 l,
1314 5024 1435 5081 cap,
1500 5011 1583 5073 19,
1641 5011 1876 5086 inquit:

2037 1625 2325 1690 Juniores,
2359 1625 2608 1682 inculcat
2630 1643 2804 1700 usque
2831 1626 2900 1683 ad
2931 1645 3201 1685 nauseam
3226 1633 3398 1687 Faus-

2038 1707 2128 1759 tus
2175 1704 2237 1762 in
2259 1706 2376 1760 suis
2410 1705 2696 1778 operibus
2740 1710 2817 1764 De
2852 1725 2962 1781 quo
2994 1710 3047 1764 S.
3092 1708 3291 1766 Isidor.
3336 1712 3398 1767 in

1990 1831 2009 1837 -
2040 1783 2188 1840 libro
2227 1784 2296 1841 de
2337 1786 2483 1840 viris
2529 1786 2853 1843 illustribus
2905 1809 2918 1844 ε
2959 1788 3134 1855 Mira,
3188 1792 3394 1864 inquit,

2035 1864 2342 1920 calliditate
2364 1864 2411 1923 C
2412 1867 2682 1923 athalicus
2709 1869 2887 1950 videri
2912 1871 3103 1936 voluit,
3134 1889 3258 1927 cum
3288 1872 3396 1929 Pc-

2037 1945 2295 2016 laqianus
2312 1955 2462 2002 esset.

2116 2028 2239 2082 176.
2283 2030 2418 2092 Quae
2444 2032 2600 2095 recte,
2628 2029 2943 2101 ponderata
2989 2031 3243 2089 maxime
3292 2050 3623 2102 ro-1nsnura-

3440 2117 3605 2166 ⁰5¹¹oe-

2033 2189 2305 2260 quoniam
2367 2193 2625 2258 FaustuS,
2674 2199 2729 2249 ct
2775 2194 2875 2249 alii
2922 2195 3390 2270 semipelagiani,
3425 2167 3593 2252 ὦέῗῖἷ-ῗ.

2034 2105 2242 2163 borant
2291 2109 2569 2165 rationem
2626 2128 2777 2167 num.
2851 2114 2952 2167 169
3006 2106 3435 2185 propositam;¹i

2032 2268 2128 2340 qui
2147 2276 2482 2326 meruerunt
2497 2269 2926 2329 damnationem
2944 2275 3181 2332 Concilii
3210 2281 3397 2335 Arau-

2030 2347 2210 2405 sicani
2238 2366 2411 2422 supra
2432 2367 2762 2423 expensam,
2812 2354 2943 2409 licet
2983 2354 3397 2415 confiterentur

2031 2430 2424 2486 necessitatem
2448 2432 2647 2504 gratias
2680 2435 3100 2503 praevenientis,
3139 2443 3193 2495 et
3228 2438 3398 2513 adju—

2030 2508 2257 2567 vantis:
2302 2511 2437 2583 quia
2472 2515 2665 2567 tamen
2700 2519 2982 2586 negarunt
3013 2520 3129 2571 tam
3168 2516 3398 2577 decreta

2029 2587 2273 2645 efficacia
2327 2595 2459 2646 ante
2521 2590 2818 2648 scientiam
2887 2593 3156 2660 mediam,
3217 2615 3394 2671 quam

2030 2669 2249 2725 auxilia
2289 2669 2587 2728 efficaciter
2639 2674 2983 2746 applicantia
3022 2677 3381 2736 voluntatem

2029 2746 2099 2803 ad
2129 2765 2304 2805 unam
2330 2755 2585 2823 partem;
2615 2760 3023 2825 consequenter
3051 2755 3390 2825 docuerunt,

2027 2829 2208 2885 Deum
2231 2836 2529 2903 expectare
2554 2831 2837 2889 humanas
2872 2835 3210 2903 voluntates,
3253 2839 3393 2910 quia

2027 2908 2292 2966 videlicet
2318 2926 2421 2968 nec
2450 2910 2653 2968 definit
2673 2930 2845 2985 opera
2875 2923 3084 2974 nostrae
3120 2920 3396 2977 volunta·-

2026 2990 2098 3045 tis
2129 2996 2435 3064 antequam
2472 2992 2593 3066 ejus
2634 2993 3070 3053 inclinationem
3107 3001 3389 3073 exploret,

2027 3086 2128 3127 nec
2183 3088 2355 3144 opera
2410 3080 2604 3130 nostra
2657 3075 2885 3132 inchoat
2933 3077 3233 3136 efficaciter
3285 3099 3394 3154 per

2025 3151 2262 3221 auxilia,
2299 3153 2634 3226 priusquam
2657 3156 2921 3213 voluntas
2949 3157 3071 3230 ipsa
3113 3160 3391 3232 praedicta

2025 3234 2244 3290 auxilia
2284 3251 2385 3291 sua
2428 3235 2760 3307 operatione
2799 3236 3182 3298 determinet:
3212 3244 3384 3316 quod.

2023 3319 2080 3371 et
2126 3314 2275 3370 nihil
2331 3315 2512 3380 aliud,
2566 3316 2837 3374 videntur
2886 3320 3200 3381 intendisse
3250 3342 3384 3383 cum

2023 3394 2407 3461 affirmabant,
2441 3395 2618 3452 Deum
2637 3407 2918 3470 erpectare
2944 3402 3251 3461 voluntates
3276 3408 3390 3462 lm-

2025 3494 2238 3541 manm,
2273 3485 2330 3532 ut
2356 3496 2392 3533 a
2420 3486 2960 3552 peccatopurqemur,
2996 3490 3054 3540 ut
3077 3486 3185 3559 ipsi
3201 3503 3263 3543 se
3289 3503 3392 3545 ex·

2024 3559 2256 3631 plicant,
2282 3564 2337 3616 et
2358 3565 2577 3616 constat
2596 3576 2666 3616 ex
2701 3563 2971 3631 hactonus
3008 3566 3190 3625 dictis
3239 3571 3385 3628 Cum

2020 3655 2155 3715 ergo
2190 3657 2371 3709 menS,
2403 3647 2461 3698 et
2500 3643 2744 3701 intentio
2773 3648 3013 3705 Concilii
3050 3648 3385 3709 damnantis

2021 3721 2267 3794 aliquem
2298 3738 2556 3781 errorem
2606 3728 2807 3783 venari
2842 3727 3040 3786 debeat
3075 3747 3246 3804 penes
3283 3734 3384 3789 in-

2021 3803 2334 3860 tentionem
2362 3820 2584 3877 eorum,
2616 3809 2714 3883 qui
2743 3824 3001 3865 errorem
3030 3810 3232 3869 docent
3251 3814 3381 3884 (ali-

2018 3887 2105 3937 ter
2161 3884 2320 3940 enirn
2387 3889 2628 3947 Concilii
2682 3906 2922 3947 censura
2973 3907 3205 3963 scopum
3254 3908 3375 3951 non

2018 3962 2266 4038 attingit,
2300 3980 2403 4022 nec
2422 3971 2641 4026 erroris
2667 3971 2965 4027 authorem
3001 3972 3139 4027 satis
3172 3973 3379 4045 profli-

2014 4048 2149 4118 gat),
2216 4049 2474 4120 sequitur
2532 4051 2849 4108 Concilium
2917 4054 3375 4112 Aurausicanum

2015 4124 2318 4186 damnasse
2343 4131 2506 4187 illam
2532 4134 2998 4206 propositionem,
3024 4134 3171 4191 Deus
3189 4156 3382 4211 empec-

2015 4213 2098 4261 tat
2117 4209 2424 4265 voluntates
2446 4220 2678 4279 nostra-3,
2702 4221 2762 4268 ut
2784 4232 2819 4269 a
2828 4222 3043 4287 peccato
3056 4233 3374 4288 puryemur,

2015 4302 2133 4343 non
2159 4289 2347 4344 solum
2374 4297 2654 4362 quatenus
2677 4310 2775 4367 per
2798 4294 2959 4351 illam
2995 4296 3227 4354 videtur
3270 4316 3381 4357 ex-

2014 4365 2167 4422 cludi
2191 4371 2493 4428 necessitas
2517 4373 2717 4447 gratiae
2739 4376 3161 4446 praevenientis,
3192 4385 3248 4435 et
3276 4379 3380 4436 ad-

2007 4448 2265 4522 juvantis
2304 4454 2494 4525 (quam
2539 4472 2654 4511 non
2717 4457 3000 4530 negabant
3084 4461 3379 4533 emipela-

2013 4529 2194 4603 giani)
2208 4530 2304 4588 sed
2321 4533 2494 4589 etiam
2510 4542 2789 4607 quatenus
2819 4555 2919 4610 per
2959 4540 3121 4595 illam
3152 4540 3376 4615 signifi-

2011 4615 2190 4677 catur,
2226 4610 2403 4670 Deu'm
2433 4631 2550 4671 non
2574 4617 2935 4689 praedetinire
2961 4635 3133 4692 opera
3175 4627 3371 4679 nostra

2012 4698 2143 4749 ante
2162 4709 2362 4752 eorum
2395 4695 2829 4769 praescientiam,
2864 4719 2966 4759 nec
2988 4704 3152 4758 illam
3180 4704 3375 4761 effica-

2011 4774 2152 4831 citer
2179 4776 2449 4837 iuchoare
2478 4797 2579 4853 per
2603 4798 2719 4839 suae
2743 4784 2943 4857 gratiae
2973 4786 3227 4853 auxilia;
3271 4788 3372 4845 sed

2009 4869 2131 4911 sese
2151 4854 2621 4918 determinationi
2644 4864 2956 4921 voluntatis
2977 4871 3179 4923 creatae
3204 4883 3368 4925 com-

2011 4934 2257 5005 mittere,
2285 4945 2344 4994 ut
2372 4945 2596 4997 tantum
2617 4958 2685 5000 ea
2714 4945 2872 5011 velit,
2910 4951 2966 5002 et
3001 4946 3169 5003 faciat
3209 4947 3364 5007 circa

2008 5032 2179 5090 opera
2211 5027 2423 5089 nostra,
2448 5039 2575 5096 quae
2595 5027 2864 5084 voluntas
2887 5027 3236 5101 praevidetur
3259 5030 3371 5089 tac-

3211 5117 3361 5181 tura,
