3647 5753
280 2290 463 2383 ⁸2³3?sp

479 408 592 465 504
1411 395 1503 451 DE
1541 394 1570 448 J
1575 391 2126 448 USTIFICATIONE
2166 390 2371 446 lMPlI.

478 576 688 633 idcirco
732 578 816 631 est
877 558 1138 646 quasdam
1197 569 1481 625 intentata
1530 561 1863 622 destructio-

478 656 599 721 Dei,
624 661 681 712 et
708 653 916 711 avertit
956 651 1028 708 811
1056 651 1180 724 ipso
1201 650 1488 723 adaequate
1514 649 1762 717 sumpto.

268 745 465 799 Quintum
551 741 680 794 287.
725 736 1005 810 Arguitur
1044 734 1275 808 quinto;
1318 746 1455 788 nam
1484 732 1631 785 Deus
1659 728 1842 799 potest

269 804 705 890 mgffiffmbomini
734 817 963 875 condito
985 816 1048 871 in
1078 815 1255 887 puris,
1276 813 1416 870 etin
1446 813 1666 884 0000810
1685 807 1842 865 exis-

477 899 621 956 tenti
653 897 917 955 conl'erre
938 895 1223 951 auxilium
1250 891 1446 949 efficax
1486 888 1711 947 ordinis
1733 902 1843 943 na-

477 980 685 1036 turalis
713 977 783 1034 ad
810 974 1170 1050 diligendum
1210 974 1402 1046 ipsum
1426 973 1606 1027 Deum
1636 968 1843 1024 autho-

410 1069 418 1078 *
460 1053 604 1117 ⁸rem
633 1059 957 1115 naturalem
985 1070 1160 1128 super
1186 1052 1385 1110 omnia
1421 1071 1434 1106 z
1480 1048 1577 1106 sed
1603 1045 1845 1120 01801110-

482 1151 573 1197 tus
615 1157 779 1197 amor
830 1139 1146 1211 expelleret
1194 1139 1502 1207 peccatum,
1556 1128 1845 1203 siquidem

478 1229 624 1283 esset
651 1223 761 1296 ipsi
785 1218 1271 1292 incompossibilis
1301 1238 1314 1273 ε
1358 1231 1495 1291 0180
1529 1228 1633 1287 001
1661 1213 1844 1269 solam

481 1305 858 1361 mutationem
891 1300 1239 1364 naturalem,
1284 1302 1339 1354 et
1386 1292 1847 1366 independenter

482 1402 517 1442 a
541 1381 969 1457 supernaturali
1014 1379 1202 1454 gratia
1245 1381 1425 1451 potest
1464 1373 1682 1432 destrui
1715 1389 1849 1444 pec-

482 1471 670 1522 catum
716 1462 974 1520 hominis
999 1459 1215 1518 conditi
1256 1458 1319 1514 in
1349 1457 1527 1530 puris,
1563 1454 1848 1512 Probatur

483 1546 688 1619 major,
720 1543 855 1616 quia
894 1547 1013 1598 tam
1059 1556 1129 1597 ex
1178 1543 1340 1612 parte
1387 1537 1507 1602 Dei,
1558 1550 1731 1607 quam
1776 1549 1849 1590 ex

485 1635 643 1702 parte
670 1624 925 1682 hominis
970 1622 1139 1678 datur
1179 1620 1378 1678 eadem
1409 1619 1665 1691 potentia
1692 1621 1844 1682 ante,

482 1715 540 1767 et
561 1713 684 1781 post
708 1711 998 1779 peccatum
1032 1726 1044 1759 :
1073 1701 1172 1760 sed
1199 1705 1352 1758 Deus
1375 1704 1593 1774 poterat
1620 1695 1849 1755 homini

486 1791 713 1849 condito
755 1790 816 1844 in
845 1787 1024 1860 puriS,
1058 1791 1364 1858 antequam
1408 1786 1677 1856 peccaret,
1709 1794 1851 1836 con-

491 1872 647 1929 ferre
669 1869 954 1926 auxilium
976 1865 1172 1924 efficax
1186 1864 1255 1921 ad
1278 1862 1636 1939 diligendum
1661 1861 1851 1934 ipsum

494 1955 674 2010 Deum
703 1950 1001 2008 authorem
1038 1947 1365 2004 naturalem
1411 1960 1583 2018 super
1630 1941 1846 2007 omnia,

493 2038 550 2090 et
569 2032 741 2089 homo
775 2034 995 2104 poterat
1015 2030 1194 2084 Deum
1228 2024 1494 2099 praedicto
1515 2022 1684 2080 modo
1712 2020 1854 2077 dili-

490 2128 624 2187 gere
651 2133 664 2167 :
689 2126 823 2185 ergo
851 2109 1005 2165 idem
1032 2107 1339 2164 dicendum
1359 2110 1445 2163 est
1475 2105 1619 2161 facta
1638 2116 1854 2175 suppo-

492 2192 700 2249 sitione
728 2191 958 2265 peccati.

567 2271 980 2346 Respondetur,
1013 2267 1162 2342 quod
1184 2268 1330 2325 sicut
1360 2271 1508 2324 Deus
1540 2267 1719 2336 potest
1745 2262 1854 2319 ho-

491 2355 642 2412 mini
671 2353 939 2410 existenti
981 2351 1044 2406 in
1070 2350 1258 2424 gratia
1283 2348 1544 2406 conferre
1565 2344 1854 2402 auxilium

492 2435 689 2492 efficax
716 2432 786 2489 ad
830 2431 1199 2488 dilectionem
1230 2429 1552 2485 naturalem
1575 2426 1774 2498 ipsius,
1799 2427 1856 2480 et

495 2516 883 2573 nihilominus
927 2514 975 2569 si
1023 2513 1196 2569 homo
1223 2515 1582 2585 supponatur
1609 2524 1641 2564 a
1668 2507 1857 2582 gratia

491 2615 594 2673 per
617 2602 905 2670 peccatum
933 2594 1226 2660 decidisse,
1261 2593 1458 2666 nequit
1496 2591 1589 2647 illi
1617 2588 1857 2663 praedic-

490 2685 613 2735 tum
638 2677 925 2733 auxilium
951 2675 1229 2740 conferre,
1255 2673 1368 2729 nisi
1397 2671 1573 2726 simul
1602 2668 1856 2727 conserat

488 2758 736 2835 gratiam
764 2756 1264 2828 supernaturalem
1287 2776 1301 2819 ;
1346 2753 1427 2808 ita
1453 2752 1584 2807 licet
1609 2748 1858 2823 potnerit

491 2837 719 2896 homini
760 2835 988 2897 condito
1037 2835 1100 2891 in
1142 2833 1322 2907 puris,
1356 2837 1412 2889 01
1440 2847 1542 2905 001
1570 2835 1857 2904 peccatum

494 2936 614 2977 non
643 2918 855 2976 infecto
896 2916 1227 2991 praedictum
1256 2913 1543 2972 auxilium
1571 2912 1853 2977 conferre,

493 3001 693 3074 nequit
721 3005 915 3056 tamen
945 3003 1163 3072 peccato
1190 2995 1501 3068 supposito,
1528 2990 1858 3066 hujusmodi

492 3085 777 3142 auxilium
806 3080 1253 3139 communicare.
1286 3079 1353 3133 Et
1385 3078 1529 3133 ratio
1557 3074 1859 3147 utrobique

492 3172 577 3224 est
624 3164 856 3231 eadem;
905 3163 1179 3238 quoniam
1228 3165 1515 3233 peccatum
1567 3173 1743 3232 grave
1788 3172 1860 3213 ex

496 3263 611 3303 una
672 3251 832 3318 parte
856 3244 1058 3316 nequit
1097 3258 1226 3298 cum
1260 3256 1455 3298 amore
1482 3237 1734 3296 naturali
1758 3236 1859 3293 Dei

494 3344 665 3401 super
686 3326 886 3383 omnia
904 3323 1172 3398 conjungi
1201 3323 1266 3379 in
1305 3321 1503 3379 eodem
1525 3318 1816 3393 supposito
1841 3340 1856 3385 ;

496 3415 554 3466 et
576 3426 645 3466 ex
675 3409 790 3464 alia
818 3410 979 3479 parte
1008 3406 1204 3478 nequit
1237 3420 1337 3476 per
1377 3404 1569 3475 ipsum
1598 3415 1858 3458 amorem

495 3491 724 3565 expelli,
752 3507 818 3547 eo
838 3487 988 3563 quod
1010 3488 1143 3543 talis
1173 3502 1334 3543 amor
1362 3486 1549 3542 solum
1578 3482 1863 3541 convertit

494 3573 565 3631 ad
606 3577 785 3629 Deum
833 3577 896 3627 01
924 3569 992 3626 ad
1039 3568 1214 3626 finem
1255 3569 1601 3635 naturalem,
1633 3571 1689 3621 et
1728 3579 1861 3621 cum

493 3657 599 3713 hac
629 3653 1021 3719 restrictione;
1067 3655 1354 3724 peccatum
1384 3654 1573 3705 autem
1601 3659 1775 3721 grave
1798 3646 1862 3701 in

494 3752 846 3810 quocumque
873 3740 1021 3790 statu
1051 3732 1262 3789 avertit
1309 3748 1342 3788 a
1382 3733 1495 3787 Deo
1525 3734 1584 3783 01
1611 3725 1726 3783 fine
1752 3742 1863 3782 na·-

496 3819 692 3883 turali,
724 3822 781 3873 et
811 3811 1262 3887 supernaturali,
1298 3817 1560 3882 utsupra
1604 3808 1863 3865 declara-

496 3897 705 3953 vimus.
741 3893 902 3951 Unde
949 3892 1214 3966 quamvis
1252 3897 1308 3948 et
1349 3893 1513 3955 DeuS,
1564 3894 1620 3945 et
1666 3889 1858 3952 110010,

494 3983 616 4033 1801
677 3982 830 4042 8010,
888 3989 1059 4046 quam
1107 3977 1231 4045 post
1272 3975 1559 4044 peccatum
1615 3967 1866 4024 118110801

495 4056 737 4115 eandem
781 4054 1097 4128 potentiam
1139 4050 1567 4109 antecedentem
1603 4048 1672 4105 ad
1716 4064 1865 4120 0180-

495 4137 713 4194 dictum
736 4150 1029 4201 amorem;
1063 4132 1448 4190 nihilominus
1480 4135 1699 4202 0000810
1725 4146 1866 4201 sup-

500 4220 699 4293 posito,
747 4233 864 4275 non
910 4214 1127 4271 habent
1169 4213 1483 4288 potentiam
1511 4226 1866 4283 consequen-

501 4310 617 4360 tem
678 4324 689 4357 :
745 4297 997 4374 potentia
1041 4297 1201 4353 enim
1251 4293 1587 4352 antecedens
1635 4291 1868 4365 respicit

502 4389 689 4440 actum
711 4377 1025 4451 secundum
1046 4392 1125 4442 se,
1159 4381 1216 4431 at
1238 4374 1489 4447 potentia
1515 4387 1866 4444 consequens

504 4463 733 4536 respicit
760 4460 1010 4519 eundem
1058 4465 1244 4515 actum
1293 4462 1354 4511 ut
1399 4452 1866 4529 conjungendum

501 4562 634 4603 0010
680 4541 1106 4600 circunstantiis
1154 4536 1599 4595 accidentalibus
1651 4534 1760 4602 1110,
1811 4539 1869 4590 01

503 4642 655 4684 0000
694 4620 1141 4688 occurrentibuS,
1188 4623 1248 4674 ut
1290 4617 1460 4673 latius
1486 4616 1867 4688 explicuimus

502 4715 666 4765 tract.
716 4704 934 4779 praeced.
986 4703 1128 4774 disp.
1180 4702 1235 4767 2,
1279 4698 1409 4754 dub.
1439 4699 1492 4752 4.
1546 4699 1614 4752 Et
1660 4696 1722 4751 in
1764 4695 1870 4751 1100

500 4804 670 4846 sensu
694 4781 1098 4858 distinguenda
1108 4786 1193 4838 est
1214 4779 1417 4853 major,
1433 4781 1489 4835 et
1510 4773 1869 4833 concedenda

502 4869 572 4926 de
620 4865 873 4941 potentia
920 4859 1295 4925 antecedenti,
1344 4856 1605 4932 neganda
1633 4871 1771 4912 vero
1796 4853 1869 4911 de

503 4948 756 5023 potentia
781 4943 1149 5018 consequenti
1182 4963 1195 4997 ε
1248 4948 1305 4998 01
1344 4939 1551 4997 deinde
1592 4953 1871 5012 negamus

503 5033 796 5090 minorem
824 5027 1098 5085 absolute.
1126 5024 1294 5094 Quia,
1314 5030 1377 5080 ut
1395 5018 1567 5081 modo
1588 5018 1866 5089 vidimus,

1969 575 2041 618 ex
2065 575 2152 628 eo,
2182 558 2332 634 quod
2359 575 2523 616 amor
2551 557 2835 615 naturalis
2862 556 2963 613 Dei
3004 570 3176 628 super
3203 570 3338 611 om-

1973 644 2091 712 1118,
2135 648 2191 700 01
2238 648 2524 716 peccatum
2552 640 2797 697 mortale
2841 654 2959 696 non
3001 643 3230 711 possent
3270 637 3338 692 in

1971 726 2173 784 eodem
2217 726 2466 800 subjecto
2511 722 2812 798 conjungi.
2876 737 2994 778 non
3051 721 3333 793 sequitur,

1971 806 2119 883 quod
2143 823 2307 865 amor
2341 809 2529 864 valeat
2555 806 2843 879 expellere
2872 807 3195 876 peccatum;
3236 801 3337 859 sed

1973 890 2121 963 quod
2161 895 2455 964 peccatum
2500 890 2752 962 expellat
2792 900 3069 951 amorem,
3113 890 3172 940 et
3213 885 3338 958 ejus

1973 973 2325 1031 elicientiam
2356 970 2653 1044 impediat.

2047 1057 2176 1114 288.
2221 1054 2324 1111 Sed
2363 1052 2680 1126 replicabis,
2723 1051 2859 1126 quia
2898 1067 3017 1108 non
3044 1050 3336 1107 minorem
3354 1053 3539 1108 neptim

1976 1139 2292 1195 bonitatem
2321 1135 2493 1193 habet
2517 1151 2681 1192 amor
2729 1133 3011 1190 naturalis
3040 1133 3140 1189 Dei
3167 1148 3339 1204 super

1976 1220 2193 1285 omnia,
2240 1233 2412 1292 quam
2461 1206 2747 1272 malitiam
2792 1212 3000 1270 habeat
3049 1218 3338 1286 peccatum

1977 1316 2152 1376 grave
2192 1299 2563 1356 commissum
2593 1299 2655 1353 in
2700 1302 2848 1353 statu
2894 1310 3203 1367 purorum;
3235 1308 3341 1350 nec

1978 1382 2162 1456 magis
2199 1387 2487 1452 peccatum
2529 1379 2739 1436 avertit
2760 1394 2794 1433 a
2820 1380 2947 1442 Deo,
2978 1391 3151 1449 quam
3181 1391 3345 1432 amor

1979 1464 2081 1520 ilte
2103 1462 2171 1520 ad
2196 1465 2376 1519 Deum
2417 1464 2777 1519 converteret
2806 1480 2819 1513 ε
2848 1474 2983 1532 0180
3015 1456 3346 1530 praedictum

1983 1548 2269 1616 peccatum
2300 1547 2484 1615 posset
2513 1539 2802 1612 adaequate
2849 1555 2948 1611 per
2985 1539 3158 1594 illum
3188 1554 3341 1593 amo·

1982 1639 2106 1680 rem
2135 1622 2366 1695 expelli,
2399 1627 2566 1694 atque
2606 1618 2734 1676 ideo
2778 1624 2834 1674 et
2880 1621 3045 1682 Deus,
3078 1625 3135 1673 et
3176 1617 3350 1674 homo

1983 1709 2229 1779 possent,
2283 1707 2399 1759 tam
2449 1701 2702 1773 potentia
2749 1698 3126 1764 antecedenti,
3171 1713 3344 1769 quam

1980 1783 2349 1857 consequenti
2416 1781 2750 1870 praedictqm
2817 1795 3097 1842 80101010,
3165 1778 3342 1834 etiam

1985 1870 2108 1938 post
2150 1862 2600 1936 suppositionem
2644 1861 2868 1934 peccati.
2917 1859 3155 1917 efficere.
3199 1858 3343 1914 Sua-

1983 1944 2150 2002 detur
2172 1942 2527 2008 antecedens,
2547 1943 2682 2015 quia
2701 1942 2846 1998 sicut
2863 1948 3148 2013 peccatum
3170 1954 3346 2013 grave

1986 2027 2050 2082 in
2084 2024 2351 2099 praedicto
2395 2029 2544 2079 statu
2593 2027 2880 2080 averteret
2925 2037 2958 2077 a
3000 2023 3133 2085 Deo,
3181 2024 3344 2092 prout

1986 2113 2069 2166 est
2091 2108 2154 2163 in
2169 2123 2246 2171 se,
2266 2107 2489 2180 cognito
2512 2109 2707 2162 tamen
2734 2104 2797 2161 in
2822 2104 3045 2160 ratione
3063 2102 3340 2169 authoris,

1986 2194 2042 2246 et
2068 2187 2203 2245 finis
2249 2186 2530 2244 naturalis
2563 2207 2575 2242 :
2607 2187 2687 2241 ita
2727 2202 2891 2242 amor
2931 2184 3212 2239 naturalis
3241 2182 3347 2238 Dei

1987 2287 2157 2344 super
2202 2270 2402 2327 omnia
2447 2273 2804 2326 converteret
2831 2266 2900 2324 ad
2930 2270 3125 2329 Deum,
3174 2269 3349 2337 prout

1987 2358 2071 2409 est
2095 2352 2159 2409 in
2178 2367 2256 2417 se,
2283 2350 2572 2425 cognitum
2595 2356 2788 2406 tamen
2811 2346 2915 2404 sub
2938 2347 3156 2402 ratione
3179 2351 3344 2400 natu·

1991 2434 2132 2491 ralis
2158 2434 2433 2502 authoris,
2466 2438 2520 2490 et
2560 2431 2695 2488 finis
2727 2454 2740 2488 ε
2768 2448 2902 2506 0180
2928 2430 3149 2488 bonitas
3175 2442 3343 2484 amo-

1992 2517 2073 2573 ris
2095 2515 2419 2588 adaequaret
2441 2514 2726 2571 malitiam
2762 2513 3063 2586 peccati,et
3102 2525 3218 2566 non
3234 2508 3344 2563 mi·

1991 2613 2101 2653 nus
2145 2601 2574 2653 converteretur
2601 2595 2771 2653 110010
2818 2609 2917 2665 001
2965 2587 3133 2649 illum
3182 2605 3345 2647 amo-

1992 2693 2136 2744 rem,
2163 2693 2334 2751 quam
2359 2693 2459 2750 per
2489 2680 2774 2749 peccatum
2797 2678 3175 2731 averteretur.

2066 2758 2459 2833 Respondetur
2487 2756 2747 2832 negando
2783 2755 3161 2822 antecedens;
3212 2769 3347 2810 nam
3362 2755 3552 2801 Diluitur.

1993 2858 2155 2900 amor
2178 2841 2460 2899 naturalis
2485 2841 2673 2899 solum
2699 2842 3057 2897 converteret
3077 2837 3149 2894 ad
3171 2840 3350 2894 Deum

1992 2931 2054 2983 ut
2095 2927 2367 2982 ultimum
2406 2924 2584 2981 finem
2633 2923 2992 2988 naturalem;
3063 2927 3350 2993 peccatum

1994 3011 2184 3063 autem
2211 3022 2388 3081 grave
2415 3006 2477 3061 in
2504 3019 2857 3079 quocumque
2894 3007 3044 3058 statu
3083 3001 3352 3058 commit-

1991 3091 2165 3152 tatur,
2197 3087 2405 3142 avertit
2450 3101 2484 3141 a
2529 3088 2642 3141 Deo
2671 3084 2876 3139 ultimo
2914 3080 3049 3148 fine,
3080 3086 3198 3136 tam
3245 3096 3353 3135 na-

1993 3168 2189 3231 turali,
2241 3182 2412 3239 quam
2459 3162 2924 3238 supernaturali,
2975 3168 3038 3217 ut
3083 3161 3353 3217 hactenus

1992 3253 2282 3305 ostensum
2326 3252 2429 3305 est.
2479 3246 2566 3301 Ad
2607 3243 3003 3320 probationem
3053 3245 3242 3298 autem
3290 3241 3352 3296 in

1992 3330 2350 3387 contrarium
2372 3328 2619 3385 dicimus
2645 3343 2777 3383 cum
2811 3329 2874 3383 D.
2905 3325 3113 3382 Thom.
3139 3326 3190 3387 2.
3210 3326 3262 3390 2,
3295 3340 3345 3399 q.
3383 3346 3549 3389 mmo,

1994 3413 2086 3477 26,
2137 3420 2247 3468 art.
2279 3412 2333 3477 3,
2379 3419 2427 3466 et
2456 3412 2571 3467 lect.
2602 3412 2658 3478 4,
2684 3426 2846 3482 super
2871 3426 2995 3481 cap.
3047 3408 3112 3463 13
3147 3407 3353 3479 prioris

1994 3492 2068 3547 ad
2116 3490 2449 3557 Corinthios,
2500 3488 2649 3563 quod
2694 3504 2859 3546 amor
2905 3488 3191 3544 naturalis
3236 3501 3354 3541 000

1996 3572 2226 3646 81110811
2265 3573 2444 3627 Deum
2493 3574 2660 3643 01001
2684 3574 2770 3625 est
2813 3569 2877 3625 in
2923 3584 3001 3634 se,
3047 3566 3352 3638 adaequate.

1994 3651 2093 3710 sed
2140 3651 2529 3724 inadaequate,
2581 3666 2788 3723 nempe
2851 3646 3160 3706 secundum
3207 3644 3357 3717 quod

1999 3734 2373 3808 participatur
2416 3732 2763 3788 naturaliter
2790 3746 2823 3786 a
2849 3727 3136 3791 creaturiS,
3167 3730 3220 3782 et
3259 3739 3356 3780 se-

1997 3813 2250 3872 cundum
2273 3813 2421 3887 quod
2442 3830 2571 3869 cum
2600 3813 2684 3868 eis
2704 3809 3084 3868 communicat
3104 3807 3168 3861 in
3188 3804 3358 3862 bonis

1999 3896 2380 3955 naturalibus.
2425 3899 2574 3951 Tum
2602 3895 2737 3967 quia
2763 3893 3046 3967 objectum
3077 3896 3137 3947 ut
3181 3894 3363 3945 attac-

1999 3984 2122 4034 tum
2157 3981 2657 4035 commensuratur
2685 3974 2906 4037 virtuti.
2938 3989 3038 4046 per
3082 3986 3254 4044 quam
3283 3974 3363 4025 at·

2000 4061 2285 4134 tingitur:
2328 4058 2481 4115 unde
2507 4059 2652 4114 sicut
2691 4057 2878 4113 virtus
2899 4056 3021 4119 illa,
3055 4059 3117 4109 01
3153 4067 3365 4125 suppo-

2001 4142 2180 4210 nitur,
2213 4145 2297 4197 est
2323 4139 2606 4196 naturalis
2647 4137 2954 4209 adaequate,
2980 4139 3060 4191 ita
3080 4132 3366 4206 objectum

2001 4227 2292 4286 attactum,
2320 4221 2384 4276 in
2427 4225 2708 4294 quantum
2732 4219 2865 4285 tale,
2888 4223 2974 4273 est
2995 4216 3279 4280 naturale,
3312 4219 3370 4270 et

2000 4320 2118 4361 non
2186 4304 2460 4375 importat
2517 4301 2872 4375 adaequatam
2933 4297 3362 4371 perfectionem,

2000 4400 2172 4457 quam
2201 4382 2370 4440 habet
2399 4384 2461 4439 in
2488 4383 2694 4454 seipso,
2725 4384 2871 4437 Tum
2893 4380 3089 4443 etiam,
3122 4377 3258 4450 quia
3296 4391 3369 4432 ex

2001 4464 2259 4538 opposito
2287 4463 2468 4530 fieret,
2522 4478 2779 4519 amorem
2821 4462 2990 4516 illum
3039 4458 3368 4514 naturalem

2001 4560 2121 4601 non
2148 4543 2427 4617 distingui
2473 4539 2729 4615 specifice
2754 4539 2825 4597 ab
2860 4554 3056 4596 amore
3083 4551 3370 4609 superna-

2003 4626 2199 4689 turali,
2228 4623 2375 4698 quod
2398 4629 2480 4680 est
2510 4620 2847 4678 absurdum.
2872 4623 3154 4677 Caeterum
3185 4632 3371 4690 pecca-

2002 4715 2125 4764 tum
2163 4722 2339 4782 grave
2379 4706 2588 4762 avertit
2615 4721 2648 4760 a
2675 4706 2788 4761 Deo
2815 4705 2879 4760 in
2906 4707 3186 4775 quantum
3226 4715 3371 4757 con-

2002 4790 2176 4846 vertit
2214 4786 2284 4845 ad
2314 4795 2638 4845 creaturam
2677 4791 2952 4859 tanquam
2993 4782 3064 4840 ad
3094 4784 3372 4838 ultimum

2004 4862 2215 4929 finem;
2257 4866 2312 4919 et
2337 4863 2473 4935 quia
2493 4865 2757 4918 creatura
2793 4858 2899 4915 sub
2930 4858 3152 4915 ratione
3173 4856 3374 4912 ultimi

2002 4942 2138 4999 finis
2181 4943 2492 5015 opponitur
2521 4943 2633 4998 Deo
2663 4938 2951 5013 adaequate
2976 4941 3219 5010 sumpto,
3251 4942 3374 4992 tam

2004 5025 2068 5082 in
2095 5024 2322 5083 ratione
2365 5021 2502 5079 finis
2538 5019 2731 5078 ultimi
2774 5018 3073 5087 naturalis,
3103 5031 3277 5145 quatm
3306 5017 3374 5071 in

3141 5105 3208 5147 18
3235 5103 3374 5147 1000
