3647 5753
1285 431 1463 487 DlSP.
1509 431 1629 498 VII,
1675 432 1842 489 DUB.
1886 433 1951 490 V.
2593 433 2596 436 ’
2918 437 3028 491 213

171 613 287 658 tum
312 605 533 669 anim-c,
568 601 623 658 id
647 607 750 668 est,
797 601 1009 657 animae
1039 601 1403 673 impressum,
1437 601 1528 658 vel

173 686 234 739 in
262 683 461 739 anima
490 689 799 756 receptum.
848 684 957 739 Per
983 682 1132 755 quod
1175 684 1422 740 minime
1448 683 1531 739 si-

169 763 463 839 gnificavit
491 764 671 820 ullam
700 764 822 836 ejus
862 761 1218 820 identitatem
1247 780 1374 820 cum
1402 779 1532 836 ope·

173 844 391 901 ratione
415 841 487 900 ab
512 844 710 900 anima
731 843 936 905 elicita.
962 843 1057 899 sed
1082 849 1277 916 aperte
1296 860 1533 918 expres·

169 928 240 981 sit
278 927 638 983 contrarium
665 949 678 992 ;
709 926 952 981 asseruit
995 927 1155 981 enim
1204 926 1531 999 praedictam

167 1009 408 1084 gratiam
454 1024 582 1064 esse
627 1007 705 1074 id,
754 1019 866 1081 quo
905 1009 1103 1065 anima
1150 1014 1414 1065 movetur
1460 1009 1530 1066 ad

168 1087 520 1161 operandum
551 1104 701 1145 :uno
722 1087 907 1153 mode,
931 1089 1135 1161 inquit,
1164 1089 1225 1144 in
1248 1094 1529 1161 quantum

169 1169 358 1225 anima
392 1168 657 1224 hominis
687 1175 950 1225 movetur
989 1185 1022 1225 a
1053 1171 1165 1225 Deo
1209 1167 1282 1224 ad
1310 1169 1531 1241 aliquid

167 1247 638 1323 cognoscendum,
675 1254 779 1304 etc.
806 1248 954 1323 quod
987 1249 1235 1306 minime
1262 1251 1531 1307 convenit

166 1329 513 1401 operationi:
559 1330 677 1386 haec
704 1330 913 1403 quippe
953 1346 1072 1387 non
1113 1334 1306 1387 movet
1336 1331 1529 1389 homi-

172 1425 296 1465 nem
323 1408 392 1465 ad
433 1409 745 1484 agendum,
789 1411 887 1467 sed
927 1412 1200 1483 supponit
1227 1411 1526 1469 hominem

171 1495 520 1561 praemotum,
550 1498 615 1546 ut
636 1496 780 1564 agat,
809 1497 865 1548 et
885 1497 968 1548 est
990 1492 1221 1547 effectus
1248 1490 1529 1563 praedictae

172 1571 449 1629 motionis».
478 1573 730 1630 Intentio
753 1573 943 1646 itaque
964 1574 1019 1629 S.
1049 1573 1302 1629 Doctoris
1328 1589 1396 1630 eo
1417 1574 1528 1630 col·

171 1650 413 1716 limabat,
467 1657 529 1706 ut
574 1652 900 1728 ostenderet
943 1653 1192 1726 gratiam
1241 1654 1524 1710 actualem

171 1745 277 1786 uon
297 1746 414 1787 esse
433 1734 774 1805 qualitatem
796 1739 1252 1807 permanentem,
1280 1734 1526 1791 sicutest

170 1811 340 1882 gratia
361 1812 678 1868 habitualis
698 1837 711 1879 ;
733 1812 832 1869 sed
853 1827 974 1869 esse
1008 1812 1254 1869 formam
1283 1813 1518 1881 vialem,

172 1893 223 1944 et
246 1889 470 1947 fluidam
502 1891 575 1948 ad
602 1892 786 1949 instar
816 1897 1033 1959 motus;
1058 1899 1113 1949 et
1136 1893 1197 1949 in
1228 1894 1332 1950 hoc
1351 1908 1522 1949 sensu

178 1971 399 2025 asseruit
454 1972 707 2046 gratiam
774 1973 1053 2028 actualem
1112 1987 1235 2029 esse
1299 1979 1521 2029 motum

175 2051 382 2116 animas,
412 2059 474 2107 ut
503 2054 681 2109 latius
700 2054 1085 2126 explicuimus
1106 2053 1226 2110 loco
1252 2053 1439 2118 citato,
1467 2059 1523 2110 et

110 2153 145 2178 ω.
175 2131 296 2186 satis
330 2139 522 2204 aperte
565 2131 863 2207 colligitur
890 2149 960 2189 ex
995 2136 1050 2190 S.
1084 2135 1319 2190 Doctore
1344 2149 1521 2206 supra

176 2229 219 2288 q.
251 2214 362 2280 109,
392 2222 500 2269 art.
533 2217 581 2280 1,
611 2219 666 2271 et
685 2214 1012 2271 evidentius
1041 2213 1223 2271 adhuc
1241 2232 1314 2269 ex
1333 2222 1515 2292 quaest.

177 2294 224 2356 3,
246 2292 304 2346 de
319 2297 573 2365 potentia,
604 2302 717 2351 art.
739 2297 775 2349 7
795 2296 871 2349 ad
888 2298 944 2360 7,
978 2293 1076 2350 ubi
1102 2294 1289 2366 inquit
1316 2315 1329 2349 x
1360 2295 1521 2350 «Vir-

184 2396 203 2422 ιι
240 2378 323 2428 tus
360 2376 658 2442 naturalis,
683 2391 809 2447 quae
846 2379 932 2431 est
955 2374 1122 2431 rebus
1146 2374 1207 2430 in
1234 2390 1335 2431 sua
1362 2391 1521 2431 cons·

184 2479 203 2504 ιι
244 2454 493 2513 titutione
535 2458 768 2521 collata,
822 2457 972 2512 inest
1018 2456 1102 2512 eis
1153 2462 1216 2511 ut
1257 2455 1519 2528 quaedam

184 2559 206 2586 κ
247 2536 418 2593 forma
439 2538 657 2595 habens
681 2555 805 2595 esse
831 2537 1086 2606 firmum,
1131 2545 1186 2594 et
1214 2543 1422 2604 ratum,
1457 2539 1518 2595 in

188 2639 210 2664 a
251 2621 437 2674 natura
467 2619 604 2677 :sed
626 2617 682 2675 id
704 2618 854 2691 quod
877 2635 909 2675 a
941 2622 1053 2675 Deo
1082 2618 1145 2674 fit
1182 2618 1243 2675 in
1269 2634 1330 2675 re
1358 2623 1520 2675 natu·

185 2720 208 2746 α
250 2697 364 2764 rali,
391 2716 494 2771 quo
531 2700 839 2757 actualiter
867 2700 1001 2775 agit,
1050 2706 1225 2757 estut
1272 2701 1519 2759 intentio

184 2801 206 2826 «
243 2779 352 2834 sola
375 2779 588 2838 habens
629 2797 751 2838 esse
777 2780 1063 2853 quoddam
1106 2781 1516 2853 incompletum

185 2884 205 2910 α
246 2875 335 2932 per
355 2862 584 2920 modum
628 2880 740 2941 quo
766 2864 983 2921 colores
1010 2867 1147 2920 sunt
1176 2864 1236 2919 in
1266 2879 1417 2933 aere,
1461 2868 1518 2922 et

185 2962 207 2991 u
244 2942 411 2999 virtus
436 2947 577 3001 artis
604 2945 668 3000 in
695 2946 1084 3001 instrumento
1105 2942 1363 3000 artificis.
1409 2964 1435 2995 2>

148 3064 160 3074 .
243 3024 358 3079 298.
403 3026 481 3082 Ex
527 3024 701 3082 dictis
751 3026 814 3081 in
856 3027 977 3091 hoc,
1023 3031 1079 3082 et
1125 3023 1516 3098 praecedentig

112 3106 152 3135 Μ
183 3099 373 3174 liquido
414 3105 690 3170 infertur,
746 3106 1029 3162 auxilium
1069 3105 1265 3162 efficax
1303 3121 1517 3178 ponere

181 3180 233 3236 in
257 3183 436 3241 anima
463 3184 687 3258 aliquid
720 3187 1096 3243 intrinsecum
1124 3191 1180 3243 et
1202 3187 1509 3254 inhaerens,

179 3261 477 3323 distinctum
508 3269 748 3325 realiter
775 3267 844 3324 ab
873 3268 1223 3340 operatione,
1275 3285 1378 3340 pro
1403 3284 1515 3342 qua

179 3343 428 3403 elicienda
452 3350 914 3406 communicatur
947 3392 960 3415 ,
990 3354 1046 3405 et
1074 3349 1269 3405 minus
1315 3364 1514 3406 conse-

178 3429 390 3494 quenter
410 3427 716 3500 procedere
736 3444 851 3495 eos,
872 3428 1114 3502 quicum
1135 3445 1205 3485 ex
1223 3445 1338 3485 una
1355 3435 1514 3502 parte

179 3501 387 3561 doceant
423 3509 712 3565 auxilium
750 3525 873 3566 esse
915 3508 1108 3566 efficax
1135 3525 1205 3565 ex
1231 3526 1311 3573 se,
1360 3514 1414 3565 et
1442 3507 1512 3566 ab

182 3586 477 3656 intrinseco,
509 3596 682 3664 atque
723 3607 755 3647 a
782 3592 1018 3648 scientia
1060 3591 1248 3649 media
1280 3607 1512 3664 prorsus

183 3664 539 3741 independens
564 3695 582 3738 3
625 3687 698 3727 ex
724 3672 840 3729 alia
869 3677 1028 3745 parte
1056 3673 1347 3746 refugiunt
1373 3688 1512 3729 con-

180 3745 369 3811 cedere,
421 3750 566 3821 quod
596 3750 672 3807 sit
698 3751 917 3824 aliquid
945 3753 1156 3809 animae
1198 3752 1506 3819 inhaerens,

181 3829 227 3878 et
247 3827 379 3899 quod
406 3829 473 3884 ab
499 3832 854 3903 operatione,
895 3832 985 3888 cui
1013 3831 1281 3896 deservit,
1336 3832 1511 3887 reali-

183 3908 255 3961 ter
277 3906 509 3967 differat.
556 3911 619 3967 ld
646 3912 797 3986 quod
836 3914 928 3970 vel
969 3930 1039 3971 ex
1069 3913 1207 3985 ipsis
1256 3906 1512 3984 patronis

113 4014 160 4046 ez.
182 3986 402 4045 scientiae
422 3991 622 4047 medias
645 3999 794 4050 recte
817 3992 963 4049 vidit
987 3995 1197 4050 Suarez
1218 3999 1348 4050 tom.
1374 3995 1428 4058 2,
1446 3993 1512 4048 dc

182 4071 357 4135 qratia,
387 4071 475 4128 lib.
508 4073 562 4136 3,
604 4074 670 4129 de
690 4075 948 4140 auxiliis,
978 4093 1097 4147 cap.
1130 4075 1222 4139 31,
1266 4091 1418 4130 num.
1450 4074 1505 4139 5,

187 4143 265 4202 ubi
290 4150 360 4205 ait
392 4173 404 4206 ε
449 4174 475 4205 α
529 4154 712 4210 Multo
750 4154 933 4228 magis
977 4159 1388 4227 consequenter
1421 4154 1510 4211 lo-

190 4247 210 4273 «
244 4237 495 4301 quantur,
527 4235 623 4307 qui
645 4233 844 4291 dicunt
868 4236 1145 4307 praevium
1168 4250 1507 4293 concursum

190 4328 210 4355 «
244 4323 349 4367 esse
387 4328 503 4369 rem
531 4315 774 4371 omnino
800 4314 1128 4374 distinctam
1158 4332 1190 4372 a
1230 4331 1506 4372 concursu

188 4410 209 4435 w
243 4394 650 4461 concomitante,
669 4402 724 4452 et
746 4404 1152 4469 consequenter
1167 4396 1240 4454 ab
1261 4398 1502 4465 actione,
1529 4427 1543 4440 ·

188 4488 207 4514 «
242 4473 291 4524 et
311 4470 498 4529 ellectu
524 4491 704 4532 causae
728 4475 1033 4533 secundae:
1084 4493 1218 4533 nam
1258 4476 1507 4550 prolecto

189 4568 210 4595 α
245 4548 414 4608 ablata
431 4553 796 4613 distinctione
818 4557 981 4624 reali,
1003 4557 1346 4613 facillimum
1369 4556 1503 4625 erit,

190 4649 211 4673 «ι
245 4628 352 4687 imo
388 4638 767 4693 necessarium
809 4640 1050 4696 alteram
1077 4636 1505 4694 distinctionem

192 4730 213 4758 α
245 4725 308 4766 ex
328 4721 521 4774 natura
550 4720 631 4776 rei
661 4720 881 4777 tollere.
927 4741 953 4772 »
1007 4718 1172 4776 Unde
1196 4718 1372 4777 etiam
1398 4720 1507 4776 ha-

187 4786 343 4877 Ῑξθῖὓῑ,
387 4800 651 4867 praeviam
687 4800 837 4857 hanc
864 4801 1176 4858 motionem
1214 4798 1284 4857 ab
1310 4815 1507 4873 opera-

186 4871 319 4929 tione
341 4873 677 4946 distinctam,
729 4881 929 4953 inqua
972 4881 1256 4938 auxilium
1309 4880 1506 4938 efficax

187 4954 567 5028 constituimus,
593 4975 715 5018 esse
734 4961 1029 5019 entitatem
1055 4962 1371 5037 physicam,
1401 4962 1507 5018 hoc

188 5037 462 5094 estveram
487 5046 542 5098 et
582 5044 794 5100 realem
822 5067 835 5105 z
863 5060 974 5117 quo
1018 5045 1191 5101 etiam
1232 5059 1401 5101 sensu
1435 5045 1499 5101 D.

1595 604 1607 627 '
1664 604 1920 677 Cyrillus
1964 605 2185 670 asserit,
2231 603 2508 660 unionem
2555 604 2932 660 humanitatis
2953 603 3024 660 ad
3065 622 3216 675 acy-

1664 683 1920 741 Verbum
1951 685 2224 741 Divinum
2255 685 2318 741 in
2365 685 2589 741 Christo
2635 685 2879 741 Domino
2903 699 3033 741 esse
3076 670 3212 715 ‘Q

1660 766 1964 838 physicam,
2012 783 2128 824 non
2180 766 2315 838 quia
2357 766 2640 823 naturalis
2685 764 2877 833 suerit,
2927 764 3029 821 sed

1662 846 1794 916 quia
1819 863 1956 903 vera
1969 852 2025 903 et
2048 848 2241 903 realis,
2266 844 2593 902 Videndum
2617 850 2811 901 tamen
2834 850 3026 912 restat,

1661 940 1772 997 quo
1803 932 1960 997 pacto
2007 932 2253 992 moveat,
2305 940 2379 982 an
2430 926 2729 982 moraliter
2776 931 3025 994 tantum,

1663 1021 1739 1061 an
1760 1006 1936 1062 etiam
1966 1007 2194 1081 physice
2214 1009 2242 1062 P

1735 1090 1976 1145 Moralis
1999 1091 2177 1148 motio
2192 1089 2423 1153 dicitur,
2444 1104 2568 1161 quae
2587 1087 2877 1144 mediante
2898 1104 3027 1162 pro-

1663 1170 1945 1242 positione
1982 1171 2182 1246 objecti
2211 1169 2292 1236 tit,
2335 1175 2392 1226 et
2419 1170 2720 1226 moraliter
2745 1168 3025 1226 determi-

1662 1253 1779 1316 nat,
1820 1265 2028 1323 nempe
2053 1250 2340 1316 suasione,
2372 1255 2428 1306 et
2454 1248 2845 1312 delectatione,
2890 1249 3018 1321 qui,-

1660 1326 1765 1384 bus
1791 1329 2071 1404 obJ‘ectum
2118 1330 2410 1405 cognitum
2446 1328 2744 1386 hominem
2772 1326 2843 1384 ad
2883 1343 3021 1385 con-

1657 1424 1891 1465 sensum
1920 1411 2120 1477 allicit,
2169 1416 2225 1466 et
2250 1414 2536 1482 provocat.
2589 1407 2830 1482 Physica
2884 1423 3021 1465 vero

1658 1491 2000 1562 appellatur,
2040 1505 2164 1562 quae
2189 1504 2364 1561 supra
2387 1490 2535 1545 hanc
2561 1488 2875 1545 motionem
2915 1487 3021 1545 ob-

1651 1567 1942 1642 jectivam,
1967 1573 2024 1625 et
2050 1567 2500 1641 metaphoricam
2524 1565 2682 1623 addit
2702 1566 3017 1640 impulsum

1656 1651 1978 1717 causaliter,
2021 1655 2077 1706 et
2102 1649 2358 1706 effective
2406 1653 2759 1713 moventem,
2794 1648 3020 1706 ratione

1654 1732 1814 1805 cujus
1852 1731 2074 1788 dicatur
2103 1735 2249 1788 Deus
2289 1746 2406 1788 non
2447 1731 2635 1788 solum
2674 1729 2932 1797 suadere,
2964 1737 3021 1787 et

1656 1814 1889 1871 allicere
1910 1813 1980 1870 ad
2007 1829 2347 1870 consensum
2374 1837 2388 1880 ;
2416 1812 2513 1869 sed
2535 1813 2709 1870 etiam
2737 1812 3012 1879 effective,

1653 1899 1709 1950 et
1755 1895 2009 1968 rigorose
2054 1894 2245 1967 ipsum
2293 1909 2634 1951 consensum
2682 1892 3012 1965 producere,

1654 1974 1939 2041 DiximuS,
1970 1992 2046 2030 an
2071 1974 2358 2029 moraliter
2383 1979 2619 2038 tantum,
2651 1973 2787 2045 quia
2814 1987 3016 2029 omnes

1653 2053 1986 2121 admittunt,
2041 2052 2190 2127 quod
2236 2057 2383 2110 Deus
2410 2053 2512 2109 hoc
2559 2059 2718 2124 pacto
2764 2056 3010 2119 moveat,

1653 2149 1757 2190 nec
1772 2132 1832 2189 id
1854 2134 2084 2207 negavit
2100 2132 2362 2207 Pelagius
2385 2134 2522 2206 ipse,
2542 2130 2640 2186 sed
2659 2131 2797 2186 satis
2821 2132 3011 2203 palam

1651 2213 1925 2269 concessit
1964 2215 2144 2269 Deum
2174 2229 2276 2271 nos
2320 2226 2554 2269 movere
2581 2226 2683 2282 per
2725 2211 2924 2284 legem,
2957 2215 3013 2265 et

1651 2291 1994 2362 doctrinam,
2020 2298 2076 2350 et
2094 2298 2316 2350 sanctas
2335 2291 2721 2366 cogitationes,
2750 2296 2812 2345 ut
2833 2289 3011 2346 refert

1651 2373 1719 2428 D.
1760 2377 1997 2447 August.
2028 2374 2120 2430 lib.
2151 2374 2215 2429 de
2237 2375 2425 2443 qratia
2472 2371 2702 2436 Christi,
2734 2388 2858 2443 cap.
2878 2372 2935 2437 7,
2959 2377 3011 2425 et
3041 2384 3202 2436 naug.

1658 2455 1743 2518 10,
1762 2460 1818 2511 et
1838 2459 2058 2522 constat
2070 2470 2140 2511 ex
2161 2453 2328 2510 dictis
2345 2452 2473 2507 dub.
2493 2453 2548 2516 2,
2567 2459 2615 2507 et
2635 2452 2776 2524 disp.
2812 2453 2857 2517 l,
2882 2468 3005 2523 cap.

1648 2535 1703 2598 4,
1719 2538 1750 2604 ξ
1766 2536 1799 2588 4
1827 2533 1957 2602 ;sed
1973 2533 2214 2591 dubium
2239 2539 2425 2601 est,an
2447 2533 2620 2589 etiam
2644 2537 2871 2588 moveat
2885 2531 3010 2587 effi·-

1650 2617 1861 2674 caciter
1885 2616 2132 2691 physice.

2242 2801 2273 2867 g
2315 2797 2410 2854 111.

1721 2948 1861 3005 Alia
1898 2949 2170 3004 conclusio
2208 2946 2494 3020 explicans
2531 2945 2771 3011 modum,
2830 2962 2933 3023 quo

1952 3028 2236 3083 auxilium
2263 3028 2463 3102 efficax
2502 3033 2691 3083 movet.

1718 3177 1847 3232 299.
1895 3175 2209 3232 Dicendum
2248 3179 2333 3232 est
2377 3175 2565 3241 terti0,
2610 3174 2895 3231 auxilium
2933 3189 3005 3230 ex
3043 3203 3181 3247 Tem„

1644 3255 1921 3316 seefficax
1967 3271 2198 3313 movere
2227 3255 2474 3329 physice,
2524 3261 2580 3313 et
2607 3271 2725 3312 non
2773 3254 3007 3328 praecise
3035 3252 3200 3345 ⁰22¹?sp

1644 3338 1967 3395 moraliter.
1994 3339 2122 3395 Haec
2148 3337 2433 3395 conclusio
2458 3341 2544 3392 est
2566 3337 2892 3392 communis
2918 3335 3006 3392 in·
3137 3334 3146 3344 '

1645 3422 1731 3474 ter
1745 3417 2090 3485 Thomistas,
2109 3433 2354 3490 quorum
2373 3418 2567 3489 plures
2581 3414 2844 3472 dedimus
2858 3416 2999 3488 disp.

1642 3501 1694 3568 5,
1718 3501 1846 3556 dub.
1878 3502 1934 3567 6,
1960 3504 1992 3569 ξ
2012 3503 2063 3568 2,
2090 3499 2241 3557 unde
2285 3498 2639 3571 superfluum
2659 3503 2745 3555 est
2786 3498 3008 3569 aliquos

1643 3582 1708 3638 in
1757 3580 2091 3653 particulari
2134 3580 2370 3637 referre.
2423 3581 2491 3634 Et
2542 3583 2724 3651 potest
2776 3577 3008 3650 probari

1644 3661 1912 3734 pluribus
1944 3675 2119 3717 sacrae
2162 3659 2488 3731 Scripturae,
2538 3662 2595 3714 et
2632 3659 2725 3714 SS.
2772 3660 3009 3715 Patrum

1644 3741 2010 3807 testimoniis,
2042 3755 2167 3814 quae
2188 3745 2401 3805 tamen,
2425 3742 2483 3793 ut
2506 3738 2752 3794 vitemus
2774 3737 3010 3811 prolixi-

1643 3829 1838 3891 tatem,
1872 3822 2228 3897 argumentis
2253 3821 2448 3877 statim
2470 3818 2840 3893 subjiciendis
2862 3818 3010 3877 inse·

1645 3906 2109 3971 remus.·Constat
2131 3903 2366 3974 insuper
2386 3916 2458 3956 ex
2479 3898 2750 3957 omnibus
2773 3900 3007 3957 motivis

1643 3986 1763 4043 loco
1787 3986 1959 4043 citato
1987 3984 2310 4057 propositis,
2335 3990 2384 4038 et
2407 3985 2467 4038 in
2491 3983 2596 4037 hac
2620 3982 2762 4054 disp.
2792 3982 2922 4038 dub.
2945 3984 3002 4050 3,

1639 4075 1688 4124 et
1711 4070 1745 4123 4
1774 4092 1788 4136 ;
1816 4084 1952 4125 nam
1987 4068 2036 4124 si
2067 4072 2457 4141 penetrentur,
2512 4069 2569 4122 et
2597 4070 2745 4121 recte
2789 4079 3008 4137 expen-

1640 4150 1873 4216 dantur,
1923 4149 2069 4206 sicut
2091 4148 2337 4221 probant
2376 4146 2769 4204 necessitatem
2798 4146 3005 4201 auxilii

1642 4232 2003 4306 applicantiS,
2052 4235 2108 4288 et
2147 4229 2446 4288 efficaciter
2492 4243 2562 4285 ex
2589 4243 2650 4283 se
2696 4227 3002 4293 moventis,

1642 4316 1722 4371 ita
1748 4315 1925 4371 etiam
1969 4313 2266 4380 evincunt,
2321 4310 2470 4386 quod
2519 4309 2807 4367 auxilium
2846 4324 2918 4365 ex
2945 4324 3007 4369 se

1639 4395 1836 4452 efficax
1857 4400 2085 4453 moveat
2113 4394 2365 4468 physice,
2395 4398 2452 4449 et
2474 4408 2592 4449 non
2620 4390 2850 4464 praecise
2875 4406 3006 4447 mo-

1639 4479 1862 4546 raliter,
1895 4482 1957 4533 ut
2003 4477 2168 4535 facile
2206 4474 2593 4533 consideranti
2618 4471 2916 4540 constabit,
2946 4477 3004 4530 et

1638 4560 1890 4633 amplius
1910 4558 2124 4633 patebit
2143 4574 2214 4614 ex
2234 4553 2509 4613 dicendis.
2536 4552 2702 4610 Unde
2720 4569 2860 4626 opus
2882 4567 2998 4609 non

1636 4644 1720 4696 est
1767 4655 1947 4697 novas
1997 4636 2347 4711 investigare
2399 4634 2650 4691 rationes
2700 4631 2770 4687 ad
2830 4632 2998 4706 hujus

1637 4721 2018 4778 conclusionis
2063 4718 2583 4782 confirmationem,
2632 4713 2730 4771 sed
2772 4719 2997 4770 tantum
3047 4760 3048 4763 ,

1638 4807 1861 4875 oportet
1877 4806 2215 4876 argumenta
2232 4798 2368 4856 locis
2382 4797 2567 4854 citatis
2581 4796 2728 4852 tacta
2742 4795 2999 4867 aliquan-

1639 4882 1830 4938 tulum
1848 4895 2128 4954 premere,
2141 4885 2199 4937 et
2214 4877 2348 4934 huic
2368 4874 2671 4934 assertioni
2689 4873 2995 4947 applicare.

1711 4961 1997 5021 Probatur
2034 4977 2169 5037 ergo
2198 4959 2388 5033 primo
2433 4956 2655 5015 ratione
2693 4956 2829 5013 satis
2876 4954 3000 5011 effi-

1637 5044 1794 5103 caci:
1837 5043 2112 5118 quoniam
2140 5042 2211 5100 de
2238 5040 2462 5099 ratione
2507 5035 2876 5095 instrumenti
2915 5040 3000 5094 est
