3647 5753
499 356 611 411 316

504 548 532 576 «
572 526 704 595 quis
727 522 1049 581 scabiosum
1086 523 1395 598 quendam,
1427 530 1598 597 peste,
1631 522 1851 588 morb0,

505 629 530 655 a
570 605 750 671 seni0‚
800 610 1131 676 paupertate
1170 605 1408 677 pariter,
1439 620 1504 660 ac
1542 604 1695 660 tame
1726 618 1858 661 cor-

501 706 527 733 «
573 691 808 756 ruptum
837 692 1055 751 nactus,
1102 685 1422 743 formosum
1462 700 1596 741 mox
1637 683 1862 741 adolae—

502 786 528 813 a
569 771 791 820 centem
823 764 1038 831 reddat,
1065 766 1165 836 qui
1191 766 1424 837 quosvis
1443 769 1742 820 venustate
1760 779 1863 818 su-

503 867 529 895 «
575 853 752 917 peret,
787 847 1189 902 vehementem
1227 846 1598 920 splendorem
1639 862 1672 903 e
1697 846 1862 919 genis

502 949 528 976 α
569 929 812 992 emittat,
836 928 1068 1001 ipsaque
1089 928 1319 1001 fulgura
1338 928 1636 984 oculorum
1661 942 1859 999 reper-

501 1029 527 1057 «
567 1008 927 1064 cussionibus
954 1007 1248 1074 obscuret;
1278 1024 1450 1080 quem
1475 1007 1685 1064 deinde
1708 1013 1765 1063 et
1793 1008 1858 1062 in

501 1113 525 1139 a
571 1090 692 1162 ipso
718 1091 898 1146 aetatis
919 1090 1061 1146 flore
1078 1090 1404 1154 constituat,
1437 1094 1605 1160 atque
1620 1088 1858 1160 insuper

499 1191 526 1220 a
566 1177 620 1225 et
645 1187 915 1242 purpura,
939 1177 996 1225 et
1016 1170 1327 1243 omnigeno
1349 1167 1569 1224 mundo
1591 1170 1857 1224 restituat

499 1273 526 1302 a
568 1260 734 1324 atque
765 1256 1007 1309 exornet
1033 1273 1046 1306 :
1078 1267 1196 1308 non
1219 1250 1389 1305 aliter
1429 1249 1686 1306 animam
1715 1266 1854 1306 nos-

500 1352 526 1382 «
570 1336 720 1386 tram
744 1334 890 1388 Deus
910 1338 965 1388 et
989 1331 1365 1395 elaboratam,
1384 1333 1442 1385 et
1463 1329 1855 1401 pulchram,et

501 1434 526 1462 a
568 1409 1028 1479 desiderabilem,
1045 1429 1110 1469 ac
1129 1410 1393 1467 dilectam
1412 1409 1615 1466 reddit.
1638 1431 1664 1462 n
1690 1409 1851 1475 Quod

495 1490 679 1563 magis
696 1492 978 1548 constabit
995 1508 1066 1548 ex
1081 1489 1342 1547 dicendis
1359 1491 1501 1562 disp.
1523 1507 1631 1567 seq.
1655 1490 1781 1546 dub.
1799 1492 1846 1546 1.

297 1568 1853 1723 {3⁹⁰⁰dein{ttsaffiffmffitfffsgtxffiffiffi

281 1695 454 1792 ⁹3⁰3}ae
494 1730 1026 1803 concupiscentiam,
1052 1745 1176 1803 quae
1209 1745 1326 1786 non
1352 1736 1436 1785 est
1462 1745 1615 1796 vere,
1645 1735 1698 1786 et
1727 1730 1851 1785 tor-

312 1790 455 1877 '352⁰‘
493 1812 726 1868 maliter
773 1818 1091 1884 peccatum;
1137 1810 1237 1867 sed
1281 1816 1570 1883 peccatum
1616 1810 1845 1878 dicitur,

492 1894 628 1966 quia
643 1909 714 1948 ex
738 1899 959 1966 peccato
974 1899 1077 1962 est,
1096 1902 1154 1950 et
1173 1893 1244 1949 ad
1267 1901 1554 1964 peccatum
1583 1893 1846 1958 inclinat,

295 1980 458 2037 concil.
494 1977 558 2028 ut
582 1972 998 2047 interpretatur
1024 1974 1348 2030 Concilium
1375 1973 1633 2029 Trident.
1660 1990 1789 2029 sess.
1813 1975 1852 2027 5

284 2030 476 2123 ‘gfff-525·
495 2056 555 2109 in
577 2054 785 2110 decreto
810 2056 874 2109 de
901 2063 1124 2127 peccato
1143 2057 1344 2125 oriain·
1369 2059 1400 2124 9
1425 2056 1527 2110 uu.
1558 2058 1616 2110 ‘³‘
1639 2055 1706 2109 D·
1736 2054 1844 2111 Th·

490 2135 566 2190 ad
591 2136 768 2191 Iocum
796 2135 1062 2208 Apostoli,
1097 2137 1213 2192 lect.
1245 2137 1302 2191 3.

309 2248 376 2288 M
392 2259 454 2293 se-
564 2215 650 2270 Ad
675 2216 984 2273 secundam
1012 2216 1340 2281 dicendum,
1374 2216 1533 2272 lsaiae
1554 2212 1731 2271 verba
1754 2229 1848 2270 re-

278 2297 728 2353 cundem-terenda
772 2314 894 2355 esse
934 2297 1004 2354 ad
1043 2298 1417 2364 ceremonias,
1468 2299 1557 2353 vel
1595 2296 1850 2370 justitias

493 2378 689 2449 populi
740 2378 981 2445 Judatci,
1032 2395 1156 2450 quae
1217 2377 1519 2433 immunda
1576 2376 1849 2432 dicuntur

494 2464 725 2530 propter
745 2460 866 2531 ejus
894 2465 1136 2530 peccata.
1169 2460 1271 2514 Vel
1301 2457 1628 2522 dicendum,
1661 2458 1848 2513 inter—

491 2536 770 2608 pretanda
807 2553 931 2593 esse
970 2536 1042 2593 de
1068 2537 1458 2593 immunditiis
1486 2542 1845 2609 peccatorum

489 2619 831 2683 venialium,
845 2618 1051 2690 quibus
1065 2619 1356 2675 multoties
1365 2621 1649 2693 justorum
1672 2634 1847 2690 opera

489 2697 928 2770 permiscentur.
955 2700 1040 2752 Ex
1064 2714 1175 2770 quo
1196 2703 1390 2753 tamen
1419 2713 1536 2754 non
1566 2697 1839 2766 infertur,

486 2779 635 2852 quod
658 2782 721 2834 in
743 2778 981 2835 homine
989 2779 1294 2852 justificato
1317 2784 1694 2851 permaneant
1714 2795 1844 2835 ma-

485 2860 626 2916 culae
655 2864 1009 2932 peecatorum
1032 2860 1390 2928 mortalium,
1423 2876 1548 2933 quae
1572 2859 1845 2918 dicuntur

488 2940 875 2998 immunditiae
899 2941 1264 3014 simpliciter.

561 3020 647 3075 Ad
675 3021 905 3077 tertiam
927 3027 1149 3078 constat
1173 3036 1245 3076 ex
1271 3021 1437 3078 dictis
1463 3021 1533 3078 ad
1563 3022 1838 3094 primam.

485 3102 555 3156 Et
581 3101 651 3158 ad
675 3102 1070 3158 testimonium
1100 3104 1162 3158 D.
1195 3102 1498 3175 Augustini
1529 3103 1840 3174 responde-

484 3198 631 3248 mus,
646 3184 700 3237 S.
720 3186 1014 3240 Doctorem
1038 3182 1119 3238 ibi
1138 3199 1304 3257 agere
1320 3187 1518 3240 contra
1537 3184 1836 3241 Julianum

481 3270 851 3331 asserentem,
876 3265 1392 3336 concupiscentiam
1423 3280 1540 3321 non
1566 3280 1687 3322 esse
1707 3281 1838 3323 ma-

479 3344 617 3412 lam,
661 3345 758 3402 sed
786 3344 1019 3416 bonam,
1051 3351 1106 3403 et
1149 3344 1498 3402 laudabilem
1527 3367 1540 3401 :
1568 3345 1717 3418 quod
1746 3353 1836 3403 ta-

473 3441 612 3482 men
642 3426 852 3483 refellit
878 3426 1231 3500 Augustinus
1253 3425 1603 3483 ostendendo
1622 3443 1835 3485 concu-

473 3507 825 3579 piscentiam,
856 3513 1138 3580 quatenus
1169 3509 1361 3573 talem,
1392 3521 1514 3564 esse
1541 3509 1832 3582 multipli-

469 3586 611 3642 citer
652 3587 869 3642 malam
904 3608 917 3643 z
960 3583 1110 3659 quod
1152 3585 1354 3659 probat
1403 3588 1593 3658 primo
1637 3589 1831 3646 verbis

468 3664 673 3732 citatis,
707 3666 841 3739 quia
883 3666 1150 3723 videlicet
1196 3683 1313 3724 non
1359 3665 1551 3724 obedit
1590 3669 1821 3736 rationi,

467 3746 564 3802 sed
592 3749 645 3804 ei
688 3748 978 3804 multoties
1020 3747 1374 3805 adversatur.
1410 3751 1492 3804 Ex
1530 3749 1665 3805 hinc
1689 3766 1827 3807 vero

467 3842 585 3884 non
607 3829 881 3899 sequitur,
897 3827 1044 3900 quod
1066 3828 1142 3883 sit
1159 3827 1488 3885 formaliter
1503 3835 1791 3901 peccatum
1805 3855 1821 3899 ;

463 3910 558 3964 sed
589 3908 772 3982 magis
798 3908 1165 3980 oppositum:
1196 3924 1333 3964 nam
1359 3907 1509 3981 quod
1537 3909 1820 3967 rationem

465 3990 764 4061 praa-venit,
789 3995 844 4045 et
871 3989 962 4044 cui
993 3988 1141 4044 ratio
1181 4005 1299 4046 non
1319 3988 1682 4056 obsecundat,
1715 4007 1821 4049 ne-

457 4069 583 4141 quit
630 4085 751 4126 esse
797 4074 1104 4141 peccatum,
1155 4069 1360 4124 saltem
1404 4085 1616 4144 grave3
1667 4071 1816 4128 istud

458 4148 617 4204 enim
640 4149 689 4204 si
714 4148 887 4204 suerit
903 4149 1136 4213 actuale,
1165 4164 1266 4220 per
1282 4164 1623 4205 consensum
1648 4151 1818 4208 ratio-

462 4228 554 4284 nis
579 4231 1012 4286 consummatur
1037 4251 1051 4295 ς
1080 4232 1136 4284 et
1160 4228 1209 4284 si
1240 4227 1417 4284 tuerit
1441 4228 1751 4299 habituale,
1783 4249 1816 4290 a

461 4312 682 4378 peccato
733 4308 939 4364 actuali
988 4323 1104 4364 non
1158 4313 1459 4365 retractato
1509 4308 1807 4382 dependet.

458 4385 622 4442 Unde
648 4404 776 4444 cum
804 4387 1276 4461 concupiscentia,
1308 4389 1485 4446 etiam
1512 4396 1810 4463 postquam

452 4469 626 4527 homo
670 4469 740 4526 ad
786 4473 965 4528 Deum
1013 4470 1310 4527 efficaciter
1354 4472 1728 4540 convertitur,
1754 4478 1810 4529 et

451 4553 675 4620 peccata
702 4548 1076 4622 praecedentia
1106 4554 1387 4620 retractat,
1419 4551 1807 4627 nihilominus

451 4635 773 4702 perseveret
793 4654 806 4697 ;
837 4630 1210 4688 manifestum
1250 4636 1335 4687 est
1371 4647 1488 4689 non
1523 4647 1646 4691 esse
1682 4633 1805 4690 for-

447 4711 680 4767 maliter
722 4714 1030 4782 peccatum,
1081 4711 1180 4769 sed
1226 4713 1321 4769 vel
1360 4712 1660 4788 objectum,
1710 4716 1802 4772 vel

445 4791 706 4848 effectum
732 4791 954 4862 peccati,
974 4792 1066 4849 vel
1088 4792 1527 4850 inclinationem
1545 4793 1614 4849 ad
1628 4794 1795 4863 illud,

445 4873 537 4929 vel
557 4871 804 4945 denique
823 4872 1225 4930 destitutionem
1244 4876 1570 4947 inferiorum
1590 4878 1797 4933 virium

442 4969 479 5006 a
506 4952 809 5008 retinaculo
834 4955 1089 5023 rationis,
1121 4959 1183 5010 ut
1211 4955 1462 5030 loquitur
1489 4959 1553 5015 D.
1584 4957 1793 5015 Thom.

283 3047 353 3104 ⁸5¹
367 3052 448 3092 tcr·

300 3103 418 3139 uam.

287 3147 450 3200 D.Aug.

1448 356 1541 410 DE
1581 355 2165 410 JL’STIF'ICATIONE
2206 353 2409 409 1MP11.

1989 530 2174 599 quaest.
2203 525 2257 590 4,
2299 524 2364 577 cle
2389 525 2556 587 male,
2599 532 2709 580 art.
2738 527 2775 579 2
2810 526 2887 579 ad
2910 528 2965 580 4.
3000 528 3078 581 De
3112 540 3220 597 quo
3244 525 3324 579 vi·
3340 538 3491 582 nram.

1987 601 2236 657 deantur
2261 601 2410 658 dicta
2436 610 2602 657 tract.
2640 604 2724 668 13,
2753 605 2896 678 disp.
2936 606 3020 669 16,
3050 604 3177 659 dub.
3203 608 3258 659 -1,

2062 680 2148 735 Ad
2178 682 2449 738 ultimum
2476 683 2842 739 concedimus
2869 684 3202 741 antecedens
3237 686 3475 740 ἐπι-ΛΜΝ·

1988 761 2279 817 tellectum
2321 761 2393 819 de
2432 763 2591 818 vitiis
2631 766 3030 831 materialiter,
3072 774 3130 823 et
3156 765 3326 839 quoad
3361 746 3456 779 mm.

1987 842 2287 899 entitatem
2329 842 2731 911 consideratis,
2759 852 2816 901 et
2856 846 3118 920 negando
3142 862 3329 903 conse·

1986 924 2285 992 quentiam
2323 922 2602 979 absolute.
2630 923 2717 977 Ad
2757 927 2917 998 cujus
2946 926 3327 997 probationem

1987 1000 2250 1066 dicimuS,
2267 1018 2384 1058 non
2405 1001 2534 1058 ideo
2550 1003 2758 1058 vitium
2780 1021 3017 1061 manere
3030 1005 3330 1063 secundum

1985 1095 2151 1135 suam
2194 1082 2495 1138 entitatem
2536 1088 2659 1154 post
2694 1084 3180 1158 justificationem,
3207 1089 3332 1159 quia

1985 1162 2232 1234 qualitas
2277 1178 2626 1235 permanens
2670 1166 2781 1231 sit;
2830 1168 3018 1239 gratia
3060 1168 3238 1234 enim,
3281 1175 3332 1224 et

1985 1241 2233 1298 charitas
2258 1249 2393 1299 sunt
2416 1244 2617 1300 formae
2642 1260 2713 1300 ex
2739 1261 2801 1301 se
2829 1261 2948 1301 non
2976 1248 3171 1303 minus
3209 1264 3331 1321 per·

1984 1328 2315 1390 manentes;
2338 1330 2395 1379 et
2417 1323 2806 1380 nihilominus
2844 1341 2945 1397 per
2986 1328 3217 1384 unicum
3244 1345 3332 1384 ac·

1985 1405 2111 1457 tum
2158 1403 2364 1474 peccati
2418 1405 2684 1460 mortalis
2732 1404 3130 1464 destruuntur.
3178 1409 3334 1464 Ratio

1983 1497 2121 1556 ergo
2143 1482 2496 1555 disparitatis
2518 1483 2672 1541 inter
2693 1485 2957 1542 habitum
2978 1488 3127 1553 vitii,
3141 1495 3197 1545 et
3212 1504 3333 1560 pec-

1985 1571 2174 1621 catum
2220 1565 2513 1622 habituale
2549 1572 2652 1634 est,
2697 1568 2845 1639 quod
2894 1570 3047 1625 istud
3083 1572 3331 1627 consistit

1985 1645 2311 1702 formaliter
2356 1647 2419 1702 in
2456 1647 2782 1719 privatione
2805 1651 3006 1723 gratiae
3037 1648 3334 1723 :qnaelibet

1985 1731 2177 1781 autem
2219 1726 2467 1797 privatio
2509 1727 2706 1781 statim
2745 1727 3063 1785 destruitur
3090 1730 3187 1786 ubi
3218 1732 3331 1803 pri-

1985 1821 2147 1861 mum
2170 1804 2553 1862 introducitur
2580 1806 2769 1863 forma
2793 1810 3069 1881 opposita.
3105 1810 3336 1866 Habitus

1984 1900 2123 1943 vero
2169 1886 2296 1941 vitii
2340 1885 2655 1942 secundum
2682 1904 2845 1943 suam
2884 1891 3183 1946 entitatem
3222 1905 3335 1947 non
3544 1916 3546 1987 1

1984 1966 2155 2024 habet
2200 1968 2617 2040 oppositionem
2645 1984 2775 2024 cum
2815 1973 3021 2044 gratia,
3063 1974 3200 2045 quia
3238 1988 3336 2045 per

1982 2064 2148 2104 snam
2192 2048 2490 2104 entitatem
2539 2050 2831 2122 praecisive
2882 2059 3164 2125 acceptam
3219 2068 3332 2110 non
3544 2058 3546 2103 Ι

1984 2128 2193 2184 avertit
2219 2144 2253 2183 a
2281 2130 2393 2183 Deo
2420 2127 2759 2196 formaliter,
2792 2147 2894 2187 nec
2915 2134 3199 2189 convertit
3218 2133 3337 2189 sor-

1984 2207 2216 2263 maliter
2263 2207 2333 2262 ad
2379 2204 2595 2264 bonum
2646 2212 3070 2277 commutabile,
3120 2212 3220 2268 sed
3268 2212 3337 2267 ad

1981 2302 2276 2342 summum
2328 2285 2690 2358 dispositive,
2745 2298 3025 2361 quatenus
3076 2293 3334 2349 videlicet

1982 2368 2225 2425 inclinat
2247 2366 2618 2425 habitualiter
2638 2371 2707 2427 ad
2732 2378 2939 2438 actum,
2971 2374 3068 2445 qui
3095 2376 3146 2430 si
3167 2374 3336 2430 elice-

1984 2455 2161 2515 retur,
2192 2450 2438 2523 gratiam
2479 2451 2819 2519 excluderet,
2869 2455 3014 2510 sicut
3048 2471 3227 2528 supra
3269 2454 3338 2511 de
3426 2504 3431 2519 .

1979 2531 2435 2603 concupiscentia
2454 2530 2802 2591 dicebamus,
2821 2535 3209 2600 Quamobrem
3232 2537 3336 2593 ha-

1980 2611 2132 2667 bitus
2161 2611 2400 2666 vitiosus
2418 2612 2730 2671 secundum
2751 2617 3049 2673 entitatem
3080 2623 3335 2691 acceptus
3512 2658 3527 2683 ,

1979 2707 2097 2747 non
2143 2692 2535 2764 corrumpitur
2586 2694 2919 2753 immediate
2972 2714 3072 2769 per
3116 2697 3333 2754 adven-
3512 2690 3525 2727 ¹

1978 2777 2099 2827 tum
2127 2770 2344 2845 gratiae,
2375 2771 2473 2828 sed
2499 2771 2879 2833 destruendus
2918 2783 3000 2832 est
3040 2793 3141 2849 per
3181 2782 3333 2834 actus

1976 2854 2279 2926 oppositos.
2304 2853 2586 2924 Diximus„
2611 2858 2906 2915 secundum
2927 2861 3210 2915 entitatem
3231 2860 3327 2915 et'c.

1974 2935 2111 3007 quia
2134 2935 2342 2992 vitium
2363 2942 2658 3009 sumptum
2675 2938 2998 2995 formaliter
3018 2938 3331 2996 secundum

1972 3019 2183 3071 statum
2215 3017 2364 3084 vitii,
2396 3017 2502 3072 hoc
2526 3024 2628 3085 est,
2673 3025 2840 3090 prout
2866 3019 3202 3075 dominatur
3230 3036 3332 3077 vo-

1975 3093 2180 3156 lumati
2226 3097 2290 3152 in
2337 3095 2543 3153 ordine
2580 3096 2652 3152 ad
2694 3099 2980 3170 peculiare
3022 3097 3325 3172 objectum,

1970 3191 2212 3250 eamque
2248 3179 2493 3251 practice
2518 3184 2576 3234 et
2599 3182 2847 3236 exercite
2874 3180 2944 3236 ad
2974 3180 3120 3236 illud
3151 3182 3319 3238 incli-

1970 3262 2088 3321 nat,
2120 3256 2434 3312 destruitur
2463 3272 2564 3330 per
2603 3258 2914 3315 adventum
2954 3260 3175 3333 gratiae,
3207 3277 3326 3334 quae

1969 3338 2291 3409 oppositum
2353 3337 2700 3406 dominium,
2758 3347 2813 3397 et
2862 3342 3320 3408 inclinationem,

1968 3417 2088 3473 illis
2113 3418 2415 3492 superatis,
2449 3418 2689 3477 inducit.
2724 3422 2791 3476 Et
2819 3421 2924 3477 hoc
2962 3438 3138 3478 sensu
3180 3423 3326 3480 dixit

1966 3501 2028 3554 D.
2055 3500 2261 3557 Thom.
2283 3506 2485 3573 quaest.
2517 3504 2562 3567 1,
2588 3500 2659 3558 de
2681 3503 2879 3560 virtut.
2906 3508 3017 3558 art.
3049 3506 3116 3560 10
3137 3505 3209 3561 ad
3237 3507 3320 3560 16:
3338 3530 3489 3573 urm

1962 3578 2138 3635 Actus
2187 3582 2535 3636 contritionis
2579 3582 2757 3648 habet,
2813 3585 2956 3660 quod
3007 3593 3323 3659 corrumpat

1961 3661 2211 3718 habitum
2240 3665 2367 3719 vitii
2391 3680 2463 3718 εει·
2488 3666 2694 3720 virtute
2715 3667 2926 3735 qratia.
2965 3665 3119 3722 Unde
3159 3670 3221 3723 in
3245 3685 3317 3734 ec,

1959 3746 2055 3820 qui
2074 3744 2268 3800 habuit
2287 3746 2538 3802 habitum
2566 3749 3007 3819 intemperantiae,
3037 3767 3166 3804 cum
3191 3767 3321 3804 con-

1958 3827 2173 3892 teritur,
2195 3844 2304 3881 non
2322 3835 2567 3883 remanet
2588 3845 2712 3883 cnm
2734 3830 2935 3883 virtute
2955 3834 3321 3902 temperanti-v

1956 3905 2154 3976 infusa
2177 3908 2401 3963 habitus
2427 3910 2855 3981 intemperantis
2882 3912 2939 3964 in
2968 3913 3187 3967 ratione
3211 3912 3316 3966 lta-

1953 3986 2117 4056 bitus,
2142 3990 2234 4044 sed
2260 3992 2321 4045 in
2347 3993 2441 4046 via
2461 3993 2846 4063 corruptionis,
2879 3995 3041 4067 quasi
3077 3994 3318 4068 disposi-

1952 4070 2030 4123 tio
2056 4070 2317 4146 qut-edam.
2352 4070 2670 4127 videantur
2706 4087 2831 4143 quae
2864 4071 3123 4129 diximus
3149 4082 3310 4130 tract.

1960 4149 2042 4214 13,
2067 4149 2212 4221 disp.
2245 4151 2289 4216 1,
2315 4150 2441 4207 dub.
2467 4153 2503 4206 2
2523 4168 2559 4205 a
2588 4169 2741 4207 num.
2767 4152 2860 4208 23.

2025 4232 2113 4286 26.
2146 4230 2422 4304 Arguitur
2445 4231 2723 4298 secundo;
2749 4247 2885 4288 nam
2912 4233 2960 4288 si
2991 4233 3165 4291 homo
3192 4239 3312 4307 post
3347 4246 3467 4286 secur»

1938 4309 3311 4386 justificationemgeneretaliumhominem,com-
3323 4296 3466 4397 ‘3¹¹¹ssss

1944 4392 2216 4458 municat‚
2246 4396 2303 4448 et
2321 4392 2567 4448 traducit
2585 4391 2656 4448 ad
2683 4393 2853 4448 illurn
2878 4399 3169 4465 peccatum
3196 4395 3308 4452 ori·
3368 4400 3446 4434 '¹¹¹¹’-

1939 4472 2134 4545 ginale
2161 4492 2174 4526 :
2196 4470 2295 4527 sed
2318 4487 2489 4529 nemo
2509 4471 2605 4528 dat
2623 4471 2772 4546 quod
2795 4471 2858 4527 in
2878 4489 2940 4529 se
2961 4489 3077 4530 non
3100 4475 3302 4532 habet:

1938 4569 2076 4627 ergo
2103 4551 2275 4608 homo
2296 4556 2420 4624 post
2439 4551 2905 4625 justificationem
2937 4556 3147 4614 retinet
3175 4571 3304 4629 pec-

1937 4639 2126 4691 catum
2167 4633 2473 4707 originale.

2010 4713 2428 4780 confirmatur,
2476 4714 2613 4786 quia
2658 4720 2957 4788 postquam
3011 4718 3186 4775 homo
3237 4717 3297 4773 in
3325 4733 3454 4777 confir-

1933 4795 2299 4851 Sacramento
2326 4794 2676 4866 poenitentiae
2696 4795 3041 4870 justificatus
3062 4803 3166 4865 est,
3196 4814 3297 4871 po—
3332 4782 3446 4827 ¹³²¹⁵⁰·
3544 4783 3546 4808 ⁵

1932 4881 2041 4933 test
2065 4875 2277 4932 iterum
2305 4875 2504 4932 eadem
2544 4881 2765 4948 peccata
2804 4876 3083 4946 confiteri,
3128 4885 3187 4936 et
3226 4877 3295 4935 ab

1929 4956 2014 5013 eis
2040 4954 2261 5014 absolvi
2311 4973 2324 5009 ε
2356 4971 2495 5031 ergo
2521 4962 2647 5030 post
2680 4955 3146 5031 justificationem
3201 4974 3294 5015 re-

3055 5046 3294 5098 manent
