3647 5753
1471 404 1650 462 DISP.
1694 406 1763 473 11,
1808 405 1977 462 DUB.
2019 407 2142 465 vn.

304 575 455 652 quod
482 579 655 635 homo
694 577 757 635 in
793 581 942 635 statu
984 594 1263 652 purorum
1304 594 1422 636 non
1452 581 1672 652 poterat

304 656 518 715 habere
546 656 961 715 beatitudinem
1001 659 1523 730 supernaturalem,
1569 673 1673 716 nec

304 742 573 814 consequi
603 742 781 797 Deum
809 743 1312 813 supernaturalem
1341 740 1517 797 finem
1543 764 1559 808 ς
1587 739 1671 796 si-

304 821 538 896 quidem
570 822 686 879 haec
713 819 1139 879 invincibiliter
1163 821 1474 897 ignoraret,
1500 824 1555 877 et
1575 836 1671 877 ca-

307 908 459 962 reret
502 902 772 961 omnibus
823 903 1060 960 auxiliis
1108 901 1664 977 supernaturalibus,

303 1001 429 1059 qua:
474 985 544 1043 ad
589 985 1051 1058 consequendum
1099 984 1436 1059 praedictum
1488 983 1669 1041 finem

304 1064 705 1124 desiderantur
731 1088 744 1123 ε
773 1083 910 1142 ergo
931 1067 1105 1125 homo
1126 1067 1190 1123 in
1209 1066 1368 1139 puris
1382 1064 1664 1133 conditus,

302 1155 360 1209 et
401 1151 657 1224 graviter
697 1166 932 1223 peccans
978 1166 1097 1207 non
1144 1151 1466 1207 incurreret
1498 1164 1670 1205 aver-

304 1232 530 1289 sionem
559 1249 591 1289 a
635 1234 750 1289 Deo
788 1238 851 1287 ut
878 1232 1136 1298 authore,
1168 1238 1224 1289 et
1248 1230 1362 1290 fine
1386 1247 1670 1306 superna-

236 1338 248 1348 ·
302 1313 515 1374 turali;
543 1318 709 1386 atque
748 1312 876 1369 ideo
904 1328 1023 1370 non
1063 1312 1349 1387 indigeret
1384 1328 1669 1385 superna-

91 1558 267 1602 Confir-

102 1608 259 1652 matio.

78 2535 261 2579 Occurri
271 2559 293 2568 -

78 2589 149 2627 tur
174 2596 269 2628 mo·

133 2634 245 2678 tivo.

75 2685 131 2727 D.
170 2684 281 2727 Tho.

305 1394 483 1451 turali
500 1394 817 1452 mutatione
830 1392 901 1449 ad
917 1393 1320 1467 deponendum
1334 1392 1668 1468 praedictum

307 1479 620 1549 peccatum.

383 1546 772 1605 confirmatur
798 1564 870 1605 ex
895 1547 1094 1606 eodem
1131 1550 1186 1604 S.
1217 1549 1454 1604 Doctore
1480 1548 1541 1602 in
1565 1547 1670 1603 hac

314 1632 363 1698 1,
393 1633 450 1697 2,
476 1638 658 1706 quast.
698 1631 818 1695 109,
844 1638 953 1688 art.
977 1633 1031 1697 2,
1064 1630 1161 1687 ubi
1184 1630 1344 1687 docet
1368 1629 1667 1686 hominem

305 1712 372 1767 in
391 1716 541 1767 statu
566 1709 834 1783 praesenti
858 1717 1075 1767 naturae
1100 1716 1382 1783 corruptae
1410 1709 1669 1784 indigere

305 1789 519 1863 duplici
540 1789 727 1865 gratia
754 1795 958 1861 praeter
985 1792 1268 1847 auxilium
1296 1790 1581 1865 generale,
1612 1793 1668 1846 et

303 1873 576 1931 omnibus
621 1872 861 1928 statibus
905 1890 1253 1931 commune:
1308 1873 1511 1940 altera,
1557 1887 1669 1945 qua

299 1960 539 2010 sanetur
565 1969 598 2008 a
644 1956 897 2024 peccato:
939 1954 1120 2009 altera
1164 1969 1322 2020 vero,
1354 1969 1465 2025 qua
1494 1951 1670 2024 possit

301 2032 738 2106 supernaturale
773 2030 988 2088 bonum
1017 2031 1260 2107 diligere
1289 2053 1301 2089 :
1331 2048 1468 2107 ergo
1492 2031 1670 2087 sentit

302 2115 915 2190 gratiamrequisitam
945 2113 1015 2169 ad
1042 2114 1488 2172 destructionem
1538 2131 1669 2187 pec-

305 2197 433 2265 cati,
483 2197 685 2253 saltem
734 2195 796 2250 in
837 2195 1030 2268 aliquo
1070 2201 1238 2263 statu,
1273 2211 1390 2252 non
1418 2211 1539 2252 esse
1567 2194 1670 2252 de-

305 2279 613 2336 terminate
675 2277 1175 2349 supernaturalem
1202 2302 1215 2344 ;
1278 2277 1537 2350 alioquin
1602 2294 1670 2335 ea

307 2361 508 2432 posita,
543 2375 659 2416 non
688 2358 970 2433 indigeret
1016 2359 1186 2415 homo
1225 2359 1342 2415 alia
1368 2359 1556 2433 gratia
1596 2358 1667 2416 ad

308 2440 527 2497 bonum
554 2439 990 2511 supernaturale
1013 2438 1389 2513 diligendum.

385 2520 471 2574 Ad
500 2526 903 2592 argumentum
946 2519 1319 2591 respondetur
1361 2521 1423 2575 D.
1458 2520 1661 2577 Thom.

308 2618 377 2659 eo
400 2603 521 2658 loco
543 2600 728 2674 potius
750 2598 984 2657 firmare
1000 2600 1253 2657 nostram
1274 2601 1623 2658 sententiam
1651 2622 1665 2657 :

313 2689 432 2740 tum
474 2684 608 2756 quia
634 2683 759 2739 sine
799 2683 916 2738 ulla
946 2683 1303 2739 restrictione
1344 2681 1414 2738 ad
1443 2689 1668 2756 peccata

307 2764 675 2822 determinati
696 2769 899 2832 status,
930 2763 1028 2820 sed
1055 2762 1412 2820 extendendo
1451 2762 1667 2819 doctri-

305 2861 442 2903 nam
459 2862 621 2902 suam
645 2843 714 2902 ad
736 2844 1128 2918 quodcumque
1157 2848 1442 2918 peccatum
1464 2858 1660 2919 grave,

305 2930 542 2987 resolvit
568 2945 635 2986 eo
660 2930 779 2986 loco
808 2950 819 2983 :
852 2927 1011 3001 Quod
1036 2931 1282 2984 remissio
1320 2935 1667 3002 peccatorum

300 3014 453 3070 nullo
479 3013 635 3069 modo
673 3014 790 3067 sine
812 3013 1001 3082 qratia
1037 3017 1261 3081 qratiam
1299 3011 1534 3084 faciente
1558 3028 1667 3067 esse

295 3102 489 3170 potest.
519 3096 666 3150 Tum
707 3094 841 3166 quia
883 3092 1029 3147 hanc
1060 3093 1435 3149 assertionem
1466 3091 1667 3165 probat

303 3175 624 3234 rationibus
667 3173 1052 3250 generalibus,
1110 3189 1236 3246 quae
1289 3174 1548 3229 militant
1601 3174 1666 3229 in

297 3273 654 3332 quocumque
680 3256 912 3313 mortali
944 3261 1181 3328 peccat0.
1213 3255 1362 3309 Tum
1394 3254 1660 3327 denique,

295 3342 432 3414 quia
473 3340 536 3398 in
564 3338 955 3411 „responsione
1002 3336 1073 3395 ad
1099 3338 1153 3402 5,
1198 3352 1465 3409 expresse
1505 3336 1665 3394 docet

298 3427 556 3479 nostram
583 3419 951 3482 sententiam,
1005 3423 1066 3473 ut
1109 3433 1283 3490 supra
1311 3416 1662 3490 ponderavi-

296 3519 446 3568 mus,
479 3507 510 3572 ᾖ
538 3504 593 3556 2.
624 3503 738 3555 Νο0
765 3499 855 3554 1111
885 3499 1077 3571 aliquo
1118 3498 1286 3555 modo
1327 3497 1665 3554 adversatur

293 3583 383 3641 eis
409 3581 618 3647 verbis,
663 3596 789 3653 (1οω
818 3580 881 3634 111
911 3585 1249 3653 argumento
1287 3577 1621 3635 referuntur
1647 3603 1660 3646 ;

299 3680 438 3721 nam
468 3663 640 3720 homo
682 3661 744 3716 in
771 3665 918 3715 statu
948 3675 1224 3732 purorum
1246 3659 1503 3733 graviter
1532 3674 1665 3731 pec-

288 3764 428 3805 cans
452 3762 586 3803 vere
606 3759 666 3800 se
688 3747 970 3800 averteret
992 3758 1025 3798 a
1053 3744 1166 3799 Deo
1188 3741 1322 3809 fine,
1347 3748 1400 3799 et
1425 3741 1664 3798 authore

290 3824 741 3900 supernaturali,
798 3828 854 3878 et
902 3838 962 3879 se
1016 3822 1224 3879 faceret
1286 3823 1662 3895 impotentem

292 3908 367 3966 ad
394 3909 527 3964 talis
569 3905 701 3962 finis
742 3904 1240 3978 prosequutionem
1267 3923 1279 3967 ;
1307 3904 1443 3978 quia
1471 3904 1663 3975 impo-

292 3989 496 4055 tentia,
550 4003 672 4060 quae
718 3985 944 4043 homini
991 3990 1124 4042 ante
1169 3984 1317 4040 illud
1371 3991 1662 4057 peccatum

290 4073 502 4133 inerat,
532 4071 719 4127 solum
740 4074 866 4126 erat
895 4067 1234 4140 impotentia
1258 4068 1541 4142 negativa,
1562 4082 1663 4123 seu

290 4154 552 4212 carentia
594 4150 875 4226 potentiae,
933 4155 988 4206 et
1034 4150 1409 4215 auxiliorum,
1453 4148 1660 4223 quibas

294 4237 440 4295 alias
467 4239 650 4308 posset
677 4230 941 4303 consequi
986 4230 1318 4302 praedictum
1355 4229 1532 4286 finem
1561 4251 1574 4287 ε
1605 4234 1662 4287 01

293 4334 414 4377 11011
429 4322 575 4375 esset
590 4314 925 4387 impotentia
943 4313 1309 4385 privativa,et
1329 4313 1621 4369 contraria
1638 4335 1655 4380 ;

290 4399 569 4474 quoniam
622 4397 772 4453 nihil
831 4393 1091 4460 habebat,
1155 4393 1305 4468 quod
1360 4394 1657 4451 collationi

291 4480 648 4540 auxiliorum
708 4477 1260 4550 supernaturalium,
1317 4481 1373 4532 et
1425 4490 1659 4546 promo-

288 4563 437 4621 tioni
505 4559 575 4617 ad
626 4558 1126 4630 supernaturalem
1178 4554 1354 4612 finem
1415 4551 1661 4611 obsiste-

289 4652 400 4705 ret.
444 4645 723 4700 Caeterum
770 4641 943 4697 homo
989 4636 1270 4712 peccando
1314 4637 1571 4712 graviter
1598 4652 1659 4692 se

287 4730 499 4786 laceret
548 4724 922 4796 impotentem
954 4721 1237 4794 privative
1262 4725 1318 4776 et
1344 4719 1651 4787 contrarie,

287 4810 425 4885 quia
446 4824 564 4866 non
586 4806 774 4863 solum
797 4810 1020 4861 careret
1058 4802 1312 4876 potentia
1338 4800 1409 4857 ad
1424 4799 1659 4857 tenden-

287 4889 427 4947 dum
457 4888 520 4944 in
544 4885 1046 4958 supernaturalem
1082 4881 1261 4938 finem
1286 4898 1299 4944 ;
1327 4879 1425 4936 sed
1449 4878 1658 4952 adjun-

284 4969 445 5040 geret
490 4958 971 5032 impedimentum
1020 4957 1251 5030 peccati,
1282 4953 1430 5027 quod
1457 4969 1658 5012 conse-

286 5043 555 5123 quutioni
585 5039 842 5116 praedicti
882 5039 1017 5096 finis
1057 5043 1441 5112 repugnaret:
1491 5041 1657 5113 atque

3021 413 3164 469 -499

1803 578 1930 637 ideo
1975 596 2036 637 se
2081 580 2290 640 faceret
2328 583 2706 657 impotentem
2750 588 3005 658 respectu
3035 582 3173 643 boni

1803 662 2316 733 incommutabiliS,
2365 665 2515 739 quod
2557 665 2815 725 absolute
2855 670 3040 741 posset
3065 666 3175 722 ha-

1803 740 1957 810 bere,
1975 750 2031 800 et
2052 744 2789 805 incurreretvoluntariam
2810 746 3172 805 aversionem

1802 824 1875 881 ab
1901 824 2024 882 1110.

1875 896 1964 954 Ad
1978 898 2474 959 confirmationem
2495 901 2871 976 respondetur
2889 896 3369 959 D.Thom:oi1uitur

1801 996 1922 1038 non
1950 998 2204 1040 asserere
2242 998 2311 1040 eo
2355 984 2496 1063 loco,
2526 983 2675 1058 quod
2716 985 2889 1040 homo
2931 984 2993 1039 in
3020 989 3170 1041 statu
3210 962 3364 1056 ‘3323ss

1802 1068 2023 1120 naturae
2075 1065 2247 1138 lapsae
2296 1070 2503 1137 praeter
2559 1065 2848 1122 auxilium
2900 1068 3173 1139 generale

1801 1144 2002 1203 debeat
2028 1146 2239 1204 habere
2266 1146 2553 1220 duplicem
2594 1148 2864 1223 gratiam,
2895 1146 2993 1206 sed
3022 1148 3171 1221 quod

1801 1224 2057 1300 indigeat
2075 1227 2261 1302 gratia
2277 1226 2347 1284 ad
2369 1226 2656 1301 duplicem
2672 1230 2953 1296 effectum,
2964 1244 3171 1302 nempe

1803 1312 1865 1361 ut
1890 1312 2145 1374 sanetur,
2175 1313 2233 1365 et
2260 1313 2323 1364 ut
2341 1314 2633 1367 mereatur
2657 1310 2840 1367 vitam
2868 1315 3164 1367 aeternam.

1801 1389 1886 1442 Ita
1911 1387 2071 1443 enim
2100 1387 2303 1445 habet:
2327 1410 2352 1441 (ι
2374 1390 2464 1445 Sic
2485 1389 2665 1464 igitur
2685 1390 2898 1446 virtute
2919 1391 3172 1464 gratuita
3203 1393 3240 1435 D
3259 1393 3366 1440 Tho·

1807 1488 1835 1521 α
1862 1467 2228 1540 superaddita
2254 1468 2458 1526 virtuti
2500 1476 2722 1528 natura:
2748 1470 2969 1544 indiget
2996 1472 3170 1529 homo

1807 1570 1835 1603 α
1865 1549 1928 1605 111
1971 1554 2122 1606 statu
2171 1554 2394 1609 naturae
2446 1551 2705 1628 integrae‚
2762 1559 3045 1627 quantum
3099 1553 3172 1610 ad

1808 1650 1835 1682 α
1864 1645 2066 1697 unum,
2098 1631 2312 1688 scilicet
2352 1631 2422 1689 ad
2461 1632 2841 1705 operandum,
2874 1639 2929 1691 et
2966 1635 3173 1691 volen-

1807 1731 1834 1763 α
1862 1709 1999 1765 (10111
2023 1710 2241 1768 bonum
2268 1715 2708 1785 supernaturale
2735 1735 2747 1770 :
2791 1714 2889 1771 sed
2930 1715 2992 1771 in
3020 1719 3172 1770 statu

1808 1813 1834 1844 α
1866 1797 2085 1849 natura:
2123 1799 2404 1867 corruptae
2429 1800 2708 1868 quantum
2738 1796 2808 1852 ad
2843 1796 2974 1863 duo,
3008 1796 3172 1853 scili-

1806 1893 1832 1925 α
1863 1878 1948 1929 001
1987 1880 2048 1929 01
2075 1879 2330 1942 sanetur,
2372 1879 2429 1931 et
2455 1877 2700 1933 ulterius
2742 1883 2803 1933 ut
2828 1878 3045 1936 bonum
3068 1895 3173 1934 su-

1805 1974 1832 2003 «
1864 1954 2235 2025 pernaturale
2278 1954 2514 2010 virtutis
2558 1963 2844 2030 operetur,
2891 1957 3040 2031 quod
3086 1964 3172 2015 est

1805 2055 1832 2086 ι(
1864 2035 2248 2092 meritorium.
2284 2056 2309 2087 »
2344 2038 2428 2092 Ex
2449 2036 2654 2110 quibus
2683 2039 2868 2110 potius
2892 2041 3165 2107 infertur,

1799 2115 2042 2173 eandem
2067 2131 2189 2172 esse
2212 2116 2480 2191 gratiam,
2513 2134 2638 2191 (1οω
2663 2125 2828 2175 sanat
2857 2136 2889 2175 a
2913 2124 3159 2193 peccato,

1799 2203 1857 2254 et
1905 2202 1990 2255 est
2053 2198 2405 2271 principium
2458 2201 2647 2273 operis
2712 2201 3171 2273 supernaturalis

1801 2280 2091 2337 meritorii
2125 2302 2139 2337 :
2165 2281 2317 2337 unde
2345 2281 2615 2354 praedicta
2637 2283 2954 2340 authoritas
2976 2284 3040 2338 in
3062 2282 3172 2338 Ad-

1799 2360 2090 2417 versarios
2157 2361 2480 2434 retorqueri
2533 2361 2714 2420 debet.
2768 2365 2901 2421 Esto
2928 2369 3166 2431 tamen,

1799 2440 1948 2514 quod
1977 2443 2035 2497 S.
2081 2445 2284 2500 Doctor
2325 2443 2589 2515 loquatur
2617 2442 2686 2500 de
2711 2442 2924 2517 duplici
2964 2444 3167 2519 gratia,

1800 2525 2171 2596 consequutio
2187 2541 2313 2598 quae
2328 2525 2392 2581 in
2408 2523 2842 2583 confirmatione
2859 2526 3163 2593 formatur,

1799 2610 1884 2661 est
1907 2605 2072 2660 nulla
2098 2621 2110 2662 ς
2138 2606 2274 2678 (1010
2315 2621 2432 2661 11011
2458 2605 2725 2679 quaelibet
2749 2606 2935 2681 gratia
2962 2622 3169 2680 super-

1800 2685 2086 2742 naturalis
2134 2691 2219 2742 est
2265 2687 2617 2761 principium
2655 2688 2871 2753 meriti,
2916 2687 3015 2745 sed
3041 2690 3166 2747 sola

1797 2768 1985 2840 gratia
2027 2765 2428 2825 sanctificans:
2479 2767 2631 2826 unde
2676 2785 2749 2826 ex
2795 2771 2853 2826 vi
2912 2770 3166 2843 praedicti

1797 2848 2112 2906 testimonii
2152 2864 2270 2907 non
2313 2849 2638 2907 excluditur
2685 2849 2800 2907 alia
2839 2852 3023 2926 gratia
3066 2869 3166 2909 su-

1799 2930 2204 3001 pernaturalis,
2252 2947 2377 3003 quae
2424 2938 2712 3004 peccatum
2758 2932 2962 2989 saltem
3005 2933 3168 2990 indi-

1802 3015 1948 3068 recte
1988 3012 2325 3084 expelleret.
2366 3012 2649 3078 DiximuS,
2683 3012 2782 3069 Ea:
2819 3016 2879 3068 υἰ
2917 3017 3167 3087 praedicti

1797 3094 2131 3161 testimonii5
2172 3094 2305 3165 quia
2331 3092 2565 3150 aliunde
2612 3095 2726 3150 haec
2755 3091 3035 3151 indirecta
3060 3112 3166 3152 ex-

1799 3172 1984 3245 pulsio
2024 3188 2127 3244 per
2171 3172 2423 3245 aliquam
2458 3174 2850 3246 operationem
2879 3191 3165 3248 superna-

1796 3254 2047 3309 turalem
2071 3257 2368 3328 repugnat,
2401 3258 2463 3309 ut
2489 3254 2845 3312 ostendimus
2880 3260 2910 3326 ἓ
2929 3258 3160 3330 ρνεσεεά.

1872 3335 2003 3392 282.
2044 3335 2321 3408 Arguitur
2347 3335 2594 3393 secundo
2616 3337 2839 3393 ratione
2879 3359 2892 3392 :
2927 3337 3065 3409 quia
3093 3337 3164 3395 ad
3203 3344 3355 3388 secun-

1796 3414 2213 3473 destruendum
2268 3420 2558 3486 peccatum
2611 3415 2904 3473 habituale
2961 3417 3164 3475 sufficit
3221 3392 3343 3486 ξω.

1798 3498 2103 3555 restituere
2136 3497 2436 3554 hominem
2478 3497 2549 3554 ad
2576 3513 2703 3554 eam
2734 3498 3160 3569 rectitudinem,
3181 3501 3276 3536 “¹⁰¹¹
3296 3503 3384 3536 ¹¹¹⁰·

1796 3596 1971 3653 quam
2014 3584 2305 3653 peccatum
2334 3579 2616 3635 exclusit:
2656 3578 2754 3635 sed
2784 3585 3072 3652 peccatum
3100 3584 3165 3640 in

1794 3665 1945 3716 statu
1969 3676 2249 3734 purorum
2274 3675 2390 3717 non
2411 3658 2736 3716 excluderet
2758 3662 3164 3721 rectitudinem

1794 3742 2314 3814 supernaturalem,
2365 3738 2463 3796 sed
2519 3744 2741 3795 tantum
2791 3744 3159 3800 naturalem:

1794 3838 1931 3896 ergo
1958 3822 2027 3880 ad
2055 3822 2501 3879 destructionem
2531 3820 2784 3894 praedicti
2808 3823 3019 3893 peccati
3040 3825 3165 3881 suf—

1793 3900 1990 3961 ficeret
2017 3905 2319 3961 restituere
2340 3904 2638 3961 hominem
2663 3901 2732 3959 ad
2762 3903 3164 3962 rectitudinem

1794 3988 2152 4054 naturalem:
2209 3995 2375 4059 atque
2426 3984 2555 4042 ideo
2600 3989 2787 4058 posset
2832 3985 3163 4060 hujusmodi

1796 4073 2086 4139 peccatum
2131 4066 2349 4125 remitti
2394 4064 2847 4138 independenter
2890 4065 2960 4122 ab
3000 4069 3163 4125 omni

1792 4148 2227 4220 supernaturali
2250 4147 2591 4204 mutatione.
2615 4147 2811 4220 Major,
2844 4152 2899 4202 et
2924 4152 3163 4221 utraque

1792 4229 2200 4301 consequentia
2236 4232 2514 4286 constant.
2557 4227 2751 4284 Minor
2790 4233 2987 4284 autem'
3026 4246 3162 4302 pro-

1793 4307 1993 4374 batur:
2032 4310 2168 4382 quia
2207 4309 2382 4367 homo
2426 4307 2490 4364 in
2529 4312 2679 4363 statu
2724 4324 3004 4380 purorum
3044 4326 3163 4367 non

1792 4387 2031 4447 haberet
2058 4389 2462 4448 rectitudinem
2487 4390 3013 4461 supernaturalem,
3058 4406 3163 4448 nec

1790 4470 1856 4526 in
1884 4487 1965 4539 re,
1992 4473 2181 4529 necin
2208 4473 2362 4547 jure,
2395 4472 2486 4529 vel
2516 4472 2898 4546 promissione
2920 4473 3157 4540 divina:

1792 4551 2052 4624 alioquin
2069 4569 2187 4610 non
2204 4558 2466 4611 maneret
2486 4553 2550 4609 in
2572 4551 2753 4626 puriS,
2779 4558 2835 4610 et
2857 4555 3161 4612 tolleretur

1788 4636 1970 4688 status
2004 4634 2369 4705 quaestionis:
2398 4648 2534 4708 ergo
2575 4639 2862 4706 peccatum
2890 4651 3068 4708 grave
3096 4636 3159 4692 in

1791 4713 2060 4787 praedicto
2084 4720 2234 4771 statu
2257 4730 2375 4771 non
2396 4714 2721 4772 excluderet
2751 4716 3157 4775 rectitudinem

1787 4796 2309 4869 supernaturalem,
2335 4793 2432 4852 sed
2454 4800 2680 4852 tantum
2707 4798 3056 4855 naturalem.

1820 4913 1825 4918 ·
1863 4877 2253 4935 confirmatur
2271 4880 2483 4951 primo:
2507 4878 2643 4950 quia
2682 4885 2973 4951 peccatum
2996 4879 3157 4937 habi·
3196 4890 3356 4935 conar-

1788 4962 1942 5018 tuale
1971 4960 2033 5016 in
2075 4959 2344 5034 praedicto
2382 4963 2532 5015 statu
2574 4977 2692 5017 non
2727 4961 3064 5019 consisteret
3090 4964 3155 5021 in
3194 4943 3343 5044 ffffi

1788 5043 2114 5118 privatione
2151 5043 2351 5117 gratia:
2389 5042 2847 5115 supernaturalis
2878 5065 2891 5099 :
2918 5059 3056 5119 ergo
3082 5044 3152 5102 ad
