3647 5753
1390 431 1574 486 DISP.
1618 431 1713 498 VI,
1756 431 1925 486 DUB.
1968 432 2040 487 11.

260 615 453 667 reatur
493 608 661 665 alteri
717 608 967 681 primam
1008 607 1286 681 gratiam3
1343 609 1438 662 aut
1465 602 1615 678 quod

256 692 446 749 eliciat
469 696 625 747 actus
658 691 803 747 tanti
848 691 1083 756 valoriS,
1119 694 1177 746 ut
1219 688 1430 762 partim
1476 683 1608 754 sibi,

259 772 469 847 partim
500 771 630 828 aliis
672 772 742 829 de
786 772 1068 844 condigno
1097 774 1416 836 mereatur;
1459 773 1522 823 ut
1564 766 1614 822 si

256 856 488 914 eliceret
514 859 699 911 actum
729 855 1096 913 meritorium
1138 859 1199 909 ut
1232 858 1480 919 centum,
1512 867 1615 908 cu-

254 938 349 1012 jus
401 937 614 993 intuitu
661 940 808 994 Deus
853 936 1100 995 merenti
1149 933 1436 991 conferret
1474 931 1616 989 duos

257 1019 469 1096 gradus
488 1019 705 1094 gloriae,
731 1025 787 1076 et
809 1019 976 1076 alteri
999 1018 1139 1074 duos
1158 1016 1368 1091 gradus
1393 1013 1610 1090 gratiae:

260 1117 365 1158 nec
384 1101 543 1157 enim
592 1099 710 1156 haec
756 1099 993 1174 praemia
1038 1098 1316 1156 excedunt
1356 1097 1614 1153 valorem

260 1181 516 1257 praedicti
539 1186 693 1236 actus
709 1180 1012 1239 meritorii.
1036 1181 1188 1236 Sicut
1208 1179 1342 1252 quia
1358 1178 1616 1235 Christus

259 1265 538 1323 Dominus
567 1261 764 1318 habuit
788 1262 1187 1336 plenissimum
1210 1260 1505 1325 meritum,
1524 1274 1617 1331 po-

260 1342 575 1409 tuitsibi‚et
591 1341 721 1398 aliis
738 1343 979 1416 praemia
1001 1342 1069 1399 de
1088 1340 1370 1415 condigno
1386 1338 1615 1399 mereri.

333 1426 594 1483 Tertium
618 1423 864 1498 denique
891 1424 1291 1481 testimonium
1313 1423 1490 1480 etiam
1512 1437 1617 1478 ex-

260 1508 590 1583 ponendum
636 1513 723 1565 est
757 1507 1072 1565 secundum
1114 1512 1450 1579 praesentem
1482 1520 1619 1577 pro-

259 1588 597 1655 videntiam,
641 1604 765 1661 quae
809 1587 1063 1661 disponit
1109 1592 1168 1642 ut
1208 1602 1379 1643 nemo
1419 1588 1620 1659 augeat

256 1672 370 1728 sibi
391 1673 485 1747 jus
513 1671 581 1729 ad
602 1671 866 1745 gloriam,
895 1671 1005 1726 nisi
1032 1686 1131 1743 per
1152 1674 1306 1725 actus
1332 1667 1616 1741 proprios,

196 1799 201 1802 ψ
259 1755 531 1813 Absolute
555 1758 752 1810 tamen
798 1753 1121 1826 oppositum
1151 1768 1268 1809 non
1315 1754 1613 1824 repugnat,

260 1841 321 1893 ut
343 1841 496 1909 patet
522 1837 584 1891 in
614 1833 841 1890 Christo
874 1833 1139 1899 Domino,
1166 1833 1262 1906 qui
1291 1832 1506 1893 meruit
1550 1829 1621 1885 de

178 1944 182 1947 ⁴
257 1917 540 1991 condigno
555 1916 860 1972 hominum
875 1915 1117 1970 salutem
1139 1932 1202 1970 su
1213 1930 1314 1988 pra
1325 1912 1620 1986 propriam

18 2895 229 2935 Secun-

5 2946 141 2987 dum
158 2946 247 2980 mo-

5 2992 223 3087 :aasz

60 3099 160 3142 apa
182 3090 222 3129 1.

41 4207 231 4260 concil

5 4271 63 4316 r
74 4255 254 4310 rancor

72 5030 83 5059 J

260 2016 465 2057 eorum
487 1998 860 2073 exigentiam,
913 2004 968 2054 et
1015 1996 1471 2070 dispositionem.
1498 1996 1622 2051 Cae-

260 2086 450 2138 terum
480 2096 582 2137 nec
610 2080 872 2135 Christus
898 2079 1134 2142 meruit,
1169 2093 1270 2133 nec
1311 2077 1485 2135 homo
1515 2093 1623 2147 pu-

262 2179 362 2218 rus
377 2166 699 2219 mereretur
726 2161 974 2235 gloriam
999 2165 1059 2215 ut
1079 2157 1327 2215 dandam
1356 2159 1482 2213 sine
1502 2158 1624 2213 dis—

261 2242 543 2316 positione
570 2242 763 2313 aliqua
783 2238 1047 2313 subjecti:
1076 2238 1172 2296 sed
1202 2255 1302 2312 per
1318 2239 1477 2311 prius
1495 2254 1623 2294 me-

261 2330 505 2390 reretur,
533 2329 594 2379 ut
615 2324 758 2379 alter
778 2321 1181 2393 disponeretur
1215 2335 1313 2392 per
1353 2321 1619 2394 gratiam,

264 2407 558 2464 autetiam
588 2421 689 2478 per
730 2404 873 2460 alios
902 2407 1076 2469 actus,
1108 2404 1205 2475 qui
1253 2402 1322 2458 ad
1376 2403 1624 2459 infusio-

263 2504 399 2546 nem
427 2487 628 2563 gratiae
646 2483 1011 2561 justificantis
1038 2485 1226 2541 solent
1261 2500 1618 2542 concurrere.

263 2575 335 2631 Et
354 2572 436 2628 ita
459 2571 553 2644 jus
582 2568 912 2642 proximum
949 2567 1019 2625 ad
1039 2568 1285 2644 gloriam
1333 2583 1450 2624 non
1478 2572 1627 2627 esset

266 2668 407 2727 pure
433 2652 838 2717 extrinsecum,
872 2656 968 2706 aut
987 2667 1161 2722 supra
1189 2649 1624 2722 dispositionem

264 2733 500 2809 subjecti
535 2755 547 2791 ε
576 2732 726 2808 quod
753 2733 1166 2790 inconveniens
1194 2732 1527 2790 intendebat
1556 2735 1620 2788 D.

263 2817 470 2874 Thom.
501 2816 624 2873 loco
650 2814 820 2871 citato
840 2814 1049 2871 vitare.

335 2899 426 2954 51.
460 2895 718 2954 Secundo
763 2894 1036 2968 probatur
1063 2894 1262 2952 eadem
1291 2895 1490 2967 opinio
1520 2912 1625 2952 au-

264 2980 532 3036 thoritate
571 2976 815 3033 Adriani
841 2977 1024 3033 Primi
1073 2979 1133 3031 in
1171 2978 1325 3048 epist.
1352 2977 1428 3033 ad
1452 2975 1626 3051 Epis-

264 3076 422 3132 copus
441 3057 746 3131 Hispaniae,
778 3072 902 3129 quae
928 3061 1083 3114 extat
1123 3062 1257 3113 ante
1302 3058 1626 3113 Concilium

268 3139 800 3206 Francoi'ordiense,
854 3137 960 3201 ubi,
998 3138 1068 3195 de
1115 3138 1340 3194 Christo
1380 3138 1628 3195 Domino

268 3238 461 3298 agenS,
493 3220 684 3294 inquit
716 3242 728 3276 :
760 3219 923 3278 Sicut
957 3225 1241 3290 peccatum
1269 3236 1377 3273 non
1399 3219 1623 3287 tolleret,

267 3308 318 3361 si
342 3308 456 3379 ipse
471 3310 753 3376 peccatum
769 3300 984 3356 haberet
1005 3318 1027 3367 ,·
1052 3304 1133 3355 ita
1159 3300 1472 3373 adoptionis
1493 3317 1631 3370 yra-

271 3391 410 3443 tiam
437 3403 546 3441 non
571 3384 847 3447 tribueret,
874 3384 923 3436 si
947 3384 1059 3455 ipse
1098 3388 1317 3455 propter
1361 3382 1632 3438 hominem

272 3484 428 3546 quem
453 3466 751 3538 assumpsit
777 3464 895 3517 sine
921 3464 1074 3518 sorde
1113 3464 1341 3536 peccati,
1387 3480 1632 3519 necessa-

270 3550 421 3605 rium
441 3547 675 3612 haberet,
707 3550 768 3600 ut
790 3547 1036 3616 qratiam
1087 3546 1397 3617 adoptionis
1417 3547 1633 3618 accipe-

272 3638 373 3688 ret.
401 3630 549 3704 Ergo
576 3644 646 3685 ex
675 3631 869 3683 mente
897 3625 1191 3682 Pontificis
1220 3630 1336 3682 tam
1362 3625 1634 3699 impossi-

274 3710 390 3769 bile
412 3715 515 3777 est,
547 3708 697 3782 quod
724 3707 882 3764 filius
931 3707 1028 3763 Dei
1078 3707 1400 3778 adoptivuS,
1447 3708 1635 3780 qualis

275 3794 469 3852 omnis
500 3808 676 3865 purus
705 3792 875 3848 homo
897 3790 1103 3864 justus,
1161 3796 1451 3847 mereatur
1505 3790 1637 3847 aliis

274 3875 523 3949 gratiam
571 3871 912 3945 adoptionis,
968 3887 1139 3943 quam
1180 3870 1330 3943 quod
1382 3875 1637 3944 peccator

276 3957 439 4013 tollat
479 3955 716 4013 alterius
758 3958 1016 4025 peccata;
1061 3952 1166 4007 hoc
1215 3956 1404 4008 autem
1448 3959 1637 4025 poste-

282 4038 404 4093 rius
435 4036 792 4109 impossibile
825 4034 1170 4107 simpliciter
1195 4038 1298 4098 est,
1332 4037 1392 4087 ut
1419 4038 1639 4091 constat

279 4136 351 4177 ex
371 4119 536 4175 dictis
579 4119 639 4174 in
687 4114 933 4174 secunda
964 4115 1348 4172 conclusione.
1383 4114 1637 4173 Eandem

280 4203 402 4258 vim
451 4199 663 4257 habent
706 4200 809 4254 illa
854 4196 1031 4254 verba
1078 4195 1330 4270 praedicti
1397 4198 1637 4254 Concilii

281 4282 812 4340 Francofordiensis
834 4284 893 4337 in
913 4298 1075 4336 sac-ra
1102 4277 1350 4351 Syllabo,
1384 4278 1447 4334 in
1474 4280 1641 4352 prin-

280 4365 468 4438 cipio:
491 4363 611 4436 Quo
640 4366 812 4433 iyitur
835 4370 996 4436 pacto
1025 4361 1178 4417 nobis
1198 4361 1544 4433 adoptionem
1570 4363 1643 4433 fi-

283 4449 485 4504 liorum
531 4444 745 4511 tribuit,
796 4449 848 4502 si
894 4449 1006 4520 ipse
1050 4446 1350 4501 necessario
1393 4446 1556 4514 equit,
1583 4453 1644 4501 ut

280 4530 387 4586 sibi
413 4528 873 4585 haberetPNemo
901 4529 1097 4603 igitur,
1148 4527 1244 4599 qui
1286 4531 1410 4599 eget
1461 4526 1646 4601 gratia

284 4612 627 4685 adoptioniS,
651 4618 712 4667 ut
733 4612 806 4667 sit
824 4609 979 4667 filius
999 4611 1115 4678 Dei,
1140 4614 1320 4682 potest
1340 4610 1486 4665 hanc
1511 4605 1646 4683 gra-

285 4695 426 4751 tiam
469 4693 603 4749 aliis
648 4691 903 4749 tribuere
953 4708 1055 4748 suo
1094 4691 1321 4748 merito,
1378 4691 1647 4763 Apertius

286 4774 470 4833 adhuc
513 4775 770 4850 loquitur
797 4777 861 4831 D.
907 4777 1139 4848 August.
1167 4772 1260 4829 lib.
1303 4774 1320 4829 l
1351 4774 1415 4829 de
1436 4781 1642 4848 peccat.

285 4859 464 4913 mer-it.
493 4875 613 4930 cap.
658 4858 739 4923 14,
773 4855 872 4912 ubi
900 4856 1091 4930 inquit
1120 4875 1134 4910 ε
1189 4852 1454 4932 Quisquis
1478 4873 1651 4912 ausus

288 4941 458 5013 fuerit
485 4938 679 5003 dicere,
709 4936 962 5009 Justifico
1007 4943 1069 5004 te,
1121 4952 1445 5014 consequens
1487 4943 1564 4992 est
1591 4944 1653 4992 ut

290 5023 441 5078 dicat
460 5023 648 5088 etiam,
683 5018 851 5078 Crede
877 5022 938 5076 in
957 5037 1057 5075 me.
1087 5016 1245 5090 Quod
1289 5036 1442 5075 nemo
1469 5017 1652 5077 Sanc-

298 5114 479 5163 torum
503 5104 678 5160 dicere
692 5110 886 5178 potest,
913 5103 1026 5158 nisi
1046 5099 1287 5159 Sanctus
1308 5100 1664 5160 Sanctorum.

431 5184 727 5245 Salmant.
761 5185 922 5245 Curs.
950 5183 1173 5256 theoloy.
1206 5190 1333 5242 tom.
1367 5182 1437 5242 Χ.

3003 433 3112 487 825

1750 605 1806 661 Si
1838 611 2027 662 autem
2052 622 2229 679 purus
2257 608 2428 664 homo
2451 610 2636 680 posset
2660 605 2825 663 alteri
2862 604 2933 660 de
2970 620 3112 661 con-

1748 686 1925 762 digno
1971 690 2184 747 mereri
2213 690 2468 762 primam
2494 688 2740 765 gratiam
2785 686 3112 763 justifican-

1748 774 1883 836 tem,
1915 774 2101 842 posset
2129 771 2344 843 pariter
2374 771 2543 828 alteri
2592 769 2781 827 dicere
2811 791 2823 825 ε
2853 767 3111 824 Justifico

1748 856 1843 909 te:
1886 852 2031 907 sicut
2077 851 2332 910 absolute
2379 852 2645 919 dicimuS,
2672 849 2819 925 quod
2848 850 3108 906 Christus

1743 931 2015 1008 justificat
2043 949 2162 1001 nOS,
2196 936 2331 1008 quia
2346 934 2416 991 de
2440 933 2724 1007 condigno
2764 932 2997 998 meruit,
3049 935 3109 986 ut

1749 1013 1916 1073 nobis
1941 1013 2175 1071 daretur
2201 1016 2385 1091 gratia
2406 1014 2746 1090 justificans.

1823 1095 2239 1169 Respondetur,
2287 1105 2485 1154 cuncta
2510 1098 2628 1154 haec
2667 1095 3015 1162 testimonia,
3047 1100 3322 1151 etmruitur.

1751 1180 1867 1237 alia
1894 1182 2078 1254 plura,
2124 1196 2248 1254 quae
2294 1186 2521 1254 possent
2567 1180 2824 1254 allegari,
2852 1178 3007 1251 loqui
3038 1176 3108 1235 de

1751 1261 2042 1319 infusione
2067 1262 2283 1335 gratiss,
2328 1267 2384 1320 et
2425 1261 2495 1319 de
2534 1260 2959 1336 justificatione,
2985 1274 3111 1333 quae

1750 1345 1928 1401 simul
1959 1344 2204 1400 remittit
2248 1349 2536 1417 peccatum
2566 1343 2828 1411 mortale,
2889 1343 2953 1399 in
3002 1358 3113 1416 quo
3191 1347 3204 1358 ²

1752 1430 1901 1483 alter
1962 1426 2375 1498 praeexistebat.
2449 1425 2616 1482 Unde
2656 1440 2773 1482 non
2817 1425 3111 1491 evincunt,

1751 1509 1901 1582 quod
1927 1515 2202 1583 repugnet
2228 1508 2525 1565 hominem
2550 1525 2762 1583 purum
2793 1508 3008 1564 mereri
3045 1506 3118 1564 de

1752 1589 2036 1665 condigno
2096 1590 2323 1647 homini
2367 1605 2482 1647 non
2527 1580 2805 1662 peccatori
2857 1589 3116 1661 primam

1747 1670 2171 1747 justificationis
2196 1671 2464 1746 gratiam;
2505 1670 2604 1727 sed
2645 1670 2795 1744 quod
2837 1675 3115 1745 repugnet

1756 1771 1966 1828 purum
1995 1753 2292 1811 hominem
2321 1752 2693 1827 decondigno
2721 1753 2936 1810 mereri
2961 1769 3114 1826 prai-

1754 1838 1963 1895 dictam
1984 1837 2253 1912 gratiam,
2283 1842 2346 1892 ut
2378 1835 2628 1893 dandam
2670 1836 2838 1892 alteri
2885 1835 3116 1893 homini

1757 1922 2057 1994 peccatori;
2089 1924 2256 1992 atque
2283 1917 2411 1976 ideo
2451 1934 2569 1975 non
2608 1925 2944 1993 oppugnant
2991 1919 3118 1991 pri-

1755 2019 1915 2059 mam
1940 2006 2198 2057 nostram
2230 2000 2621 2063 assertionem,
2652 1999 2748 2056 sed
2778 1997 2988 2056 debent
3015 2016 3121 2072 pro

1754 2084 2004 2142 secunda
2059 2083 2312 2158 allegari,
2364 2083 2456 2139 cui
2506 2082 2826 2154 plurimum
2895 2082 3121 2140 roboris

1757 2165 2049 2239 adjiciunt.
2085 2166 2154 2218 Et
2178 2162 2329 2237 quod
2369 2164 2431 2220 in
2460 2163 2565 2219 hoc
2589 2178 2758 2218 sensu
2785 2162 3115 2236 procedant,

1756 2251 1975 2304 constat
1996 2252 2116 2300 tum
2141 2244 2202 2299 in
2230 2243 2686 2318 communi,quia
2709 2244 3024 2316 loquuntur
3051 2243 3121 2301 de

1753 2326 2177 2403 justificatione,
2210 2342 2333 2399 quae
2392 2324 2462 2382 de
2510 2324 2654 2382 facto
2709 2323 2791 2394 fit,
2848 2333 2903 2384 et
2946 2343 3120 2400 quam

1759 2410 2020 2465 Christus
2071 2407 2304 2474 meruit,
2374 2410 2438 2462 ut
2481 2405 2782 2463 evidenter
2831 2422 2904 2464 ex
2962 2413 3120 2463 textu

1758 2492 1976 2548 constat
2010 2485 2375 2560 :hujusmodi
2406 2493 2596 2544 autem
2621 2487 2954 2562 justificatio
3002 2489 3126 2543 im-

1761 2575 1950 2645 portat
1975 2584 2093 2625 non
2134 2569 2316 2625 solam
2366 2568 2721 2627 infusionem
2761 2570 2980 2644 gratiae.
3024 2569 3124 2626 sed

1722 2669 1727 2674 ·
1759 2653 1937 2710 etiam
1969 2649 2370 2707 remissionem
2400 2650 2630 2722 peccati,
2677 2651 2740 2707 in
2781 2668 2892 2724 quo
2931 2650 3125 2708 omnis

1758 2734 1857 2806 qui
1913 2729 2275 2806 justificatur,
2341 2732 2686 2804 supponitur
2729 2733 3121 2804 praeexistere;

1760 2832 1899 2873 nam
1921 2815 1990 2871 de
2014 2814 2158 2870 facto
2186 2828 2357 2870 nemo
2384 2818 2541 2870 caret
2564 2814 2771 2889 gratia,
2823 2815 2939 2871 nisi
2995 2813 3125 2888 pec—

1760 2906 1950 2958 catum
1993 2897 2215 2963 habeat,
2247 2902 2310 2952 ut
2345 2895 2601 2953 diximus
2647 2900 2913 2955 Tractatu
2974 2915 3127 2972 prae-

1760 2980 2003 3052 cedenti.
2038 2981 2189 3034 Tum
2231 2978 2407 3035 etiam
2457 2978 2519 3034 in
2570 2980 2909 3051 particulari
2939 2980 3126 3052 inspi-

1761 3061 1964 3118 ciendo
1982 3058 2601 3135 singulatestimonia;
2641 3074 2777 3114 nam
2831 3057 3125 3114 Adrianus

1764 3146 1889 3214 post
1916 3138 2092 3196 verba
2123 3140 2302 3195 relata
2326 3136 2658 3193 immediate
2698 3136 2856 3194 addit
2884 3137 2989 3196 :Si
3017 3141 3128 3212 ipse

1764 3238 1983 3278 consors
2007 3220 2159 3275 nobis
2186 3220 2244 3271 in
2261 3220 2450 3287 qratia
2473 3217 2785 3289 adoptionis
2829 3220 2960 3292 fuit,
3007 3238 3127 3275 cre-

1764 3302 1933 3382 datur
1982 3316 2105 3369 erqo
2144 3297 2309 3376 (quod
2346 3297 2459 3354 dici
2511 3298 2670 3370 nefas
2713 3302 2813 3371 est)
2855 3303 3130 3376 particeps

1765 3388 1933 3441 etiam
1973 3382 2127 3439 nobis
2173 3383 2233 3436 in
2276 3397 2448 3437 causa
2501 3382 2728 3454 peccati.
2804 3385 3131 3441 Concilium

1767 3467 1942 3524 etiam
1971 3463 2198 3520 dixerat
2230 3482 2242 3516 :
2277 3462 2440 3528 Deus,
2474 3464 2654 3540 inquit
2676 3461 2991 3537 ApostoluS,
3013 3473 3132 3523 erat

1767 3552 1829 3606 in
1859 3547 2081 3606 Christo
2109 3548 2376 3604 mundum
2414 3548 2777 3603 reconcilians
2802 3548 2999 3615 sibi;et
3025 3550 3134 3606 im·

1767 3628 2017 3688 mediate
2068 3628 2418 3686 subnexuit:
2451 3627 2571 3700 Quo
2605 3626 2789 3700 'iqitur
2811 3638 3127 3703 μακαρία,

1768 3716 1964 3786 aperte
1991 3709 2278 3767 disserens
2323 3709 2393 3766 de
2419 3710 2612 3784 gratia
2642 3711 2973 3784 adoptionis
3003 3730 3135 3786 pec-

1769 3791 2057 3851 catoribus
2080 3791 2581 3849 communicanda.
2611 3792 2868 3865 Denique
2894 3796 3132 3869 August.

1769 3890 2011 3932 versans
2038 3871 2185 3928 illud
2229 3874 2421 3945 Apost.
2458 3872 2528 3929 ad
2557 3874 2726 3931 Rom.
2757 3876 2813 3930 5:
2841 3874 3002 3933 Sicut
3043 3890 3139 3950 per

1771 3958 1942 4012 unius
1969 3954 2227 4008 delictum
2257 3954 2315 4007 in
2336 3970 2517 4009 omnes
2536 3955 2780 4012 homines
2800 3957 2875 4012 ad
2896 3958 3141 4013 condem-

1772 4037 2069 4102 nationem,
2123 4035 2204 4090 ita
2240 4052 2339 4107 per
2381 4037 2548 4091 unius
2577 4038 3032 4109 justificationem
3082 4041 3139 4094 ἱη

1772 4134 1956 4175 omnes
1976 4111 2220 4171 homines
2239 4116 2313 4171 ad
2335 4117 2788 4188 justificationem
2817 4120 2955 4183 vilre,
2990 4135 3139 4192 prae-

1775 4198 2012 4254 miserat
2040 4217 2052 4252 ε
2104 4195 2252 4252 Eam
2316 4197 2770 4269 justificationem
2814 4199 2969 4263 dicit,
3029 4217 3139 4277 qua

1778 4280 2036 4339 Christus
2050 4280 2326 4351 justificat
2347 4280 2600 4352 impium,
2633 4298 2799 4358 quam
2845 4300 2955 4338 non
3007 4284 3141 4339 imi-

1777 4363 2008 4417 tandam
2036 4363 2337 4431 proposuit,
2365 4362 2457 4417 sed
2477 4362 2626 4416 solus
2647 4363 2746 4419 hoc
2765 4370 2934 4434 potest
2962 4380 2979 4416 .·
3006 4383 3167 4443 qu0-.

1780 4446 1935 4499 niam
1984 4449 2215 4514 possunt
2262 4440 2371 4500 e'sse
2418 4445 2582 4500 multi
2615 4446 2760 4516 justi
2810 4446 3072 4516 homines,
3098 4454 3148 4500 ot

1780 4527 2049 4583 imitandi
2070 4544 2090 4593 ,·
2107 4527 2295 4597 justus
2318 4535 2524 4595 autem,
2565 4534 2615 4583 et
2649 4529 2967 4600 justificans
2995 4548 3148 4585 nemo

1780 4611 1893 4665 nisi
1916 4606 2198 4666 Christus.
2228 4610 2297 4663 Et
2318 4614 2453 4666 tunc
2474 4609 2773 4685 subjunxit
2825 4611 3001 4668 verba
3055 4629 3151 4670 re—

1782 4694 1918 4756 lata,
1971 4692 2236 4766 Quisquis
2279 4708 2402 4762 erqo
2446 4710 2618 4749 ausus
2666 4692 2857 4763 fuerit,
2907 4701 3003 4751 ete.
3039 4694 3149 4750 Ubi

1782 4773 2091 4831 manifeste
2117 4775 2300 4830 elucet
2327 4775 2382 4830 S.
2415 4776 2719 4831 Doctorem
2748 4791 2914 4850 agere
2940 4777 3008 4834 de
3025 4779 3152 4853 jus-

1784 4855 2099 4913 tificatione
2132 4857 2471 4929 impiorum,
2504 4874 2675 4929 quam
2699 4864 2753 4915 et
2782 4875 2884 4916 nos
2907 4859 3153 4917 fatemur

1784 4955 1904 4997 non
1936 4956 2101 5012 posse
2123 4938 2323 4997 cadere
2348 4938 2455 4995 sub
2503 4940 2713 4997 merito
2759 4939 2830 4998 de
2874 4941 3156 5016 condigno

1782 5021 2042 5097 alicujus
2067 5021 2199 5094 puri
2229 5021 2503 5089 hominis,
2553 5021 2819 5095 quamvis
2862 5024 3159 5079 sanctissi-

1804 5119 1938 5160 mus
1964 5104 2058 5162 sit.

2931 5185 3005 5240 53
