<?xml version="1.0" encoding="UTF-8"?>
<!DOCTYPE html PUBLIC "-//W3C//DTD XHTML 1.0 Transitional//EN"
    "http://www.w3.org/TR/xhtml1/DTD/xhtml1-transitional.dtd">
<html xmlns="http://www.w3.org/1999/xhtml" xml:lang="en" lang="en">
 <head>
  <title>
</title>
<meta http-equiv="Content-Type" content="text/html;charset=utf-8" />
  <meta name='ocr-system' content='tesseract 3.04.00' />
  <meta name='ocr-capabilities' content='ocr_page ocr_carea ocr_par ocr_line ocrx_word'/>
</head>
<body>
  <div class='ocr_page' id='page_1' title='image "./collegiisalmant00carmgoog_0291.png"; bbox 0 0 3647 5753; ppageno 0'>
   <div class='ocr_carea' id='block_1_1' title="bbox 1462 362 3201 431">
    <p class='ocr_par' dir='ltr' id='par_1_1' title="bbox 1462 362 3201 431">
     <span class='ocr_line' id='line_1_1' title="bbox 1462 362 3201 431; baseline 0.004 -15"><span class='ocrx_word' id='word_1_1' title='bbox 1462 362 1642 420; x_wconf 87' lang='lat' dir='ltr'><strong>DISP.</strong></span> <span class='ocrx_word' id='word_1_2' title='bbox 1684 363 1836 431; x_wconf 83' lang='lat' dir='ltr'>vm,</span> <span class='ocrx_word' id='word_1_3' title='bbox 1878 363 2043 419; x_wconf 88' lang='lat' dir='ltr'><strong>DUB.</strong></span> <span class='ocrx_word' id='word_1_4' title='bbox 2089 364 2129 420; x_wconf 91' lang='lat'>1.</span> <span class='ocrx_word' id='word_1_5' title='bbox 3086 368 3201 423; x_wconf 78' lang='lat'>260</span> 
     </span>
    </p>
   </div>
   <div class='ocr_carea' id='block_1_2' title="bbox 273 529 1701 5057">
    <p class='ocr_par' dir='ltr' id='par_1_2' title="bbox 321 529 1701 1897">
     <span class='ocr_line' id='line_1_2' title="bbox 331 529 1699 606; baseline 0.003 -18"><span class='ocrx_word' id='word_1_6' title='bbox 331 531 584 606; x_wconf 86' lang='lat' dir='ltr'>denique</span> <span class='ocrx_word' id='word_1_7' title='bbox 635 535 751 589; x_wconf 90' lang='lat' dir='ltr'>tota</span> <span class='ocrx_word' id='word_1_8' title='bbox 794 529 1095 587; x_wconf 83' lang='lat' dir='ltr'>difficultas</span> <span class='ocrx_word' id='word_1_9' title='bbox 1139 530 1486 603; x_wconf 88' lang='lat' dir='ltr'>devolvitur,</span> <span class='ocrx_word' id='word_1_10' title='bbox 1522 535 1699 592; x_wconf 87' lang='lat' dir='ltr'>etiam</span> 
     </span>
     <span class='ocr_line' id='line_1_3' title="bbox 335 608 1698 688; baseline -0.001 -16"><span class='ocrx_word' id='word_1_11' title='bbox 335 613 630 687; x_wconf 88' lang='lat' dir='ltr'>probatur.</span> <span class='ocrx_word' id='word_1_12' title='bbox 665 612 864 667; x_wconf 88' lang='lat' dir='ltr'>Primo</span> <span class='ocrx_word' id='word_1_13' title='bbox 897 608 969 666; x_wconf 90' lang='lat' dir='ltr'>ab</span> <span class='ocrx_word' id='word_1_14' title='bbox 1002 611 1455 680; x_wconf 81' lang='lat' dir='ltr'>inconvenienti,</span> <span class='ocrx_word' id='word_1_15' title='bbox 1487 615 1624 688; x_wconf 90' lang='lat' dir='ltr'>quia</span> <span class='ocrx_word' id='word_1_16' title='bbox 1647 613 1698 670; x_wconf 90' lang='lat' dir='ltr'>si</span> 
     </span>
     <span class='ocr_line' id='line_1_4' title="bbox 326 694 1701 771; baseline 0.001 -20"><span class='ocrx_word' id='word_1_17' title='bbox 326 695 518 771; x_wconf 88' lang='lat' dir='ltr'>gratia</span> <span class='ocrx_word' id='word_1_18' title='bbox 543 694 606 750; x_wconf 90' lang='lat' dir='ltr'>in</span> <span class='ocrx_word' id='word_1_19' title='bbox 628 709 743 749; x_wconf 89' lang='lat' dir='ltr'>uno</span> <span class='ocrx_word' id='word_1_20' title='bbox 761 694 1014 749; x_wconf 81' lang='lat' dir='ltr'>existens</span> <span class='ocrx_word' id='word_1_21' title='bbox 1040 696 1185 751; x_wconf 87' lang='lat' dir='ltr'>esset</span> <span class='ocrx_word' id='word_1_22' title='bbox 1213 694 1398 752; x_wconf 86' lang='lat' dir='ltr'>virtus</span> <span class='ocrx_word' id='word_1_23' title='bbox 1416 695 1701 754; x_wconf 84' lang='lat' dir='ltr'>sufficiens</span> 
     </span>
     <span class='ocr_line' id='line_1_5' title="bbox 334 773 1698 853; baseline 0 -18"><span class='ocrx_word' id='word_1_24' title='bbox 334 779 405 835; x_wconf 87' lang='lat' dir='ltr'>ad</span> <span class='ocrx_word' id='word_1_25' title='bbox 427 773 857 851; x_wconf 89' lang='lat' dir='ltr'>producendum</span> <span class='ocrx_word' id='word_1_26' title='bbox 882 775 1280 848; x_wconf 87' lang='lat' dir='ltr'>principaliter</span> <span class='ocrx_word' id='word_1_27' title='bbox 1301 778 1543 834; x_wconf 89' lang='lat' dir='ltr'>alteram</span> <span class='ocrx_word' id='word_1_28' title='bbox 1562 794 1698 853; x_wconf 89' lang='lat' dir='ltr'>gra-</span> 
     </span>
     <span class='ocr_line' id='line_1_6' title="bbox 331 855 1698 931; baseline 0.001 -17"><span class='ocrx_word' id='word_1_29' title='bbox 331 859 475 915; x_wconf 88' lang='lat' dir='ltr'>tiam</span> <span class='ocrx_word' id='word_1_30' title='bbox 504 856 570 913; x_wconf 89' lang='lat' dir='ltr'>in</span> <span class='ocrx_word' id='word_1_31' title='bbox 597 856 714 914; x_wconf 89' lang='lat' dir='ltr'>alio</span> <span class='ocrx_word' id='word_1_32' title='bbox 748 856 1062 929; x_wconf 89' lang='lat' dir='ltr'>supposito,</span> <span class='ocrx_word' id='word_1_33' title='bbox 1099 855 1155 912; x_wconf 92' lang='lat' dir='ltr'>id</span> <span class='ocrx_word' id='word_1_34' title='bbox 1184 855 1256 914; x_wconf 90' lang='lat' dir='ltr'>de</span> <span class='ocrx_word' id='word_1_35' title='bbox 1289 857 1434 915; x_wconf 81' lang='lat' dir='ltr'>sacto</span> <span class='ocrx_word' id='word_1_36' title='bbox 1462 864 1698 931; x_wconf 76' lang='lat' dir='ltr'>praesta-</span> 
     </span>
     <span class='ocr_line' id='line_1_7' title="bbox 332 939 1699 1011; baseline 0 -14"><span class='ocrx_word' id='word_1_37' title='bbox 332 946 419 998; x_wconf 89' lang='lat' dir='ltr'>ret</span> <span class='ocrx_word' id='word_1_38' title='bbox 447 954 836 1011; x_wconf 85' lang='lat' dir='ltr'>:consequens</span> <span class='ocrx_word' id='word_1_39' title='bbox 856 942 940 994; x_wconf 85' lang='lat' dir='ltr'>est</span> <span class='ocrx_word' id='word_1_40' title='bbox 966 939 1207 995; x_wconf 90' lang='lat' dir='ltr'>omnino</span> <span class='ocrx_word' id='word_1_41' title='bbox 1236 939 1468 1006; x_wconf 80' lang='lat' dir='ltr'>falsum,</span> <span class='ocrx_word' id='word_1_42' title='bbox 1492 945 1549 998; x_wconf 89' lang='lat' dir='ltr'>et</span> <span class='ocrx_word' id='word_1_43' title='bbox 1568 957 1699 999; x_wconf 92' lang='lat' dir='ltr'>con-</span> 
     </span>
     <span class='ocr_line' id='line_1_8' title="bbox 327 1019 1698 1095; baseline 0.001 -18"><span class='ocrx_word' id='word_1_44' title='bbox 327 1026 421 1077; x_wconf 77' lang='lat' dir='ltr'>tra</span> <span class='ocrx_word' id='word_1_45' title='bbox 467 1019 774 1076; x_wconf 80' lang='lat' dir='ltr'>manifesta</span> <span class='ocrx_word' id='word_1_46' title='bbox 818 1019 1125 1090; x_wconf 61' lang='lat' dir='ltr'>Scripturas</span> <span class='ocrx_word' id='word_1_47' title='bbox 1169 1020 1534 1088; x_wconf 87' lang='lat' dir='ltr'>testimonia,</span> <span class='ocrx_word' id='word_1_48' title='bbox 1574 1038 1698 1095; x_wconf 81' lang='lat' dir='ltr'>quae</span> 
     </span>
     <span class='ocr_line' id='line_1_9' title="bbox 323 1093 1697 1174; baseline 0 -17"><span class='ocrx_word' id='word_1_49' title='bbox 323 1116 506 1174; x_wconf 86' lang='lat' dir='ltr'>supra</span> <span class='ocrx_word' id='word_1_50' title='bbox 544 1098 809 1156; x_wconf 87' lang='lat' dir='ltr'>dedimus</span> <span class='ocrx_word' id='word_1_51' title='bbox 834 1115 1006 1172; x_wconf 85' lang='lat' dir='ltr'>:ergo</span> <span class='ocrx_word' id='word_1_52' title='bbox 1043 1099 1228 1174; x_wconf 87' lang='lat' dir='ltr'>gratia</span> <span class='ocrx_word' id='word_1_53' title='bbox 1256 1100 1357 1155; x_wconf 91' lang='lat' dir='ltr'>uni</span> <span class='ocrx_word' id='word_1_54' title='bbox 1407 1093 1697 1159; x_wconf 79' lang='lat' dir='ltr'>inhaerens</span> 
     </span>
     <span class='ocr_line' id='line_1_10' title="bbox 332 1178 1695 1253; baseline 0 -15"><span class='ocrx_word' id='word_1_55' title='bbox 332 1198 452 1238; x_wconf 91' lang='lat' dir='ltr'>non</span> <span class='ocrx_word' id='word_1_56' title='bbox 492 1185 578 1237; x_wconf 89' lang='lat' dir='ltr'>est</span> <span class='ocrx_word' id='word_1_57' title='bbox 602 1180 790 1236; x_wconf 85' lang='lat' dir='ltr'>virtus</span> <span class='ocrx_word' id='word_1_58' title='bbox 834 1178 1117 1236; x_wconf 85' lang='lat' dir='ltr'>sufficiens</span> <span class='ocrx_word' id='word_1_59' title='bbox 1166 1179 1236 1235; x_wconf 89' lang='lat' dir='ltr'>ad</span> <span class='ocrx_word' id='word_1_60' title='bbox 1265 1178 1695 1253; x_wconf 82' lang='lat' dir='ltr'>producendum</span> 
     </span>
     <span class='ocr_line' id='line_1_11' title="bbox 328 1258 1696 1337; baseline 0 -18"><span class='ocrx_word' id='word_1_61' title='bbox 328 1261 735 1337; x_wconf 83' lang='lat' dir='ltr'>principaliter</span> <span class='ocrx_word' id='word_1_62' title='bbox 779 1258 1021 1316; x_wconf 87' lang='lat' dir='ltr'>alteram</span> <span class='ocrx_word' id='word_1_63' title='bbox 1046 1261 1295 1334; x_wconf 78' lang='lat' dir='ltr'>gratiam</span> <span class='ocrx_word' id='word_1_64' title='bbox 1336 1262 1400 1318; x_wconf 90' lang='lat' dir='ltr'>in</span> <span class='ocrx_word' id='word_1_65' title='bbox 1428 1261 1561 1318; x_wconf 89' lang='lat' dir='ltr'>alio.</span> <span class='ocrx_word' id='word_1_66' title='bbox 1594 1264 1696 1319; x_wconf 89' lang='lat' dir='ltr'>Se-</span> 
     </span>
     <span class='ocr_line' id='line_1_12' title="bbox 321 1340 1697 1417; baseline 0.001 -18"><span class='ocrx_word' id='word_1_67' title='bbox 321 1343 501 1417; x_wconf 86' lang='lat' dir='ltr'>quela</span> <span class='ocrx_word' id='word_1_68' title='bbox 546 1340 774 1397; x_wconf 79' lang='lat' dir='ltr'>videtur</span> <span class='ocrx_word' id='word_1_69' title='bbox 827 1340 1167 1408; x_wconf 79' lang='lat' dir='ltr'>manifesta,</span> <span class='ocrx_word' id='word_1_70' title='bbox 1219 1342 1355 1414; x_wconf 88' lang='lat' dir='ltr'>quia</span> <span class='ocrx_word' id='word_1_71' title='bbox 1402 1343 1697 1415; x_wconf 89' lang='lat' dir='ltr'>supposita</span> 
     </span>
     <span class='ocr_line' id='line_1_13' title="bbox 331 1419 1695 1497; baseline 0.001 -19"><span class='ocrx_word' id='word_1_72' title='bbox 331 1421 674 1497; x_wconf 71' lang='lat' dir='ltr'>aequalitate,</span> <span class='ocrx_word' id='word_1_73' title='bbox 705 1425 762 1476; x_wconf 90' lang='lat' dir='ltr'>et</span> <span class='ocrx_word' id='word_1_74' title='bbox 790 1419 1158 1492; x_wconf 79' lang='lat' dir='ltr'>proportione</span> <span class='ocrx_word' id='word_1_75' title='bbox 1186 1420 1431 1478; x_wconf 88' lang='lat' dir='ltr'>duorum</span> <span class='ocrx_word' id='word_1_76' title='bbox 1462 1421 1526 1476; x_wconf 92' lang='lat' dir='ltr'>in</span> <span class='ocrx_word' id='word_1_77' title='bbox 1573 1437 1695 1479; x_wconf 88' lang='lat' dir='ltr'>esse</span> 
     </span>
     <span class='ocr_line' id='line_1_14' title="bbox 321 1501 1695 1576; baseline -0.001 -14"><span class='ocrx_word' id='word_1_78' title='bbox 321 1520 537 1569; x_wconf 76' lang='lat' dir='ltr'>causae,</span> <span class='ocrx_word' id='word_1_79' title='bbox 588 1505 645 1558; x_wconf 86' lang='lat' dir='ltr'>ct</span> <span class='ocrx_word' id='word_1_80' title='bbox 687 1501 935 1567; x_wconf 78' lang='lat' dir='ltr'>effectus,</span> <span class='ocrx_word' id='word_1_81' title='bbox 988 1503 1152 1558; x_wconf 90' lang='lat' dir='ltr'>nulla</span> <span class='ocrx_word' id='word_1_82' title='bbox 1198 1508 1282 1558; x_wconf 85' lang='lat' dir='ltr'>est</span> <span class='ocrx_word' id='word_1_83' title='bbox 1327 1503 1474 1560; x_wconf 88' lang='lat' dir='ltr'>ratio</span> <span class='ocrx_word' id='word_1_84' title='bbox 1518 1518 1695 1576; x_wconf 91' lang='lat' dir='ltr'>quare</span> 
     </span>
     <span class='ocr_line' id='line_1_15' title="bbox 334 1580 1696 1659; baseline -0.001 -16"><span class='ocrx_word' id='word_1_85' title='bbox 334 1601 518 1643; x_wconf 92' lang='lat' dir='ltr'>unum</span> <span class='ocrx_word' id='word_1_86' title='bbox 566 1598 682 1639; x_wconf 92' lang='lat' dir='ltr'>non</span> <span class='ocrx_word' id='word_1_87' title='bbox 731 1580 1005 1653; x_wconf 87' lang='lat' dir='ltr'>producat</span> <span class='ocrx_word' id='word_1_88' title='bbox 1036 1582 1193 1638; x_wconf 90' lang='lat' dir='ltr'>aliud</span> <span class='ocrx_word' id='word_1_89' title='bbox 1226 1607 1239 1640; x_wconf 71' lang='grc' dir='ltr'>ι</span> <span class='ocrx_word' id='word_1_90' title='bbox 1272 1598 1407 1658; x_wconf 92' lang='lat' dir='ltr'>ergo</span> <span class='ocrx_word' id='word_1_91' title='bbox 1431 1584 1482 1639; x_wconf 91' lang='lat' dir='ltr'>si</span> <span class='ocrx_word' id='word_1_92' title='bbox 1508 1584 1696 1659; x_wconf 90' lang='lat' dir='ltr'>gratia</span> 
     </span>
     <span class='ocr_line' id='line_1_16' title="bbox 331 1661 1694 1736; baseline -0.002 -15"><span class='ocrx_word' id='word_1_93' title='bbox 331 1665 437 1722; x_wconf 90' lang='lat' dir='ltr'>uni</span> <span class='ocrx_word' id='word_1_94' title='bbox 461 1664 753 1720; x_wconf 74' lang='lat' dir='ltr'>inhaerens</span> <span class='ocrx_word' id='word_1_95' title='bbox 773 1666 857 1717; x_wconf 89' lang='lat' dir='ltr'>est</span> <span class='ocrx_word' id='word_1_96' title='bbox 879 1661 1062 1717; x_wconf 89' lang='lat' dir='ltr'>virtus</span> <span class='ocrx_word' id='word_1_97' title='bbox 1082 1661 1367 1718; x_wconf 85' lang='lat' dir='ltr'>sufficiens</span> <span class='ocrx_word' id='word_1_98' title='bbox 1388 1663 1459 1719; x_wconf 90' lang='lat' dir='ltr'>ad</span> <span class='ocrx_word' id='word_1_99' title='bbox 1481 1662 1694 1736; x_wconf 88' lang='lat' dir='ltr'>produ-</span> 
     </span>
     <span class='ocr_line' id='line_1_17' title="bbox 326 1740 1695 1816; baseline -0.001 -14"><span class='ocrx_word' id='word_1_100' title='bbox 326 1744 576 1803; x_wconf 88' lang='lat' dir='ltr'>cendum</span> <span class='ocrx_word' id='word_1_101' title='bbox 601 1741 999 1815; x_wconf 84' lang='lat' dir='ltr'>principaliter</span> <span class='ocrx_word' id='word_1_102' title='bbox 1019 1743 1267 1816; x_wconf 89' lang='lat' dir='ltr'>gratiam</span> <span class='ocrx_word' id='word_1_103' title='bbox 1291 1743 1353 1798; x_wconf 89' lang='lat' dir='ltr'>in</span> <span class='ocrx_word' id='word_1_104' title='bbox 1378 1742 1511 1810; x_wconf 86' lang='lat' dir='ltr'>alio,</span> <span class='ocrx_word' id='word_1_105' title='bbox 1539 1740 1596 1798; x_wconf 92' lang='lat' dir='ltr'>id</span> <span class='ocrx_word' id='word_1_106' title='bbox 1624 1742 1695 1800; x_wconf 90' lang='lat' dir='ltr'>de</span> 
     </span>
     <span class='ocr_line' id='line_1_18' title="bbox 331 1821 813 1897; baseline -0.012 -15"><span class='ocrx_word' id='word_1_107' title='bbox 331 1827 479 1883; x_wconf 76' lang='lat' dir='ltr'>facto</span> <span class='ocrx_word' id='word_1_108' title='bbox 507 1821 813 1897; x_wconf 82' lang='lat' dir='ltr'>praestabit.</span> 
     </span>
    </p>

    <p class='ocr_par' dir='ltr' id='par_1_3' title="bbox 299 1903 1694 4080">
     <span class='ocr_line' id='line_1_19' title="bbox 404 1903 1694 1979; baseline 0 -16"><span class='ocrx_word' id='word_1_109' title='bbox 404 1910 521 1964; x_wconf 82' lang='lat' dir='ltr'>Nec</span> <span class='ocrx_word' id='word_1_110' title='bbox 554 1906 705 1962; x_wconf 84' lang='lat' dir='ltr'>valet</span> <span class='ocrx_word' id='word_1_111' title='bbox 733 1903 866 1970; x_wconf 90' lang='lat' dir='ltr'>dici,</span> <span class='ocrx_word' id='word_1_112' title='bbox 897 1904 1046 1977; x_wconf 90' lang='lat' dir='ltr'>quod</span> <span class='ocrx_word' id='word_1_113' title='bbox 1073 1906 1219 1961; x_wconf 88' lang='lat' dir='ltr'>Deus</span> <span class='ocrx_word' id='word_1_114' title='bbox 1246 1903 1317 1961; x_wconf 90' lang='lat' dir='ltr'>de</span> <span class='ocrx_word' id='word_1_115' title='bbox 1344 1904 1489 1963; x_wconf 84' lang='lat' dir='ltr'>facto</span> <span class='ocrx_word' id='word_1_116' title='bbox 1514 1921 1694 1979; x_wconf 72' lang='lat' dir='ltr'>oppo-</span> 
     </span>
     <span class='ocr_line' id='line_1_20' title="bbox 321 1985 1692 2059; baseline -0.001 -16"><span class='ocrx_word' id='word_1_117' title='bbox 321 1989 505 2045; x_wconf 81' lang='lat' dir='ltr'>situm</span> <span class='ocrx_word' id='word_1_118' title='bbox 534 1985 874 2052; x_wconf 82' lang='lat' dir='ltr'>decreverit,</span> <span class='ocrx_word' id='word_1_119' title='bbox 903 1985 1158 2057; x_wconf 87' lang='lat' dir='ltr'>nolitque</span> <span class='ocrx_word' id='word_1_120' title='bbox 1208 2002 1338 2042; x_wconf 88' lang='lat' dir='ltr'>cum</span> <span class='ocrx_word' id='word_1_121' title='bbox 1368 2002 1484 2043; x_wconf 88' lang='lat' dir='ltr'>una</span> <span class='ocrx_word' id='word_1_122' title='bbox 1507 1985 1692 2059; x_wconf 87' lang='lat' dir='ltr'>gratia</span> 
     </span>
     <span class='ocr_line' id='line_1_21' title="bbox 327 2066 1691 2142; baseline -0.003 -16"><span class='ocrx_word' id='word_1_123' title='bbox 327 2069 401 2126; x_wconf 85' lang='lat' dir='ltr'>ad</span> <span class='ocrx_word' id='word_1_124' title='bbox 438 2068 871 2142; x_wconf 89' lang='lat' dir='ltr'>productionem</span> <span class='ocrx_word' id='word_1_125' title='bbox 893 2066 1132 2122; x_wconf 87' lang='lat' dir='ltr'>alterius</span> <span class='ocrx_word' id='word_1_126' title='bbox 1153 2083 1514 2125; x_wconf 87' lang='lat' dir='ltr'>concurrere.</span> <span class='ocrx_word' id='word_1_127' title='bbox 1546 2070 1691 2123; x_wconf 91' lang='lat' dir='ltr'>Nam</span> 
     </span>
     <span class='ocr_line' id='line_1_22' title="bbox 323 2146 1693 2220; baseline -0.001 -16"><span class='ocrx_word' id='word_1_128' title='bbox 323 2149 433 2206; x_wconf 85' lang='lat' dir='ltr'>hoc</span> <span class='ocrx_word' id='word_1_129' title='bbox 453 2148 620 2205; x_wconf 80' lang='lat' dir='ltr'>facile</span> <span class='ocrx_word' id='word_1_130' title='bbox 644 2146 928 2203; x_wconf 80' lang='lat' dir='ltr'>refellitur</span> <span class='ocrx_word' id='word_1_131' title='bbox 951 2169 964 2212; x_wconf 88' lang='lat'>;</span> <span class='ocrx_word' id='word_1_132' title='bbox 987 2147 1132 2203; x_wconf 89' lang='lat' dir='ltr'>Deus</span> <span class='ocrx_word' id='word_1_133' title='bbox 1151 2148 1307 2204; x_wconf 90' lang='lat' dir='ltr'>enim</span> <span class='ocrx_word' id='word_1_134' title='bbox 1331 2146 1402 2205; x_wconf 91' lang='lat' dir='ltr'>de</span> <span class='ocrx_word' id='word_1_135' title='bbox 1428 2146 1574 2203; x_wconf 82' lang='lat' dir='ltr'>sacto</span> <span class='ocrx_word' id='word_1_136' title='bbox 1593 2162 1693 2220; x_wconf 89' lang='lat' dir='ltr'>gu·</span> 
     </span>
     <span class='ocr_line' id='line_1_23' title="bbox 321 2226 1692 2300; baseline -0.002 -15"><span class='ocrx_word' id='word_1_137' title='bbox 321 2227 532 2286; x_wconf 75' lang='lat' dir='ltr'>bernat</span> <span class='ocrx_word' id='word_1_138' title='bbox 556 2233 845 2286; x_wconf 85' lang='lat' dir='ltr'>creaturas</span> <span class='ocrx_word' id='word_1_139' title='bbox 871 2226 1183 2284; x_wconf 89' lang='lat' dir='ltr'>secundum</span> <span class='ocrx_word' id='word_1_140' title='bbox 1213 2227 1447 2285; x_wconf 90' lang='lat' dir='ltr'>modum</span> <span class='ocrx_word' id='word_1_141' title='bbox 1493 2226 1692 2300; x_wconf 80' lang='lat' dir='ltr'>provi-</span> 
     </span>
     <span class='ocr_line' id='line_1_24' title="bbox 316 2308 1691 2372; baseline -0.002 -7"><span class='ocrx_word' id='word_1_142' title='bbox 316 2309 537 2367; x_wconf 82' lang='lat' dir='ltr'>dentiae</span> <span class='ocrx_word' id='word_1_143' title='bbox 559 2325 760 2367; x_wconf 89' lang='lat' dir='ltr'>earum</span> <span class='ocrx_word' id='word_1_144' title='bbox 790 2308 1032 2372; x_wconf 90' lang='lat' dir='ltr'>naturis,</span> <span class='ocrx_word' id='word_1_145' title='bbox 1059 2313 1116 2364; x_wconf 90' lang='lat' dir='ltr'>et</span> <span class='ocrx_word' id='word_1_146' title='bbox 1136 2308 1447 2364; x_wconf 87' lang='lat' dir='ltr'>virtutibus</span> <span class='ocrx_word' id='word_1_147' title='bbox 1472 2322 1691 2365; x_wconf 84' lang='lat' dir='ltr'>conna-</span> 
     </span>
     <span class='ocr_line' id='line_1_25' title="bbox 324 2386 1690 2459; baseline -0.001 -16"><span class='ocrx_word' id='word_1_148' title='bbox 324 2388 553 2455; x_wconf 85' lang='lat' dir='ltr'>turalis,</span> <span class='ocrx_word' id='word_1_149' title='bbox 603 2393 659 2445; x_wconf 90' lang='lat' dir='ltr'>et</span> <span class='ocrx_word' id='word_1_150' title='bbox 698 2387 1144 2459; x_wconf 80' lang='lat' dir='ltr'>proportionatae</span> <span class='ocrx_word' id='word_1_151' title='bbox 1193 2392 1290 2443; x_wconf 87' lang='lat' dir='ltr'>:et</span> <span class='ocrx_word' id='word_1_152' title='bbox 1317 2387 1422 2443; x_wconf 92' lang='lat' dir='ltr'>hac</span> <span class='ocrx_word' id='word_1_153' title='bbox 1466 2386 1690 2443; x_wconf 90' lang='lat' dir='ltr'>ratione</span> 
     </span>
     <span class='ocr_line' id='line_1_26' title="bbox 323 2467 1688 2541; baseline 0.001 -18"><span class='ocrx_word' id='word_1_154' title='bbox 323 2467 621 2541; x_wconf 79' lang='lat' dir='ltr'>dispensat</span> <span class='ocrx_word' id='word_1_155' title='bbox 669 2483 839 2523; x_wconf 90' lang='lat' dir='ltr'>suum</span> <span class='ocrx_word' id='word_1_156' title='bbox 895 2483 1231 2524; x_wconf 89' lang='lat' dir='ltr'>concursum</span> <span class='ocrx_word' id='word_1_157' title='bbox 1279 2469 1442 2541; x_wconf 89' lang='lat' dir='ltr'>juxta</span> <span class='ocrx_word' id='word_1_158' title='bbox 1487 2484 1688 2525; x_wconf 88' lang='lat' dir='ltr'>earum</span> 
     </span>
     <span class='ocr_line' id='line_1_27' title="bbox 327 2549 1691 2625; baseline 0.001 -21"><span class='ocrx_word' id='word_1_159' title='bbox 327 2549 781 2621; x_wconf 83' lang='lat' dir='ltr'>dispositionem,</span> <span class='ocrx_word' id='word_1_160' title='bbox 826 2552 882 2606; x_wconf 90' lang='lat' dir='ltr'>et</span> <span class='ocrx_word' id='word_1_161' title='bbox 921 2549 1076 2606; x_wconf 86' lang='lat' dir='ltr'>vires</span> <span class='ocrx_word' id='word_1_162' title='bbox 1126 2571 1140 2606; x_wconf 76' lang='grc' dir='ltr'><strong>ε</strong></span> <span class='ocrx_word' id='word_1_163' title='bbox 1190 2549 1343 2606; x_wconf 89' lang='lat' dir='ltr'>unde</span> <span class='ocrx_word' id='word_1_164' title='bbox 1368 2550 1503 2623; x_wconf 91' lang='lat' dir='ltr'>quia</span> <span class='ocrx_word' id='word_1_165' title='bbox 1539 2550 1691 2625; x_wconf 91' lang='lat' dir='ltr'>ignis</span> 
     </span>
     <span class='ocr_line' id='line_1_28' title="bbox 335 2630 1688 2705; baseline 0.001 -19"><span class='ocrx_word' id='word_1_166' title='bbox 335 2630 487 2687; x_wconf 78' lang='lat' dir='ltr'>valet</span> <span class='ocrx_word' id='word_1_167' title='bbox 533 2630 929 2704; x_wconf 79' lang='lat' dir='ltr'>principaliter</span> <span class='ocrx_word' id='word_1_168' title='bbox 976 2631 1184 2705; x_wconf 84' lang='lat' dir='ltr'>ignire,</span> <span class='ocrx_word' id='word_1_169' title='bbox 1215 2636 1272 2687; x_wconf 90' lang='lat' dir='ltr'>et</span> <span class='ocrx_word' id='word_1_170' title='bbox 1297 2632 1450 2688; x_wconf 90' lang='lat' dir='ltr'>calor</span> <span class='ocrx_word' id='word_1_171' title='bbox 1476 2631 1688 2688; x_wconf 82' lang='lat' dir='ltr'>calefa-</span> 
     </span>
     <span class='ocr_line' id='line_1_29' title="bbox 321 2711 1688 2785; baseline 0.001 -17"><span class='ocrx_word' id='word_1_172' title='bbox 321 2726 475 2775; x_wconf 78' lang='lat' dir='ltr'>cere,</span> <span class='ocrx_word' id='word_1_173' title='bbox 507 2716 803 2785; x_wconf 87' lang='lat' dir='ltr'>propterea</span> <span class='ocrx_word' id='word_1_174' title='bbox 849 2727 965 2768; x_wconf 94' lang='lat' dir='ltr'>non</span> <span class='ocrx_word' id='word_1_175' title='bbox 995 2712 1256 2785; x_wconf 87' lang='lat' dir='ltr'>impedit,</span> <span class='ocrx_word' id='word_1_176' title='bbox 1287 2711 1436 2785; x_wconf 89' lang='lat' dir='ltr'>quod</span> <span class='ocrx_word' id='word_1_177' title='bbox 1482 2712 1564 2769; x_wconf 90' lang='lat' dir='ltr'>sic</span> <span class='ocrx_word' id='word_1_178' title='bbox 1592 2714 1688 2769; x_wconf 92' lang='lat' dir='ltr'>in-</span> 
     </span>
     <span class='ocr_line' id='line_1_30' title="bbox 326 2791 1682 2866; baseline 0.002 -19"><span class='ocrx_word' id='word_1_179' title='bbox 326 2791 541 2859; x_wconf 78' lang='lat' dir='ltr'>tluant3</span> <span class='ocrx_word' id='word_1_180' title='bbox 566 2791 660 2849; x_wconf 86' lang='lat' dir='ltr'>sed</span> <span class='ocrx_word' id='word_1_181' title='bbox 683 2793 869 2865; x_wconf 88' lang='lat' dir='ltr'>potius</span> <span class='ocrx_word' id='word_1_182' title='bbox 896 2798 1224 2865; x_wconf 82' lang='lat' dir='ltr'>praemovet,</span> <span class='ocrx_word' id='word_1_183' title='bbox 1249 2796 1307 2849; x_wconf 90' lang='lat' dir='ltr'>et</span> <span class='ocrx_word' id='word_1_184' title='bbox 1330 2798 1682 2866; x_wconf 82' lang='lat' dir='ltr'>cooperatur,</span> 
     </span>
     <span class='ocr_line' id='line_1_31' title="bbox 323 2871 1687 2947; baseline -0.001 -18"><span class='ocrx_word' id='word_1_185' title='bbox 323 2878 387 2929; x_wconf 90' lang='lat' dir='ltr'>ut</span> <span class='ocrx_word' id='word_1_186' title='bbox 411 2889 478 2931; x_wconf 91' lang='lat' dir='ltr'>eo</span> <span class='ocrx_word' id='word_1_187' title='bbox 507 2871 675 2929; x_wconf 90' lang='lat' dir='ltr'>modo</span> <span class='ocrx_word' id='word_1_188' title='bbox 713 2873 997 2947; x_wconf 87' lang='lat' dir='ltr'>attingant</span> <span class='ocrx_word' id='word_1_189' title='bbox 1027 2872 1158 2930; x_wconf 89' lang='lat' dir='ltr'>illos</span> <span class='ocrx_word' id='word_1_190' title='bbox 1182 2872 1433 2930; x_wconf 80' lang='lat' dir='ltr'>effectus,</span> <span class='ocrx_word' id='word_1_191' title='bbox 1463 2874 1612 2947; x_wconf 85' lang='lat' dir='ltr'>Ergo</span> <span class='ocrx_word' id='word_1_192' title='bbox 1637 2872 1687 2929; x_wconf 87' lang='lat' dir='ltr'>si</span> 
     </span>
     <span class='ocr_line' id='line_1_32' title="bbox 313 2953 1687 3028; baseline 0.001 -19"><span class='ocrx_word' id='word_1_193' title='bbox 313 2954 511 3028; x_wconf 78' lang='lat' dir='ltr'>gratia</span> <span class='ocrx_word' id='word_1_194' title='bbox 539 2953 602 3009; x_wconf 91' lang='lat' dir='ltr'>in</span> <span class='ocrx_word' id='word_1_195' title='bbox 633 2969 748 3009; x_wconf 90' lang='lat' dir='ltr'>uno</span> <span class='ocrx_word' id='word_1_196' title='bbox 787 2954 1038 3009; x_wconf 83' lang='lat' dir='ltr'>existens</span> <span class='ocrx_word' id='word_1_197' title='bbox 1063 2959 1149 3010; x_wconf 89' lang='lat' dir='ltr'>est</span> <span class='ocrx_word' id='word_1_198' title='bbox 1190 2954 1374 3010; x_wconf 85' lang='lat' dir='ltr'>virtus</span> <span class='ocrx_word' id='word_1_199' title='bbox 1399 2954 1687 3011; x_wconf 84' lang='lat' dir='ltr'>sufficiens</span> 
     </span>
     <span class='ocr_line' id='line_1_33' title="bbox 325 3032 1686 3108; baseline 0 -18"><span class='ocrx_word' id='word_1_200' title='bbox 325 3034 395 3090; x_wconf 88' lang='lat' dir='ltr'>ad</span> <span class='ocrx_word' id='word_1_201' title='bbox 426 3032 859 3107; x_wconf 87' lang='lat' dir='ltr'>producendum</span> <span class='ocrx_word' id='word_1_202' title='bbox 903 3033 1301 3107; x_wconf 88' lang='lat' dir='ltr'>principaliter</span> <span class='ocrx_word' id='word_1_203' title='bbox 1341 3036 1588 3108; x_wconf 82' lang='lat' dir='ltr'>gratiam</span> <span class='ocrx_word' id='word_1_204' title='bbox 1625 3035 1686 3090; x_wconf 89' lang='lat' dir='ltr'>in</span> 
     </span>
     <span class='ocr_line' id='line_1_34' title="bbox 319 3113 1686 3182; baseline 0.001 -11"><span class='ocrx_word' id='word_1_205' title='bbox 319 3116 456 3182; x_wconf 88' lang='lat' dir='ltr'>ali0,</span> <span class='ocrx_word' id='word_1_206' title='bbox 509 3114 743 3172; x_wconf 91' lang='lat' dir='ltr'>nullum</span> <span class='ocrx_word' id='word_1_207' title='bbox 790 3119 875 3171; x_wconf 89' lang='lat' dir='ltr'>est</span> <span class='ocrx_word' id='word_1_208' title='bbox 922 3113 1384 3180; x_wconf 82' lang='lat' dir='ltr'>fundamentum,</span> <span class='ocrx_word' id='word_1_209' title='bbox 1428 3121 1489 3171; x_wconf 89' lang='lat' dir='ltr'>ut</span> <span class='ocrx_word' id='word_1_210' title='bbox 1527 3115 1686 3172; x_wconf 89' lang='lat' dir='ltr'>dica-</span> 
     </span>
     <span class='ocr_line' id='line_1_35' title="bbox 319 3194 1685 3268; baseline -0.001 -15"><span class='ocrx_word' id='word_1_211' title='bbox 319 3212 469 3262; x_wconf 89' lang='lat' dir='ltr'>mus,</span> <span class='ocrx_word' id='word_1_212' title='bbox 498 3194 652 3268; x_wconf 92' lang='lat' dir='ltr'>quod</span> <span class='ocrx_word' id='word_1_213' title='bbox 672 3194 858 3268; x_wconf 91' lang='lat' dir='ltr'>gratia</span> <span class='ocrx_word' id='word_1_214' title='bbox 880 3194 936 3250; x_wconf 89' lang='lat' dir='ltr'>id</span> <span class='ocrx_word' id='word_1_215' title='bbox 968 3211 1085 3251; x_wconf 91' lang='lat' dir='ltr'>non</span> <span class='ocrx_word' id='word_1_216' title='bbox 1116 3200 1357 3268; x_wconf 82' lang='lat' dir='ltr'>praestet.</span> <span class='ocrx_word' id='word_1_217' title='bbox 1385 3197 1454 3251; x_wconf 89' lang='lat' dir='ltr'>Et</span> <span class='ocrx_word' id='word_1_218' title='bbox 1474 3196 1553 3253; x_wconf 89' lang='lat' dir='ltr'>ita</span> <span class='ocrx_word' id='word_1_219' title='bbox 1580 3195 1685 3252; x_wconf 89' lang='lat' dir='ltr'>ad-</span> 
     </span>
     <span class='ocr_line' id='line_1_36' title="bbox 315 3275 1686 3352; baseline 0.001 -19"><span class='ocrx_word' id='word_1_220' title='bbox 315 3275 668 3334; x_wconf 89' lang='lat' dir='ltr'>mittendum</span> <span class='ocrx_word' id='word_1_221' title='bbox 708 3275 837 3342; x_wconf 88' lang='lat' dir='ltr'>erit,</span> <span class='ocrx_word' id='word_1_222' title='bbox 871 3276 1017 3348; x_wconf 91' lang='lat' dir='ltr'>quod</span> <span class='ocrx_word' id='word_1_223' title='bbox 1047 3293 1197 3332; x_wconf 90' lang='lat' dir='ltr'>unus</span> <span class='ocrx_word' id='word_1_224' title='bbox 1224 3277 1398 3334; x_wconf 91' lang='lat' dir='ltr'>homo</span> <span class='ocrx_word' id='word_1_225' title='bbox 1418 3276 1686 3352; x_wconf 84' lang='lat' dir='ltr'>justificet</span> 
     </span>
     <span class='ocr_line' id='line_1_37' title="bbox 315 3359 1678 3433; baseline 0 -16"><span class='ocrx_word' id='word_1_226' title='bbox 315 3359 721 3433; x_wconf 84' lang='lat' dir='ltr'>principaliter</span> <span class='ocrx_word' id='word_1_227' title='bbox 744 3359 973 3433; x_wconf 79' lang='lat' dir='ltr'>physice</span> <span class='ocrx_word' id='word_1_228' title='bbox 996 3361 1200 3426; x_wconf 87' lang='lat' dir='ltr'>alium,</span> <span class='ocrx_word' id='word_1_229' title='bbox 1225 3367 1282 3418; x_wconf 90' lang='lat' dir='ltr'>et</span> <span class='ocrx_word' id='word_1_230' title='bbox 1307 3360 1457 3433; x_wconf 89' lang='lat' dir='ltr'>quod</span> <span class='ocrx_word' id='word_1_231' title='bbox 1494 3361 1678 3429; x_wconf 89' lang='lat' dir='ltr'>Fides,</span> 
     </span>
     <span class='ocr_line' id='line_1_38' title="bbox 302 3440 1684 3527; baseline 0.001 -29"><span class='ocrx_word' id='word_1_232' title='bbox 302 3449 368 3499; x_wconf 81' lang='lat' dir='ltr'>et</span> <span class='ocrx_word' id='word_1_233' title='bbox 394 3444 535 3527; x_wconf 87' lang='lat' dir='ltr'>Spes</span> <span class='ocrx_word' id='word_1_234' title='bbox 573 3441 882 3497; x_wconf 84' lang='lat' dir='ltr'>existentes</span> <span class='ocrx_word' id='word_1_235' title='bbox 908 3440 972 3496; x_wconf 90' lang='lat' dir='ltr'>in</span> <span class='ocrx_word' id='word_1_236' title='bbox 1003 3448 1291 3514; x_wconf 87' lang='lat' dir='ltr'>peccatore</span> <span class='ocrx_word' id='word_1_237' title='bbox 1316 3441 1564 3499; x_wconf 86' lang='lat' dir='ltr'>efficiant</span> <span class='ocrx_word' id='word_1_238' title='bbox 1585 3444 1684 3499; x_wconf 86' lang='lat' dir='ltr'>Fi-</span> 
     </span>
     <span class='ocr_line' id='line_1_39' title="bbox 311 3521 1682 3595; baseline 0.001 -16"><span class='ocrx_word' id='word_1_239' title='bbox 311 3523 464 3591; x_wconf 85' lang='lat' dir='ltr'>dem,</span> <span class='ocrx_word' id='word_1_240' title='bbox 491 3528 555 3580; x_wconf 85' lang='lat' dir='ltr'>et</span> <span class='ocrx_word' id='word_1_241' title='bbox 577 3524 748 3595; x_wconf 87' lang='lat' dir='ltr'>Spem</span> <span class='ocrx_word' id='word_1_242' title='bbox 774 3521 836 3578; x_wconf 91' lang='lat' dir='ltr'>in</span> <span class='ocrx_word' id='word_1_243' title='bbox 859 3522 973 3579; x_wconf 90' lang='lat' dir='ltr'>alio</span> <span class='ocrx_word' id='word_1_244' title='bbox 994 3523 1264 3589; x_wconf 87' lang='lat' dir='ltr'>homine;</span> <span class='ocrx_word' id='word_1_245' title='bbox 1288 3523 1502 3581; x_wconf 89' lang='lat' dir='ltr'>militat</span> <span class='ocrx_word' id='word_1_246' title='bbox 1521 3524 1682 3580; x_wconf 90' lang='lat' dir='ltr'>enim</span> 
     </span>
     <span class='ocr_line' id='line_1_40' title="bbox 299 3600 1676 3672; baseline -0.001 -11"><span class='ocrx_word' id='word_1_247' title='bbox 299 3604 512 3662; x_wconf 75' lang='lat' dir='ltr'>eadem</span> <span class='ocrx_word' id='word_1_248' title='bbox 545 3602 715 3659; x_wconf 89' lang='lat' dir='ltr'>rati0.</span> <span class='ocrx_word' id='word_1_249' title='bbox 756 3600 914 3666; x_wconf 90' lang='lat' dir='ltr'>Quod</span> <span class='ocrx_word' id='word_1_250' title='bbox 948 3603 1000 3663; x_wconf 75' lang='lat' dir='ltr'>si.</span> <span class='ocrx_word' id='word_1_251' title='bbox 1023 3602 1179 3659; x_wconf 87' lang='lat' dir='ltr'>adest</span> <span class='ocrx_word' id='word_1_252' title='bbox 1213 3602 1676 3672; x_wconf 78' lang='lat' dir='ltr'>fundamentum,</span> 
     </span>
     <span class='ocr_line' id='line_1_41' title="bbox 312 3684 1684 3749; baseline -0.001 -5"><span class='ocrx_word' id='word_1_253' title='bbox 312 3703 387 3744; x_wconf 91' lang='lat' dir='ltr'>ne</span> <span class='ocrx_word' id='word_1_254' title='bbox 413 3686 473 3743; x_wconf 89' lang='lat' dir='ltr'>id</span> <span class='ocrx_word' id='word_1_255' title='bbox 519 3685 802 3748; x_wconf 74' lang='lat' dir='ltr'>dicamuS,</span> <span class='ocrx_word' id='word_1_256' title='bbox 850 3689 911 3737; x_wconf 86' lang='lat' dir='ltr'>ut</span> <span class='ocrx_word' id='word_1_257' title='bbox 952 3695 1156 3743; x_wconf 80' lang='lat' dir='ltr'>revera</span> <span class='ocrx_word' id='word_1_258' title='bbox 1198 3684 1372 3749; x_wconf 89' lang='lat' dir='ltr'>adest,</span> <span class='ocrx_word' id='word_1_259' title='bbox 1422 3691 1479 3743; x_wconf 90' lang='lat' dir='ltr'>et</span> <span class='ocrx_word' id='word_1_260' title='bbox 1524 3685 1684 3744; x_wconf 86' lang='lat' dir='ltr'>docet</span> 
     </span>
     <span class='ocr_line' id='line_1_42' title="bbox 303 3763 1683 3839; baseline -0.001 -15"><span class='ocrx_word' id='word_1_261' title='bbox 303 3768 614 3839; x_wconf 79' lang='lat' dir='ltr'>Scriptura</span> <span class='ocrx_word' id='word_1_262' title='bbox 637 3763 774 3820; x_wconf 89' lang='lat' dir='ltr'>locis</span> <span class='ocrx_word' id='word_1_263' title='bbox 798 3765 973 3836; x_wconf 82' lang='lat' dir='ltr'>supra</span> <span class='ocrx_word' id='word_1_264' title='bbox 998 3765 1183 3822; x_wconf 87' lang='lat' dir='ltr'>citatis</span> <span class='ocrx_word' id='word_1_265' title='bbox 1203 3788 1216 3832; x_wconf 88' lang='lat'>;</span> <span class='ocrx_word' id='word_1_266' title='bbox 1240 3782 1310 3822; x_wconf 89' lang='lat' dir='ltr'>ex</span> <span class='ocrx_word' id='word_1_267' title='bbox 1331 3765 1531 3823; x_wconf 88' lang='lat' dir='ltr'>eodem</span> <span class='ocrx_word' id='word_1_268' title='bbox 1554 3766 1683 3823; x_wconf 82' lang='lat' dir='ltr'>fun-</span> 
     </span>
     <span class='ocr_line' id='line_1_43' title="bbox 306 3842 1682 3923; baseline 0.001 -22"><span class='ocrx_word' id='word_1_269' title='bbox 306 3846 588 3905; x_wconf 86' lang='lat' dir='ltr'>damento</span> <span class='ocrx_word' id='word_1_270' title='bbox 636 3842 959 3923; x_wconf 78' lang='lat' dir='ltr'>edocemur,</span> <span class='ocrx_word' id='word_1_271' title='bbox 1009 3846 1160 3918; x_wconf 87' lang='lat' dir='ltr'>quod</span> <span class='ocrx_word' id='word_1_272' title='bbox 1203 3846 1391 3920; x_wconf 87' lang='lat' dir='ltr'>gratia</span> <span class='ocrx_word' id='word_1_273' title='bbox 1438 3862 1555 3903; x_wconf 93' lang='lat' dir='ltr'>non</span> <span class='ocrx_word' id='word_1_274' title='bbox 1598 3851 1682 3904; x_wconf 90' lang='lat' dir='ltr'>est</span> 
     </span>
     <span class='ocr_line' id='line_1_44' title="bbox 305 3923 1682 4000; baseline 0 -17"><span class='ocrx_word' id='word_1_275' title='bbox 305 3929 499 3985; x_wconf 62' lang='lat' dir='ltr'>*virtus</span> <span class='ocrx_word' id='word_1_276' title='bbox 523 3924 816 3982; x_wconf 85' lang='lat' dir='ltr'>sufficiens</span> <span class='ocrx_word' id='word_1_277' title='bbox 843 3923 912 3979; x_wconf 88' lang='lat' dir='ltr'>ad</span> <span class='ocrx_word' id='word_1_278' title='bbox 939 3924 1370 3996; x_wconf 85' lang='lat' dir='ltr'>producendum</span> <span class='ocrx_word' id='word_1_279' title='bbox 1397 3926 1682 4000; x_wconf 87' lang='lat' dir='ltr'>principa-</span> 
     </span>
     <span class='ocr_line' id='line_1_45' title="bbox 302 4002 968 4080; baseline -0.008 -18"><span class='ocrx_word' id='word_1_280' title='bbox 302 4007 444 4065; x_wconf 67' lang='lat' dir='ltr'>liter</span> <span class='ocrx_word' id='word_1_281' title='bbox 462 4005 721 4080; x_wconf 83' lang='lat' dir='ltr'>gratiam</span> <span class='ocrx_word' id='word_1_282' title='bbox 745 4002 808 4059; x_wconf 92' lang='lat' dir='ltr'>in</span> <span class='ocrx_word' id='word_1_283' title='bbox 832 4003 968 4059; x_wconf 89' lang='lat' dir='ltr'>alio.</span> 
     </span>
    </p>

    <p class='ocr_par' dir='ltr' id='par_1_4' title="bbox 273 4082 1683 5057">
     <span class='ocr_line' id='line_1_46' title="bbox 273 4082 1681 4156; baseline -0.002 -12"><span class='ocrx_word' id='word_1_284' title='bbox 273 4090 279 4096; x_wconf 76' lang='grc'><strong><em>’</em></strong></span> <span class='ocrx_word' id='word_1_285' title='bbox 382 4084 653 4144; x_wconf 87' lang='lat' dir='ltr'>Secundo</span> <span class='ocrx_word' id='word_1_286' title='bbox 712 4082 987 4156; x_wconf 91' lang='lat' dir='ltr'>probatur</span> <span class='ocrx_word' id='word_1_287' title='bbox 1035 4084 1236 4141; x_wconf 89' lang='lat' dir='ltr'>eadem</span> <span class='ocrx_word' id='word_1_288' title='bbox 1298 4084 1681 4142; x_wconf 90' lang='lat' dir='ltr'>antecedentis</span> 
     </span>
     <span class='ocr_line' id='line_1_47' title="bbox 303 4162 1682 4241; baseline 0 -17"><span class='ocrx_word' id='word_1_289' title='bbox 303 4185 439 4241; x_wconf 78' lang='lat' dir='ltr'>pars</span> <span class='ocrx_word' id='word_1_290' title='bbox 478 4162 835 4225; x_wconf 86' lang='lat' dir='ltr'>destruendo</span> <span class='ocrx_word' id='word_1_291' title='bbox 866 4163 1307 4222; x_wconf 81' lang='lat' dir='ltr'>tundamentum</span> <span class='ocrx_word' id='word_1_292' title='bbox 1355 4167 1682 4238; x_wconf 90' lang='lat' dir='ltr'>responsio-</span> 
     </span>
     <span class='ocr_line' id='line_1_48' title="bbox 310 4243 1681 4319; baseline -0.001 -16"><span class='ocrx_word' id='word_1_293' title='bbox 310 4249 434 4315; x_wconf 89' lang='lat' dir='ltr'>nis;</span> <span class='ocrx_word' id='word_1_294' title='bbox 460 4263 603 4304; x_wconf 90' lang='lat' dir='ltr'>nam</span> <span class='ocrx_word' id='word_1_295' title='bbox 636 4249 698 4299; x_wconf 90' lang='lat' dir='ltr'>ut</span> <span class='ocrx_word' id='word_1_296' title='bbox 723 4243 942 4315; x_wconf 88' lang='lat' dir='ltr'>aliquid</span> <span class='ocrx_word' id='word_1_297' title='bbox 968 4246 1153 4301; x_wconf 76' lang='lat' dir='ltr'>valeat</span> <span class='ocrx_word' id='word_1_298' title='bbox 1174 4243 1486 4318; x_wconf 88' lang='lat' dir='ltr'>producere</span> <span class='ocrx_word' id='word_1_299' title='bbox 1515 4246 1681 4319; x_wconf 91' lang='lat' dir='ltr'>prin-</span> 
     </span>
     <span class='ocr_line' id='line_1_49' title="bbox 297 4323 1681 4401; baseline -0.001 -17"><span class='ocrx_word' id='word_1_300' title='bbox 297 4328 572 4401; x_wconf 75' lang='lat' dir='ltr'>-praliter</span> <span class='ocrx_word' id='word_1_301' title='bbox 594 4323 781 4392; x_wconf 84' lang='lat' dir='ltr'>aliud,</span> <span class='ocrx_word' id='word_1_302' title='bbox 810 4340 926 4381; x_wconf 90' lang='lat' dir='ltr'>non</span> <span class='ocrx_word' id='word_1_303' title='bbox 947 4324 1168 4392; x_wconf 75' lang='lat' dir='ltr'>suflicit,</span> <span class='ocrx_word' id='word_1_304' title='bbox 1194 4324 1341 4398; x_wconf 83' lang='lat' dir='ltr'>quod</span> <span class='ocrx_word' id='word_1_305' title='bbox 1366 4325 1512 4382; x_wconf 90' lang='lat' dir='ltr'>illud</span> <span class='ocrx_word' id='word_1_306' title='bbox 1537 4325 1681 4383; x_wconf 80' lang='lat' dir='ltr'>adae-</span> 
     </span>
     <span class='ocr_line' id='line_1_50' title="bbox 301 4403 1680 4481; baseline -0.002 -16"><span class='ocrx_word' id='word_1_307' title='bbox 301 4413 441 4481; x_wconf 81' lang='lat' dir='ltr'>quet</span> <span class='ocrx_word' id='word_1_308' title='bbox 463 4409 531 4464; x_wconf 86' lang='lat' dir='ltr'>in</span> <span class='ocrx_word' id='word_1_309' title='bbox 582 4404 936 4479; x_wconf 80' lang='lat' dir='ltr'>perfectione</span> <span class='ocrx_word' id='word_1_310' title='bbox 981 4403 1261 4477; x_wconf 89' lang='lat' dir='ltr'>specifica,</span> <span class='ocrx_word' id='word_1_311' title='bbox 1299 4404 1398 4461; x_wconf 86' lang='lat' dir='ltr'>sed</span> <span class='ocrx_word' id='word_1_312' title='bbox 1444 4405 1680 4479; x_wconf 88' lang='lat' dir='ltr'>insuper</span> 
     </span>
     <span class='ocr_line' id='line_1_51' title="bbox 299 4488 1680 4563; baseline 0 -16"><span class='ocrx_word' id='word_1_313' title='bbox 299 4490 476 4549; x_wconf 72' lang='lat' dir='ltr'>dehet</span> <span class='ocrx_word' id='word_1_314' title='bbox 514 4491 713 4563; x_wconf 87' lang='lat' dir='ltr'>ipsum</span> <span class='ocrx_word' id='word_1_315' title='bbox 743 4488 1180 4560; x_wconf 80' lang='lat' dir='ltr'>praecontinere,</span> <span class='ocrx_word' id='word_1_316' title='bbox 1210 4493 1267 4544; x_wconf 90' lang='lat' dir='ltr'>et</span> <span class='ocrx_word' id='word_1_317' title='bbox 1293 4504 1421 4545; x_wconf 86' lang='lat' dir='ltr'>cum</span> <span class='ocrx_word' id='word_1_318' title='bbox 1450 4505 1517 4546; x_wconf 94' lang='lat' dir='ltr'>eo</span> <span class='ocrx_word' id='word_1_319' title='bbox 1545 4506 1680 4563; x_wconf 86' lang='lat' dir='ltr'>pro·</span> 
     </span>
     <span class='ocr_line' id='line_1_52' title="bbox 308 4567 1678 4644; baseline -0.001 -16"><span class='ocrx_word' id='word_1_320' title='bbox 308 4570 633 4644; x_wconf 77' lang='lat' dir='ltr'>portionari</span> <span class='ocrx_word' id='word_1_321' title='bbox 686 4569 752 4625; x_wconf 90' lang='lat' dir='ltr'>in</span> <span class='ocrx_word' id='word_1_322' title='bbox 801 4567 1023 4625; x_wconf 89' lang='lat' dir='ltr'>ratione</span> <span class='ocrx_word' id='word_1_323' title='bbox 1066 4583 1266 4634; x_wconf 80' lang='lat' dir='ltr'>causae,</span> <span class='ocrx_word' id='word_1_324' title='bbox 1311 4573 1368 4626; x_wconf 92' lang='lat' dir='ltr'>et</span> <span class='ocrx_word' id='word_1_325' title='bbox 1401 4568 1678 4627; x_wconf 84' lang='lat' dir='ltr'>erfectus:</span> 
     </span>
     <span class='ocr_line' id='line_1_53' title="bbox 308 4646 1680 4724; baseline -0.001 -17"><span class='ocrx_word' id='word_1_326' title='bbox 308 4651 465 4724; x_wconf 77' lang='lat' dir='ltr'>atqui</span> <span class='ocrx_word' id='word_1_327' title='bbox 494 4650 633 4706; x_wconf 89' lang='lat' dir='ltr'>licet</span> <span class='ocrx_word' id='word_1_328' title='bbox 662 4664 779 4704; x_wconf 93' lang='lat' dir='ltr'>una</span> <span class='ocrx_word' id='word_1_329' title='bbox 823 4646 1009 4722; x_wconf 88' lang='lat' dir='ltr'>gratia</span> <span class='ocrx_word' id='word_1_330' title='bbox 1050 4648 1301 4719; x_wconf 80' lang='lat' dir='ltr'>adaequet</span> <span class='ocrx_word' id='word_1_331' title='bbox 1327 4650 1569 4707; x_wconf 90' lang='lat' dir='ltr'>alteram</span> <span class='ocrx_word' id='word_1_332' title='bbox 1618 4650 1680 4706; x_wconf 92' lang='lat' dir='ltr'>in</span> 
     </span>
     <span class='ocr_line' id='line_1_54' title="bbox 300 4726 1678 4803; baseline -0.002 -13"><span class='ocrx_word' id='word_1_333' title='bbox 300 4748 429 4790; x_wconf 78' lang='lat' dir='ltr'>esse</span> <span class='ocrx_word' id='word_1_334' title='bbox 440 4731 625 4795; x_wconf 73' lang='lat' dir='ltr'>entis,</span> <span class='ocrx_word' id='word_1_335' title='bbox 641 4735 700 4786; x_wconf 90' lang='lat' dir='ltr'>et</span> <span class='ocrx_word' id='word_1_336' title='bbox 713 4726 900 4802; x_wconf 86' lang='lat' dir='ltr'>quoad</span> <span class='ocrx_word' id='word_1_337' title='bbox 917 4727 1319 4800; x_wconf 82' lang='lat' dir='ltr'>perfectionem</span> <span class='ocrx_word' id='word_1_338' title='bbox 1335 4728 1654 4803; x_wconf 87' lang='lat' dir='ltr'>specificam</span> <span class='ocrx_word' id='word_1_339' title='bbox 1663 4754 1678 4797; x_wconf 66' lang='grc' dir='ltr'><strong><em>ς</em></strong></span> 
     </span>
     <span class='ocr_line' id='line_1_55' title="bbox 304 4811 1680 4882; baseline -0.001 -12"><span class='ocrx_word' id='word_1_340' title='bbox 304 4814 475 4870; x_wconf 85' lang='lat' dir='ltr'>illam</span> <span class='ocrx_word' id='word_1_341' title='bbox 524 4819 726 4869; x_wconf 90' lang='lat' dir='ltr'>tamen</span> <span class='ocrx_word' id='word_1_342' title='bbox 781 4827 899 4867; x_wconf 90' lang='lat' dir='ltr'>non</span> <span class='ocrx_word' id='word_1_343' title='bbox 953 4811 1318 4882; x_wconf 83' lang='lat' dir='ltr'>praecontinet</span> <span class='ocrx_word' id='word_1_344' title='bbox 1342 4855 1355 4878; x_wconf 94' lang='lat'>,</span> <span class='ocrx_word' id='word_1_345' title='bbox 1406 4828 1509 4869; x_wconf 90' lang='lat' dir='ltr'>nec</span> <span class='ocrx_word' id='word_1_346' title='bbox 1552 4829 1680 4869; x_wconf 92' lang='lat' dir='ltr'>cum</span> 
     </span>
     <span class='ocr_line' id='line_1_56' title="bbox 312 4890 1683 4965; baseline -0.001 -17"><span class='ocrx_word' id='word_1_347' title='bbox 312 4893 412 4950; x_wconf 75' lang='lat' dir='ltr'>itta</span> <span class='ocrx_word' id='word_1_348' title='bbox 455 4891 944 4965; x_wconf 76' lang='lat' dir='ltr'>proportionatur</span> <span class='ocrx_word' id='word_1_349' title='bbox 989 4890 1051 4945; x_wconf 88' lang='lat' dir='ltr'>in</span> <span class='ocrx_word' id='word_1_350' title='bbox 1098 4890 1323 4948; x_wconf 87' lang='lat' dir='ltr'>ratione</span> <span class='ocrx_word' id='word_1_351' title='bbox 1365 4906 1577 4957; x_wconf 69' lang='lat' dir='ltr'>causas,</span> <span class='ocrx_word' id='word_1_352' title='bbox 1626 4896 1683 4949; x_wconf 90' lang='lat' dir='ltr'>et</span> 
     </span>
     <span class='ocr_line' id='line_1_57' title="bbox 306 4969 1677 5057; baseline -0.002 -28"><span class='ocrx_word' id='word_1_353' title='bbox 306 4972 539 5029; x_wconf 72' lang='lat' dir='ltr'>effectus</span> <span class='ocrx_word' id='word_1_354' title='bbox 555 4974 638 5042; x_wconf 88' lang='lat' dir='ltr'>(et</span> <span class='ocrx_word' id='word_1_355' title='bbox 652 4970 799 5027; x_wconf 87' lang='lat' dir='ltr'>hanc</span> <span class='ocrx_word' id='word_1_356' title='bbox 818 4969 1189 5043; x_wconf 87' lang='lat' dir='ltr'>posteriorem</span> <span class='ocrx_word' id='word_1_357' title='bbox 1206 4969 1677 5057; x_wconf 74' lang='lat' dir='ltr'>adaequationem,</span> 
     </span>
    </p>
   </div>
   <div class='ocr_carea' id='block_1_3' title="bbox 1835 536 3293 610">
    <p class='ocr_par' dir='ltr' id='par_1_5' title="bbox 1835 536 3293 610">
     <span class='ocr_line' id='line_1_58' title="bbox 1835 536 3293 610; baseline 0.002 -19"><span class='ocrx_word' id='word_1_358' title='bbox 1835 541 1899 591; x_wconf 87' lang='lat' dir='ltr'>ut</span> <span class='ocrx_word' id='word_1_359' title='bbox 1938 551 2038 608; x_wconf 88' lang='lat' dir='ltr'>per</span> <span class='ocrx_word' id='word_1_360' title='bbox 2062 552 2124 593; x_wconf 89' lang='lat' dir='ltr'>se</span> <span class='ocrx_word' id='word_1_361' title='bbox 2167 537 2547 610; x_wconf 88' lang='lat' dir='ltr'>pertinentem</span> <span class='ocrx_word' id='word_1_362' title='bbox 2592 536 2663 594; x_wconf 86' lang='lat' dir='ltr'>ad</span> <span class='ocrx_word' id='word_1_363' title='bbox 2705 538 2850 594; x_wconf 89' lang='lat' dir='ltr'>hanc</span> <span class='ocrx_word' id='word_1_364' title='bbox 2891 537 3201 594; x_wconf 89' lang='lat' dir='ltr'>materiam</span> <span class='ocrx_word' id='word_1_365' title='bbox 3288 548 3293 551; x_wconf 79' lang='grc'><strong><em>’</em></strong></span> 
     </span>
    </p>
   </div>
   <div class='ocr_carea' id='block_1_4' title="bbox 1829 614 3201 1575">
    <p class='ocr_par' dir='ltr' id='par_1_6' title="bbox 1829 614 3201 1575">
     <span class='ocr_line' id='line_1_59' title="bbox 1836 614 3200 692; baseline 0 -20"><span class='ocrx_word' id='word_1_366' title='bbox 1836 631 1962 672; x_wconf 89' lang='lat' dir='ltr'>cum</span> <span class='ocrx_word' id='word_1_367' title='bbox 2011 617 2073 672; x_wconf 93' lang='lat' dir='ltr'>D.</span> <span class='ocrx_word' id='word_1_368' title='bbox 2105 616 2307 673; x_wconf 87' lang='lat' dir='ltr'>Thom.</span> <span class='ocrx_word' id='word_1_369' title='bbox 2339 614 2846 688; x_wconf 88' lang='lat' dir='ltr'>consideramus):</span> <span class='ocrx_word' id='word_1_370' title='bbox 2898 632 3034 692; x_wconf 88' lang='lat' dir='ltr'>ergo</span> <span class='ocrx_word' id='word_1_371' title='bbox 3081 617 3200 672; x_wconf 88' lang='lat' dir='ltr'>im-</span> 
     </span>
     <span class='ocr_line' id='line_1_60' title="bbox 1837 695 3201 773; baseline 0.001 -22"><span class='ocrx_word' id='word_1_372' title='bbox 1837 695 2104 769; x_wconf 89' lang='lat' dir='ltr'>possibile</span> <span class='ocrx_word' id='word_1_373' title='bbox 2147 702 2248 765; x_wconf 84' lang='lat' dir='ltr'>est,</span> <span class='ocrx_word' id='word_1_374' title='bbox 2297 695 2446 769; x_wconf 90' lang='lat' dir='ltr'>quod</span> <span class='ocrx_word' id='word_1_375' title='bbox 2471 698 2654 773; x_wconf 81' lang='lat' dir='ltr'>gratia</span> <span class='ocrx_word' id='word_1_376' title='bbox 2702 699 2765 754; x_wconf 91' lang='lat' dir='ltr'>in</span> <span class='ocrx_word' id='word_1_377' title='bbox 2794 714 2908 755; x_wconf 91' lang='lat' dir='ltr'>uno</span> <span class='ocrx_word' id='word_1_378' title='bbox 2946 697 3201 755; x_wconf 78' lang='lat' dir='ltr'>existens</span> 
     </span>
     <span class='ocr_line' id='line_1_61' title="bbox 1836 775 3200 852; baseline 0.001 -20"><span class='ocrx_word' id='word_1_379' title='bbox 1836 775 2107 848; x_wconf 88' lang='lat' dir='ltr'>producat</span> <span class='ocrx_word' id='word_1_380' title='bbox 2121 777 2519 850; x_wconf 87' lang='lat' dir='ltr'>principaliter</span> <span class='ocrx_word' id='word_1_381' title='bbox 2537 777 2783 852; x_wconf 86' lang='lat' dir='ltr'>gratiam</span> <span class='ocrx_word' id='word_1_382' title='bbox 2810 778 2871 834; x_wconf 91' lang='lat' dir='ltr'>in</span> <span class='ocrx_word' id='word_1_383' title='bbox 2895 777 3029 835; x_wconf 91' lang='lat' dir='ltr'>alio.</span> <span class='ocrx_word' id='word_1_384' title='bbox 3055 779 3200 835; x_wconf 89' lang='lat' dir='ltr'>Con-</span> 
     </span>
     <span class='ocr_line' id='line_1_62' title="bbox 1833 857 3200 931; baseline 0.001 -20"><span class='ocrx_word' id='word_1_385' title='bbox 1833 857 2130 930; x_wconf 87' lang='lat' dir='ltr'>sequentia</span> <span class='ocrx_word' id='word_1_386' title='bbox 2175 861 2343 930; x_wconf 85' lang='lat' dir='ltr'>patet.</span> <span class='ocrx_word' id='word_1_387' title='bbox 2375 858 2562 931; x_wconf 85' lang='lat' dir='ltr'>Major</span> <span class='ocrx_word' id='word_1_388' title='bbox 2588 862 2779 914; x_wconf 86' lang='lat' dir='ltr'>autem</span> <span class='ocrx_word' id='word_1_389' title='bbox 2821 862 2905 914; x_wconf 91' lang='lat' dir='ltr'>est</span> <span class='ocrx_word' id='word_1_390' title='bbox 2930 862 3102 923; x_wconf 84' lang='lat' dir='ltr'>certa,</span> <span class='ocrx_word' id='word_1_391' title='bbox 3135 862 3200 913; x_wconf 89' lang='lat' dir='ltr'>ut</span> 
     </span>
     <span class='ocr_line' id='line_1_63' title="bbox 1835 933 3193 1011; baseline 0.002 -19"><span class='ocrx_word' id='word_1_392' title='bbox 1835 937 2012 1010; x_wconf 90' lang='lat' dir='ltr'>liquet</span> <span class='ocrx_word' id='word_1_393' title='bbox 2033 938 2176 995; x_wconf 81' lang='lat' dir='ltr'>facta</span> <span class='ocrx_word' id='word_1_394' title='bbox 2196 933 2621 1011; x_wconf 82' lang='lat' dir='ltr'>comparatione</span> <span class='ocrx_word' id='word_1_395' title='bbox 2643 943 2760 995; x_wconf 87' lang='lat' dir='ltr'>tam</span> <span class='ocrx_word' id='word_1_396' title='bbox 2784 939 2937 994; x_wconf 89' lang='lat' dir='ltr'>inter</span> <span class='ocrx_word' id='word_1_397' title='bbox 2956 938 3193 1010; x_wconf 66' lang='lat' dir='ltr'>species»,</span> 
     </span>
     <span class='ocr_line' id='line_1_64' title="bbox 1832 1019 3197 1094; baseline 0.001 -19"><span class='ocrx_word' id='word_1_398' title='bbox 1832 1035 2004 1092; x_wconf 87' lang='lat' dir='ltr'>quam</span> <span class='ocrx_word' id='word_1_399' title='bbox 2029 1019 2182 1077; x_wconf 90' lang='lat' dir='ltr'>inter</span> <span class='ocrx_word' id='word_1_400' title='bbox 2209 1019 2512 1082; x_wconf 87' lang='lat' dir='ltr'>individua</span> <span class='ocrx_word' id='word_1_401' title='bbox 2549 1019 2804 1094; x_wconf 86' lang='lat' dir='ltr'>ejusdem</span> <span class='ocrx_word' id='word_1_402' title='bbox 2833 1020 3062 1092; x_wconf 87' lang='lat' dir='ltr'>speciei.</span> <span class='ocrx_word' id='word_1_403' title='bbox 3094 1020 3197 1076; x_wconf 84' lang='lat' dir='ltr'>Li-</span> 
     </span>
     <span class='ocr_line' id='line_1_65' title="bbox 1832 1100 3196 1175; baseline 0.001 -18"><span class='ocrx_word' id='word_1_404' title='bbox 1832 1106 1919 1157; x_wconf 89' lang='lat' dir='ltr'>cet</span> <span class='ocrx_word' id='word_1_405' title='bbox 1936 1100 2096 1157; x_wconf 86' lang='lat' dir='ltr'>enim</span> <span class='ocrx_word' id='word_1_406' title='bbox 2126 1117 2275 1156; x_wconf 91' lang='lat' dir='ltr'>unus</span> <span class='ocrx_word' id='word_1_407' title='bbox 2304 1102 2552 1175; x_wconf 87' lang='lat' dir='ltr'>Angelus</span> <span class='ocrx_word' id='word_1_408' title='bbox 2579 1101 2853 1173; x_wconf 74' lang='lat' dir='ltr'>adaequet,</span> <span class='ocrx_word' id='word_1_409' title='bbox 2885 1102 3003 1158; x_wconf 91' lang='lat' dir='ltr'>imo</span> <span class='ocrx_word' id='word_1_410' title='bbox 3025 1116 3196 1159; x_wconf 91' lang='lat' dir='ltr'>exce-</span> 
     </span>
     <span class='ocr_line' id='line_1_66' title="bbox 1832 1182 3191 1259; baseline 0.001 -21"><span class='ocrx_word' id='word_1_411' title='bbox 1832 1182 1929 1239; x_wconf 90' lang='lat' dir='ltr'>dat</span> <span class='ocrx_word' id='word_1_412' title='bbox 1948 1183 2353 1255; x_wconf 85' lang='lat' dir='ltr'>perfectionem</span> <span class='ocrx_word' id='word_1_413' title='bbox 2369 1182 2687 1256; x_wconf 85' lang='lat' dir='ltr'>specificam</span> <span class='ocrx_word' id='word_1_414' title='bbox 2703 1184 2942 1240; x_wconf 89' lang='lat' dir='ltr'>alterius</span> <span class='ocrx_word' id='word_1_415' title='bbox 2961 1184 3191 1259; x_wconf 86' lang='lat' dir='ltr'>Angeli;</span> 
     </span>
     <span class='ocr_line' id='line_1_67' title="bbox 1833 1263 3199 1338; baseline 0.001 -20"><span class='ocrx_word' id='word_1_416' title='bbox 1833 1263 2030 1336; x_wconf 89' lang='lat' dir='ltr'>nequit</span> <span class='ocrx_word' id='word_1_417' title='bbox 2080 1268 2274 1319; x_wconf 88' lang='lat' dir='ltr'>tamen</span> <span class='ocrx_word' id='word_1_418' title='bbox 2326 1263 2496 1319; x_wconf 90' lang='lat' dir='ltr'>illum</span> <span class='ocrx_word' id='word_1_419' title='bbox 2544 1264 2941 1338; x_wconf 80' lang='lat' dir='ltr'>prIncipaliter</span> <span class='ocrx_word' id='word_1_420' title='bbox 2991 1263 3199 1337; x_wconf 88' lang='lat' dir='ltr'>produ-</span> 
     </span>
     <span class='ocr_line' id='line_1_68' title="bbox 1830 1343 3198 1417; baseline 0.001 -18"><span class='ocrx_word' id='word_1_421' title='bbox 1830 1358 1957 1399; x_wconf 88' lang='lat' dir='ltr'>cere</span> <span class='ocrx_word' id='word_1_422' title='bbox 1989 1364 2002 1398; x_wconf 84' lang='lat'>:</span> <span class='ocrx_word' id='word_1_423' title='bbox 2042 1348 2099 1400; x_wconf 91' lang='lat' dir='ltr'>et</span> <span class='ocrx_word' id='word_1_424' title='bbox 2123 1343 2387 1415; x_wconf 84' lang='lat' dir='ltr'>quamvis</span> <span class='ocrx_word' id='word_1_425' title='bbox 2429 1359 2577 1400; x_wconf 83' lang='lat' dir='ltr'>unus</span> <span class='ocrx_word' id='word_1_426' title='bbox 2616 1344 2789 1400; x_wconf 92' lang='lat' dir='ltr'>homo</span> <span class='ocrx_word' id='word_1_427' title='bbox 2825 1346 2901 1400; x_wconf 88' lang='lat' dir='ltr'>sit</span> <span class='ocrx_word' id='word_1_428' title='bbox 2939 1343 3198 1417; x_wconf 88' lang='lat' dir='ltr'>ejusdem</span> 
     </span>
     <span class='ocr_line' id='line_1_69' title="bbox 1829 1423 3197 1497; baseline 0.001 -19"><span class='ocrx_word' id='word_1_429' title='bbox 1829 1423 2035 1495; x_wconf 88' lang='lat' dir='ltr'>speciei</span> <span class='ocrx_word' id='word_1_430' title='bbox 2082 1439 2213 1479; x_wconf 90' lang='lat' dir='ltr'>cum</span> <span class='ocrx_word' id='word_1_431' title='bbox 2255 1424 2389 1492; x_wconf 84' lang='lat' dir='ltr'>alic,</span> <span class='ocrx_word' id='word_1_432' title='bbox 2421 1423 2806 1481; x_wconf 90' lang='lat' dir='ltr'>nihilominus</span> <span class='ocrx_word' id='word_1_433' title='bbox 2855 1440 2971 1482; x_wconf 89' lang='lat' dir='ltr'>non</span> <span class='ocrx_word' id='word_1_434' title='bbox 3015 1425 3197 1497; x_wconf 89' lang='lat' dir='ltr'>quili-</span> 
     </span>
     <span class='ocr_line' id='line_1_70' title="bbox 1830 1500 3194 1575; baseline 0.001 -17"><span class='ocrx_word' id='word_1_435' title='bbox 1830 1500 1925 1559; x_wconf 87' lang='lat' dir='ltr'>bet</span> <span class='ocrx_word' id='word_1_436' title='bbox 1952 1502 2124 1559; x_wconf 90' lang='lat' dir='ltr'>homo</span> <span class='ocrx_word' id='word_1_437' title='bbox 2153 1503 2306 1559; x_wconf 81' lang='lat' dir='ltr'>valet</span> <span class='ocrx_word' id='word_1_438' title='bbox 2334 1501 2645 1575; x_wconf 90' lang='lat' dir='ltr'>quemlibet</span> <span class='ocrx_word' id='word_1_439' title='bbox 2680 1504 2861 1560; x_wconf 90' lang='lat' dir='ltr'>alium</span> <span class='ocrx_word' id='word_1_440' title='bbox 2895 1504 3194 1562; x_wconf 90' lang='lat' dir='ltr'>hominem</span> 
     </span>
    </p>
   </div>
   <div class='ocr_carea' id='block_1_5' title="bbox 1832 1581 3418 1655">
    <p class='ocr_par' dir='ltr' id='par_1_7' title="bbox 1832 1581 3418 1655">
     <span class='ocr_line' id='line_1_71' title="bbox 1832 1581 3418 1655; baseline -0.009 -17"><span class='ocrx_word' id='word_1_441' title='bbox 1832 1581 2159 1654; x_wconf 90' lang='lat' dir='ltr'>producere,</span> <span class='ocrx_word' id='word_1_442' title='bbox 2184 1588 2247 1638; x_wconf 91' lang='lat' dir='ltr'>ut</span> <span class='ocrx_word' id='word_1_443' title='bbox 2261 1581 2567 1639; x_wconf 90' lang='lat' dir='ltr'>ostendunt</span> <span class='ocrx_word' id='word_1_444' title='bbox 2596 1585 2662 1639; x_wconf 90' lang='lat' dir='ltr'>N.</span> <span class='ocrx_word' id='word_1_445' title='bbox 2695 1584 2977 1655; x_wconf 89' lang='lat' dir='ltr'>Complut.</span> <span class='ocrx_word' id='word_1_446' title='bbox 3011 1586 3070 1639; x_wconf 81' lang='lat' dir='ltr'>in</span> <span class='ocrx_word' id='word_1_447' title='bbox 3094 1582 3418 1642; x_wconf 59' lang='lat' dir='ltr'>libssomptut.</span> 
     </span>
    </p>
   </div>
   <div class='ocr_carea' id='block_1_6' title="bbox 1816 1661 3195 4080">
    <p class='ocr_par' dir='ltr' id='par_1_8' title="bbox 1820 1661 3195 3675">
     <span class='ocr_line' id='line_1_72' title="bbox 1835 1661 3194 1737; baseline 0.002 -19"><span class='ocrx_word' id='word_1_448' title='bbox 1835 1661 2056 1733; x_wconf 75' lang='lat' dir='ltr'>Physic.</span> <span class='ocrx_word' id='word_1_449' title='bbox 2085 1662 2227 1735; x_wconf 73' lang='lat' dir='ltr'>disp.</span> <span class='ocrx_word' id='word_1_450' title='bbox 2264 1663 2345 1727; x_wconf 83' lang='lat'>15,</span> <span class='ocrx_word' id='word_1_451' title='bbox 2371 1668 2548 1734; x_wconf 60' lang='lat' dir='ltr'>quast.</span> <span class='ocrx_word' id='word_1_452' title='bbox 2575 1661 2829 1719; x_wconf 81' lang='lat' dir='ltr'>4.Minor</span> <span class='ocrx_word' id='word_1_453' title='bbox 2845 1668 3034 1721; x_wconf 90' lang='lat' dir='ltr'>autem</span> <span class='ocrx_word' id='word_1_454' title='bbox 3058 1679 3194 1737; x_wconf 88' lang='lat' dir='ltr'>pro-</span> 
     </span>
     <span class='ocr_line' id='line_1_73' title="bbox 1830 1740 3193 1816; baseline 0.004 -20"><span class='ocrx_word' id='word_1_455' title='bbox 1830 1740 2015 1808; x_wconf 88' lang='lat' dir='ltr'>batur,</span> <span class='ocrx_word' id='word_1_456' title='bbox 2034 1743 2167 1813; x_wconf 87' lang='lat' dir='ltr'>quia</span> <span class='ocrx_word' id='word_1_457' title='bbox 2191 1742 2343 1798; x_wconf 90' lang='lat' dir='ltr'>inter</span> <span class='ocrx_word' id='word_1_458' title='bbox 2362 1741 2495 1807; x_wconf 89' lang='lat' dir='ltr'>alia,</span> <span class='ocrx_word' id='word_1_459' title='bbox 2514 1757 2640 1814; x_wconf 78' lang='lat' dir='ltr'>quae</span> <span class='ocrx_word' id='word_1_460' title='bbox 2669 1741 2739 1798; x_wconf 91' lang='lat' dir='ltr'>ad</span> <span class='ocrx_word' id='word_1_461' title='bbox 2762 1745 3193 1816; x_wconf 87' lang='lat' dir='ltr'>proportionem</span> 
     </span>
     <span class='ocr_line' id='line_1_74' title="bbox 1831 1819 3195 1896; baseline 0.003 -21"><span class='ocrx_word' id='word_1_462' title='bbox 1831 1819 1985 1877; x_wconf 89' lang='lat' dir='ltr'>inter</span> <span class='ocrx_word' id='word_1_463' title='bbox 2024 1837 2274 1887; x_wconf 88' lang='lat' dir='ltr'>causam,</span> <span class='ocrx_word' id='word_1_464' title='bbox 2306 1825 2362 1878; x_wconf 87' lang='lat' dir='ltr'>et</span> <span class='ocrx_word' id='word_1_465' title='bbox 2393 1820 2654 1877; x_wconf 73' lang='lat' dir='ltr'>effectum</span> <span class='ocrx_word' id='word_1_466' title='bbox 2679 1828 2947 1894; x_wconf 88' lang='lat' dir='ltr'>spectant,</span> <span class='ocrx_word' id='word_1_467' title='bbox 2995 1824 3195 1896; x_wconf 90' lang='lat' dir='ltr'>requi-</span> 
     </span>
     <span class='ocr_line' id='line_1_75' title="bbox 1832 1902 3191 1978; baseline 0.003 -21"><span class='ocrx_word' id='word_1_468' title='bbox 1832 1902 1981 1959; x_wconf 89' lang='lat' dir='ltr'>ritur</span> <span class='ocrx_word' id='word_1_469' title='bbox 2025 1902 2217 1960; x_wconf 88' lang='lat' dir='ltr'>debita</span> <span class='ocrx_word' id='word_1_470' title='bbox 2244 1903 2535 1975; x_wconf 84' lang='lat' dir='ltr'>proportio</span> <span class='ocrx_word' id='word_1_471' title='bbox 2563 1903 2783 1976; x_wconf 88' lang='lat' dir='ltr'>agentis</span> <span class='ocrx_word' id='word_1_472' title='bbox 2827 1904 2897 1960; x_wconf 92' lang='lat' dir='ltr'>ad</span> <span class='ocrx_word' id='word_1_473' title='bbox 2935 1921 3191 1978; x_wconf 88' lang='lat' dir='ltr'>passum,</span> 
     </span>
     <span class='ocr_line' id='line_1_76' title="bbox 1830 1981 3195 2056; baseline 0.002 -18"><span class='ocrx_word' id='word_1_474' title='bbox 1830 1983 1997 2039; x_wconf 82' lang='lat' dir='ltr'>aliter</span> <span class='ocrx_word' id='word_1_475' title='bbox 2041 1983 2203 2040; x_wconf 89' lang='lat' dir='ltr'>enim</span> <span class='ocrx_word' id='word_1_476' title='bbox 2250 1982 2445 2054; x_wconf 87' lang='lat' dir='ltr'>nequit</span> <span class='ocrx_word' id='word_1_477' title='bbox 2489 1981 2751 2039; x_wconf 82' lang='lat' dir='ltr'>effectum</span> <span class='ocrx_word' id='word_1_478' title='bbox 2804 1984 2914 2055; x_wconf 90' lang='lat' dir='ltr'>ipsi</span> <span class='ocrx_word' id='word_1_479' title='bbox 2977 1985 3195 2056; x_wconf 90' lang='lat' dir='ltr'>impri-</span> 
     </span>
     <span class='ocr_line' id='line_1_77' title="bbox 1828 2062 3191 2138; baseline 0.001 -16"><span class='ocrx_word' id='word_1_480' title='bbox 1828 2081 1988 2122; x_wconf 90' lang='lat' dir='ltr'>mere</span> <span class='ocrx_word' id='word_1_481' title='bbox 2034 2064 2332 2137; x_wconf 85' lang='lat' dir='ltr'>:quocirca</span> <span class='ocrx_word' id='word_1_482' title='bbox 2358 2062 2455 2119; x_wconf 90' lang='lat' dir='ltr'>ubi</span> <span class='ocrx_word' id='word_1_483' title='bbox 2485 2070 2781 2138; x_wconf 87' lang='lat' dir='ltr'>repugnat,</span> <span class='ocrx_word' id='word_1_484' title='bbox 2806 2064 2955 2137; x_wconf 88' lang='lat' dir='ltr'>quod</span> <span class='ocrx_word' id='word_1_485' title='bbox 3003 2066 3191 2124; x_wconf 83' lang='lat' dir='ltr'>virtus</span> 
     </span>
     <span class='ocr_line' id='line_1_78' title="bbox 1828 2145 3193 2217; baseline 0.004 -17"><span class='ocrx_word' id='word_1_486' title='bbox 1828 2145 2022 2217; x_wconf 89' lang='lat' dir='ltr'>aliqua</span> <span class='ocrx_word' id='word_1_487' title='bbox 2057 2145 2232 2217; x_wconf 89' lang='lat' dir='ltr'>possit</span> <span class='ocrx_word' id='word_1_488' title='bbox 2251 2159 2322 2200; x_wconf 87' lang='lat' dir='ltr'>ex</span> <span class='ocrx_word' id='word_1_489' title='bbox 2344 2150 2554 2201; x_wconf 88' lang='lat' dir='ltr'>natura</span> <span class='ocrx_word' id='word_1_490' title='bbox 2572 2161 2674 2201; x_wconf 87' lang='lat' dir='ltr'>sua</span> <span class='ocrx_word' id='word_1_491' title='bbox 2702 2161 2830 2201; x_wconf 90' lang='lat' dir='ltr'>cum</span> <span class='ocrx_word' id='word_1_492' title='bbox 2864 2162 3025 2217; x_wconf 87' lang='lat' dir='ltr'>passo</span> <span class='ocrx_word' id='word_1_493' title='bbox 3050 2164 3193 2204; x_wconf 90' lang='lat' dir='ltr'>con-</span> 
     </span>
     <span class='ocr_line' id='line_1_79' title="bbox 1821 2224 3191 2300; baseline 0.004 -20"><span class='ocrx_word' id='word_1_494' title='bbox 1821 2226 2006 2300; x_wconf 88' lang='lat' dir='ltr'>jungi,</span> <span class='ocrx_word' id='word_1_495' title='bbox 2031 2242 2100 2283; x_wconf 87' lang='lat' dir='ltr'>eo</span> <span class='ocrx_word' id='word_1_496' title='bbox 2123 2227 2243 2298; x_wconf 90' lang='lat' dir='ltr'>ipso</span> <span class='ocrx_word' id='word_1_497' title='bbox 2263 2225 2643 2290; x_wconf 86' lang='lat' dir='ltr'>convincitur,</span> <span class='ocrx_word' id='word_1_498' title='bbox 2669 2224 2818 2298; x_wconf 86' lang='lat' dir='ltr'>quod</span> <span class='ocrx_word' id='word_1_499' title='bbox 2842 2241 2960 2281; x_wconf 92' lang='lat' dir='ltr'>non</span> <span class='ocrx_word' id='word_1_500' title='bbox 2982 2226 3191 2285; x_wconf 89' lang='lat' dir='ltr'>habeat</span> 
     </span>
     <span class='ocr_line' id='line_1_80' title="bbox 1828 2305 3187 2379; baseline 0.001 -18"><span class='ocrx_word' id='word_1_501' title='bbox 1828 2305 2276 2377; x_wconf 88' lang='lat' dir='ltr'>proportionem,</span> <span class='ocrx_word' id='word_1_502' title='bbox 2313 2311 2481 2379; x_wconf 88' lang='lat' dir='ltr'>atque</span> <span class='ocrx_word' id='word_1_503' title='bbox 2502 2305 2628 2362; x_wconf 90' lang='lat' dir='ltr'>ideo</span> <span class='ocrx_word' id='word_1_504' title='bbox 2655 2321 2757 2362; x_wconf 89' lang='lat' dir='ltr'>nec</span> <span class='ocrx_word' id='word_1_505' title='bbox 2783 2305 3187 2363; x_wconf 86' lang='lat' dir='ltr'>sufficientiam</span> 
     </span>
     <span class='ocr_line' id='line_1_81' title="bbox 1829 2384 3190 2459; baseline 0.002 -18"><span class='ocrx_word' id='word_1_506' title='bbox 1829 2386 1890 2442; x_wconf 92' lang='lat' dir='ltr'>in</span> <span class='ocrx_word' id='word_1_507' title='bbox 1911 2394 2033 2443; x_wconf 80' lang='lat' dir='ltr'>esse</span> <span class='ocrx_word' id='word_1_508' title='bbox 2058 2401 2256 2451; x_wconf 83' lang='lat' dir='ltr'>causae,</span> <span class='ocrx_word' id='word_1_509' title='bbox 2290 2391 2346 2443; x_wconf 90' lang='lat' dir='ltr'>et</span> <span class='ocrx_word' id='word_1_510' title='bbox 2372 2385 2602 2442; x_wconf 90' lang='lat' dir='ltr'>virtutis</span> <span class='ocrx_word' id='word_1_511' title='bbox 2628 2384 2698 2441; x_wconf 89' lang='lat' dir='ltr'>ad</span> <span class='ocrx_word' id='word_1_512' title='bbox 2727 2385 3190 2459; x_wconf 88' lang='lat' dir='ltr'>imprimendum</span> 
     </span>
     <span class='ocr_line' id='line_1_82' title="bbox 1826 2462 3189 2525; baseline 0.001 -1"><span class='ocrx_word' id='word_1_513' title='bbox 1826 2466 2107 2524; x_wconf 79' lang='lat' dir='ltr'>effectum.</span> <span class='ocrx_word' id='word_1_514' title='bbox 2132 2468 2327 2523; x_wconf 89' lang='lat' dir='ltr'>Gratia</span> <span class='ocrx_word' id='word_1_515' title='bbox 2355 2471 2546 2524; x_wconf 86' lang='lat' dir='ltr'>autem</span> <span class='ocrx_word' id='word_1_516' title='bbox 2568 2466 2630 2521; x_wconf 89' lang='lat' dir='ltr'>in</span> <span class='ocrx_word' id='word_1_517' title='bbox 2658 2482 2775 2523; x_wconf 92' lang='lat' dir='ltr'>uno</span> <span class='ocrx_word' id='word_1_518' title='bbox 2800 2467 3051 2525; x_wconf 86' lang='lat' dir='ltr'>existens</span> <span class='ocrx_word' id='word_1_519' title='bbox 3079 2462 3189 2525; x_wconf 80' lang='lat' dir='ltr'>ne·</span> 
     </span>
     <span class='ocr_line' id='line_1_83' title="bbox 1823 2545 3181 2620; baseline 0.001 -18"><span class='ocrx_word' id='word_1_520' title='bbox 1823 2547 1950 2619; x_wconf 87' lang='lat' dir='ltr'>quit</span> <span class='ocrx_word' id='word_1_521' title='bbox 1970 2547 2137 2603; x_wconf 87' lang='lat' dir='ltr'>alteri</span> <span class='ocrx_word' id='word_1_522' title='bbox 2159 2545 2346 2603; x_wconf 75' lang='lat' dir='ltr'>debite</span> <span class='ocrx_word' id='word_1_523' title='bbox 2366 2547 2660 2619; x_wconf 87' lang='lat' dir='ltr'>applicari,</span> <span class='ocrx_word' id='word_1_524' title='bbox 2685 2552 2742 2604; x_wconf 87' lang='lat' dir='ltr'>et</span> <span class='ocrx_word' id='word_1_525' title='bbox 2763 2548 3181 2620; x_wconf 87' lang='lat' dir='ltr'>approximari,</span> 
     </span>
     <span class='ocr_line' id='line_1_84' title="bbox 1826 2627 3182 2701; baseline 0.002 -18"><span class='ocrx_word' id='word_1_526' title='bbox 1826 2632 1889 2683; x_wconf 91' lang='lat' dir='ltr'>ut</span> <span class='ocrx_word' id='word_1_527' title='bbox 1935 2627 1998 2684; x_wconf 90' lang='lat' dir='ltr'>in</span> <span class='ocrx_word' id='word_1_528' title='bbox 2025 2643 2091 2684; x_wconf 91' lang='lat' dir='ltr'>eo</span> <span class='ocrx_word' id='word_1_529' title='bbox 2136 2628 2376 2683; x_wconf 89' lang='lat' dir='ltr'>alteram</span> <span class='ocrx_word' id='word_1_530' title='bbox 2421 2627 2668 2701; x_wconf 89' lang='lat' dir='ltr'>gratiam</span> <span class='ocrx_word' id='word_1_531' title='bbox 2699 2628 2986 2699; x_wconf 88' lang='lat' dir='ltr'>producat.</span> <span class='ocrx_word' id='word_1_532' title='bbox 3034 2632 3182 2686; x_wconf 90' lang='lat' dir='ltr'>Nam</span> 
     </span>
     <span class='ocr_line' id='line_1_85' title="bbox 1823 2703 3187 2781; baseline 0.003 -18"><span class='ocrx_word' id='word_1_533' title='bbox 1823 2707 2137 2780; x_wconf 87' lang='lat' dir='ltr'>subjectum</span> <span class='ocrx_word' id='word_1_534' title='bbox 2177 2708 2377 2781; x_wconf 80' lang='lat' dir='ltr'>gratiae</span> <span class='ocrx_word' id='word_1_535' title='bbox 2406 2706 2744 2780; x_wconf 76' lang='lat' dir='ltr'>recipiendas</span> <span class='ocrx_word' id='word_1_536' title='bbox 2763 2715 2847 2764; x_wconf 90' lang='lat' dir='ltr'>est</span> <span class='ocrx_word' id='word_1_537' title='bbox 2871 2703 2992 2767; x_wconf 83' lang='lat' dir='ltr'>sola</span> <span class='ocrx_word' id='word_1_538' title='bbox 3017 2709 3187 2766; x_wconf 87' lang='lat' dir='ltr'>subs-</span> 
     </span>
     <span class='ocr_line' id='line_1_86' title="bbox 1826 2789 3184 2864; baseline 0.003 -19"><span class='ocrx_word' id='word_1_539' title='bbox 1826 2789 2006 2846; x_wconf 90' lang='lat' dir='ltr'>tantia</span> <span class='ocrx_word' id='word_1_540' title='bbox 2024 2789 2365 2862; x_wconf 80' lang='lat' dir='ltr'>spiritualiS,</span> <span class='ocrx_word' id='word_1_541' title='bbox 2396 2790 2488 2846; x_wconf 90' lang='lat' dir='ltr'>cui</span> <span class='ocrx_word' id='word_1_542' title='bbox 2521 2792 2702 2846; x_wconf 88' lang='lat' dir='ltr'>altera</span> <span class='ocrx_word' id='word_1_543' title='bbox 2731 2790 2888 2847; x_wconf 89' lang='lat' dir='ltr'>uniri</span> <span class='ocrx_word' id='word_1_544' title='bbox 2926 2808 3025 2864; x_wconf 92' lang='lat' dir='ltr'>per</span> <span class='ocrx_word' id='word_1_545' title='bbox 3051 2808 3184 2850; x_wconf 91' lang='lat' dir='ltr'>mo-</span> 
     </span>
     <span class='ocr_line' id='line_1_87' title="bbox 1822 2870 3186 2947; baseline 0.004 -21"><span class='ocrx_word' id='word_1_546' title='bbox 1822 2870 1961 2927; x_wconf 90' lang='lat' dir='ltr'>dum</span> <span class='ocrx_word' id='word_1_547' title='bbox 2001 2870 2219 2947; x_wconf 90' lang='lat' dir='ltr'>agentis</span> <span class='ocrx_word' id='word_1_548' title='bbox 2260 2870 2609 2945; x_wconf 74' lang='lat' dir='ltr'>principalis</span> <span class='ocrx_word' id='word_1_549' title='bbox 2636 2887 2753 2929; x_wconf 92' lang='lat' dir='ltr'>non</span> <span class='ocrx_word' id='word_1_550' title='bbox 2794 2876 3003 2945; x_wconf 84' lang='lat' dir='ltr'>potest;</span> <span class='ocrx_word' id='word_1_551' title='bbox 3032 2874 3186 2932; x_wconf 86' lang='lat' dir='ltr'>alio·</span> 
     </span>
     <span class='ocr_line' id='line_1_88' title="bbox 1821 2950 3181 3028; baseline 0.004 -22"><span class='ocrx_word' id='word_1_552' title='bbox 1821 2951 1964 3024; x_wconf 88' lang='lat' dir='ltr'>quin</span> <span class='ocrx_word' id='word_1_553' title='bbox 1978 2950 2165 3008; x_wconf 89' lang='lat' dir='ltr'>eidem</span> <span class='ocrx_word' id='word_1_554' title='bbox 2182 2951 2448 3008; x_wconf 88' lang='lat' dir='ltr'>uniretur</span> <span class='ocrx_word' id='word_1_555' title='bbox 2472 2968 2571 3024; x_wconf 91' lang='lat' dir='ltr'>per</span> <span class='ocrx_word' id='word_1_556' title='bbox 2588 2952 2862 3009; x_wconf 91' lang='lat' dir='ltr'>intimum</span> <span class='ocrx_word' id='word_1_557' title='bbox 2886 2954 3181 3028; x_wconf 84' lang='lat' dir='ltr'>illapsum,</span> 
     </span>
     <span class='ocr_line' id='line_1_89' title="bbox 1821 3031 3183 3110; baseline 0.005 -23"><span class='ocrx_word' id='word_1_558' title='bbox 1821 3031 1972 3106; x_wconf 89' lang='lat' dir='ltr'>quod</span> <span class='ocrx_word' id='word_1_559' title='bbox 1997 3038 2081 3090; x_wconf 85' lang='lat' dir='ltr'>est</span> <span class='ocrx_word' id='word_1_560' title='bbox 2121 3032 2492 3107; x_wconf 90' lang='lat' dir='ltr'>impossibile.</span> <span class='ocrx_word' id='word_1_561' title='bbox 2527 3035 2596 3089; x_wconf 80' lang='lat' dir='ltr'>Et</span> <span class='ocrx_word' id='word_1_562' title='bbox 2622 3034 2727 3090; x_wconf 90' lang='lat' dir='ltr'>hac</span> <span class='ocrx_word' id='word_1_563' title='bbox 2757 3035 2980 3092; x_wconf 88' lang='lat' dir='ltr'>ratione</span> <span class='ocrx_word' id='word_1_564' title='bbox 3008 3052 3183 3110; x_wconf 90' lang='lat' dir='ltr'>repu-</span> 
     </span>
     <span class='ocr_line' id='line_1_90' title="bbox 1820 3113 3188 3190; baseline 0.006 -20"><span class='ocrx_word' id='word_1_565' title='bbox 1820 3120 1977 3189; x_wconf 89' lang='lat' dir='ltr'>gnat,</span> <span class='ocrx_word' id='word_1_566' title='bbox 2021 3113 2170 3188; x_wconf 90' lang='lat' dir='ltr'>quod</span> <span class='ocrx_word' id='word_1_567' title='bbox 2211 3131 2359 3171; x_wconf 88' lang='lat' dir='ltr'>unus</span> <span class='ocrx_word' id='word_1_568' title='bbox 2397 3115 2648 3190; x_wconf 87' lang='lat' dir='ltr'>Angelus</span> <span class='ocrx_word' id='word_1_569' title='bbox 2675 3116 2854 3172; x_wconf 89' lang='lat' dir='ltr'>alium</span> <span class='ocrx_word' id='word_1_570' title='bbox 2892 3117 3188 3178; x_wconf 90' lang='lat' dir='ltr'>illuminet</span> 
     </span>
     <span class='ocr_line' id='line_1_91' title="bbox 1823 3192 3184 3268; baseline 0.004 -18"><span class='ocrx_word' id='word_1_571' title='bbox 1823 3193 2186 3266; x_wconf 90' lang='lat' dir='ltr'>producendo</span> <span class='ocrx_word' id='word_1_572' title='bbox 2227 3192 2290 3249; x_wconf 92' lang='lat' dir='ltr'>in</span> <span class='ocrx_word' id='word_1_573' title='bbox 2328 3192 2448 3267; x_wconf 85' lang='lat' dir='ltr'>ejus</span> <span class='ocrx_word' id='word_1_574' title='bbox 2476 3194 2767 3250; x_wconf 87' lang='lat' dir='ltr'>intellectu</span> <span class='ocrx_word' id='word_1_575' title='bbox 2796 3196 3014 3268; x_wconf 88' lang='lat' dir='ltr'>aliquid</span> <span class='ocrx_word' id='word_1_576' title='bbox 3054 3198 3184 3256; x_wconf 89' lang='lat' dir='ltr'>vir-</span> 
     </span>
     <span class='ocr_line' id='line_1_92' title="bbox 1822 3274 3179 3354; baseline 0.005 -23"><span class='ocrx_word' id='word_1_577' title='bbox 1822 3282 1941 3334; x_wconf 89' lang='lat' dir='ltr'>tute</span> <span class='ocrx_word' id='word_1_578' title='bbox 1990 3276 2243 3349; x_wconf 88' lang='lat' dir='ltr'>propria,</span> <span class='ocrx_word' id='word_1_579' title='bbox 2278 3280 2338 3333; x_wconf 91' lang='lat' dir='ltr'>ut</span> <span class='ocrx_word' id='word_1_580' title='bbox 2378 3274 2730 3332; x_wconf 86' lang='lat' dir='ltr'>ostendimus</span> <span class='ocrx_word' id='word_1_581' title='bbox 2756 3285 2915 3334; x_wconf 79' lang='lat' dir='ltr'>tract.</span> <span class='ocrx_word' id='word_1_582' title='bbox 2946 3283 3001 3345; x_wconf 87' lang='lat'>7,</span> <span class='ocrx_word' id='word_1_583' title='bbox 3033 3279 3179 3354; x_wconf 54' lang='lat' dir='ltr'>disp.</span> 
     </span>
     <span class='ocr_line' id='line_1_93' title="bbox 1830 3354 3184 3432; baseline 0.003 -19"><span class='ocrx_word' id='word_1_584' title='bbox 1830 3358 1912 3422; x_wconf 86' lang='lat'>14,</span> <span class='ocrx_word' id='word_1_585' title='bbox 1944 3356 2068 3411; x_wconf 78' lang='lat' dir='ltr'>dub.</span> <span class='ocrx_word' id='word_1_586' title='bbox 2102 3358 2157 3421; x_wconf 79' lang='lat'>2,</span> <span class='ocrx_word' id='word_1_587' title='bbox 2190 3357 2305 3425; x_wconf 77' lang='lat'>§3.</span> <span class='ocrx_word' id='word_1_588' title='bbox 2340 3356 2487 3427; x_wconf 84' lang='lat' dir='ltr'>Ergo</span> <span class='ocrx_word' id='word_1_589' title='bbox 2514 3354 2645 3410; x_wconf 89' lang='lat' dir='ltr'>licet</span> <span class='ocrx_word' id='word_1_590' title='bbox 2685 3372 2799 3413; x_wconf 91' lang='lat' dir='ltr'>una</span> <span class='ocrx_word' id='word_1_591' title='bbox 2817 3359 3007 3432; x_wconf 88' lang='lat' dir='ltr'>gratia</span> <span class='ocrx_word' id='word_1_592' title='bbox 3033 3361 3184 3417; x_wconf 88' lang='lat' dir='ltr'>alte-</span> 
     </span>
     <span class='ocr_line' id='line_1_94' title="bbox 1823 3436 3186 3513; baseline -0.001 -18"><span class='ocrx_word' id='word_1_593' title='bbox 1823 3454 1947 3495; x_wconf 88' lang='lat' dir='ltr'>ram</span> <span class='ocrx_word' id='word_1_594' title='bbox 1996 3436 2253 3509; x_wconf 74' lang='lat' dir='ltr'>adaequet</span> <span class='ocrx_word' id='word_1_595' title='bbox 2278 3436 2340 3492; x_wconf 92' lang='lat' dir='ltr'>in</span> <span class='ocrx_word' id='word_1_596' title='bbox 2374 3450 2495 3492; x_wconf 87' lang='lat' dir='ltr'>esse</span> <span class='ocrx_word' id='word_1_597' title='bbox 2538 3436 2704 3498; x_wconf 87' lang='lat' dir='ltr'>entis,</span> <span class='ocrx_word' id='word_1_598' title='bbox 2733 3443 2790 3493; x_wconf 92' lang='lat' dir='ltr'>et</span> <span class='ocrx_word' id='word_1_599' title='bbox 2814 3440 2998 3511; x_wconf 89' lang='lat' dir='ltr'>quoad</span> <span class='ocrx_word' id='word_1_600' title='bbox 3046 3457 3186 3513; x_wconf 86' lang='lat' dir='ltr'>per-</span> 
     </span>
     <span class='ocr_line' id='line_1_95' title="bbox 1820 3516 3181 3590; baseline 0.003 -14"><span class='ocrx_word' id='word_1_601' title='bbox 1820 3520 2121 3576; x_wconf 79' lang='lat' dir='ltr'>fectionem</span> <span class='ocrx_word' id='word_1_602' title='bbox 2148 3516 2467 3590; x_wconf 84' lang='lat' dir='ltr'>specificam</span> <span class='ocrx_word' id='word_1_603' title='bbox 2494 3540 2508 3583; x_wconf 87' lang='lat'>;</span> <span class='ocrx_word' id='word_1_604' title='bbox 2540 3518 2925 3576; x_wconf 87' lang='lat' dir='ltr'>nihilominus</span> <span class='ocrx_word' id='word_1_605' title='bbox 2959 3522 3012 3577; x_wconf 90' lang='lat' dir='ltr'>ei</span> <span class='ocrx_word' id='word_1_606' title='bbox 3060 3539 3181 3580; x_wconf 92' lang='lat' dir='ltr'>non</span> 
     </span>
     <span class='ocr_line' id='line_1_96' title="bbox 1821 3600 2742 3675; baseline -0.001 -17"><span class='ocrx_word' id='word_1_607' title='bbox 1821 3602 2286 3675; x_wconf 87' lang='lat' dir='ltr'>proportionatur</span> <span class='ocrx_word' id='word_1_608' title='bbox 2305 3600 2369 3656; x_wconf 90' lang='lat' dir='ltr'>in</span> <span class='ocrx_word' id='word_1_609' title='bbox 2396 3615 2518 3656; x_wconf 82' lang='lat' dir='ltr'>esse</span> <span class='ocrx_word' id='word_1_610' title='bbox 2537 3615 2742 3658; x_wconf 76' lang='lat' dir='ltr'>causae.</span> 
     </span>
    </p>

    <p class='ocr_par' dir='ltr' id='par_1_9' title="bbox 1816 3679 3181 4080">
     <span class='ocr_line' id='line_1_97' title="bbox 1894 3679 3174 3752; baseline 0.005 -16"><span class='ocrx_word' id='word_1_611' title='bbox 1894 3683 1965 3736; x_wconf 89' lang='lat' dir='ltr'>Et</span> <span class='ocrx_word' id='word_1_612' title='bbox 1996 3681 2131 3737; x_wconf 90' lang='lat' dir='ltr'>hinc</span> <span class='ocrx_word' id='word_1_613' title='bbox 2159 3684 2309 3752; x_wconf 90' lang='lat' dir='ltr'>patet</span> <span class='ocrx_word' id='word_1_614' title='bbox 2345 3679 2413 3736; x_wconf 90' lang='lat' dir='ltr'>ad</span> <span class='ocrx_word' id='word_1_615' title='bbox 2439 3681 2703 3752; x_wconf 87' lang='lat' dir='ltr'>exempla</span> <span class='ocrx_word' id='word_1_616' title='bbox 2724 3682 2786 3737; x_wconf 92' lang='lat' dir='ltr'>in</span> <span class='ocrx_word' id='word_1_617' title='bbox 2814 3684 3174 3742; x_wconf 89' lang='lat' dir='ltr'>contrarium</span> 
     </span>
     <span class='ocr_line' id='line_1_98' title="bbox 1818 3759 3181 3836; baseline 0.004 -18"><span class='ocrx_word' id='word_1_618' title='bbox 1818 3760 2051 3818; x_wconf 87' lang='lat' dir='ltr'>inducta</span> <span class='ocrx_word' id='word_1_619' title='bbox 2073 3784 2086 3827; x_wconf 88' lang='lat'>;</span> <span class='ocrx_word' id='word_1_620' title='bbox 2110 3775 2245 3816; x_wconf 90' lang='lat' dir='ltr'>nam</span> <span class='ocrx_word' id='word_1_621' title='bbox 2283 3759 2345 3815; x_wconf 91' lang='lat' dir='ltr'>in</span> <span class='ocrx_word' id='word_1_622' title='bbox 2366 3759 2450 3817; x_wconf 87' lang='lat' dir='ltr'>eis</span> <span class='ocrx_word' id='word_1_623' title='bbox 2477 3761 2732 3817; x_wconf 81' lang='lat' dir='ltr'>salvatur</span> <span class='ocrx_word' id='word_1_624' title='bbox 2760 3760 3092 3836; x_wconf 69' lang='lat' dir='ltr'>adaequatio,</span> <span class='ocrx_word' id='word_1_625' title='bbox 3118 3771 3181 3824; x_wconf 85' lang='lat' dir='ltr'>et</span> 
     </span>
     <span class='ocr_line' id='line_1_99' title="bbox 1818 3842 3173 3916; baseline 0.003 -16"><span class='ocrx_word' id='word_1_626' title='bbox 1818 3844 2112 3916; x_wconf 89' lang='lat' dir='ltr'>proportio</span> <span class='ocrx_word' id='word_1_627' title='bbox 2133 3856 2250 3898; x_wconf 90' lang='lat' dir='ltr'>non</span> <span class='ocrx_word' id='word_1_628' title='bbox 2269 3843 2457 3898; x_wconf 89' lang='lat' dir='ltr'>solum</span> <span class='ocrx_word' id='word_1_629' title='bbox 2476 3842 2537 3898; x_wconf 90' lang='lat' dir='ltr'>in</span> <span class='ocrx_word' id='word_1_630' title='bbox 2556 3858 2678 3899; x_wconf 90' lang='lat' dir='ltr'>esse</span> <span class='ocrx_word' id='word_1_631' title='bbox 2691 3843 2855 3911; x_wconf 90' lang='lat' dir='ltr'>entis,</span> <span class='ocrx_word' id='word_1_632' title='bbox 2878 3845 2975 3901; x_wconf 88' lang='lat' dir='ltr'>sed</span> <span class='ocrx_word' id='word_1_633' title='bbox 2996 3847 3173 3904; x_wconf 88' lang='lat' dir='ltr'>etiam</span> 
     </span>
     <span class='ocr_line' id='line_1_100' title="bbox 1816 3923 3176 3998; baseline 0.004 -17"><span class='ocrx_word' id='word_1_634' title='bbox 1816 3926 1882 3981; x_wconf 91' lang='lat' dir='ltr'>in</span> <span class='ocrx_word' id='word_1_635' title='bbox 1912 3925 2133 3982; x_wconf 87' lang='lat' dir='ltr'>ratione</span> <span class='ocrx_word' id='word_1_636' title='bbox 2159 3938 2355 3990; x_wconf 83' lang='lat' dir='ltr'>causae,</span> <span class='ocrx_word' id='word_1_637' title='bbox 2386 3929 2443 3980; x_wconf 89' lang='lat' dir='ltr'>et</span> <span class='ocrx_word' id='word_1_638' title='bbox 2467 3923 2726 3992; x_wconf 52' lang='lat' dir='ltr'>effectum</span> <span class='ocrx_word' id='word_1_639' title='bbox 2756 3925 2904 3998; x_wconf 92' lang='lat' dir='ltr'>quod</span> <span class='ocrx_word' id='word_1_640' title='bbox 2935 3927 2996 3983; x_wconf 90' lang='lat' dir='ltr'>in</span> <span class='ocrx_word' id='word_1_641' title='bbox 3039 3945 3176 3986; x_wconf 89' lang='lat' dir='ltr'>nos-</span> 
     </span>
     <span class='ocr_line' id='line_1_101' title="bbox 1817 4004 2523 4080; baseline -0.001 -18"><span class='ocrx_word' id='word_1_642' title='bbox 1817 4011 1907 4062; x_wconf 92' lang='lat' dir='ltr'>tro</span> <span class='ocrx_word' id='word_1_643' title='bbox 1927 4021 2055 4062; x_wconf 85' lang='lat' dir='ltr'>casu</span> <span class='ocrx_word' id='word_1_644' title='bbox 2086 4019 2202 4061; x_wconf 92' lang='lat' dir='ltr'>non</span> <span class='ocrx_word' id='word_1_645' title='bbox 2222 4004 2523 4080; x_wconf 89' lang='lat' dir='ltr'>contingit.</span> 
     </span>
    </p>
   </div>
   <div class='ocr_carea' id='block_1_7' title="bbox 1889 4086 3369 4194">
    <p class='ocr_par' dir='ltr' id='par_1_10' title="bbox 1889 4086 3369 4194">
     <span class='ocr_line' id='line_1_102' title="bbox 1889 4086 3369 4194; baseline 0.003 -53"><span class='ocrx_word' id='word_1_646' title='bbox 1889 4088 1946 4143; x_wconf 86' lang='grc'>4.</span> <span class='ocrx_word' id='word_1_647' title='bbox 1997 4088 2265 4161; x_wconf 91' lang='lat' dir='ltr'>Urgetur,</span> <span class='ocrx_word' id='word_1_648' title='bbox 2315 4090 2371 4142; x_wconf 87' lang='lat' dir='ltr'>et</span> <span class='ocrx_word' id='word_1_649' title='bbox 2410 4086 2730 4159; x_wconf 88' lang='lat' dir='ltr'>explicatur</span> <span class='ocrx_word' id='word_1_650' title='bbox 2759 4086 2863 4143; x_wconf 89' lang='lat' dir='ltr'>hoc</span> <span class='ocrx_word' id='word_1_651' title='bbox 2902 4087 3171 4160; x_wconf 74' lang='lat' dir='ltr'>ampliuS,</span> <span class='ocrx_word' id='word_1_652' title='bbox 3211 4100 3369 4194; x_wconf 45' lang='lat'>5335·</span> 
     </span>
    </p>
   </div>
   <div class='ocr_carea' id='block_1_8' title="bbox 1814 4164 3182 5048">
    <p class='ocr_par' dir='ltr' id='par_1_11' title="bbox 1814 4164 3182 5048">
     <span class='ocr_line' id='line_1_103' title="bbox 1816 4164 3177 4239; baseline 0.004 -19"><span class='ocrx_word' id='word_1_653' title='bbox 1816 4166 1951 4239; x_wconf 89' lang='lat' dir='ltr'>quia</span> <span class='ocrx_word' id='word_1_654' title='bbox 1991 4166 2051 4222; x_wconf 91' lang='lat' dir='ltr'>in</span> <span class='ocrx_word' id='word_1_655' title='bbox 2081 4164 2444 4223; x_wconf 88' lang='lat' dir='ltr'>naturalibus</span> <span class='ocrx_word' id='word_1_656' title='bbox 2490 4166 2620 4223; x_wconf 87' lang='lat' dir='ltr'>licet</span> <span class='ocrx_word' id='word_1_657' title='bbox 2643 4166 2902 4234; x_wconf 87' lang='lat' dir='ltr'>scientia,</span> <span class='ocrx_word' id='word_1_658' title='bbox 2949 4169 3039 4224; x_wconf 91' lang='lat' dir='ltr'>vel</span> <span class='ocrx_word' id='word_1_659' title='bbox 3079 4186 3177 4226; x_wconf 88' lang='lat' dir='ltr'>ars</span> 
     </span>
     <span class='ocr_line' id='line_1_104' title="bbox 1815 4246 3178 4321; baseline 0.003 -18"><span class='ocrx_word' id='word_1_660' title='bbox 1815 4247 2065 4303; x_wconf 87' lang='lat' dir='ltr'>existens</span> <span class='ocrx_word' id='word_1_661' title='bbox 2089 4247 2152 4302; x_wconf 90' lang='lat' dir='ltr'>in</span> <span class='ocrx_word' id='word_1_662' title='bbox 2173 4246 2464 4304; x_wconf 87' lang='lat' dir='ltr'>intellectu</span> <span class='ocrx_word' id='word_1_663' title='bbox 2488 4246 2658 4302; x_wconf 90' lang='lat' dir='ltr'>unius</span> <span class='ocrx_word' id='word_1_664' title='bbox 2678 4246 2930 4320; x_wconf 81' lang='lat' dir='ltr'>adaequet</span> <span class='ocrx_word' id='word_1_665' title='bbox 2956 4249 3178 4321; x_wconf 82' lang='lat' dir='ltr'>perfec-</span> 
     </span>
     <span class='ocr_line' id='line_1_105' title="bbox 1817 4325 3177 4398; baseline 0.006 -19"><span class='ocrx_word' id='word_1_666' title='bbox 1817 4327 2033 4383; x_wconf 85' lang='lat' dir='ltr'>tionem</span> <span class='ocrx_word' id='word_1_667' title='bbox 2092 4325 2410 4398; x_wconf 84' lang='lat' dir='ltr'>specificam</span> <span class='ocrx_word' id='word_1_668' title='bbox 2463 4326 2732 4392; x_wconf 90' lang='lat' dir='ltr'>alterius;</span> <span class='ocrx_word' id='word_1_669' title='bbox 2788 4327 3177 4387; x_wconf 88' lang='lat' dir='ltr'>nihilominus</span> 
     </span>
     <span class='ocr_line' id='line_1_106' title="bbox 1815 4403 3177 4480; baseline 0.004 -19"><span class='ocrx_word' id='word_1_670' title='bbox 1815 4403 1945 4462; x_wconf 86' lang='lat' dir='ltr'>fieri</span> <span class='ocrx_word' id='word_1_671' title='bbox 1993 4421 2109 4463; x_wconf 90' lang='lat' dir='ltr'>non</span> <span class='ocrx_word' id='word_1_672' title='bbox 2155 4406 2324 4472; x_wconf 87' lang='lat' dir='ltr'>valet,</span> <span class='ocrx_word' id='word_1_673' title='bbox 2355 4404 2504 4477; x_wconf 90' lang='lat' dir='ltr'>quod</span> <span class='ocrx_word' id='word_1_674' title='bbox 2552 4406 2823 4479; x_wconf 87' lang='lat' dir='ltr'>magister</span> <span class='ocrx_word' id='word_1_675' title='bbox 2863 4422 2964 4480; x_wconf 88' lang='lat' dir='ltr'>per</span> <span class='ocrx_word' id='word_1_676' title='bbox 2986 4409 3177 4468; x_wconf 87' lang='lat' dir='ltr'>scien-</span> 
     </span>
     <span class='ocr_line' id='line_1_107' title="bbox 1815 4486 3179 4563; baseline 0.005 -19"><span class='ocrx_word' id='word_1_677' title='bbox 1815 4488 1979 4553; x_wconf 87' lang='lat' dir='ltr'>tiam,</span> <span class='ocrx_word' id='word_1_678' title='bbox 2004 4494 2060 4545; x_wconf 89' lang='lat' dir='ltr'>et</span> <span class='ocrx_word' id='word_1_679' title='bbox 2099 4492 2303 4553; x_wconf 89' lang='lat' dir='ltr'>artem,</span> <span class='ocrx_word' id='word_1_680' title='bbox 2333 4504 2471 4560; x_wconf 87' lang='lat' dir='ltr'>quas</span> <span class='ocrx_word' id='word_1_681' title='bbox 2499 4487 2671 4545; x_wconf 89' lang='lat' dir='ltr'>habet</span> <span class='ocrx_word' id='word_1_682' title='bbox 2701 4489 2764 4545; x_wconf 91' lang='lat' dir='ltr'>in</span> <span class='ocrx_word' id='word_1_683' title='bbox 2783 4486 2863 4560; x_wconf 80' lang='lat' dir='ltr'>se,</span> <span class='ocrx_word' id='word_1_684' title='bbox 2900 4492 3179 4563; x_wconf 88' lang='lat' dir='ltr'>producat</span> 
     </span>
     <span class='ocr_line' id='line_1_108' title="bbox 1817 4568 3178 4642; baseline 0.007 -18"><span class='ocrx_word' id='word_1_685' title='bbox 1817 4568 2216 4642; x_wconf 87' lang='lat' dir='ltr'>principaliter</span> <span class='ocrx_word' id='word_1_686' title='bbox 2235 4568 2489 4625; x_wconf 90' lang='lat' dir='ltr'>similem</span> <span class='ocrx_word' id='word_1_687' title='bbox 2516 4568 2837 4638; x_wconf 88' lang='lat' dir='ltr'>scientiam,</span> <span class='ocrx_word' id='word_1_688' title='bbox 2872 4574 2960 4629; x_wconf 82' lang='lat' dir='ltr'>vel</span> <span class='ocrx_word' id='word_1_689' title='bbox 2989 4581 3178 4633; x_wconf 90' lang='lat' dir='ltr'>artem</span> 
     </span>
     <span class='ocr_line' id='line_1_109' title="bbox 1816 4648 3182 4727; baseline 0.005 -21"><span class='ocrx_word' id='word_1_690' title='bbox 1816 4650 1882 4706; x_wconf 91' lang='lat' dir='ltr'>in</span> <span class='ocrx_word' id='word_1_691' title='bbox 1909 4655 2100 4707; x_wconf 87' lang='lat' dir='ltr'>mente</span> <span class='ocrx_word' id='word_1_692' title='bbox 2127 4648 2392 4722; x_wconf 86' lang='lat' dir='ltr'>discipuli</span> <span class='ocrx_word' id='word_1_693' title='bbox 2427 4671 2440 4706; x_wconf 75' lang='grc' dir='ltr'><strong><em>ε</em></strong></span> <span class='ocrx_word' id='word_1_694' title='bbox 2466 4666 2539 4707; x_wconf 82' lang='lat' dir='ltr'>ex</span> <span class='ocrx_word' id='word_1_695' title='bbox 2575 4667 2686 4723; x_wconf 90' lang='lat' dir='ltr'>quo</span> <span class='ocrx_word' id='word_1_696' title='bbox 2715 4653 2970 4727; x_wconf 89' lang='lat' dir='ltr'>legitime</span> <span class='ocrx_word' id='word_1_697' title='bbox 2998 4655 3182 4713; x_wconf 79' lang='lat' dir='ltr'>infer-</span> 
     </span>
     <span class='ocr_line' id='line_1_110' title="bbox 1815 4729 3179 4803; baseline 0.006 -19"><span class='ocrx_word' id='word_1_698' title='bbox 1815 4735 1929 4797; x_wconf 89' lang='lat' dir='ltr'>tur,</span> <span class='ocrx_word' id='word_1_699' title='bbox 1972 4729 2120 4803; x_wconf 88' lang='lat' dir='ltr'>quod</span> <span class='ocrx_word' id='word_1_700' title='bbox 2149 4729 2329 4802; x_wconf 89' lang='lat' dir='ltr'>ipsius</span> <span class='ocrx_word' id='word_1_701' title='bbox 2353 4730 2610 4797; x_wconf 81' lang='lat' dir='ltr'>scientia,</span> <span class='ocrx_word' id='word_1_702' title='bbox 2637 4733 2727 4789; x_wconf 90' lang='lat' dir='ltr'>vel</span> <span class='ocrx_word' id='word_1_703' title='bbox 2751 4748 2844 4789; x_wconf 89' lang='lat' dir='ltr'>ars</span> <span class='ocrx_word' id='word_1_704' title='bbox 2871 4749 2991 4791; x_wconf 90' lang='lat' dir='ltr'>non</span> <span class='ocrx_word' id='word_1_705' title='bbox 3020 4734 3179 4793; x_wconf 81' lang='lat' dir='ltr'>adae-</span> 
     </span>
     <span class='ocr_line' id='line_1_111' title="bbox 1814 4811 3176 4892; baseline 0.007 -25"><span class='ocrx_word' id='word_1_706' title='bbox 1814 4816 1950 4885; x_wconf 91' lang='lat' dir='ltr'>quat</span> <span class='ocrx_word' id='word_1_707' title='bbox 1979 4811 2147 4867; x_wconf 89' lang='lat' dir='ltr'>illum</span> <span class='ocrx_word' id='word_1_708' title='bbox 2186 4811 2460 4875; x_wconf 79' lang='lat' dir='ltr'>effectum&#39;</span> <span class='ocrx_word' id='word_1_709' title='bbox 2478 4813 2541 4869; x_wconf 92' lang='lat' dir='ltr'>in</span> <span class='ocrx_word' id='word_1_710' title='bbox 2566 4830 2688 4871; x_wconf 89' lang='lat' dir='ltr'>esse</span> <span class='ocrx_word' id='word_1_711' title='bbox 2724 4814 2950 4872; x_wconf 80' lang='lat' dir='ltr'>effectus</span> <span class='ocrx_word' id='word_1_712' title='bbox 2981 4838 2993 4872; x_wconf 91' lang='lat'>:</span> <span class='ocrx_word' id='word_1_713' title='bbox 3037 4833 3176 4892; x_wconf 88' lang='lat' dir='ltr'>ergo</span> 
     </span>
     <span class='ocr_line' id='line_1_112' title="bbox 1816 4890 3177 4969; baseline 0.007 -23"><span class='ocrx_word' id='word_1_714' title='bbox 1816 4891 1970 4948; x_wconf 92' lang='lat' dir='ltr'>idem</span> <span class='ocrx_word' id='word_1_715' title='bbox 1991 4890 2297 4948; x_wconf 90' lang='lat' dir='ltr'>dicendum</span> <span class='ocrx_word' id='word_1_716' title='bbox 2319 4898 2404 4949; x_wconf 90' lang='lat' dir='ltr'>est</span> <span class='ocrx_word' id='word_1_717' title='bbox 2423 4890 2493 4949; x_wconf 87' lang='lat' dir='ltr'>de</span> <span class='ocrx_word' id='word_1_718' title='bbox 2514 4909 2627 4950; x_wconf 85' lang='lat' dir='ltr'>una</span> <span class='ocrx_word' id='word_1_719' title='bbox 2640 4894 2825 4967; x_wconf 87' lang='lat' dir='ltr'>gratia</span> <span class='ocrx_word' id='word_1_720' title='bbox 2844 4904 3177 4969; x_wconf 88' lang='lat' dir='ltr'>comparata</span> 
     </span>
     <span class='ocr_line' id='line_1_113' title="bbox 1816 4972 3176 5048; baseline 0.005 -19"><span class='ocrx_word' id='word_1_721' title='bbox 1816 4972 1889 5029; x_wconf 91' lang='lat' dir='ltr'>ad</span> <span class='ocrx_word' id='word_1_722' title='bbox 1917 4973 2092 5029; x_wconf 89' lang='lat' dir='ltr'>aliam</span> <span class='ocrx_word' id='word_1_723' title='bbox 2119 4972 2384 5048; x_wconf 88' lang='lat' dir='ltr'>gratiam.</span> <span class='ocrx_word' id='word_1_724' title='bbox 2416 4975 2765 5033; x_wconf 86' lang='lat' dir='ltr'>Antecedens</span> <span class='ocrx_word' id='word_1_725' title='bbox 2808 4983 2893 5035; x_wconf 89' lang='lat' dir='ltr'>est</span> <span class='ocrx_word' id='word_1_726' title='bbox 2930 4983 3176 5047; x_wconf 77' lang='lat' dir='ltr'>certum,</span> 
     </span>
    </p>
   </div>
  </div>
 </body>
</html>
