3647 5753
508 415 608 470 166
1505 408 1597 463 DE
1637 406 1913 463 GRATIA
1959 404 2279 460 EFFICACI
2291 445 2303 459 .

273 595 480 652 *resumo-
566 584 696 639 2422.
741 583 1058 639 Veniamus
1102 580 1174 637 ad
1218 581 1311 637 SS.
1363 581 1560 636 Patres
1594 573 1846 643 Latinos,

275 645 477 739 nffiffffl‘
493 667 548 718 et
569 661 867 719 videamus
893 659 1041 735 quod
1069 659 1407 734 suffragium
1430 657 1580 733 apud
1606 657 1738 714 illos
1766 658 1853 712 in-

288 745 470 788 rau-um.
493 741 732 799 veniant
750 741 931 798 nostri
950 740 1304 798 Adversarii.
1323 740 1587 795 Clemens
1602 739 1848 794 Roman.

272 793 646 897 ‘iigffiaesssepisa
673 824 724 891 3,
751 823 941 896 inquit
969 843 982 878 ε
1017 843 1043 875 «
1073 822 1182 886 Qui
1200 820 1358 878 audit
1378 833 1706 877 sermonem
1726 817 1851 875 veri

497 925 523 958 α
552 903 866 977 Prophetas,
893 901 1064 959 habet
1093 902 1155 958 in
1177 918 1279 958 sua
1308 905 1578 974 potestate
1603 900 1772 965 velle,
1796 901 1855 954 et

496 1008 523 1040 «
553 987 708 1042 nolle
735 985 838 1042 illa
880 984 1165 1058 amplecti.
1212 988 1360 1040 Nam
1388 984 1436 1039 si
1466 983 1570 1039 hoc
1595 987 1758 1048 esset,
1792 985 1855 1036 ut

496 1089 522 1120 «
552 1065 811 1123 videntes
830 1083 898 1123 ea
920 1066 1041 1140 jam
1073 1081 1192 1122 non
1231 1065 1510 1122 haberent
1539 1064 1599 1120 in
1624 1077 1726 1120 sua
1749 1065 1855 1136 poss-

496 1168 522 1199 α
550 1150 748 1203 testate
770 1145 927 1201 aliud
969 1144 1174 1210 facere,
1206 1161 1379 1219 quam
1409 1142 1737 1207 audierunt,
1764 1141 1853 1199 vis

495 1246 522 1278 α
550 1232 675 1283 erat
705 1223 964 1298 quaedam
999 1228 1242 1290 naturas,
1282 1239 1383 1297 per
1407 1237 1579 1296 quam
1604 1222 1853 1279 liberum

496 1326 522 1357 α
552 1320 670 1361 non
691 1312 833 1362 esset
857 1304 928 1361 ad
949 1305 1125 1362 aliam
1151 1305 1406 1378 migrare
1430 1303 1798 1359 sententiam.
1821 1322 1847 1353 »

491 1384 649 1450 Quod
687 1384 867 1456 (addit
913 1385 1172 1454 Suarius)
1220 1383 1403 1440 simili
1430 1381 1603 1440 modo
1642 1381 1857 1438 diceret

491 1465 561 1523 de
613 1467 867 1523 motione
914 1465 984 1522 ad
1031 1481 1213 1521 unum
1286 1463 1850 1539 praedeterminante.

283 1544 462 1589 namn.
494 1546 829 1605 Ambrosius
870 1550 1150 1622 allegatur
1217 1546 1479 1620 pluribus
1519 1546 1695 1613 locis;
1756 1544 1855 1602 sed

488 1628 771 1702 egregius,
826 1629 906 1684 ait
950 1627 1208 1694 SuariuS,
1252 1625 1494 1683 habetur
1523 1627 1585 1682 in
1627 1624 1857 1697 exposi-

496 1709 653 1767 tione
674 1708 932 1783 Symboli
974 1710 1228 1782 Apostol.
1252 1725 1372 1782 cap.
1406 1711 1461 1775 4,
1493 1706 1591 1763 ubi
1621 1709 1858 1780 loquens

490 1788 565 1845 de
585 1790 800 1863 Spiritu
831 1794 1025 1846 sancto
1053 1789 1241 1862 inquit
1278 1811 1291 1845 ε
1351 1787 1454 1845 Ubi
1473 1789 1610 1857 vult,
1642 1790 1702 1842 in
1725 1803 1859 1865 quos

492 1869 630 1936 vult,
660 1877 708 1925 et
751 1877 1020 1948 quantu-m
1066 1870 1206 1934 vult,
1255 1871 1432 1942 spirat
1477 1885 1580 1923 sua
1624 1868 1859 1941 propria

492 1950 773 2005 voluntate
801 1968 818 2002 .·
863 1964 961 2021 per
989 1965 1113 2021 quse
1140 1949 1316 2006 verba
1359 1949 1610 2024 gratiam
1639 1963 1859 2021 praeve-

496 2031 754 2088 nientem
785 2046 902 2087 non
926 2029 988 2085 in
1018 2031 1413 2103 praemotione,
1457 2029 1556 2087 sed
1586 2030 1647 2086 in
1672 2029 1860 2103 inspi-

497 2112 721 2169 ratione
765 2111 1079 2168 constituit.
1130 2113 1199 2166 Et
1247 2112 1340 2168 lib.
1371 2113 1427 2178 4,
1452 2113 1513 2167 in
1557 2112 1716 2169 Luem
1741 2112 1859 2180 4‚§

495 2192 574 2250 Et
610 2193 799 2266 repleti
824 2199 970 2259 sunt,
997 2192 1078 2248 ait
1108 2213 1121 2248 ε
1157 2214 1183 2246 α
1205 2193 1444 2250 Moralis
1469 2192 1629 2250 enim
1661 2194 1861 2251 Domi-

503 2296 528 2326 «
559 2290 685 2345 nus,
721 2282 775 2331 et
794 2276 892 2347 qui
915 2274 1182 2331 docuerat
1207 2277 1471 2348 exemplo
1496 2276 1587 2331 sui
1627 2278 1862 2348 Aposto-

504 2381 529 2410 «
557 2358 643 2415 los
664 2374 797 2414 suos
823 2356 1092 2413 omnibus
1129 2357 1328 2413 omnia
1351 2356 1498 2425 fieri,
1534 2375 1636 2416 nec
1656 2359 1861 2416 volen-

505 2460 529 2490 «
562 2441 643 2493 tes
709 2437 990 2510 repudiat,
1058 2452 1162 2493 nec
1207 2437 1420 2494 invitos
1485 2439 1701 2513 alligat,
1759 2454 1863 2495 nec

506 2539 531 2568 «
563 2517 921 2591 ejicientibus
975 2518 1304 2584 reluctatur,
1371 2533 1474 2574 nec
1527 2517 1862 2593 rogantibus

507 2620 533 2649 «
561 2596 734 2654 deest.
768 2617 792 2648 »
827 2598 895 2651 Et
926 2595 1201 2669 ponderat
1221 2597 1461 2654 Suarius
1489 2597 1701 2654 dixisse
1727 2599 1863 2654 Am-

499 2677 676 2744 bros,
703 2675 939 2734 Moralis
978 2679 1268 2744 Dominus,
1300 2677 1435 2751 quia
1463 2678 1781 2745 moraliter,
1805 2683 1865 2734 et

499 2757 763 2813 suasione
785 2763 997 2823 movet,
1027 2773 1143 2814 non
1174 2757 1422 2831 physice,
1449 2763 1506 2814 et
1526 2758 1858 2816 efficacitert

501 2843 555 2896 et
582 2838 856 2909 similiter
895 2837 1124 2905 dixisse,
1169 2853 1286 2894 non
1333 2839 1548 2910 αῑίἰῃαε,
1581 2844 1642 2895 ut
1669 2838 1863 2897 deter-

287 2931 466 2984 mner.
504 2919 884 2975 minationem
927 2917 997 2974 ad
1037 2934 1218 2974 unum
1264 2918 1610 2976 excluderet.
1656 2920 1864 2977 Hiero-

502 3015 663 3075 nym.
690 3000 864 3056 etiam
890 2999 1170 3072 allegatur
1198 2998 1462 3072 pluribus
1485 3000 1642 3065 locis,
1676 3006 1736 3056 ut
1765 3000 1859 3056 lib.

500 3083 555 3150 4,
589 3080 651 3136 in
678 3096 798 3152 cap.
840 3081 901 3134 18
946 3078 1207 3148 Ieremia,
1254 3078 1352 3134 ubi
1384 3080 1464 3136 ait
1497 3100 1512 3135 ε
1548 3102 1574 3132 «
1629 3082 1745 3137 Hoc
1771 3079 1866 3136 di-

509 3182 534 3213 «
564 3161 765 3225 cimus,
814 3175 931 3215 non
970 3158 1119 3231 quod
1170 3161 1395 3233 ignoret
1433 3162 1582 3216 Deus
1622 3160 1727 3217 hoc
1770 3162 1865 3217 vel

510 3263 536 3294 «
565 3239 711 3296 illud
736 3245 986 3314 gentem,
1020 3244 1117 3295 aut
1139 3255 1380 3313 regnum
1408 3256 1529 3297 esse
1560 3240 1821 3297 futurum
1847 3265 1862 3310 3

509 3342 535 3374 «
563 3319 663 3377 sed
689 3319 836 3392 quod
859 3318 1113 3375 dimittat
1135 3319 1400 3376 homines
1422 3320 1707 3377 voluntati
1726 3336 1862 3390 suae,

510 3423 536 3453 (ι
566 3404 630 3455 ut
649 3401 742 3456 vel
770 3399 1026 3471 praemia,
1077 3401 1168 3456 vel
1193 3416 1390 3473 poenas
1415 3417 1518 3457 sua
1546 3402 1861 3468 voluntate,

419 3478 420 3481 ’
511 3502 536 3532 α
566 3484 623 3537 et
648 3496 750 3536 suo
782 3479 991 3536 merito
1032 3480 1287 3552 recipiat.
1336 3500 1362 3533 »
1407 3483 1543 3545 Quae
1582 3482 1868 3540 sententia

506 3560 709 3634 nequit
734 3558 1043 3623 verificari,
1074 3559 1123 3615 si
1154 3562 1300 3616 Deus
1328 3561 1624 3617 hominem
1654 3562 1723 3618 ad
1752 3562 1869 3618 sin-

505 3641 640 3715 gula
686 3657 857 3713 opera
903 3639 1201 3696 efficaciter
1242 3639 1726 3713 praedeterminet.
1800 3643 1870 3696 Et

504 3722 661 3793 epist.
716 3722 835 3785 146,
868 3720 942 3774 ad
970 3719 1297 3785 Damasum,
1331 3721 1451 3777 ait:
1488 3743 1514 3773 «
1545 3720 1710 3778 Dedit
1749 3721 1869 3776 illis

511 3822 537 3854 «
569 3801 817 3874 proprias
841 3800 1053 3857 mentis
1093 3799 1443 3868 libertatem,
1473 3807 1529 3858 et
1557 3808 1619 3857 ut
1642 3804 1870 3859 veniret

511 3904 536 3933 α
565 3880 957 3954 unusquisque
985 3896 1102 3937 non
1129 3895 1200 3937 ex
1247 3881 1495 3953 imperio
1522 3882 1642 3947 Dei,
1676 3881 1734 3938 id
1762 3886 1864 3947 est,

514 3985 537 4016 t(
570 3979 687 4019 non
713 3960 798 4019 'ex
840 3961 1191 4029 necessitate,
1234 3961 1332 4017 sed
1373 3977 1443 4018 ex
1481 3963 1799 4021 voluntate.
1837 3984 1862 4015 »

503 4042 682 4100 Motio
704 4047 895 4098 autem
926 4041 998 4097 ad
1040 4056 1221 4096 unum
1251 4039 1647 4098 determinans
1675 4058 1871 4099 neces-

502 4122 728 4179 sitatem
747 4122 1016 4194 imponit.
1038 4124 1108 4177 Et
1126 4123 1280 4193 epist.
1298 4120 1417 4186 150,
1436 4122 1511 4176 ad
1529 4120 1865 4189 Helvibiam,

505 4210 690 4279 quaest.
730 4204 812 4268 10,
866 4201 1026 4258 docet
1052 4218 1123 4258 ex
1169 4199 1389 4257 duobus
1430 4202 1642 4259 vocatis
1689 4218 1869 4259 unum

503 4282 847 4345 consentire,
873 4289 925 4338 et
949 4280 1254 4337 dissentire
1275 4281 1458 4338 alium
1486 4303 1500 4337 ε
1524 4281 1672 4355 Quia
1702 4282 1867 4351 Deua,

508 4362 713 4435 inquit,
747 4380 857 4418 non
877 4363 1060 4419 salvat
1089 4362 1569 4432 irrationabiliter,
1595 4371 1646 4418 et
1673 4364 1873 4441 absque

495 4442 701 4513 judicii
749 4445 996 4507 veritate,
1049 4444 1140 4498 sed
1185 4445 1370 4498 causis
1417 4444 1837 4515 praecedentibus
1854 4462 1875 4512 ,·

504 4524 637 4600 quia
689 4524 794 4577 alii
839 4541 945 4577 non
991 4529 1343 4596 susceperunt
1381 4521 1485 4579 Dei
1511 4523 1741 4591 Filium,
1771 4526 1875 4581 alii

505 4604 771 4676 suscipere
826 4605 1135 4658 voluerunt.
1209 4601 1369 4666 Quod
1417 4602 1709 4661 verificari
1756 4619 1874 4661 non

510 4687 709 4754 potest,
769 4684 816 4738 si
860 4682 929 4739 ad
982 4698 1321 4740 consensum
1366 4685 1695 4757 requiratur
1746 4699 1878 4740 mo-

509 4764 592 4820 tio
639 4764 938 4821 efficaciter
991 4763 1525 4837 praedeterminans.
1603 4766 1877 4840 Allegan-

292 4846 498 4937 D-gfffw-
512 4848 608 4899 tur
652 4845 828 4900 etiam
881 4848 946 4901 D.
999 4847 1265 4917 Prosper,
1315 4848 1378 4901 D.
1435 4846 1789 4920 Fulgentius,
1821 4851 1878 4903 et

335 4905 472 4987 'ctrugs'
515 4927 715 4982 Petrus
746 4926 1027 4981 Diaconus
1048 4926 1106 4980 S.
1132 4927 1437 5000 Augustini
1465 4926 1752 5001 discipuli,
1777 4927 1876 5000 qui

291 4991 479 5036 Dracon.
510 5009 791 5077 quatenus
834 5005 981 5060 hanc
1008 5004 1398 5063 difficultatem
1444 5011 1873 5079 pertractantes,

1983 591 2285 649 nunquam
2316 575 2635 632 meminere
2660 573 3053 646 praemotionis
3077 574 3338 648 physic-¹33,

1981 653 2080 711 sed
2123 655 2375 729 gratiam
2414 653 2696 710 efficacem
2735 653 3135 725 explicuerunt
3178 651 3345 710 modo

1984 737 2216 801 morali,
2247 740 2454 793 etcum
2479 733 2871 792 indifferentia
2899 735 3139 791 ulterius
3167 734 3347 792 deter-

1983 815 2256 873 minabili
2304 832 2404 890 per
2469 815 2783 871 voluntatis
2845 814 3178 871 arbitrium.
3226 818 3345 880 Qua

1982 898 2162 955 etiam
2211 897 2436 954 ratione
2484 896 2672 968 inquit
2717 896 2953 952 Suarius
3006 896 3098 951 lib.
3154 897 3341 961 citato,

1983 995 2108 1050 cap.
2136 979 2227 1045 48,
2263 977 2501 1051 allegari
2531 980 2709 1049 potest
2747 976 3055 1050 Gregorius
3081 978 3340 1051 Magnus,
3360 967 3534 1060 3332]

1983 1059 2120 1133 quia
2148 1058 2412 1132 pluribus
2439 1060 2575 1117 locis
2608 1057 2912 1116 efficaciam
2935 1058 3134 1133 gratiae
3155 1060 3395 1132 expli-1>
3449 1067 3542 1110 mel.
3620 1113 3621 1126 ,

1983 1145 2072 1197 cat
2101 1156 2201 1213 per
2227 1140 2490 1196 divinam
2539 1139 3001 1213 inspirationem,
3054 1139 3143 1196 cui
3167 1139 3348 1198 libere
3620 1137 3621 1150 ¹

1985 1221 2396 1277 consentimus
2422 1219 2527 1277 Sed
2552 1219 2757 1294 maJ'Ori
2782 1217 3009 1283 fiducia,
3034 1218 3192 1275 addit
3212 1222 3348 1277 Sua-

1988 1301 2110 1358 rius
2162 1319 2315 1357 nuan.
2346 1302 2402 1366 8,
2456 1301 2737 1374 allegatur
2780 1301 3107 1365 Anselmus,
3157 1300 3255 1374 qui
3286 1302 3348 1357 in

1986 1387 2104 1439 toto
2124 1381 2277 1439 libro
2298 1382 2367 1439 de
2395 1381 2709 1439 Concordia
2736 1388 3040 1455 perpetuus
3059 1387 3144 1439 est
3173 1383 3234 1438 in
3256 1399 3352 1438 as-

1984 1463 2249 1528 serend0,
2282 1462 2678 1520 necessitatem
2709 1461 3135 1519 antecedentem
3162 1463 3350 1536 impe-

1987 1543 2113 1601 dire
2142 1543 2488 1599 libertatem.
2517 1542 2681 1599 Unde
2703 1559 2774 1599 ex
2796 1542 2918 1615 ejus
2938 1542 3210 1615 opinione
3231 1558 3352 1598 non

1989 1628 2171 1697 potest
2222 1621 2441 1695 aliquid
2470 1623 2677 1695 praeire
2705 1628 2928 1680 nostras
2967 1623 3348 1695 operationes

1985 1702 2136 1777 quod
2165 1703 2235 1760 ad
2260 1703 2390 1759 illas
2418 1703 2810 1759 infallibiliter
2840 1702 3305 1776 praedeterminet
3336 1727 3349 1770 ;

1987 1782 2087 1841 sed
2113 1789 2296 1841 totum
2327 1784 2706 1839 committitur
2747 1783 3062 1840 voluntatis
3086 1783 3348 1848 arbitrio,

1989 1869 2051 1920 ut
2077 1864 2199 1937 ipse
2218 1864 2294 1919 ad
2312 1881 2432 1936 cap.
2483 1865 2518 1919 6
2563 1864 2771 1923 Mami.
2797 1864 2970 1921 tradit
2996 1864 3087 1920 his
3109 1863 3305 1921 verbis
3338 1885 3351 1918 z

1996 1968 2024 2000 α
2051 1945 2449 2003 Misericordia
2490 1947 2589 2002 Dei
2630 1962 2748 2003 non
2774 1951 2858 2002 est
2896 1960 3118 2020 cogens,
3169 1961 3354 2019 neque

1996 2051 2023 2082 α
2053 2028 2271 2101 aliquid
2298 2026 2481 2085 libero
2509 2026 2751 2084 arbitrio
2773 2027 2979 2093 aufert,
3025 2028 3123 2101 qui
3151 2043 3353 2085 omnes

1997 2132 2023 2163 α
2053 2110 2318 2167 homines
2342 2110 2469 2166 vult
2513 2110 2701 2166 salvos
2749 2108 2876 2166 fieri
2912 2131 2925 2165 ε
2965 2109 3116 2183 quod
3156 2114 3351 2166 tamen

1997 2214 2024 2247 α
2054 2193 2116 2248 in
2141 2191 2322 2249 libera
2345 2191 2582 2249 illorum
2604 2193 2899 2249 voluntate
2923 2192 3173 2265 positum
3194 2198 3298 2249 est.
3324 2215 3348 2243 »

1991 2271 2275 2329 Similiter
2323 2274 2386 2328 D.
2437 2271 2764 2328 Bernardus
2786 2273 2849 2328 in
2879 2272 3030 2329 libro
3050 2271 3119 2328 de
3144 2274 3349 2346 gratia,
3369 2277 3541 2319 pacm.

1991 2358 2047 2410 et
2068 2351 2253 2409 libero
2274 2352 2663 2419 arbitrio,non
2693 2353 2860 2426 longe
2883 2368 2912 2408 a
2938 2353 3352 2426 principi0.ait:

1998 2455 2022 2487 α
2047 2435 2240 2491 Manet
2262 2448 2397 2509 ergo
2426 2433 2660 2491 libertas
2687 2436 3017 2503 voluntatis,
3051 2434 3148 2490 ubi
3176 2435 3355 2491 etiam

1996 2536 2023 2570 α
2048 2514 2114 2571 fit
2137 2516 2438 2588 captivitas
2461 2517 2686 2582 mentiS,
2722 2520 2841 2571 tam
2876 2515 2939 2571 in
2967 2514 3149 2583 boniS,
3181 2532 3356 2589 quam

1999 2616 2025 2648 α
2056 2595 2119 2650 in
2148 2596 2322 2652 malis
2353 2620 2367 2663 ;
2412 2595 2510 2654 sed
2539 2597 2601 2652 in
2629 2596 2795 2653 bonis
2822 2594 3161 2653 ordinatior.
3212 2598 3357 2653 Tam

2000 2695 2025 2726 α
2055 2673 2281 2749 integra
2301 2693 2523 2750 quoque
2545 2692 2648 2750 pro
2669 2692 2771 2733 suo
2795 2676 2966 2733 modo
2985 2677 3048 2733 in
3070 2683 3261 2733 creatu
3272 2694 3355 2744 ra,

2000 2776 2027 2808 α
2054 2772 2228 2828 quam
2257 2756 2320 2813 in
2374 2760 2641 2815 creatore
2673 2782 2687 2824 ;
2741 2756 2842 2814 sed
2869 2758 2934 2814 in
2961 2760 3228 2814 Creatore
3260 2776 3362 2832 po-

2000 2856 2026 2889 «
2052 2837 2285 2895 tentior.
2307 2858 2332 2889 »
2361 2840 2496 2904 Quae
2519 2837 2890 2911 comparatio,
2912 2836 3069 2895 addit
3095 2839 3358 2905 SuariuS,

1994 2916 2087 2973 vel
2114 2933 2253 2974 vera
2277 2934 2395 2975 non
2421 2923 2520 2986 est,
2546 2920 2639 2975 vel
2663 2917 2993 2974 Bernardus
3018 2919 3211 2983 sentit,
3240 2936 3360 2978 non

1994 2998 2180 3072 magis
2204 2999 2702 3071 praedeterminari
2726 3001 3083 3057 voluntatem
3105 3006 3358 3058 creatam

1997 3080 2068 3136 ad
2096 3084 2250 3137 actus
2279 3081 2511 3148 liberos,
2561 3099 2732 3155 quam
2762 3083 3042 3141 divinam.
3077 3085 3363 3144 Similiter

1997 3161 2154 3218 idem
2178 3166 2244 3218 D.
2273 3162 2600 3220 Bernardus
2638 3163 2797 3221 docet
2819 3165 3083 3223 divinam
3111 3169 3360 3242 gratiam

1998 3242 2061 3300 in
2085 3242 2301 3300 actibus
2330 3242 2727 3301 indeliberatis
2755 3248 3096 3318 praevenire,
3129 3250 3193 3304 in
3221 3250 3366 3306 acti-

1998 3323 2103 3380 bus
2150 3340 2290 3381 vero
2336 3323 2667 3382 deliberatis
2711 3328 2899 3384 solum
2937 3329 3200 3385 comitari
3238 3354 3250 3396 ;
3285 3331 3365 3386 sic

1997 3405 2162 3461 enim
2194 3404 2384 3477 inquit
2416 3426 2429 3460 ε
2490 3428 2516 3459 «
2567 3409 2675 3462 Ista
2715 3423 2845 3463 curn
2893 3408 3075 3465 libero
3121 3409 3368 3468 arbitrio

2006 3505 2029 3537 α
2060 3490 2353 3557 operatur,
2387 3491 2449 3540 ut
2479 3490 2703 3542 tantum
2745 3487 2892 3543 illud
2922 3490 2984 3544 in
3014 3490 3203 3561 primo
3226 3508 3368 3563 pra?-

2006 3585 2032 3616 «
2061 3563 2277 3629 veniat,
2305 3564 2367 3620 in
2394 3566 2613 3622 caeteris
2639 3568 2960 3624 comitetur.
2997 3589 3023 3621 »
3075 3571 3144 3625 Et
3166 3570 3322 3627 infra
3351 3593 3363 3627 :

2006 3665 2032 3696 a
2064 3645 2147 3699 Ita
2173 3645 2321 3716 quod
2344 3661 2374 3701 a
2397 3647 2519 3703 sola
2543 3647 2727 3719 gratia
2750 3657 2995 3721 coeptum
3016 3658 3117 3716 est,
3149 3653 3367 3725 pariter

2007 3744 2033 3775 α
2063 3722 2134 3778 ab
2157 3728 2396 3796 utroque
2424 3724 2734 3796 perficitur.
2769 3747 2794 3779 »
2830 3730 3168 3804 Allegantur
3194 3730 3366 3788 deni·
3620 3796 3621 3807 χ

2000 3818 2107 3876 que
2133 3804 2529 3861 Tertullianus
2553 3806 2646 3861 lib.
2678 3808 2735 3871 2,
2767 3816 2956 3863 contra
2998 3809 3359 3869 Marcionem.
3381 3827 3562 3874 Tertulli.
3620 3870 3621 3873 ,

2000 3901 2120 3956 cap.
2153 3883 2207 3948 5,
2260 3884 2584 3957 Cyprianus
2631 3889 2785 3959 epist.
2819 3888 2906 3955 55,
2951 3890 3269 3945 Richardus
3295 3880 3570 3973 (10ξῖξᾶᾒῇ

2001 3963 2057 4018 S.
2083 3961 2329 4030 Victore,
2364 3965 2705 4022 Laurentius
2744 3968 3123 4033 Justinimius,
3150 3976 3207 4024 et
3235 3971 3359 4035 alii,
3380 3978 3571 4028 exiam.

2000 4047 2279 4115 quatenus
2323 4044 2416 4099 vel
2457 4045 2744 4101 affirmant
2794 4045 3055 4103 divinam
3108 4049 3361 4120 gratiam
3413 4032 3552 4121 3ἓᾷξῖξῖ

1923 4183 1926 4186 ,
2003 4138 2122 4178 non
2145 4123 2504 4188 necessitare,
2538 4125 2628 4181 vel
2656 4124 2855 4181 docent
2885 4142 2984 4198 per
3024 4126 3369 4199 inspiratio·
3402 4136 3552 4171 manus.

2005 4221 2157 4270 nem,
2186 4211 2241 4261 et
2265 4206 2591 4262 suasionem
2622 4222 2872 4263 movere.

2077 4285 2209 4339 243.
2253 4282 2358 4339 Sed
2401 4284 2517 4339 haec
2543 4301 2659 4341 non
2710 4286 2893 4360 magis
2923 4292 3146 4359 urgent,
3190 4303 3367 4361 quam
3386 4312 3559 4360 Respou·
3620 4308 3621 4323 ¹

2003 4362 2335 4419 testimonia
2382 4364 2618 4420 Patrum
2667 4367 2991 4423 Graecorum
3035 4382 3221 4439 nuper
3259 4356 3558 4451 ex-,gssfflss

2007 4460 2198 4517 pensa,
2245 4450 2593 4518 possuntque
2632 4448 2800 4504 unico
2826 4448 3004 4506 verbo
3025 4447 3273 4522 dispelli‚
3305 4457 3366 4505 ut
3382 4442 3446 4499 nia
3462 4453 3562 4498 Lati·

2004 4541 2180 4598 supra
2205 4543 2356 4581 num.
2404 4529 2514 4582 235
2565 4528 3019 4587 observavimus
3051 4533 3130 4587 Eo
3157 4512 3570 4604 quippe¹³⁰3¹2¹1¹2¹3¹¹

2005 4607 2252 4663 intentio
2281 4609 2518 4664 Patrum
2541 4612 2814 4677 collimat,
2849 4618 2909 4668 ut
2933 4611 3253 4669 libertatem
3277 4630 3367 4670 ar·
3428 4602 3545 4647 muni-

2008 4685 2170 4742 bitrii
2194 4692 2470 4756 tueretur,
2502 4707 2673 4763 quam
2704 4692 2959 4749 haeretici
2987 4692 3370 4749 causabantur

2008 4766 2134 4821 tolli
2161 4781 2263 4838 per
2285 4768 2599 4825 motionem
2629 4772 2729 4827 Dei
2759 4771 3011 4829 absolute
3034 4773 3375 4829 necessitan-

2010 4852 2126 4904 tem
2157 4846 2227 4904 ad
2249 4864 2614 4908 consensum.
2665 4853 2829 4910 Unde
2854 4870 2924 4910 ex
2948 4855 3002 4909 vi
3027 4854 3236 4911 harum
3265 4872 3376 4912 au-

2009 4929 2352 4986 thoritatum
2371 4934 2599 5004 praecise
2620 4934 3035 5009 habetur,quod
3055 4939 3238 5011 gratia
3256 4954 3374 4995 non

2009 5009 2085 5066 sit
2115 5010 2193 5067 ita
2217 5010 2438 5079 efficax,
2466 5020 2527 5069 ut
2548 5015 2802 5073 absolute
2830 5018 3145 5083 necessum,
3177 5025 3230 5075 et
3253 5017 3373 5073 dis-

3079 5096 3364 5154 sentiendi
