3647 5753
1383 443 1561 501 DISP.
1605 448 1673 503 ΙΙ.
1718 450 1886 507 DUB.
1929 453 2073 511 v111.

264 615 603 682 amentiam,
625 618 681 670 et
702 614 765 670 in
792 629 858 669 ea
873 613 1142 672 decedere
1164 640 1181 684 ς
1200 615 1261 672 in
1289 633 1398 689 quo
1417 627 1626 677 eventu

260 704 484 756 certum
507 702 607 764 est,
634 696 782 769 quod
825 703 1048 769 peccata
1073 699 1328 757 venialia
1355 718 1473 759 non
1501 704 1629 760 fue-

270 779 392 835 rint
437 779 679 835 remissa
706 779 769 834 in
814 777 917 833 hac
959 777 1111 846 vita;
1148 780 1384 838 aliunde
1435 789 1627 839 autem

269 860 465 934 nequit
493 861 664 917 homo
690 859 811 915 illis
839 858 1175 930 inquinatus
1200 863 1466 934 consequi
1491 862 1628 919 bea-

269 942 578 999 titudinem
612 962 624 995 :
653 956 791 1014 ergo
843 938 1010 995 debet
1037 939 1106 996 ab
1140 941 1224 997 eis
1251 941 1524 999 mundari
1564 944 1627 1000 in

269 1022 616 1098 purgatorio.
647 1023 840 1078 Minor
893 1026 1082 1077 autem
1129 1021 1444 1080 suadetur:
1502 1029 1626 1079 tum

260 1106 398 1176 quia
428 1103 693 1158 voluntas
715 1102 927 1157 animae
946 1106 1220 1174 separatae
1242 1108 1326 1158 est
1349 1104 1627 1160 immuta-

262 1186 443 1241 bilis:
480 1201 615 1258 ergo
662 1184 859 1255 nequit
886 1183 1155 1241 detestari
1204 1192 1444 1258 peccata,
1496 1202 1625 1242 cum

258 1266 471 1339 quibus
500 1266 635 1321 hinc
674 1265 909 1338 migrat.
939 1266 1086 1320 Turn
1113 1266 1308 1334 etiam,
1337 1266 1472 1339 quia
1493 1268 1625 1323 ani-

264 1348 453 1403 main
503 1347 827 1419 purgatorio
861 1346 1110 1403 existens
1156 1362 1256 1419 per
1296 1354 1450 1403 actus
1496 1364 1529 1404 a
1566 1365 1627 1404 se

266 1428 486 1484 elicitos
532 1443 647 1482 non
711 1433 969 1484 meretur
1039 1427 1269 1501 aliquod
1321 1429 1626 1500 praemium

270 1516 571 1575 aeternum,
605 1511 695 1566 vel
745 1510 1093 1582 temporale;
1138 1511 1396 1584 alioquin
1443 1517 1627 1584 posset

273 1592 355 1647 ibi
402 1592 650 1648 existens
701 1592 763 1647 in
815 1591 1022 1650 merito
1065 1594 1262 1685 gloriae
1304 1593 1623 1667 proficere:

271 1689 409 1747 ergo
485 1688 585 1729 nec
642 1678 895 1729 meretur
948 1675 1343 1732 remissionem
1417 1677 1624 1748 peccati

274 1753 541 1810 venialis
592 1756 738 1809 Tum
793 1754 1054 1826 denique,
1107 1758 1239 1829 quia
1303 1756 1353 1812 si
1427 1758 1628 1814 anima

272 1836 336 1891 in
398 1836 734 1909 purgatorio
785 1836 1034 1893 existens
1085 1844 1272 1910 posset
1322 1856 1423 1913 per
1470 1845 1626 1896 actus

216 1942 221 1945 ·
269 1935 303 1973 a
342 1933 402 1974 se
468 1919 687 1975 elicitos
752 1917 1045 1976 destruere
1084 1927 1307 1993 peccata
1372 1922 1628 1979 venialia

34 2659 256 2705 Diluitur.

38 3157 92 3197 D.
119 3154 216 3197 'rho

266 1999 451 2074 quoad
491 2002 737 2073 culpam,
772 2001 990 2073 pariter
1016 2008 1198 2073 posset
1236 2020 1303 2060 ea
1330 2004 1627 2061 destruere

266 2080 450 2155 quoad
473 2097 700 2154 poenam
721 2100 732 2144 ;
751 2099 881 2138 cum
903 2085 1089 2156 majus
1109 2085 1246 2157 quid
1266 2086 1340 2141 sit
1364 2086 1627 2143 remissio

268 2163 462 2234 culpae,
483 2179 653 2235 quam
676 2178 857 2234 poenae
885 2179 1264 2237 :consequens
1286 2172 1368 2221 est
1390 2166 1621 2232 falsum,

269 2244 526 2316 alioquin
548 2261 649 2317 per
675 2243 971 2317 praedictos
996 2251 1151 2302 actus
1177 2248 1386 2319 saepius
1415 2250 1627 2321 repeti-

270 2332 356 2382 tos
384 2332 565 2399 posset
592 2342 819 2398 poenam
848 2327 958 2382 sibi
989 2327 1314 2400 impositam
1351 2330 1627 2387 citissime

269 2407 566 2465 absolvere
599 2430 610 2463 ε
641 2424 773 2482 ergo
795 2414 1012 2481 peccata
1042 2410 1293 2466 venialia
1323 2411 1385 2467 in
1416 2429 1628 2487 purga-

269 2491 422 2546 torio
443 2506 559 2547 non
606 2492 976 2548 remittuntur
1004 2508 1107 2565 per
1135 2498 1291 2549 actus
1331 2494 1401 2550 ab
1430 2497 1628 2553 anima

270 2570 510 2627 elicitos.

350 2653 739 2725 Respondetur
807 2654 1162 2714 concedendo
1219 2658 1523 2732 majorem,
1573 2663 1629 2715 et

269 2732 532 2808 negando
555 2734 838 2790 minorem
873 2758 886 2802 ;
915 2751 1050 2791 nam
1082 2744 1144 2793 ut
1168 2755 1342 2811 supra
1370 2737 1627 2795 vidimus

266 2831 339 2870 ex
366 2815 432 2869 D.
457 2814 657 2870 Thom.
677 2821 899 2887 peccata
913 2818 1170 2874 venialia
1191 2819 1375 2892 quoad
1398 2820 1626 2892 culpam

269 2896 644 2952 remittuntur
672 2897 734 2951 in
762 2899 1092 2971 purgatorio
1122 2916 1221 2971 per
1243 2900 1629 2957 actumdilec-

267 2977 460 3045 tioniS,
486 2982 543 3034 et
569 2977 883 3045 charitatis,
915 2996 1026 3051 quo
1074 2982 1272 3039 anima
1318 2982 1629 3040 detestatur

271 3064 509 3131 peccata.
535 3058 622 3113 Ad
665 3059 915 3131 primam
945 3060 1339 3133 probationem
1384 3066 1443 3120 in
1491 3080 1631 3121 con-

270 3139 517 3195 trarium
575 3140 875 3211 respondet
922 3144 987 3196 D.
1018 3143 1222 3199 Thom.
1255 3152 1433 3221 quaest.
1472 3148 1530 3212 ’7,
1567 3145 1631 3199 de

269 3218 443 3285 Malo,
474 3227 583 3274 arc.
626 3221 680 3275 ll
740 3221 815 3275 ad
841 3223 892 3286 2,
926 3221 1017 3276 his
1063 3222 1301 3280 verbis:
1339 3246 1365 3277 «
1419 3225 1632 3281 Dicen-

274 3322 299 3350 «
325 3299 482 3366 dum,
515 3299 665 3373 quod
688 3300 749 3355 in
796 3301 989 3359 futura
1016 3303 1137 3359 vita
1166 3320 1282 3360 non
1308 3310 1395 3361 est
1438 3307 1633 3378 aliqua

270 3404 296 3434 «
324 3383 562 3438 mutatio
622 3383 936 3439 voluntatis
977 3390 1259 3456 quantum
1315 3386 1385 3441 ad
1429 3386 1627 3453 finem,

268 3485 293 3515 α
329 3464 419 3520 vel
444 3470 722 3535 quantum
751 3464 821 3522 ad
838 3466 1196 3535 charitatem,
1219 3468 1317 3523 vel
1338 3469 1590 3541 gratiam
1615 3493 1631 3536 ;

273 3566 299 3596 (ι
332 3549 510 3616 potest
529 3550 722 3602 tamen
749 3561 872 3603 esse
892 3546 1084 3619 aliqua
1113 3547 1480 3605 accidentalis
1510 3567 1635 3607 mu-

273 3645 297 3675 «
333 3624 471 3680 tatio
500 3640 598 3695 per
638 3627 1015 3684 remotionem
1046 3626 1474 3699 impedimenti.
1509 3649 1535 3680 n
1567 3632 1637 3685 Et

270 3707 333 3760 in
377 3705 428 3769 4,
457 3705 583 3760 dist.
615 3707 706 3772 21,
732 3714 913 3783 quaest.
954 3710 999 3772 l,
1031 3714 1140 3762 art.
1173 3709 1226 3773 3,
1255 3711 1570 3785 quaestiunc.
1609 3712 1627 3765 l

267 3785 343 3839 ad
392 3785 446 3851 3,
494 3785 680 3857 inquit
713 3807 725 3842 :
762 3808 788 3839 «
819 3787 1152 3853 Dicendum,
1184 3788 1334 3859 quod
1382 3790 1637 3846 venialia

272 3887 298 3916 α
333 3881 452 3921 non
496 3866 726 3921 variant
782 3872 993 3923 statum
1039 3868 1312 3934 hominiS,
1367 3871 1505 3942 quia
1536 3886 1637 3927 nec

178 3983 188 3992 ,
273 3946 558 4010 «tollunt,
616 3961 717 4001 nec
765 3946 1103 4004 diminuunt
1140 3948 1511 4017 charitatem,
1544 3967 1639 4007 se-

275 4048 301 4078 «
327 4025 580 4082 cundum
601 4041 771 4098 quam
795 4034 1164 4085 mensuratur
1186 4031 1479 4101 quantitas
1502 4048 1639 4105 gra-

273 4127 301 4158 «
337 4107 430 4162 tiae
452 4106 722 4162 bonitatis
743 4109 1048 4165 animae.Et
1070 4108 1197 4166 ideo
1216 4126 1315 4181 per
1340 4110 1460 4175 hoc,
1487 4111 1639 4184 quod

278 4209 304 4237 «
338 4187 590 4244 venialia
625 4186 1018 4257 dimittuntur,
1050 4191 1143 4246 vel
1172 4191 1635 4257 committuntur,

278 4290 305 4320 «
339 4270 471 4326 talis
492 4276 687 4327 manet
713 4271 927 4337 anima,
959 4272 1146 4344 qualis
1175 4273 1355 4344 prius,
1389 4293 1414 4324 n

351 4348 437 4404 Ad
464 4349 771 4407 secundam
814 4351 1210 4424 respondetur,
1242 4352 1391 4425 quod
1422 4352 1643 4409 contri-

276 4431 378 4498 tio,
409 4432 501 4486 vel
519 4430 746 4488 dilectio
768 4432 830 4487 in
854 4433 1184 4506 purgatorio
1209 4449 1326 4490 non
1342 4434 1643 4505 consequi-

276 4517 372 4567 tur
397 4511 799 4569 remissionem
842 4514 1051 4585 peccati
1083 4514 1333 4570 venialis
1375 4529 1475 4586 per
1516 4530 1644 4572 mo-

276 4593 418 4648 dum
456 4593 673 4660 meriti,
715 4592 814 4648 sed
844 4610 944 4665 per
989 4594 1227 4651 modum
1270 4595 1490 4660 formae,
1549 4599 1646 4651 aut

275 4675 439 4746 quasi
464 4674 666 4732 formae
688 4674 920 4747 physice
943 4674 1452 4748 incompossibilia
1481 4674 1647 4733 Unde

273 4771 345 4812 ex
367 4770 454 4821 e0,
484 4755 635 4826 quod
665 4755 923 4828 praedicti
953 4759 1108 4811 actus
1133 4771 1249 4812 non
1276 4756 1393 4812 sint
1414 4757 1647 4814 merito-

278 4836 357 4891 rii
405 4836 471 4891 in
518 4835 784 4909 praedicto
828 4840 1001 4901 statu,
1058 4837 1307 4893 minime
1366 4836 1641 4908 sequitur,

272 4916 431 4992 quod
454 4924 739 4989 nequeant
761 4925 1050 4992 peccatum
1072 4920 1302 4976 veniale
1322 4918 1642 4977 excludere.

275 5002 465 5065 Quam
490 4999 923 5070 responsionem
953 4999 1170 5056 indicat
1191 5001 1254 5056 D.
1287 5000 1493 5057 Thom.
1538 5001 1650 5056 loco

269 5084 370 5139 cit.
399 5080 466 5136 de
490 5081 640 5136 malo
667 5082 729 5136 in
749 5097 992 5153 respons.
1022 5081 1097 5137 ad
1116 5083 1169 5148 5,
1198 5080 1296 5138 ubi
1320 5082 1401 5138 ait
1433 5102 1446 5138 z
1482 5102 1508 5134 «
1560 5082 1652 5137 Di-

3011 466 3123 521 523

1763 646 1789 679 α
1815 628 2081 697 cendum,
2133 633 2282 704 quod
2325 636 2591 693 remissio
2653 639 2833 710 culpae
2875 637 3122 695 venialis

1763 726 1788 757 «
1825 724 1942 766 non
1970 710 2105 768 facit
2141 714 2455 785 profectum
2500 717 2862 789 spiritualem
2893 735 2992 792 per
3037 734 3116 785 se,

1763 807 1789 837 a
1818 790 2036 847 scilicet
2056 800 2334 865 quantum
2362 794 2431 851 ad
2454 803 2822 871 augmentum
2845 800 3123 870 spiritua-

1765 889 1791 921 α
1822 869 1894 925 lis
1918 870 2102 939 boni;
2134 874 2231 931 sed
2270 876 2456 930 solum
2481 893 2583 948 per
2604 878 2881 944 accidens,
2907 881 3122 937 scilicet

1762 971 1787 1001 a
1820 960 2102 1023 quantum
2130 955 2202 1012 ad
2227 956 2628 1014 remissionem
2656 960 3113 1032 impedimenti.»

1758 1030 1828 1084 Et
1864 1033 2056 1088 statim
2111 1034 2181 1091 ad
2220 1037 2288 1089 6:
2310 1036 2592 1103 Meritum,
2625 1039 2831 1111 inquit,
2876 1062 2900 1090 α
2925 1041 3123 1115 gloriae

1762 1114 2154 1179 «essentialis,
2191 1117 2280 1171 vel
2322 1116 2687 1174 accidentalis
2729 1122 2976 1192 pertinet
3022 1138 3124 1195 per

1763 1210 1874 1249 «se
1902 1194 1971 1250 ad
1995 1197 2309 1268 profectum
2344 1199 2728 1270 spiritualem,
2759 1203 2856 1274 qui
2894 1208 2978 1260 est
3024 1220 3124 1276 per

1763 1298 1787 1329 «
1814 1285 2187 1351 augmentum
2241 1281 2564 1352 spiritualis
2608 1283 2783 1351 boni3
2815 1286 2967 1342 unde
3005 1302 3125 1344 non

1762 1379 1787 1409 α
1819 1365 1903 1415 est
1927 1360 2141 1415 similis
2159 1361 2322 1417 ratio.
2348 1382 2373 1413 ι)
2398 1362 2570 1417 Addit
2595 1370 2786 1420 tamen
2803 1367 2921 1422 loco
2947 1383 3123 1441 supra

1758 1438 1927 1495 citato
1952 1457 2024 1495 ea:
2047 1442 2081 1495 4
2134 1440 2284 1498 Sem.
2313 1444 2374 1497 in
2398 1460 2540 1516 resp.
2571 1445 2645 1499 ad
2670 1447 2704 1499 4
2756 1446 2874 1502 haec
2901 1448 3120 1504 verba:

1763 1541 1788 1571 α
1817 1520 2145 1576 Dicendum.
2169 1521 2317 1595 quod
2347 1529 2470 1596 post
2492 1525 2639 1581 hanc
2668 1527 2848 1582 vitam
2880 1543 2994 1585 non
3020 1545 3125 1601 po-

1765 1621 1790 1652 «
1816 1605 1920 1657 test
1940 1617 2060 1657 esse
2087 1603 2361 1660 meritum
2394 1611 2646 1678 respectu
2677 1608 2902 1679 praemii
2925 1625 3125 1665 essen-

1762 1701 1787 1731 «
1820 1680 1975 1735 tialis
2007 1705 2021 1748 ;
2049 1681 2149 1738 sed
2185 1689 2437 1756 respectu
2484 1689 2709 1758 praemii
2759 1688 3125 1745 accidentalis

1763 1779 1787 1811 «
1813 1764 1994 1833 potest
2017 1778 2157 1828 esse,
2188 1764 2445 1836 quandiu
2469 1773 2665 1823 manet
2689 1768 2860 1825 homo
2884 1769 2947 1826 in
2973 1775 3121 1827 statu

1762 1862 1787 1893 ιι
1821 1842 1929 1898 viae
1969 1844 2159 1916 aliquo
2199 1846 2404 1914 modo;
2442 1854 2497 1903 et
2525 1847 2651 1905 ideo
2693 1850 2753 1904 in
2794 1852 3124 1925 purgatorio

1762 1945 1789 1977 «
1820 1929 2000 1997 potest
2025 1942 2146 1983 esse
2179 1932 2333 1984 actus
2372 1930 2706 1987 meritorius
2727 1937 3008 2004 quantum
3050 1933 3122 1990 ad

1762 2005 2220 2063 «remissionem
2276 2009 2454 2080 culpae
2481 2011 2802 2066 venialis.»
2854 2011 3011 2075 Quod
3042 2014 3122 2070 la·

1756 2084 1871 2139 tius
1896 2088 2359 2144 examlnabimus
2380 2096 2543 2146 tract
2571 2109 2678 2183 seq.
2703 2093 2844 2164 disp.
2862 2095 2907 2158 l,
2924 2093 3051 2149 dub.
3059 2095 3115 2151 4.

1831 2167 1917 2222 Ad
1946 2170 2173 2225 tertiam
2205 2177 2355 2242 patet
2382 2187 2451 2227 ex
2480 2173 2744 2244 proxime
2770 2174 2955 2238 dictis,
2982 2175 3121 2247 quia

1758 2252 1932 2315 actuS,
1964 2265 2075 2321 quo
2096 2251 2295 2307 anima
2316 2253 2632 2326 purgatorii
2655 2253 2965 2311 detestatur
2988 2270 3121 2327 pec-

1758 2334 1880 2386 cata
1934 2332 2202 2396 venialia,
2257 2332 2424 2389 habet
2476 2324 3118 2406 incompossibilitatem

1756 2425 1887 2465 cum
1917 2411 2038 2466 illis
2075 2413 2318 2484 sumptis
2345 2413 2529 2486 quoad
2581 2414 2806 2486 culpam
2835 2438 2849 2480 ς
2891 2420 2947 2471 et
2992 2415 3123 2473 ideo

1757 2507 1960 2548 eorum
1984 2495 2235 2549 maculas
2267 2495 2498 2569 physice
2523 2495 2719 2550 statim
2748 2495 3016 2552 excludit.
3050 2500 3124 2554 At

1759 2572 1914 2631 idem
1956 2581 2110 2650 actus
2138 2575 2767 2649 incompossibilitatem
2808 2593 2924 2633 non
2955 2577 3124 2636 habet

1758 2671 1887 2710 cum
1937 2671 2272 2727 poena,quae
2318 2663 2547 2729 propter
2588 2657 2841 2713 venialia
2901 2657 3124 2733 infligi-

1758 2739 1854 2789 tur
1888 2734 2021 2791 :sed
2050 2734 2217 2808 hujus
2256 2735 2502 2804 duratio,
2532 2742 2627 2791 aut
2647 2738 2880 2794 cessatio
2907 2738 3125 2811 depen-

1733 2815 1854 2872 det
1881 2822 2003 2872 tum
2030 2833 2099 2873 ex
2120 2818 2541 2891 satispassione,
2571 2825 2692 2873 tum
2719 2834 2789 2874 ex
2829 2821 3125 2879 voluntate

1759 2898 1981 2957 divina.
2013 2900 2209 2957 Noluit
2236 2908 2425 2957 autem
2469 2904 2616 2957 Deus
2653 2908 2943 2975 acceptare
2970 2910 3127 2960 actus

1760 2981 1833 3037 ab
1859 2982 2200 3039 animabus
2185 2999 2248 3038 ln
2270 2985 2599 3057 purgatorio
2645 2984 2866 3042 elicitos
2894 2984 3014 3040 loco
3038 2999 3128 3040 sa-

1762 3062 2142 3119 tisfactionis:
2196 3068 2253 3118 et
2292 3062 2420 3119 ideo
2478 3063 2610 3119 licet
2665 3065 2798 3119 illos
2845 3067 3123 3134 repetant,

1762 3159 1881 3198 non
1904 3141 1976 3198 ob
2016 3142 2074 3198 id
2119 3143 2498 3207 satisfaciunt,
2511 3127 2624 3199 vel
2655 3157 2884 3215 poenam
2933 3142 3128 3197 extin-

1762 3227 1983 3296 gaunt,
2010 3223 2326 3295 requiritur
2345 3222 2505 3278 enim
2528 3227 2644 3278 tam
2674 3222 2745 3279 ad
2789 3221 3131 3278 satisfactio-

1764 3319 1917 3370 nem,
1948 3320 2121 3376 quarn
2150 3303 2219 3360 ad
2249 3305 2523 3359 meritum
2554 3309 2797 3377 pactum,
2822 3304 2947 3359 sive
2967 3302 3129 3360 ordi-

1766 3387 1924 3442 natio
1960 3385 2182 3450 divina,
2214 3389 2276 3438 ut
2304 3386 2424 3441 loco
2471 3385 2734 3455 proxime
2774 3385 2870 3440 cit.
2901 3383 3118 3440 videbi·

1765 3461 1915 3520 mus.
1945 3466 2036 3520 An
2075 3479 2213 3520 vero
2259 3464 2471 3519 animae
2515 3465 2752 3520 eliciant
2793 3469 2981 3519 actum
3028 3463 3133 3520 de-

1765 3546 2094 3602 testativum
2164 3543 2484 3601 venialium
2552 3544 2614 3599 in
2701 3545 2824 3616 ipso
2888 3545 3131 3600 instanti

1765 3626 2144 3699 separationis
2165 3640 2194 3679 a
2224 3639 2564 3695 corpore‚an
2583 3625 2751 3695 paulo
2773 3629 3133 3696 post,parum

1768 3706 1838 3763 ad
1865 3705 2210 3763 decisionem
2235 3703 2532 3776 praesentis
2553 3702 2903 3759 difficultatis
2932 3704 3128 3761 refert.

1769 3785 2044 3843 Videatur
2087 3789 2281 3840 tamen
2308 3786 2539 3839 Arauxo
2569 3781 2665 3839 ubi
2717 3799 2893 3855 supra
2912 3783 3042 3856 dist.
3073 3786 3127 3852 2,
3147 3808 3336 3852 Arauxo.

1767 3868 1895 3923 dub.
1927 3869 1982 3935 2,
2013 3866 2180 3921 concl.
2213 3866 2270 3920 3.

1844 3948 1972 4003 319.
2002 3945 2277 4020 Arguitur
2298 3945 2483 4013 tertio,
2508 3960 2632 4017 quae
2651 3944 2698 4000 si
2717 3944 2902 4018 justus
2919 3943 3134 4003 habens
3148 3968 3350 4013 merum

1772 4033 1992 4101 peccata
2033 4027 2285 4083 venialia
2349 4032 2406 4082 et
2444 3988 2739 4082 dormiens
2785 4024 3212 4083 occideretura

1772 4126 1878 4182 pro
1904 4110 2147 4171 Christo,
2192 4106 2571 4164 mundaretur
2599 4108 2669 4163 ab
2710 4106 2979 4164 omnibus
3004 4122 3137 4180 pec-

1771 4190 1910 4246 catis
1931 4188 2257 4246 venialibus
2277 4187 2461 4261 quoad
2490 4188 2737 4259 culpam,
2768 4191 2825 4242 et
2864 4202 3132 4259 poenam·
3117 4230 3135 4254 ,

1772 4274 1830 4327 et
1854 4274 2049 4326 tamen
2072 4285 2190 4325 non
2216 4267 2454 4324 haberet
2482 4267 2736 4338 aliquam
2757 4267 3139 4323 mutationem

1775 4351 2169 4416 intrinsecam,
2199 4365 2299 4423 per
2325 4365 2497 4419 quam
2551 4348 2803 4405 venialia
2830 4346 3145 4405 detestare-

1772 4437 1884 4499 tur,
1936 4438 1999 4486 ut
2043 4430 2385 4503 supponitur
2420 4448 2433 4482 :
2481 4443 2616 4501 ergo
2671 4427 2833 4482 nulla
2901 4428 3146 4486 mutatio

1775 4512 2090 4568 intrinseca
2117 4507 2492 4572 desideratur,
2527 4513 2588 4562 ut
2630 4508 2889 4565 venialia
2929 4509 3150 4581 possint

1778 4593 2018 4652 auferri.
2070 4589 2505 4664 Major-videtur
2545 4595 2715 4657 certa,
2748 4591 2883 4662 quia
2924 4596 3153 4665 marty-

1781 4675 1939 4732 rium
1980 4672 2149 4729 habet
2172 4671 2459 4728 rationem
2489 4672 2787 4746 Baptismi,
2817 4687 2880 4727 ac
2909 4671 3152 4744 proinde

1782 4755 1938 4811 tollit
1964 4769 2136 4810 omne
2157 4757 2469 4825 peccatum,
2503 4750 2618 4806 nisi
2642 4756 2965 4830 apponatur
2986 4749 3150 4818 obex,

1784 4838 1882 4910 qui
1912 4836 2159 4908 profecto
2200 4851 2232 4891 a
2289 4832 2616 4891 dormiente
2661 4849 2778 4889 non
2823 4831 3154 4905 apponitur,

1787 4921 1850 4973 ut
1870 4932 1941 4973 ex
1955 4931 2014 4971 se
2042 4916 2223 4989 liquet
2257 4935 2270 4970 z
2300 4929 2435 4987 ergo
2458 4912 2631 4968 homo
2652 4912 2714 4967 in
2738 4911 3006 4984 praedicto
3024 4928 3159 4968 casu

1789 4995 2170 5055 mundaretur
2199 4995 2269 5052 ab
2316 4992 2588 5052 omnibus
2630 4993 2869 5067 peccatis
2906 4993 3161 5050 veniali-

1793 5079 1920 5135 bus,
1950 5076 2037 5133 Ad
2082 5075 2232 5150 quod
2274 5076 2413 5132 satis
2455 5074 2735 5149 expressit
2788 5076 2855 5131 D.
2886 5074 3089 5142 Thom.
3122 5075 3163 5130 3

3149 4075 3242 4111 men
3264 4077 3358 4110 um.
