3647 5753
268 3523 429 3568 Evertl·

290 3579 371 3616 tur.

478 414 590 469 488
1134 366 1139 373 ‘
1433 413 1527 468 DE
1561 413 1591 466 J
1599 410 2145 466 USTIFICATIONE
2184 411 2386 466 IMPII.

479 582 856 657 proculdubio
903 583 1217 641 offenderet
1240 585 1419 640 Deum
1449 587 1511 639 ut
1538 582 1837 639 authorem
1901 610 1915 638 ι
1970 598 2131 655 posse
2148 581 2413 639 homines
2429 583 2562 641 illos
2578 582 2855 642 barbaros
2870 583 3183 641 secundum
3203 600 3344 658 prae·

475 665 1000 737 supernaturalem,
1026 664 1291 737 quamvis
1330 664 1400 721 ad
1421 668 1837 736 supernatura-

475 743 590 799 lem
607 742 871 800 ordinem
894 745 1150 800 elevatus
1166 760 1282 802 non
1303 746 1622 801 esset.Tum
1637 740 1833 808 etiam,

473 825 607 897 quia
656 832 714 881 ut
743 827 952 898 aliquis
977 828 1276 883 contrahat
1304 825 1691 900 privationem
1719 824 1833 879 ali-

473 907 632 981 cujus
654 906 810 971 boni,
842 908 1047 963 sufficit
1071 906 1221 981 quod
1269 908 1343 963 sit
1370 922 1547 979 capax
1571 905 1751 969 illius,
1782 909 1839 960 et

470 987 622 1060 quod
642 1004 703 1043 se
730 986 929 1044 reddat
956 989 1215 1060 ineptum
1244 986 1315 1044 ad
1361 987 1482 1061 ejus
1521 1000 1838 1056 consequu-

468 1069 708 1136 tionem,
742 1069 871 1125 licet
893 1069 1229 1142 praedictum
1271 1068 1490 1125 bonum
1520 1067 1628 1140 ipsi
1658 1061 1827 1122 debi-

469 1154 591 1206 tum
610 1166 725 1207 non
753 1156 927 1218 esset;
952 1155 1007 1206 et
1044 1151 1148 1215 hac
1197 1149 1421 1206 ratione
1459 1148 1699 1204 clericus
1723 1146 1836 1202 hae-

470 1231 646 1287 resim
695 1232 1058 1290 committens
1110 1230 1193 1287 fit·
1226 1232 1513 1305 privative
1560 1227 1835 1302 indignus

467 1312 821 1384 pontificatu.
845 1316 993 1371 Tum
1021 1314 1287 1386 denique,
1308 1313 1443 1386 quia
1471 1313 1604 1368 licet
1625 1310 1836 1383 aliquis

466 1408 584 1463 non
601 1394 805 1450 habeat
830 1394 1086 1452 debitum
1108 1392 1486 1451 contrahendi
1512 1390 1833 1448 amicitiam

465 1490 594 1530 cum
623 1476 847 1547 aliquo;
871 1477 919 1531 si
947 1483 1142 1532 tamen
1163 1476 1352 1548 ipsum
1376 1475 1628 1549 graviter
1648 1471 1834 1529 offen-

464 1553 578 1621 dat,
613 1555 859 1612 incurrit
887 1572 1085 1612 veram
1116 1555 1504 1629 privationem
1532 1552 1823 1617 amicitias,

464 1638 520 1691 et
546 1633 611 1689 fit
636 1636 757 1707 ejus
787 1636 1060 1692 inimicus
1086 1635 1395 1701 contrarie,
1427 1632 1693 1705 quamvis
1721 1648 1833 1689 an-

465 1720 555 1772 tea
581 1718 769 1773 solum
813 1722 958 1775 esset
985 1733 1103 1774 non
1150 1717 1369 1773 amicus
1409 1713 1694 1790 negative.
1739 1713 1826 1769 Ad

464 1796 872 1856 offendendum
914 1800 1091 1874 igitur
1117 1801 1298 1855 Deum
1326 1796 1829 1871 supernaturalem

465 1881 786 1951 authorem,
819 1888 875 1940 et
901 1881 970 1938 ad
1018 1880 1437 1938 incurrendum
1465 1879 1830 1936 aversionem

464 1963 813 2034 privativam
834 1962 905 2020 ab
933 1963 1054 2027 illo,
1077 1977 1193 2019 non
1217 1961 1537 2035 requiritur
1569 1958 1829 2016 debitum

463 2042 736 2100 tendendi
765 2045 830 2100 in
857 2044 1065 2116 ipsum,
1097 2044 1189 2100 vel
1212 2042 1458 2100 elevatio
1487 2039 1558 2096 ad
1590 2037 1831 2113 partici-

463 2123 712 2195 pandam
742 2126 863 2198 ejus
904 2123 1255 2190 amicitiam,
1241 2146 1253 2159 ·
1284 2122 1383 2180 sed
1415 2121 1621 2178 sufficit
1647 2121 1827 2175 Deum
1862 2186 1867 2190 ι

460 2206 719 2279 graviter
748 2205 1055 2263 offendere.

260 2298 449 2343 secunda
537 2288 664 2343 266.
692 2290 806 2343 Nec
842 2287 1019 2343 refert
1042 2283 1308 2352 secundo,
1340 2284 1388 2340 si
1417 2284 1659 2348 dicatur,
1691 2281 1830 2337 bar-

266 2358 429 2393 ΝΜΟ·
464 2366 633 2425 bar-os
656 2373 949 2441 peccantes
969 2367 1299 2441 ignorantia
1320 2366 1419 2422 Dei
1444 2364 1705 2422 authoris
1725 2379 1828 2418 su·-

465 2452 852 2523 pernaturalis
874 2467 992 2507 non
1004 2449 1329 2506 offendere
1314 2465 1504 2522 ipsum
1532 2452 1596 2503 ut
1621 2461 1829 2519 super-

466 2535 794 2589 naturalem
825 2533 1143 2598 authorem,
1175 2537 1232 2588 et
1275 2530 1473 2597 finem,
1507 2544 1609 2586 nec
1643 2526 1827 2585 averti

465 2611 536 2668 ab
565 2612 688 2684 ipso
720 2612 838 2668 sub
886 2613 990 2668 hac
1030 2612 1253 2668 ratione
1292 2608 1686 2675 considerato;
1727 2606 1828 2663 sed

460 2694 648 2751 solum
679 2694 862 2751 averti
884 2693 954 2751 ab
979 2710 1047 2750 eo
1075 2699 1349 2765 tanquam
1371 2691 1442 2747 ab
1478 2690 1685 2746 ultimo
1712 2688 1828 2745 fine

463 2775 733 2831 naturali.
767 2774 874 2831 Sed
915 2776 1049 2848 quia
1097 2772 1426 2849 hujusmodi
1468 2771 1696 2828 aversio
1724 2786 1827 2842 per

462 2861 751 2929 peccatum
819 2855 1115 2928 personale
1174 2854 1407 2911 inducta
1457 2853 1827 2927 conjungitur

462 2937 751 2993 aversioni
780 2954 812 2993 a
839 2941 951 2993 Deo
992 2936 1106 2992 fine
1151 2934 1599 3008 supernaturali,
1650 2948 1822 3006 quam

461 3024 749 3091 peccatum
777 3018 1062 3093 originale
1090 3017 1342 3086 induxit,
1388 3020 1690 3088 propterea
1719 3030 1827 3071 ne-

458 3101 582 3174 quit
627 3101 844 3156 auferri
893 3100 1102 3174 absque
1136 3100 1323 3174 gratia
1368 3097 1820 3171 supernaturali,

456 3198 581 3253 quae
599 3182 744 3238 hanc
766 3181 1137 3253 posteriorem
1157 3180 1518 3246 aversionem
1536 3175 1820 3234 excludat.

456 3261 621 3319 Unde
650 3263 900 3340 accidere
947 3261 1164 3335 nequit,
1195 3260 1345 3335 quod
1389 3260 1564 3316 homo
1593 3261 1825 3315 maneat

456 3341 525 3398 de
555 3343 702 3399 facto
729 3343 854 3400 sine
881 3342 1084 3433 gratia,
1123 3346 1178 3398 et
1217 3341 1344 3398 sine
1386 3343 1641 3413 peccato;
1672 3335 1822 3410 quod

457 3429 582 3480 erat
607 3424 1020 3481 inconveniens
1049 3422 1329 3495 praecipue
1355 3421 1670 3478 intentum.

530 3509 663 3573 Hoc,
691 3509 948 3580 inquam,
978 3507 1225 3563 minime
1246 3504 1548 3572 satisfacit,
1572 3504 1707 3577 quia
1727 3518 1823 3560 se-

455 3579 706 3646 cundum
732 3587 1155 3661 providentiam
1177 3585 1557 3653 ordinariam,
1583 3590 1640 3641 et
1657 3585 1822 3658 juxta

436 3675 793 3743 'praesentem
828 3672 1039 3724 statum
1068 3666 1196 3724 fieri
1225 3667 1443 3739 optime
1470 3667 1642 3730 valet,
1671 3663 1821 3739 quod

452 3751 645 3822 plures
692 3747 1073 3804 barbarorum
1121 3746 1353 3819 parvuli
1409 3744 1817 3819 baptizentur-3

450 3834 506 3885 et
534 3845 565 3885 a
595 3834 814 3901 peccato
861 3827 1134 3901 originali
1177 3825 1561 3892 mandentum
1592 3824 1689 3897 qui
1726 3830 1821 3892 ta-

452 3923 587 3965 men
613 3906 762 3987 apud
811 3907 961 3979 ipsos
989 3905 1263 3962 barbaros
1302 3905 1541 3961 enutriti
1573 3903 1724 3959 nihil
1751 3902 1828 3960 dn

451 3991 565 4046 Deo
595 3979 832 4045 authore
858 3986 1288 4060 supernaturali
1319 3985 1571 4053 audiant,
1602 3984 1743 4042 sed
1729 4001 1821 4078 ip-⁸

449 4088 578 4126 sum
628 4070 894 4144 ignorent
941 4067 1382 4125 invincibiliter.
1441 4069 1512 4123 Hi
1566 4083 1718 4142 ergo,
1770 4065 1820 4121 si

449 4168 579 4208 cum
604 4150 951 4224 perveniunt
974 4148 1042 4204 ad
1060 4164 1226 4204 usum
1252 4149 1510 4214 rationiS,
1535 4154 1631 4204 aut
1645 4147 1820 4204 etiam

451 4233 566 4289 alio
615 4232 744 4287 vitae
785 4236 1040 4302 tempore
1067 4230 1325 4304 graviter
1355 4236 1604 4302 peccent,
1640 4227 1817 4284 amit-

450 4319 568 4372 tent
621 4315 887 4388 gratiam,
936 4317 995 4366 ut
1039 4328 1111 4368 ex
1148 4327 1208 4368 se
1247 4312 1453 4385 liquet3
1485 4316 1539 4368 et
1585 4309 1821 4367 aliunde

451 4413 567 4454 non
600 4395 915 4453 manebunt
942 4394 1129 4451 aversi
1159 4410 1189 4450 a
1221 4396 1335 4451 Deo
1381 4391 1496 4450 fine
1535 4408 1820 4466 superna-

447 4477 656 4544 turali;
709 4493 844 4533 nam
889 4479 1179 4549 peccatum
1221 4475 1507 4549 originale
1544 4472 1667 4540 jam
1710 4474 1822 4529 fuit

448 4557 724 4623 ablatum,
758 4563 813 4614 et
841 4565 1131 4630 peccatum
1156 4558 1474 4630 personale,
1510 4562 1570 4612 ut
1595 4556 1821 4614 discur-

447 4646 586 4698 runt
611 4639 966 4705 Adversarii,
1000 4643 1178 4697 Deum
1207 4639 1506 4697 authorem
1535 4656 1819 4713 superna-

444 4723 695 4779 turalem
727 4737 844 4777 non
892 4720 1150 4785 offendit,
1184 4720 1254 4778 ob
1293 4721 1681 4795 ignorantiam
1722 4720 1819 4776 in-

446 4801 784 4860 vincibilem
807 4803 958 4858 circa
981 4802 1195 4874 ipsum.
1224 4803 1370 4857 Dum
1395 4802 1572 4877 igitur
1595 4801 1819 4860 aversio

445 4900 481 4941 a
508 4887 620 4940 Deo
650 4883 906 4947 authore,
933 4889 988 4939 et
1014 4881 1128 4939 fine
1158 4882 1392 4954 praecise
1420 4883 1675 4939 naturali
1693 4881 1819 4938 suf-

448 4963 706 5022 ficienter
750 4962 1086 5021 excludatur
1115 4979 1217 5035 per
1243 4965 1680 5021 conversionem
1711 4979 1819 5021 na-

442 5048 701 5105 turalem
723 5043 794 5103 ad
818 5047 999 5103 Deum
1028 5045 1300 5102 ultimum
1328 5042 1529 5119 finem,
1559 5044 1819 5120 sequitur

1968 667 2193 720 sentem
2223 662 2673 737 providentiam,
2698 671 2755 723 et
2786 666 2930 722 citra
2957 681 3130 722 omne
3156 668 3343 723 mira·
3431 731 3442 734 -

1969 745 2164 801 culum
2188 761 2428 804 manere
2451 745 2663 820 absque
2674 747 2879 820 gratia,
2900 751 2958 803 et
2978 747 3187 820 absque
3209 764 3342 819 pec-

1969 832 2111 894 cato,
2137 827 2187 882 si
2216 833 2411 883 tamen
2432 828 2868 885 conversionem
2896 829 3154 886 eliciant.
3184 830 3341 887 Sicut

1970 908 2033 963 in
2062 907 2547 966 Adversariorum
2575 910 2848 983 opinione
2876 917 3137 975 maneret
3163 911 3340 969 homo

1968 988 2229 1045 conditus
2246 989 2307 1045 in
2325 990 2504 1061 puris,
2524 991 2779 1064 graviter
2795 1005 3046 1062 peccans,
3063 990 3336 1048 etdeinde

1967 1069 2205 1125 eliciens
2245 1075 2433 1126 actum
2480 1071 2874 1128 conversionis
2925 1073 3210 1129 naturalis
3260 1072 3333 1130 ad

1967 1151 2148 1207 Deum
2172 1152 2444 1208 ultimum
2472 1150 2670 1208 finem.

2039 1232 2170 1288 267.
2205 1233 2445 1304 Propter
2473 1231 2592 1288 haec
2638 1233 2850 1298 Curiel‚
2882 1236 2936 1289 et
2964 1232 3198 1306 quidam
3228 1235 3329 1291 alii
3346 1227 3526 1319 Tm}

1964 1312 1994 1365 J
2002 1327 2234 1368 umores
2273 1312 2603 1379 concedunt,
2636 1311 2762 1370 fieri
2813 1329 2992 1384 posse,
3026 1319 3086 1369 ut
3123 1330 3333 1371 secun·
3346 1286 3496 1369 raffo—

1965 1391 2102 1448 dum
2132 1398 2470 1466 praesentem
2507 1394 2929 1487 provi-dentiam
2961 1396 3134 1467 possit
3159 1396 3333 1453 homo

1964 1491 2204 1532 manere
2230 1492 2466 1533 aversus
2514 1477 2746 1550 praecise
2773 1493 2805 1533 a
2835 1479 2949 1533 Deo
2980 1475 3098 1533 fine
3126 1479 3332 1535 ultimo

1965 1556 2219 1612 naturali
2239 1580 2253 1623 ;
2286 1561 2343 1613 et
2365 1555 2515 1629 quod
2537 1557 2655 1613 haec
2676 1558 3116 1630 aversio-possit,
3144 1575 3330 1631 quan-

1965 1642 2089 1692 tum
2116 1642 2201 1692 est
2227 1636 2296 1692 de
2322 1652 2402 1702 se,
2435 1635 2784 1694 sufficienter
2810 1639 3035 1695 excludi
3067 1654 3166 1711 per
3191 1656 3331 1696 con-

1964 1717 2292 1775 versionem
2319 1719 2647 1775 naturalem
2677 1718 2748 1775 ad
2769 1719 3016 1777 eundem
3048 1719 3245 1787 finem,
3276 1727 3334 1778 et

1965 1798 2174 1871 absque
2200 1799 2396 1874 gratia
2429 1801 2895 1871 supernaturali;
2934 1801 3077 1859 sicut
3102 1803 3331 1859 contin-

1960 1886 2118 1954 geret
2138 1881 2203 1938 in
2228 1885 2378 1937 statu
2404 1896 2707 1954 purorum.
2734 1884 2958 1955 Negant
2981 1889 3175 1940 tamen
3200 1881 3330 1941 fieri

1963 1976 2141 2031 posse,
2188 1965 2250 2017 ut
2288 1960 2605 2018 secundum
2646 1961 3074 2033 providentiam
3122 1963 3331 2037 aliquis

1960 2040 2273 2099 mundetur
2300 2059 2333 2099 a
2372 2048 2595 2115 peccato
2633 2040 2844 2115 absque
2890 2044 3183 2101 infusione
3226 2061 3329 2101 su—

1961 2124 2349 2195 pernaturalis
2393 2122 2621 2200 gratiae3
2651 2123 2787 2196 quia
2834 2126 3000 2189 Deus,
3034 2126 3324 2198 inquiunt,

1960 2202 2030 2259 de
2057 2203 2203 2260 facto
2230 2206 2481 2262 elevavit
2506 2206 2807 2263 hominem
2837 2205 2908 2263 ad
2938 2206 3203 2262 ordinem
3229 2224 3331 2263 su—

1961 2289 2416 2358 pernaturalem,
2448 2294 2503 2345 et
2522 2289 2739 2357 statuit,
2766 2305 2838 2346 ne
2863 2290 2990 2361 quis
3016 2288 3328 2361 deponeret

1962 2372 2253 2436 peccatum
2272 2367 2480 2442 absque
2501 2369 2877 2427 conversione
2897 2370 3328 2439 supernaturali

1960 2449 2031 2505 ad
2060 2451 2240 2506 Deum
2263 2449 2439 2508 finem
2466 2451 2769 2519 ultimum3
2794 2456 2850 2507 et
2871 2452 2933 2508 in
2955 2452 3058 2506 hac
3081 2451 3176 2507 Dei
3203 2450 3324 2505 dis-

1960 2530 2243 2603 positione
2281 2532 2542 2588 consistit
2585 2548 2851 2606 praesenS,
2897 2537 2953 2588 et
2997 2533 3326 2588 communis

1958 2611 2345 2684 providentia.

2032 2695 2313 2750 Caeterum
2336 2693 2454 2750 haec
2477 2694 2770 2767 responsio
2796 2699 2878 2751 est
2898 2693 3248 2762 voluntaria,
3267 2700 3327 2751 et
3336 2712 3531 2757 nerem-

1959 2774 2101 2846 petit
2146 2774 2530 2847 principium;
2571 2777 2847 2847 quoniam
2892 2775 3023 2832 licet
3063 2778 3212 2832 Deus
3254 2773 3325 2833 de
3389 2767 3475 2806 ω’·

1956 2853 2105 2911 facto
2146 2853 2464 2911 elevaverit
2489 2855 2788 2922 hominem
2816 2852 2887 2912 ad
2915 2854 3089 2913 finem
3118 2871 3327 2930 super-

1958 2935 2283 2992 naturalem
2301 2959 2314 3003 ;
2335 2935 2724 2994 nihilominus
2746 2937 2850 2994 hac
2868 2937 3191 2994 elevatione
3206 2953 3326 2994 non

1955 3016 2254 3089 depressit,
2305 3017 2398 3074 vel
2437 3017 2793 3089 consumpsit
2843 3018 2999 3074 vires
3051 3023 3271 3075 naturae
3304 3042 3321 3085 ;

1955 3094 2053 3152 sed
2100 3096 2288 3169 potius
2345 3096 2478 3172 hac,
2496 3097 2817 3155 elevatione
2867 3103 3055 3154 stante
3080 3142 3092 3165 ,
3134 3103 3331 3170 ‘potest

1955 3177 2130 3234 homo
2157 3176 2377 3240 omnia,
2405 3193 2531 3250 quae
2558 3183 2742 3250 posset
2787 3178 2850 3234 in
2898 3184 3049 3235 statu
3078 3184 3321 3245 naturae,

1954 3263 2073 3314 tam
2095 3273 2166 3314 ex
2188 3263 2349 3331 parte
2369 3258 2712 3326 intellectus,
2738 3275 2914 3332 quam
2942 3276 3012 3317 ex
3036 3265 3197 3332 parte
3217 3275 3327 3317 vo-

1955 3340 2217 3408 luntatis,
2240 3343 2304 3396 ut
2322 3338 2615 3397 inductive
2637 3345 2816 3414 potest
2830 3339 3074 3407 ostendi,
3100 3344 3158 3397 et
3183 3341 3328 3398 satis

1955 3420 2134 3493 liquet
2178 3437 2250 3478 ex
2297 3420 2388 3487 iis,
2419 3436 2544 3493 quae
2587 3420 2846 3478 diximus
2890 3429 3053 3477 tract.
3094 3421 3317 3495 praeced.

1954 3500 2096 3572 disp.
2128 3501 2183 3565 2,
2208 3517 2310 3572 per
2331 3506 2520 3556 totam.
2552 3501 2626 3554 At
2654 3500 2734 3557 sic
2755 3506 2858 3566 est,
2884 3501 3033 3574 quod
3062 3502 3236 3558 homo
3257 3500 3324 3556 in

1956 3580 2118 3654 puris
2172 3580 2454 3648 condituS,
2506 3584 2694 3653 posset
2742 3581 3200 3654 independenter
3250 3579 3325 3637 ab

1954 3663 2117 3720 omni
2160 3663 2346 3736 gratia
2390 3664 2839 3737 supernaturali,
2885 3665 3004 3721 imo
3038 3663 3322 3736 indepen-

1952 3743 2158 3801 denter
2184 3743 2255 3801 ab
2281 3745 2444 3801 omni
2484 3746 2673 3819 gratia
2697 3745 2932 3817 speciali
2960 3743 3180 3802 ordinis
3205 3758 3319 3798 na—

1953 3827 2181 3894 turalis,
2213 3826 2458 3901 diligere
2485 3830 2664 3883 Deum
2692 3843 2867 3900 super
2905 3826 3118 3889 omnia,
3147 3828 3202 3881 et
3239 3822 3312 3880 ad

1954 3908 2146 3980 ipsum
2173 3908 2431 3965 converti
2447 3913 2723 3981 tanquam
2740 3908 2809 3964 ad
2826 3909 3097 3964 ultimum
3114 3904 3310 3975 finem,

1953 3994 2017 4045 ut
2045 3991 2159 4046 late
2185 3988 2552 4045 ostendimus
2583 3990 2694 4045 loco
2714 3991 2881 4045 citato
2920 3989 3047 4044 dub.
3081 3989 3134 4043 3.
3167 3988 3319 4060 Ergo

1953 4069 2023 4127 de
2055 4069 2236 4136 facto,
2272 4074 2329 4125 et
2373 4068 2689 4127 secundum
2736 4075 3074 4143 praesentem
3118 4068 3319 4142 provi-

1952 4149 2211 4207 dentiam
2239 4153 2419 4222 potest
2442 4149 2773 4222 praedictum
2797 4165 3076 4214 amorem,
3101 4153 3158 4205 et
3177 4163 3318 4205 con-

1952 4231 2283 4288 versionem
2330 4230 2539 4286 elicere
2574 4229 3027 4303 independenter
3073 4245 3104 4285 a
3129 4228 3319 4302 gratia

1951 4311 2411 4384 supernaturalis
2439 4309 2683 4375 ordinis,
2717 4309 2814 4367 sed
2845 4327 2944 4383 per
2983 4310 3133 4367 solas
3162 4309 3319 4365 vires

1952 4394 2263 4450 naturales.
2310 4395 2381 4448 Et
2422 4397 2833 4463 consequenter
2876 4392 2924 4447 si
2979 4391 3320 4464 contingens

1951 4478 2054 4541 est,
2089 4479 2153 4530 ut
2176 4473 2490 4530 secundum
2521 4479 2859 4545 praesentem
2889 4471 3317 4545 providentiam

1952 4554 2148 4628 plures
2173 4551 2408 4610 barbari
2447 4553 2566 4608 sint
2593 4553 2781 4609 aversi
2810 4569 2842 4609 a
2881 4555 2996 4609 Deo
3039 4557 3101 4606 ut
3129 4567 3162 4607 a
3200 4548 3320 4606 fine

1953 4634 2185 4708 praecise
2208 4632 2496 4699 naturali3
2526 4638 2583 4689 et
2609 4632 2730 4689 haec
2755 4632 3000 4696 aversio,
3031 4635 3315 4705 quantum

1950 4722 2037 4774 est
2061 4715 2133 4773 de
2151 4731 2230 4782 se,
2266 4719 2446 4790 potest
2487 4715 2706 4772 auferri
2735 4730 2836 4788 per
2864 4716 3047 4771 solam
3072 4729 3319 4771 conver-

1950 4799 2176 4856 sionem
2194 4799 2522 4856 naturalem
2538 4796 2608 4854 ad
2625 4800 2805 4856 Deum
2824 4798 3095 4855 ultimum
3112 4795 3313 4862 finem,

1952 4886 2016 4939 ut
2055 4882 2373 4939 admittunt
2418 4880 2671 4955 praedicti
2700 4881 2986 4938 Authores
3005 4903 3019 4946 ;
3050 4879 3321 4935 inconse-

1950 4970 2214 5036 quenter,
2234 4968 2292 5020 et
2305 4961 2635 5020 voluntarie
2652 4966 2882 5037 negant,
2905 4976 3065 5034 posse
3086 4957 3322 5031 aliquod

1954 5050 2246 5120 peccatum
2274 5044 2345 5105 de
2367 5044 2534 5115 facte,
2556 5049 2616 5104 et
2633 5044 2950 5104 secuudum
2977 5044 3321 5115 praesentem

2890 5120 3319 5198 providentiam
