3647 5753
42 1890 203 1936 luitur.

1375 486 1552 541 DISP.
1597 486 1693 554 IV,
1738 487 1907 543 DUB.
1951 489 1993 546 1.

223 655 465 732 attingit
490 656 741 712 charitas
766 678 779 712 ε
809 670 946 730 ergo
972 654 1104 712 licet
1127 656 1373 712 virtutes
1403 673 1600 714 mora-

221 741 313 797 les
344 744 575 812 propter
617 739 902 796 rationem
948 737 1012 793 in
1061 738 1250 811 prima
1288 737 1600 797 confirma-

222 824 389 881 tione
442 821 711 878 traditam
782 826 1070 894 nequeant
1132 822 1261 878 sine
1322 822 1600 880 charitate

219 905 480 978 operari,
532 918 691 959 secus
737 909 933 960 tamen
979 903 1309 977 hujusmodi
1358 904 1599 961 virtutes

220 988 606 1062 Theologicae,
640 986 702 1042 in
740 985 947 1059 quibus
973 985 1231 1060 opposita
1262 985 1407 1042 ratio
1435 986 1599 1042 mili-

220 1071 331 1125 tat.
366 1070 515 1124 Tum
543 1067 808 1140 denique,
834 1067 970 1140 quia
998 1065 1324 1142 hujusmodi
1356 1067 1599 1123 virtutes

220 1148 565 1206 immediate
592 1150 882 1223 attingunt
909 1165 1010 1221 per
1037 1149 1251 1221 seipsas
1292 1145 1471 1203 finem
1502 1150 1597 1205 ul-

219 1232 440 1288 timum
479 1230 1000 1303 supernaturalem,
1031 1245 1161 1285 cum
1202 1228 1451 1286 habeant
1492 1246 1594 1302 pro

217 1311 442 1385 objecto
472 1313 651 1369 Deum
691 1311 881 1383 ipsum
913 1315 1079 1383 prout
1118 1315 1203 1367 est
1230 1310 1294 1366 in
1320 1325 1382 1366 se
1414 1331 1426 1366 :
1456 1325 1594 1385 ergo

216 1394 369 1450 sicut
408 1392 480 1450 ob
508 1394 654 1449 hanc
695 1393 980 1449 rationem
1019 1391 1205 1466 gratia
1251 1391 1447 1447 influit
1493 1408 1592 1464 per

216 1474 566 1532 charitatem
624 1473 752 1529 sine
802 1472 1186 1546 dependentia
1239 1472 1310 1529 ab
1363 1471 1592 1529 influxu

216 1557 380 1629 spei;
414 1556 493 1613 ita
532 1556 707 1612 etiam
746 1553 1199 1628 independenter
1240 1570 1274 1610 a
1314 1554 1592 1611 charitate

218 1637 473 1695 influere
520 1636 746 1710 poterit,
793 1637 998 1693 saltem
1053 1653 1153 1710 per
1194 1651 1374 1707 spem,
1405 1641 1463 1692 et
1510 1637 1593 1694 sic

218 1718 465 1777 reddere
480 1717 848 1774 meritorium
872 1725 1057 1774 actum
1076 1719 1125 1793 ej
1136 1735 1197 1772 us
1218 1716 1288 1773 de
1308 1716 1590 1792 condigno

219 1810 481 1874 respectu
512 1802 642 1857 vitae
661 1805 907 1857 aeternae.

297 1887 425 1941 Non
450 1884 623 1958 igitur
645 1884 747 1939 hoc
763 1883 946 1949 obest;
974 1883 1301 1958 negandum
1329 1887 1413 1939 est
1429 1882 1588 1939 enim

218 1963 580 2022 antecedens,
601 1968 665 2021 Et
693 1964 763 2021 ad
793 1966 1043 2036 primam
1070 1964 1465 2037 probationem
1496 1962 1589 2019 di-

215 2047 463 2104 cendum
482 2054 580 2114 est,
595 2047 745 2120 quod
766 2049 890 2104 licet
911 2046 1264 2119 fides.etspes
1281 2046 1582 2112 informeS,

215 2146 403 2203 neque
432 2131 491 2186 in
515 2129 771 2186 essendo
808 2145 990 2202 neque
1020 2130 1083 2185 in
1126 2129 1416 2202 operando
1444 2145 1586 2201 pen·

214 2210 392 2268 deant
415 2228 447 2268 a
470 2211 919 2274 charitate‚sicut
937 2227 1036 2266 nec
1056 2209 1380 2283 dependent
1404 2225 1435 2265 a
1457 2226 1588 2284 gra-

217 2293 318 2359 tia,
351 2291 447 2348 sed
478 2298 712 2364 possunt
735 2299 888 2348 actus
910 2309 1040 2349 suos
1064 2290 1276 2348 habere
1299 2291 1359 2346 in
1389 2307 1585 2363 pecca-

217 2382 376 2440 tore;
408 2373 547 2430 tides
587 2380 780 2431 tamen
807 2379 862 2430 et
888 2390 1016 2446 spes
1058 2374 1335 2438 formatae,
1367 2375 1512 2429 sicut
1552 2389 1585 2429 a

215 2457 422 2529 gratia,
440 2456 519 2511 ita
533 2456 707 2511 etiarn
731 2472 761 2510 a
783 2455 1074 2520 charitate,
1097 2462 1211 2510 tam
1238 2455 1297 2510 in
1320 2454 1577 2522 essendO,

215 2553 391 2608 quam
421 2538 481 2593 in
505 2537 793 2609 operando
820 2536 1162 2610 dependent.
1208 2536 1581 2593 concedimus

218 2617 412 2690 igitur,
437 2616 761 2690 hujusmodi
781 2616 1020 2674 virtutes
1037 2633 1195 2689 posse
1212 2618 1438 2689 operari
1456 2619 1581 2675 sine

215 2699 597 2771 dependentia
625 2716 657 2756 a
697 2699 972 2755 charitate
1000 2705 1153 2754 actus
1192 2699 1487 2767 informes,
1520 2706 1580 2756 ut

212 2789 349 2836 sunt
377 2787 533 2837 actus
561 2781 692 2838 fidei
720 2788 776 2837 et
801 2783 920 2854 spei
963 2782 1301 2854 peecatoris;
1332 2783 1430 2840 sed
1473 2799 1578 2839 ne-

210 2879 413 2937 gamus
438 2864 686 2938 gratiam
718 2878 879 2935 posse
906 2863 1135 2936 operari
1166 2880 1265 2936 per
1295 2864 1444 2928 illas,
1479 2871 1576 2922 aut

213 2945 277 3000 in
317 2960 516 3001 earum
548 2952 701 3001 actus
728 2944 990 3011 influere,
1019 2945 1259 3017 illosque
1300 2946 1576 3004 formatos

209 3030 265 3080 et
317 3027 645 3082 meritorios
699 3027 936 3085 reddere
988 3028 1197 3101 absque
1244 3027 1464 3084 influxu
1519 3035 1574 3085 et

210 3108 463 3165 motione
487 3108 808 3166 charitatis.
848 3112 1018 3184 Cujus
1061 3110 1206 3166 ratio
1253 3110 1462 3167 tradita
1490 3117 1576 3167 est

207 3205 263 3243 n.
300 3191 356 3253 7,
397 3190 532 3261 quia
563 3190 847 3247 nimirum
878 3198 1176 3265 repugnat,
1210 3190 1358 3263 quod
1384 3192 1572 3266 gratia

205 3269 429 3338 influat,
453 3278 509 3327 et
538 3289 653 3329 non
682 3274 743 3330 in
772 3274 978 3331 ordine
1019 3275 1088 3330 ad
1121 3273 1419 3346 proprium
1452 3275 1574 3347 ejus

204 3352 409 3420 finem,
438 3361 533 3410 aut
574 3356 723 3427 quod
751 3357 812 3412 in
843 3357 1047 3415 ordine
1074 3356 1145 3413 ad
1175 3358 1327 3421 hunc
1367 3354 1566 3423 finem,

205 3452 373 3507 quem
414 3438 519 3494 sub
562 3440 784 3497 ratione
839 3441 969 3498 talis
1010 3441 1173 3496 nulla
1219 3440 1424 3507 virtus,
1455 3440 1568 3497 nisi

212 3520 431 3575 ratione
468 3520 764 3576 charitatis
804 3521 1321 3596 attingitsinfiuat,
1367 3528 1424 3579 et
1453 3539 1572 3580 non

214 3614 312 3670 per
333 3599 514 3672 ipsam
538 3601 895 3658 charitatem.

284 3680 370 3736 Ad
396 3681 701 3738 secundam
731 3682 1145 3755 probationem,
1179 3699 1442 3741 concesso
1471 3701 1569 3741 an-

213 3759 507 3826 tecedenti,
540 3761 1009 3837 distinguendum
1051 3770 1151 3821 est
1181 3781 1531 3838 consequens
1551 3790 1566 3834 3

211 3848 266 3899 et
292 3842 337 3897 si
368 3843 726 3915 intelligatur
746 3843 818 3900 de
837 3846 1167 3917 operatione
1190 3845 1320 3903 fidei
1346 3852 1400 3904 et
1422 3847 1564 3920 spei,

213 3928 271 3977 ut
290 3929 424 3978 sunt
452 3922 681 3995 praecise
710 3925 951 3981 virtutes
974 3925 1270 3991 informeS,
1297 3943 1422 3999 quae
1453 3943 1569 3983 non

213 4006 554 4078 participant
576 4005 858 4062 influxum
892 4009 1114 4082 gratiae,
1148 4008 1377 4066 concedi
1408 4015 1569 4080 pote-

215 4087 304 4151 rit,
352 4103 452 4142 nec
500 4085 657 4142 aliud
711 4086 967 4160 probatio
1016 4090 1118 4146 illa
1169 4090 1479 4149 convincit:
1519 4090 1567 4145 si

212 4182 343 4231 ,vero
372 4167 731 4240 intelligatur
752 4166 821 4224 de
842 4171 1178 4241 operatione
1205 4170 1412 4227 harum
1443 4170 1568 4227 vir-

211 4255 412 4318 tutum,
448 4256 614 4322 prout
650 4256 963 4322 operantur
1001 4269 1069 4308 ex
1110 4254 1314 4327 gratia,
1349 4269 1569 4327 negan-

212 4329 343 4387 dum
389 4338 491 4398 est,
536 4337 595 4386 ut
633 4348 704 4387 ex
758 4331 846 4387 his
892 4348 1015 4405 quae
1068 4333 1235 4392 modo
1287 4333 1563 4400 diximuS,

210 4412 341 4467 satis
368 4418 604 4478 constat,
637 4417 786 4468 etex
814 4412 986 4471 modo
1022 4414 1277 4472 dicendis
1317 4415 1569 4490 amplius

249 4494 441 4551 atebit.

212 4512 245 4566 p
280 4568 362 4624 Ad
405 4569 636 4625 tertiam
667 4568 1061 4641 respondetur,
1095 4569 1289 4637 fidem,
1325 4577 1380 4629 et
1406 4589 1566 4645 spem

213 4666 321 4707 non
364 4650 644 4723 attingere
693 4650 917 4707 ratione
956 4653 1045 4709 sui
1076 4651 1252 4710 finem
1295 4656 1568 4712 ultimum

211 4734 703 4806 supernaturalem
734 4733 1061 4791 formaliter
1098 4737 1205 4790 sub
1236 4737 1457 4794 ratione
1497 4736 1569 4793 fi-

212 4814 316 4880 nis,
365 4814 497 4870 licet
542 4813 925 4870 materialiter
972 4816 1258 4890 attingant
1298 4816 1375 4881 id,
1418 4818 1569 4890 quod

209 4901 286 4953 est
323 4896 624 4968 praedictus
654 4896 809 4954 finis.
844 4900 913 4954 Et
946 4899 1094 4956 ratio
1120 4904 1223 4964 est,
1254 4900 1389 4972 quia
1428 4899 1569 4958 fides

210 4977 434 5051 attingit
455 4980 633 5034 Deum
674 4977 781 5034 sub
813 4980 1038 5037 ratione
1070 4980 1245 5053 primi
1275 4981 1414 5047 veri,
1450 4998 1567 5040 non

209 5057 305 5113 sub
336 5058 559 5116 ratione
594 5057 762 5127 boni;
798 5061 945 5117 ratio
985 5077 1124 5118 vero
1152 5060 1285 5118 finis
1327 5078 1443 5119 non
1483 5069 1569 5120 est

212 5140 347 5198 ratio
375 5141 519 5207 veri,
545 5141 642 5198 sed
669 5143 857 5216 potius
879 5143 1039 5201 boni.
1064 5146 1200 5218 Spes
1223 5150 1413 5202 autem
1437 5147 1569 5204 licet

2987 482 3105 538 723

1731 663 1996 716 versetur
2022 659 2170 718 circa
2200 660 2380 717 Deum
2402 662 2572 732 prout
2611 655 2782 713 habet
2810 653 3099 711 rationem

1733 739 1891 806 boni,
1936 740 2121 798 adhuc
2147 747 2343 799 tamen
2371 757 2490 798 non
2524 740 2755 813 attingit
2796 737 2969 793 illum
3000 750 3099 808 per

1732 820 1971 878 modum
2024 821 2160 879 finis
2212 822 2405 878 ultimi
2462 819 2872 879 formalissime
2897 842 2911 884 ;
2962 815 3099 890 quia

1732 904 2062 978 hujusmodi
2089 906 2431 980 attingentia
2457 905 2716 962 consistit
2746 903 2807 957 in
2834 917 2921 967 eo,
2947 897 3098 973 quod

1731 988 2070 1060 respiciatur
2098 991 2245 1047 Deus
2267 994 2328 1045 ut
2354 1004 2581 1045 summe
2623 987 2805 1043 bonus
2834 984 2897 1041 in
2936 999 3016 1050 se,
3042 987 3099 1038 et

1727 1083 1957 1126 summe
1977 1069 2248 1127 amabilis
2277 1075 2509 1143 propter
2529 1085 2607 1132 se,
2641 1073 2807 1138 atque
2848 1062 2988 1121 adeo
3011 1077 3097 1120 re·

1729 1147 1887 1220 liqua
1924 1151 2125 1206 omnia
2171 1150 2235 1205 in
2282 1151 2471 1223 ipsum
2522 1146 2884 1205 reducendo:
2916 1148 2977 1198 ut
3014 1143 3097 1199 sic

1728 1235 1920 1285 autem
1943 1246 2059 1287 non
2083 1231 2387 1305 attingitur
2409 1229 2479 1286 ab
2501 1244 2617 1303 spe,
2644 1227 2741 1285 sed
2766 1232 2826 1282 ut
2846 1230 2931 1282 est
2954 1239 3095 1296 prae-

1725 1308 1840 1366 eise
1865 1308 2082 1367 bonum
2107 1311 2288 1384 ipsius
2308 1311 2614 1384 sperantis,
2641 1315 2696 1365 et
2725 1323 2825 1381 per
2852 1305 3090 1363 modum

1725 1390 1862 1448 boni
1892 1392 2058 1450 ardui
2098 1395 2365 1467 consequi
2396 1392 2703 1466 possibilis,
2749 1392 2879 1456 Sola
2916 1389 3093 1463 igitur

1723 1473 1996 1541 charitas,
2027 1492 2154 1549 quae
2200 1473 2394 1549 diligit
2434 1477 2613 1531 Deum
2661 1488 2833 1544 super
2866 1472 3085 1536 omnia,

1723 1560 1780 1611 et
1804 1559 1866 1609 ut
1885 1560 1966 1611 est
1987 1569 2214 1612 summe
2235 1555 2419 1612 bonus
2441 1555 2504 1610 in
2527 1553 2732 1627 seipso,
2753 1567 3092 1624 summeque

1722 1635 2027 1710 diligibilis
2056 1644 2287 1712 propter
2306 1653 2384 1703 se,
2415 1638 2639 1709 reliqua
2667 1636 2867 1692 omnia
2887 1633 2941 1691 ei
2963 1632 3093 1689 sub-

1717 1718 1990 1793 jiciendo,
2026 1721 2255 1793 respicit
2301 1720 2473 1777 illurn
2521 1734 2621 1791 per
2669 1716 2906 1774 modum
2955 1714 3093 1771 finis

1723 1800 1916 1859 ultimi
1967 1801 2424 1874 supernaturalis
2458 1843 2469 1864 ,
2523 1804 2580 1856 et
2644 1798 2816 1857 totius
2866 1796 3091 1856 ordinis

1719 1886 1954 1958 gratiae3
1987 1891 2153 1958 atque
2181 1884 2321 1942 adeo
2346 1885 2533 1958 gratia
2553 1883 2680 1939 sine
2707 1879 2928 1937 influxu
2952 1879 3091 1935 cha-

1723 1968 1910 2025 ritatis
1933 1985 2034 2042 per
2057 1971 2278 2026 nullam
2305 1969 2477 2025 aliam
2497 1967 2794 2030 virtutem,
2821 1963 2995 2020 etiam
3017 1978 3088 2019 ex

1719 2049 2096 2122 TheologiciS,
2130 2050 2336 2124 poterit
2359 2047 2609 2121 operari.

1802 2131 1883 2186 12.
1931 2132 2000 2185 Et
2048 2132 2097 2186 si
2147 2147 2369 2206 urgeas,
2418 2129 2552 2200 quia
2607 2127 2800 2185 omnis
2860 2129 3014 2181 actus
3054 2139 3298 2193 anepnoe-

1718 2215 1908 2266 creata
1935 2212 2229 2267 voluntate
2272 2209 2581 2283 procedens
2611 2207 2840 2279 respicit
2882 2220 3080 2261 neces-

1716 2293 1871 2350 sario
1913 2294 2162 2366 aliquem
2211 2292 2388 2350 finem
2435 2293 2708 2348 ultimum
2739 2288 3085 2345 formaliter

1715 2372 2095 2430 sub·ratione
2147 2373 2283 2429 finis
2331 2373 2523 2428 ultimi
2572 2373 2873 2443 (repugnat
2917 2368 3080 2423 enim

1717 2455 2074 2511 voluntatem
2121 2454 2370 2527 operari,
2402 2459 2457 2510 et
2499 2469 2615 2509 non
2658 2452 2719 2505 in
2767 2447 2971 2506 ordine
3012 2447 3082 2505 ad

1715 2533 2045 2610 huJ'usmodi
2087 2533 2286 2606 finem)
2313 2556 2326 2590 x
2356 2534 2452 2591 sed
2482 2551 2607 2606 spes
2649 2548 2750 2604 per
2790 2546 2957 2585 suum
2989 2546 3083 2586 ac·

1714 2621 1860 2676 tum.
1893 2616 2120 2672 etiarnsi
2156 2620 2425 2689 operetur
2466 2616 2592 2670 sine
2631 2612 2926 2674 charitate,
2962 2626 3081 2668 non

1716 2698 1948 2769 respicit
1995 2697 2170 2755 finem
2221 2697 2493 2752 ultimum
2549 2694 2896 2755 naturalem,
2947 2707 3080 2747 cum

1710 2779 1833 2850 ipsa
1848 2778 2306 2852 supernaturalis
2322 2778 2395 2833 sit
2417 2798 2428 2832 :
2453 2793 2588 2850 ergo
2608 2773 2771 2831 debet
2792 2773 3072 2846 respicere

1709 2856 1884 2917 finem
1927 2861 2200 2918 ultimum
2240 2858 2742 2933 supernaturalem
2772 2857 2834 2912 in
2864 2854 3070 2912 ordine

1709 2939 1776 2996 ad
1798 2957 1966 3013 quem
1995 2943 2181 3016 gratia
2201 2948 2486 3015 operetur.

1781 3022 2194 3095 Respondetur,
2229 3039 2345 3079 non
2373 3021 2531 3092 sequi
2553 3036 2622 3075 ex
2644 3036 2729 3083 eo,
2763 3016 2910 3089 quod
2938 3033 3066 3073 om·
3085 3019 3279 3066 nirunur

1707 3101 1798 3157 nis
1832 3109 1986 3159 actus
2014 3103 2326 3159 voluntatis
2356 3100 2620 3174 respiciat
2646 3099 2898 3168 aliquem
2929 3097 3069 3152 ulti-

1708 3196 1868 3236 mum
1899 3180 2096 3246 finem,
2122 3186 2179 3237 et
2206 3185 2360 3236 actus
2380 3179 2499 3253 spei
2530 3194 2647 3234 non
2674 3179 2835 3233 sistat
2864 3178 2927 3231 in
2956 3174 3073 3232 fine

1707 3262 1982 3326 naturali,
2015 3259 2164 3333 quod
2194 3258 2519 3333 hujusmodi
2550 3263 2705 3314 actus
2726 3275 2794 3314 ex
2822 3273 2889 3314 eo
2919 3272 3072 3328 prae-

1705 3341 1836 3409 cise,
1867 3341 2014 3414 quod
2043 3347 2126 3399 est
2148 3346 2302 3397 actus
2321 3342 2462 3413 spei.
2491 3345 2657 3412 atque
2678 3338 2817 3396 adeo
2843 3338 3071 3395 etiamsi

1704 3422 1806 3479 fiat
1843 3424 1972 3481 sine
2014 3424 2312 3490 charitate,
2364 3422 2630 3495 respiciat
2691 3426 2749 3476 ut
2799 3422 3072 3477 ultimum

1706 3503 1882 3561 finem
1910 3505 2087 3561 Deum
2117 3510 2283 3578 prout
2310 3509 2395 3561 est
2426 3503 2748 3560 formaliter
2775 3502 2910 3558 finis
2934 3502 3074 3557 ulti-

1705 3600 1835 3640 mus
1862 3586 2355 3657 supernaturalis;
2386 3586 2529 3640 alias
2558 3583 2763 3649 fidelis,
2790 3584 2888 3656 qui
2916 3582 3073 3639 exis-

1705 3673 1832 3724 tens
1857 3668 1921 3723 in
1951 3673 2171 3740 peccato
2198 3667 2430 3725 mortali
2459 3667 2693 3723 eliceret
2733 3664 3070 3738 praedictum

1703 3756 1913 3813 actum,
1946 3749 2124 3804 simul
2168 3765 2267 3821 per
2311 3749 2572 3804 illumin
2623 3747 2951 3822 hujusmodi
3002 3745 3075 3801 fi-

1704 3848 1839 3889 nem
1879 3835 2328 3897 converteretur,
2359 3836 2414 3887 et
2436 3836 2700 3887 maneret
2739 3847 2974 3888 aversus
3004 3830 3074 3886 ab

1702 3912 1901 3971 eodem
1926 3929 2026 3986 per
2054 3917 2340 3985 peccatum
2367 3936 2380 3980 ;
2408 3913 2558 3986 quod
2598 3914 2876 3985 implicat.
2910 3911 3073 3966 Finis

1702 4011 1840 4069 ergo
1894 3996 2153 4061 ultimus,
2213 4010 2383 4066 quem
2439 3996 2668 4067 respicit
2716 4001 2873 4051 actus
2923 3994 3066 4066 spei,

1701 4078 2095 4136 consideratus
2139 4078 2371 4150 praecise
2415 4077 2728 4134 secundum
2781 4093 2859 4142 se,
2904 4084 2962 4133 et
3012 4082 3074 4131 ut

1702 4160 2029 4234 praescindit
2065 4158 2138 4215 ab
2182 4160 2428 4233 imperio
2473 4159 2788 4219 charitatis,
2824 4174 2941 4215 non
2988 4164 3074 4216 est

1703 4245 1911 4317 aliquis
1939 4244 2073 4300 finis
2112 4244 2180 4302 in
2205 4243 2566 4316 particulari,
2614 4242 2711 4299 sed
2747 4241 2976 4298 bonum
3009 4244 3071 4299 in

1702 4329 1998 4385 communi
2019 4327 2326 4400 sperantis,
2352 4324 2503 4399 quod
2532 4323 2815 4381 abstrahit
2842 4341 2874 4381 a
2897 4329 3070 4381 natu-

1703 4411 1836 4475 rali,
1880 4416 2090 4477 creat0,
2141 4415 2197 4467 et
2242 4408 2517 4473 increato,
2569 4407 2660 4463 vel
2713 4423 2782 4463 ex
2829 4413 3074 4481 utroque

1699 4493 1863 4566 quasi
1905 4492 2245 4566 integratur,
2295 4495 2357 4546 ut
2401 4489 2782 4561 explicuimus
2817 4496 2979 4548 tract.
3011 4494 3066 4555 8,

1699 4575 1841 4647 disp.
1876 4575 1932 4640 4,
1963 4573 2091 4631 dub.
2136 4576 2193 4630 3.
2226 4575 2291 4629 In
2316 4570 2467 4645 quod
2501 4570 2717 4647 bonum
2760 4573 3069 4630 terminari

1702 4662 1883 4730 potest
1904 4674 2095 4715 omnis
2122 4663 2278 4714 actus
2305 4657 2611 4721 humanus,
2641 4657 2764 4713 sive
2789 4657 3072 4713 naturalis

1701 4741 1793 4806 sit,
1820 4740 1945 4797 sive
1964 4739 2423 4813 supernaturalis
2443 4761 2454 4801 ;
2481 4739 2632 4795 hunc
2653 4739 2833 4805 enim,
2855 4743 2910 4795 et
2933 4740 3071 4795 nul-

1701 4820 1826 4876 lum
1873 4821 2057 4878 alium
2087 4819 2263 4877 finem
2301 4820 2577 4876 ultimum
2607 4820 2907 4876 actualiter
2948 4835 3072 4876 res-

1702 4902 1927 4975 piciunt
1953 4902 2273 4959 necessario
2314 4908 2470 4958 actus
2496 4901 2813 4959 voluntatis
2837 4904 3063 4968 creatae,

1700 4988 1763 5039 ut
1791 4982 1863 5039 ab
1905 4981 2150 5045 influxu,
2182 4987 2239 5038 et
2280 4981 2529 5054 imperio
2567 4980 2863 5037 charitatis
2892 4996 3070 5051 praes-

1698 5065 1977 5133 cindunt;
2040 5070 2097 5122 et
2147 5065 2300 5121 hunc
2354 5064 2667 5136 respiciunt
2719 5068 2873 5120 actus
2923 5063 3065 5133 spei,

1706 5145 1863 5213 fidei,
1908 5152 1965 5204 et
2007 5146 2351 5220 quicumque
2390 5145 2492 5201 alii
2533 5149 2687 5200 actus
2724 5146 3069 5214 supernatu-

3341 60 3617 320 *RN
