<?xml version="1.0" encoding="UTF-8"?>
<!DOCTYPE html PUBLIC "-//W3C//DTD XHTML 1.0 Transitional//EN"
    "http://www.w3.org/TR/xhtml1/DTD/xhtml1-transitional.dtd">
<html xmlns="http://www.w3.org/1999/xhtml" xml:lang="en" lang="en">
 <head>
  <title>
</title>
<meta http-equiv="Content-Type" content="text/html;charset=utf-8" />
  <meta name='ocr-system' content='tesseract 3.04.00' />
  <meta name='ocr-capabilities' content='ocr_page ocr_carea ocr_par ocr_line ocrx_word'/>
</head>
<body>
  <div class='ocr_page' id='page_1' title='image "./collegiisalmant00carmgoog_0037.png"; bbox 0 0 3647 5753; ppageno 0'>
   <div class='ocr_carea' id='block_1_1' title="bbox 129 1523 318 1567">
    <p class='ocr_par' dir='ltr' id='par_1_1' title="bbox 129 1523 318 1567">
     <span class='ocr_line' id='line_1_1' title="bbox 129 1523 318 1567; baseline 0.011 -2"><span class='ocrx_word' id='word_1_1' title='bbox 129 1523 318 1567; x_wconf 66' lang='lat' dir='ltr'>Ultima</span> 
     </span>
    </p>
   </div>
   <div class='ocr_carea' id='block_1_2' title="bbox 102 2176 334 2269">
    <p class='ocr_par' dir='ltr' id='par_1_2' title="bbox 102 2176 334 2269">
     <span class='ocr_line' id='line_1_2' title="bbox 102 2176 334 2220; baseline 0.013 -3"><span class='ocrx_word' id='word_1_2' title='bbox 102 2176 334 2220; x_wconf 70' lang='lat' dir='ltr'>confuta·</span> 
     </span>
     <span class='ocr_line' id='line_1_3' title="bbox 160 2232 256 2269; baseline 0.042 -4"><span class='ocrx_word' id='word_1_3' title='bbox 160 2232 256 2269; x_wconf 81' lang='lat' dir='ltr'>tur.</span> 
     </span>
    </p>
   </div>
   <div class='ocr_carea' id='block_1_3' title="bbox 1494 394 3233 467">
    <p class='ocr_par' dir='ltr' id='par_1_3' title="bbox 1494 394 3233 467">
     <span class='ocr_line' id='line_1_4' title="bbox 1494 394 3233 467; baseline 0.009 -17"><span class='ocrx_word' id='word_1_4' title='bbox 1494 394 1669 455; x_wconf 86' lang='lat' dir='ltr'>DISP.</span> <span class='ocrx_word' id='word_1_5' title='bbox 1713 400 1834 467; x_wconf 85' lang='lat' dir='ltr'>vn,</span> <span class='ocrx_word' id='word_1_6' title='bbox 1878 402 2042 461; x_wconf 90' lang='lat' dir='ltr'>DUB.</span> <span class='ocrx_word' id='word_1_7' title='bbox 2088 406 2129 462; x_wconf 91' lang='lat'>1.</span> <span class='ocrx_word' id='word_1_8' title='bbox 3167 411 3233 465; x_wconf 85' lang='lat'>15</span> 
     </span>
    </p>
   </div>
   <div class='ocr_carea' id='block_1_4' title="bbox 361 584 1742 743">
    <p class='ocr_par' dir='ltr' id='par_1_4' title="bbox 361 584 1742 743">
     <span class='ocr_line' id='line_1_5' title="bbox 361 584 1742 662; baseline 0.002 -22"><span class='ocrx_word' id='word_1_9' title='bbox 361 610 389 640; x_wconf 67' lang='grc' dir='ltr'>ιι</span> <span class='ocrx_word' id='word_1_10' title='bbox 433 584 580 644; x_wconf 88' lang='lat' dir='ltr'>bent</span> <span class='ocrx_word' id='word_1_11' title='bbox 607 589 869 662; x_wconf 79' lang='lat' dir='ltr'><strong>gratiam</strong></span> <span class='ocrx_word' id='word_1_12' title='bbox 895 587 1312 660; x_wconf 83' lang='lat' dir='ltr'>sufficientem),</span> <span class='ocrx_word' id='word_1_13' title='bbox 1343 603 1460 645; x_wconf 91' lang='lat' dir='ltr'>non</span> <span class='ocrx_word' id='word_1_14' title='bbox 1493 586 1742 646; x_wconf 81' lang='lat' dir='ltr'>ostendit</span> 
     </span>
     <span class='ocr_line' id='line_1_6' title="bbox 363 667 1737 743; baseline 0.001 -22"><span class='ocrx_word' id='word_1_15' title='bbox 363 690 391 721; x_wconf 69' lang='grc' dir='ltr'><strong>α</strong></span> <span class='ocrx_word' id='word_1_16' title='bbox 434 667 706 726; x_wconf 76' lang='lat' dir='ltr'>dandum</span> <span class='ocrx_word' id='word_1_17' title='bbox 727 684 855 727; x_wconf 86' lang='lat' dir='ltr'>esse</span> <span class='ocrx_word' id='word_1_18' title='bbox 877 670 988 727; x_wconf 91' lang='lat' dir='ltr'>nisi</span> <span class='ocrx_word' id='word_1_19' title='bbox 1011 686 1045 727; x_wconf 91' lang='lat' dir='ltr'>a</span> <span class='ocrx_word' id='word_1_20' title='bbox 1072 672 1200 738; x_wconf 91' lang='lat' dir='ltr'>Deo,</span> <span class='ocrx_word' id='word_1_21' title='bbox 1232 686 1363 727; x_wconf 90' lang='lat' dir='ltr'>cum</span> <span class='ocrx_word' id='word_1_22' title='bbox 1393 667 1737 743; x_wconf 89' lang='lat' dir='ltr'>poscendum</span> 
     </span>
    </p>
   </div>
   <div class='ocr_carea' id='block_1_5' title="bbox 123 736 1739 855">
    <p class='ocr_par' dir='ltr' id='par_1_5' title="bbox 123 736 1739 855">
     <span class='ocr_line' id='line_1_7' title="bbox 123 736 1739 855; baseline 0.004 -55"><span class='ocrx_word' id='word_1_23' title='bbox 123 750 320 855; x_wconf 45' lang='lat' dir='ltr'>‘lg-”135</span> <span class='ocrx_word' id='word_1_24' title='bbox 367 771 396 802; x_wconf 66' lang='lat' dir='ltr'>a</span> <span class='ocrx_word' id='word_1_25' title='bbox 437 736 698 807; x_wconf 74' lang='lat' dir='ltr'>o&#39;stendit</span> <span class='ocrx_word' id='word_1_26' title='bbox 717 767 753 807; x_wconf 90' lang='lat' dir='ltr'>a</span> <span class='ocrx_word' id='word_1_27' title='bbox 777 754 911 809; x_wconf 91' lang='lat' dir='ltr'>Deo.</span> <span class='ocrx_word' id='word_1_28' title='bbox 943 776 968 806; x_wconf 72' lang='grc' dir='ltr'><strong><em>κ</em></strong></span> <span class='ocrx_word' id='word_1_29' title='bbox 998 753 1066 807; x_wconf 87' lang='lat' dir='ltr'>Et</span> <span class='ocrx_word' id='word_1_30' title='bbox 1084 752 1306 809; x_wconf 77' lang='lat' dir='ltr'>similia</span> <span class='ocrx_word' id='word_1_31' title='bbox 1327 749 1486 807; x_wconf 89' lang='lat' dir='ltr'>docet</span> <span class='ocrx_word' id='word_1_32' title='bbox 1506 751 1572 806; x_wconf 90' lang='lat' dir='ltr'>D.</span> <span class='ocrx_word' id='word_1_33' title='bbox 1600 749 1739 806; x_wconf 90' lang='lat' dir='ltr'>Hie-</span> 
     </span>
    </p>
   </div>
   <div class='ocr_carea' id='block_1_6' title="bbox 363 829 1739 1477">
    <p class='ocr_par' dir='ltr' id='par_1_6' title="bbox 363 829 1739 1477">
     <span class='ocr_line' id='line_1_8' title="bbox 363 829 1736 908; baseline -0.004 -17"><span class='ocrx_word' id='word_1_34' title='bbox 363 848 602 907; x_wconf 81' lang='lat' dir='ltr'>ronym.</span> <span class='ocrx_word' id='word_1_35' title='bbox 639 833 746 891; x_wconf 91' lang='lat' dir='ltr'>lib.</span> <span class='ocrx_word' id='word_1_36' title='bbox 793 836 848 901; x_wconf 82' lang='lat'>2,</span> <span class='ocrx_word' id='word_1_37' title='bbox 900 834 1176 891; x_wconf 80' lang='lat' dir='ltr'>adversus</span> <span class='ocrx_word' id='word_1_38' title='bbox 1225 833 1580 908; x_wconf 84' lang='lat' dir='ltr'>Pelagianos.</span> <span class='ocrx_word' id='word_1_39' title='bbox 1639 829 1736 887; x_wconf 91' lang='lat' dir='ltr'>ubi</span> 
     </span>
     <span class='ocr_line' id='line_1_9' title="bbox 369 914 1734 990; baseline 0.001 -21"><span class='ocrx_word' id='word_1_40' title='bbox 369 914 496 970; x_wconf 88' lang='lat' dir='ltr'>illis</span> <span class='ocrx_word' id='word_1_41' title='bbox 537 914 733 973; x_wconf 79' lang='lat' dir='ltr'>verbis</span> <span class='ocrx_word' id='word_1_42' title='bbox 758 917 965 973; x_wconf 84' lang='lat' dir='ltr'>Matth.</span> <span class='ocrx_word' id='word_1_43' title='bbox 1005 919 1042 973; x_wconf 88' lang='grc'><strong>6</strong></span> <span class='ocrx_word' id='word_1_44' title='bbox 1075 938 1088 973; x_wconf 87' lang='lat'>:</span> <span class='ocrx_word' id='word_1_45' title='bbox 1139 939 1163 969; x_wconf 91' lang='lat'>«</span> <span class='ocrx_word' id='word_1_46' title='bbox 1207 917 1450 990; x_wconf 87' lang='lat' dir='ltr'>Surgite,</span> <span class='ocrx_word' id='word_1_47' title='bbox 1484 914 1734 989; x_wconf 82' lang='lat' dir='ltr'>vigilate,</span> 
     </span>
     <span class='ocr_line' id='line_1_10' title="bbox 378 996 1731 1063; baseline -0.002 -14"><span class='ocrx_word' id='word_1_48' title='bbox 378 1016 410 1049; x_wconf 73' lang='grc' dir='ltr'>α</span> <span class='ocrx_word' id='word_1_49' title='bbox 449 1000 504 1052; x_wconf 87' lang='lat' dir='ltr'>et</span> <span class='ocrx_word' id='word_1_50' title='bbox 547 1001 728 1063; x_wconf 86' lang='lat' dir='ltr'>orate,</span> <span class='ocrx_word' id='word_1_51' title='bbox 780 1012 854 1054; x_wconf 90' lang='lat' dir='ltr'>ne</span> <span class='ocrx_word' id='word_1_52' title='bbox 881 997 1109 1054; x_wconf 90' lang='lat' dir='ltr'>intretis</span> <span class='ocrx_word' id='word_1_53' title='bbox 1147 997 1211 1053; x_wconf 91' lang='lat' dir='ltr'>in</span> <span class='ocrx_word' id='word_1_54' title='bbox 1261 996 1656 1060; x_wconf 81' lang='lat' dir='ltr'>tentationem,</span> <span class='ocrx_word' id='word_1_55' title='bbox 1704 1014 1731 1046; x_wconf 72' lang='lat'>2&gt;</span> 
     </span>
     <span class='ocr_line' id='line_1_11' title="bbox 369 1074 1739 1152; baseline 0.001 -22"><span class='ocrx_word' id='word_1_56' title='bbox 369 1075 456 1131; x_wconf 85' lang='lat' dir='ltr'>sic</span> <span class='ocrx_word' id='word_1_57' title='bbox 477 1077 818 1151; x_wconf 78' lang='lat' dir='ltr'>Pelagianos</span> <span class='ocrx_word' id='word_1_58' title='bbox 840 1078 1173 1152; x_wconf 90' lang='lat' dir='ltr'>impugnat:</span> <span class='ocrx_word' id='word_1_59' title='bbox 1194 1100 1218 1129; x_wconf 71' lang='grc' dir='ltr'>α</span> <span class='ocrx_word' id='word_1_60' title='bbox 1238 1075 1532 1133; x_wconf 89' lang='lat' dir='ltr'>Debuisset</span> <span class='ocrx_word' id='word_1_61' title='bbox 1547 1074 1739 1132; x_wconf 85' lang='lat' dir='ltr'>dicere</span> 
     </span>
     <span class='ocr_line' id='line_1_12' title="bbox 377 1158 1736 1234; baseline -0.001 -20"><span class='ocrx_word' id='word_1_62' title='bbox 377 1179 409 1209; x_wconf 77' lang='grc' dir='ltr'><strong>α</strong></span> <span class='ocrx_word' id='word_1_63' title='bbox 447 1158 609 1233; x_wconf 84' lang='lat' dir='ltr'>juxta</span> <span class='ocrx_word' id='word_1_64' title='bbox 635 1177 756 1228; x_wconf 81' lang='lat' dir='ltr'>vos,</span> <span class='ocrx_word' id='word_1_65' title='bbox 789 1160 1034 1234; x_wconf 88' lang='lat' dir='ltr'>Surgite,</span> <span class='ocrx_word' id='word_1_66' title='bbox 1064 1166 1120 1216; x_wconf 89' lang='lat' dir='ltr'>et</span> <span class='ocrx_word' id='word_1_67' title='bbox 1158 1159 1437 1226; x_wconf 88' lang='lat' dir='ltr'>resistite;</span> <span class='ocrx_word' id='word_1_68' title='bbox 1484 1158 1736 1215; x_wconf 90' lang='lat' dir='ltr'>liberum</span> 
     </span>
     <span class='ocr_line' id='line_1_13' title="bbox 379 1239 1736 1298; baseline -0.002 -2"><span class='ocrx_word' id='word_1_69' title='bbox 379 1261 409 1290; x_wconf 76' lang='grc' dir='ltr'>ιι</span> <span class='ocrx_word' id='word_1_70' title='bbox 449 1240 609 1296; x_wconf 91' lang='lat' dir='ltr'>enim</span> <span class='ocrx_word' id='word_1_71' title='bbox 644 1239 868 1297; x_wconf 89' lang='lat' dir='ltr'>habetis</span> <span class='ocrx_word' id='word_1_72' title='bbox 911 1239 1223 1297; x_wconf 84' lang='lat' dir='ltr'>arbitrium</span> <span class='ocrx_word' id='word_1_73' title='bbox 1256 1261 1269 1296; x_wconf 72' lang='grc' dir='ltr'><strong><em>ι</em></strong></span> <span class='ocrx_word' id='word_1_74' title='bbox 1298 1245 1356 1298; x_wconf 89' lang='lat' dir='ltr'>et</span> <span class='ocrx_word' id='word_1_75' title='bbox 1391 1239 1568 1296; x_wconf 89' lang='lat' dir='ltr'>semel</span> <span class='ocrx_word' id='word_1_76' title='bbox 1596 1253 1736 1294; x_wconf 89' lang='lat' dir='ltr'>con-</span> 
     </span>
     <span class='ocr_line' id='line_1_14' title="bbox 378 1319 1736 1395; baseline -0.001 -21"><span class='ocrx_word' id='word_1_77' title='bbox 378 1343 407 1374; x_wconf 76' lang='grc' dir='ltr'><strong>α</strong></span> <span class='ocrx_word' id='word_1_78' title='bbox 450 1337 606 1378; x_wconf 89' lang='lat' dir='ltr'>cessa</span> <span class='ocrx_word' id='word_1_79' title='bbox 649 1322 815 1379; x_wconf 82' lang='lat' dir='ltr'>vobis</span> <span class='ocrx_word' id='word_1_80' title='bbox 842 1339 876 1379; x_wconf 88' lang='lat' dir='ltr'>a</span> <span class='ocrx_word' id='word_1_81' title='bbox 902 1322 1149 1379; x_wconf 90' lang='lat' dir='ltr'>Domino</span> <span class='ocrx_word' id='word_1_82' title='bbox 1190 1326 1482 1395; x_wconf 84' lang='lat' dir='ltr'>potestate,</span> <span class='ocrx_word' id='word_1_83' title='bbox 1516 1319 1736 1377; x_wconf 91' lang='lat' dir='ltr'>nullius</span> 
     </span>
     <span class='ocr_line' id='line_1_15' title="bbox 374 1402 1300 1477; baseline -0.003 -21"><span class='ocrx_word' id='word_1_84' title='bbox 374 1425 404 1456; x_wconf 68' lang='grc' dir='ltr'><strong>α</strong></span> <span class='ocrx_word' id='word_1_85' title='bbox 446 1403 685 1460; x_wconf 82' lang='lat' dir='ltr'>alterius</span> <span class='ocrx_word' id='word_1_86' title='bbox 707 1402 980 1477; x_wconf 80' lang='lat' dir='ltr'>indigetis</span> <span class='ocrx_word' id='word_1_87' title='bbox 1008 1404 1245 1460; x_wconf 89' lang='lat' dir='ltr'>auxilio.</span> <span class='ocrx_word' id='word_1_88' title='bbox 1275 1422 1300 1454; x_wconf 86' lang='lat'>»</span> 
     </span>
    </p>
   </div>
   <div class='ocr_carea' id='block_1_7' title="bbox 278 1498 1735 5082">
    <p class='ocr_par' dir='ltr' id='par_1_7' title="bbox 278 1498 1735 2137">
     <span class='ocr_line' id='line_1_16' title="bbox 444 1498 1734 1572; baseline -0.003 -17"><span class='ocrx_word' id='word_1_89' title='bbox 444 1500 540 1555; x_wconf 77' lang='lat'>24.</span> <span class='ocrx_word' id='word_1_90' title='bbox 583 1499 745 1555; x_wconf 80' lang='lat' dir='ltr'>Dices</span> <span class='ocrx_word' id='word_1_91' title='bbox 788 1498 1033 1572; x_wconf 90' lang='lat' dir='ltr'>denique</span> <span class='ocrx_word' id='word_1_92' title='bbox 1063 1514 1166 1570; x_wconf 87' lang='lat' dir='ltr'>pro</span> <span class='ocrx_word' id='word_1_93' title='bbox 1191 1498 1432 1564; x_wconf 88' lang='lat' dir='ltr'>Molina,</span> <span class='ocrx_word' id='word_1_94' title='bbox 1480 1511 1598 1553; x_wconf 90' lang='lat' dir='ltr'>non</span> <span class='ocrx_word' id='word_1_95' title='bbox 1637 1510 1734 1552; x_wconf 93' lang='lat' dir='ltr'>co-</span> 
     </span>
     <span class='ocr_line' id='line_1_17' title="bbox 278 1578 1734 1651; baseline -0.003 -14"><span class='ocrx_word' id='word_1_96' title='bbox 278 1585 328 1617; x_wconf 85' lang='lat'>¹¹·</span> <span class='ocrx_word' id='word_1_97' title='bbox 365 1580 593 1638; x_wconf 85' lang='lat' dir='ltr'>haerere</span> <span class='ocrx_word' id='word_1_98' title='bbox 612 1597 742 1637; x_wconf 89' lang='lat' dir='ltr'>cum</span> <span class='ocrx_word' id='word_1_99' title='bbox 766 1580 1028 1638; x_wconf 90' lang='lat' dir='ltr'>libertate</span> <span class='ocrx_word' id='word_1_100' title='bbox 1068 1580 1318 1648; x_wconf 89' lang='lat' dir='ltr'>arbitrii,</span> <span class='ocrx_word' id='word_1_101' title='bbox 1343 1578 1492 1651; x_wconf 89' lang='lat' dir='ltr'>quod</span> <span class='ocrx_word' id='word_1_102' title='bbox 1518 1593 1734 1650; x_wconf 89' lang='lat' dir='ltr'>suppo-</span> 
     </span>
     <span class='ocr_line' id='line_1_18' title="bbox 362 1659 1734 1737; baseline -0.002 -20"><span class='ocrx_word' id='word_1_103' title='bbox 362 1662 482 1718; x_wconf 83' lang='lat' dir='ltr'>sita</span> <span class='ocrx_word' id='word_1_104' title='bbox 507 1664 693 1737; x_wconf 85' lang='lat' dir='ltr'>gratia</span> <span class='ocrx_word' id='word_1_105' title='bbox 738 1662 1059 1729; x_wconf 85' lang='lat' dir='ltr'>sufficienti,</span> <span class='ocrx_word' id='word_1_106' title='bbox 1097 1668 1158 1718; x_wconf 92' lang='lat' dir='ltr'>ut</span> <span class='ocrx_word' id='word_1_107' title='bbox 1186 1664 1358 1719; x_wconf 89' lang='lat' dir='ltr'>homo</span> <span class='ocrx_word' id='word_1_108' title='bbox 1394 1659 1569 1732; x_wconf 84' lang='lat' dir='ltr'>possit</span> <span class='ocrx_word' id='word_1_109' title='bbox 1593 1674 1734 1715; x_wconf 89' lang='lat' dir='ltr'>con-</span> 
     </span>
     <span class='ocr_line' id='line_1_19' title="bbox 361 1741 1735 1817; baseline -0.004 -17"><span class='ocrx_word' id='word_1_110' title='bbox 361 1745 617 1810; x_wconf 83' lang='lat' dir='ltr'>sentire,</span> <span class='ocrx_word' id='word_1_111' title='bbox 670 1744 998 1817; x_wconf 80' lang='lat' dir='ltr'>requiratur</span> <span class='ocrx_word' id='word_1_112' title='bbox 1055 1742 1213 1800; x_wconf 90' lang='lat' dir='ltr'>aliud</span> <span class='ocrx_word' id='word_1_113' title='bbox 1287 1741 1605 1806; x_wconf 86' lang='lat' dir='ltr'>auxilium,</span> <span class='ocrx_word' id='word_1_114' title='bbox 1673 1744 1735 1794; x_wconf 90' lang='lat' dir='ltr'>ut</span> 
     </span>
     <span class='ocr_line' id='line_1_20' title="bbox 361 1819 1733 1897; baseline -0.003 -16"><span class='ocrx_word' id='word_1_115' title='bbox 361 1826 688 1881; x_wconf 86' lang='lat' dir='ltr'>consentiat</span> <span class='ocrx_word' id='word_1_116' title='bbox 713 1846 727 1880; x_wconf 76' lang='grc' dir='ltr'><strong><em>ε</em></strong></span> <span class='ocrx_word' id='word_1_117' title='bbox 751 1831 916 1897; x_wconf 90' lang='lat' dir='ltr'>atque</span> <span class='ocrx_word' id='word_1_118' title='bbox 933 1825 1059 1883; x_wconf 90' lang='lat' dir='ltr'>ideo</span> <span class='ocrx_word' id='word_1_119' title='bbox 1078 1842 1210 1882; x_wconf 91' lang='lat' dir='ltr'>cum</span> <span class='ocrx_word' id='word_1_120' title='bbox 1233 1824 1510 1882; x_wconf 76' lang='lat' dir='ltr'>homines·</span> <span class='ocrx_word' id='word_1_121' title='bbox 1520 1819 1733 1877; x_wconf 86' lang='lat' dir='ltr'>haben-</span> 
     </span>
     <span class='ocr_line' id='line_1_21' title="bbox 361 1907 1731 1980; baseline -0.001 -20"><span class='ocrx_word' id='word_1_122' title='bbox 361 1912 456 1962; x_wconf 85' lang='lat' dir='ltr'>tes</span> <span class='ocrx_word' id='word_1_123' title='bbox 480 1908 728 1980; x_wconf 83' lang='lat' dir='ltr'>gratiam</span> <span class='ocrx_word' id='word_1_124' title='bbox 755 1907 1129 1965; x_wconf 86' lang='lat' dir='ltr'>sufficientem</span> <span class='ocrx_word' id='word_1_125' title='bbox 1158 1911 1345 1971; x_wconf 87' lang='lat' dir='ltr'>orant,</span> <span class='ocrx_word' id='word_1_126' title='bbox 1380 1919 1497 1962; x_wconf 89' lang='lat' dir='ltr'>non</span> <span class='ocrx_word' id='word_1_127' title='bbox 1540 1910 1731 1976; x_wconf 91' lang='lat' dir='ltr'>petere</span> 
     </span>
     <span class='ocr_line' id='line_1_22' title="bbox 361 1985 1725 2059; baseline -0.001 -19"><span class='ocrx_word' id='word_1_128' title='bbox 361 1985 700 2059; x_wconf 84' lang='lat' dir='ltr'>hujusmodi</span> <span class='ocrx_word' id='word_1_129' title='bbox 714 1987 1019 2054; x_wconf 89' lang='lat' dir='ltr'>auxilium,</span> <span class='ocrx_word' id='word_1_130' title='bbox 1036 1985 1135 2044; x_wconf 91' lang='lat' dir='ltr'>sed</span> <span class='ocrx_word' id='word_1_131' title='bbox 1155 1985 1344 2058; x_wconf 90' lang='lat' dir='ltr'>ipsum</span> <span class='ocrx_word' id='word_1_132' title='bbox 1359 1999 1725 2049; x_wconf 89' lang='lat' dir='ltr'>consensum,</span> 
     </span>
     <span class='ocr_line' id='line_1_23' title="bbox 363 2065 843 2137; baseline 0.006 -18"><span class='ocrx_word' id='word_1_133' title='bbox 363 2079 444 2120; x_wconf 85' lang='lat' dir='ltr'>ne</span> <span class='ocrx_word' id='word_1_134' title='bbox 471 2065 843 2137; x_wconf 85' lang='lat' dir='ltr'>impediatur.</span> 
     </span>
    </p>

    <p class='ocr_par' dir='ltr' id='par_1_8' title="bbox 336 2156 1730 5082">
     <span class='ocr_line' id='line_1_24' title="bbox 442 2156 1730 2232; baseline -0.001 -21"><span class='ocrx_word' id='word_1_135' title='bbox 442 2156 551 2213; x_wconf 87' lang='lat' dir='ltr'>Sed</span> <span class='ocrx_word' id='word_1_136' title='bbox 578 2158 694 2213; x_wconf 79' lang='lat' dir='ltr'>haec</span> <span class='ocrx_word' id='word_1_137' title='bbox 722 2158 1018 2230; x_wconf 87' lang='lat' dir='ltr'>responsio</span> <span class='ocrx_word' id='word_1_138' title='bbox 1066 2157 1205 2230; x_wconf 90' lang='lat' dir='ltr'>petit</span> <span class='ocrx_word' id='word_1_139' title='bbox 1259 2156 1635 2232; x_wconf 85' lang='lat' dir='ltr'>principium,</span> <span class='ocrx_word' id='word_1_140' title='bbox 1674 2158 1730 2211; x_wconf 91' lang='lat' dir='ltr'>et</span> 
     </span>
     <span class='ocr_line' id='line_1_25' title="bbox 354 2236 1729 2312; baseline -0.002 -18"><span class='ocrx_word' id='word_1_141' title='bbox 354 2243 438 2294; x_wconf 74' lang='lat' dir='ltr'>ex</span> <span class='ocrx_word' id='word_1_142' title='bbox 478 2238 645 2294; x_wconf 89' lang='lat' dir='ltr'>dictis</span> <span class='ocrx_word' id='word_1_143' title='bbox 687 2240 827 2296; x_wconf 89' lang='lat' dir='ltr'>satis</span> <span class='ocrx_word' id='word_1_144' title='bbox 870 2238 1140 2312; x_wconf 86' lang='lat' dir='ltr'>rejicitur.</span> <span class='ocrx_word' id='word_1_145' title='bbox 1194 2238 1411 2304; x_wconf 90' lang='lat' dir='ltr'>Quibus</span> <span class='ocrx_word' id='word_1_146' title='bbox 1464 2236 1729 2294; x_wconf 86' lang='lat' dir='ltr'>addimus</span> 
     </span>
     <span class='ocr_line' id='line_1_26' title="bbox 356 2317 1726 2393; baseline -0.001 -20"><span class='ocrx_word' id='word_1_147' title='bbox 356 2321 752 2393; x_wconf 86' lang='lat' dir='ltr'>Augustinum</span> <span class='ocrx_word' id='word_1_148' title='bbox 779 2323 939 2392; x_wconf 78' lang='lat' dir='ltr'>epist.</span> <span class='ocrx_word' id='word_1_149' title='bbox 972 2322 1069 2376; x_wconf 86' lang='lat'>107</span> <span class='ocrx_word' id='word_1_150' title='bbox 1116 2321 1191 2376; x_wconf 84' lang='lat' dir='ltr'>ad</span> <span class='ocrx_word' id='word_1_151' title='bbox 1226 2319 1469 2386; x_wconf 82' lang='lat' dir='ltr'>Vitalem,</span> <span class='ocrx_word' id='word_1_152' title='bbox 1502 2317 1600 2373; x_wconf 90' lang='lat' dir='ltr'>ubi</span> <span class='ocrx_word' id='word_1_153' title='bbox 1629 2319 1726 2373; x_wconf 90' lang='lat' dir='ltr'>in-</span> 
     </span>
     <span class='ocr_line' id='line_1_27' title="bbox 352 2402 1724 2474; baseline -0.001 -17"><span class='ocrx_word' id='word_1_154' title='bbox 352 2403 490 2474; x_wconf 87' lang='lat' dir='ltr'>quit</span> <span class='ocrx_word' id='word_1_155' title='bbox 516 2423 530 2457; x_wconf 90' lang='lat'>:</span> <span class='ocrx_word' id='word_1_156' title='bbox 558 2425 583 2454; x_wconf 80' lang='lat'>«</span> <span class='ocrx_word' id='word_1_157' title='bbox 612 2405 738 2459; x_wconf 90' lang='lat' dir='ltr'>Non</span> <span class='ocrx_word' id='word_1_158' title='bbox 766 2403 1039 2459; x_wconf 79' lang='lat' dir='ltr'>fallamus</span> <span class='ocrx_word' id='word_1_159' title='bbox 1067 2402 1350 2469; x_wconf 86' lang='lat' dir='ltr'>homines,</span> <span class='ocrx_word' id='word_1_160' title='bbox 1385 2418 1521 2458; x_wconf 90' lang='lat' dir='ltr'>nam</span> <span class='ocrx_word' id='word_1_161' title='bbox 1545 2404 1724 2457; x_wconf 89' lang='lat' dir='ltr'>Deum</span> 
     </span>
     <span class='ocr_line' id='line_1_28' title="bbox 355 2483 1725 2541; baseline 0.003 -6"><span class='ocrx_word' id='word_1_162' title='bbox 355 2506 388 2535; x_wconf 74' lang='grc' dir='ltr'>ι(</span> <span class='ocrx_word' id='word_1_163' title='bbox 434 2483 636 2541; x_wconf 73' lang='lat' dir='ltr'>fallere</span> <span class='ocrx_word' id='word_1_164' title='bbox 665 2501 782 2541; x_wconf 92' lang='lat' dir='ltr'>non</span> <span class='ocrx_word' id='word_1_165' title='bbox 825 2487 1104 2541; x_wconf 84' lang='lat' dir='ltr'>valemus.</span> <span class='ocrx_word' id='word_1_166' title='bbox 1144 2486 1386 2541; x_wconf 84' lang='lat' dir='ltr'>Prorsus</span> <span class='ocrx_word' id='word_1_167' title='bbox 1431 2498 1546 2540; x_wconf 88' lang='lat' dir='ltr'>non</span> <span class='ocrx_word' id='word_1_168' title='bbox 1587 2498 1725 2539; x_wconf 89' lang='lat' dir='ltr'>ora-</span> 
     </span>
     <span class='ocr_line' id='line_1_29' title="bbox 359 2562 1723 2636; baseline 0.001 -21"><span class='ocrx_word' id='word_1_169' title='bbox 359 2585 394 2615; x_wconf 73' lang='lat'>«</span> <span class='ocrx_word' id='word_1_170' title='bbox 438 2579 566 2618; x_wconf 92' lang='lat' dir='ltr'>mus</span> <span class='ocrx_word' id='word_1_171' title='bbox 595 2565 792 2631; x_wconf 89' lang='lat' dir='ltr'>Deum,</span> <span class='ocrx_word' id='word_1_172' title='bbox 850 2563 948 2619; x_wconf 91' lang='lat' dir='ltr'>sed</span> <span class='ocrx_word' id='word_1_173' title='bbox 988 2579 1155 2620; x_wconf 87' lang='lat' dir='ltr'>orare</span> <span class='ocrx_word' id='word_1_174' title='bbox 1198 2580 1300 2621; x_wconf 90' lang='lat' dir='ltr'>nos</span> <span class='ocrx_word' id='word_1_175' title='bbox 1356 2562 1647 2636; x_wconf 84' lang='lat' dir='ltr'>fingimus,</span> <span class='ocrx_word' id='word_1_176' title='bbox 1672 2562 1723 2617; x_wconf 90' lang='lat' dir='ltr'>si</span> 
     </span>
     <span class='ocr_line' id='line_1_30' title="bbox 364 2642 1718 2716; baseline 0.004 -23"><span class='ocrx_word' id='word_1_177' title='bbox 364 2664 396 2693; x_wconf 70' lang='grc' dir='ltr'><em>α</em></span> <span class='ocrx_word' id='word_1_178' title='bbox 441 2657 545 2698; x_wconf 87' lang='lat' dir='ltr'>nos</span> <span class='ocrx_word' id='word_1_179' title='bbox 583 2643 751 2716; x_wconf 75' lang='lat' dir='ltr'>ipsoS,</span> <span class='ocrx_word' id='word_1_180' title='bbox 808 2660 925 2700; x_wconf 89' lang='lat' dir='ltr'>non</span> <span class='ocrx_word' id='word_1_181' title='bbox 962 2644 1133 2699; x_wconf 91' lang='lat' dir='ltr'>illum</span> <span class='ocrx_word' id='word_1_182' title='bbox 1179 2642 1468 2699; x_wconf 90' lang='lat' dir='ltr'>credimus</span> <span class='ocrx_word' id='word_1_183' title='bbox 1514 2642 1718 2708; x_wconf 77' lang='lat' dir='ltr'>facere,</span> 
     </span>
     <span class='ocr_line' id='line_1_31' title="bbox 359 2722 1724 2797; baseline 0.001 -20"><span class='ocrx_word' id='word_1_184' title='bbox 359 2744 390 2772; x_wconf 70' lang='lat' dir='ltr'><em>a</em></span> <span class='ocrx_word' id='word_1_185' title='bbox 436 2722 587 2795; x_wconf 88' lang='lat' dir='ltr'>quod</span> <span class='ocrx_word' id='word_1_186' title='bbox 633 2739 886 2780; x_wconf 81' lang='lat' dir='ltr'>oramus,</span> <span class='ocrx_word' id='word_1_187' title='bbox 921 2726 1161 2780; x_wconf 87' lang='lat' dir='ltr'>Prorsus</span> <span class='ocrx_word' id='word_1_188' title='bbox 1208 2739 1325 2779; x_wconf 90' lang='lat' dir='ltr'>non</span> <span class='ocrx_word' id='word_1_189' title='bbox 1358 2723 1575 2797; x_wconf 85' lang='lat' dir='ltr'>gratias</span> <span class='ocrx_word' id='word_1_190' title='bbox 1612 2725 1724 2779; x_wconf 90' lang='lat' dir='ltr'>Deo</span> 
     </span>
     <span class='ocr_line' id='line_1_32' title="bbox 353 2802 1723 2879; baseline 0.002 -24"><span class='ocrx_word' id='word_1_191' title='bbox 353 2826 385 2855; x_wconf 74' lang='grc' dir='ltr'><em>α</em></span> <span class='ocrx_word' id='word_1_192' title='bbox 436 2804 682 2878; x_wconf 81' lang='lat' dir='ltr'>agimus,</span> <span class='ocrx_word' id='word_1_193' title='bbox 714 2803 812 2861; x_wconf 90' lang='lat' dir='ltr'>sed</span> <span class='ocrx_word' id='word_1_194' title='bbox 841 2820 943 2861; x_wconf 89' lang='lat' dir='ltr'>nos</span> <span class='ocrx_word' id='word_1_195' title='bbox 965 2819 1134 2879; x_wconf 87' lang='lat' dir='ltr'>agere</span> <span class='ocrx_word' id='word_1_196' title='bbox 1162 2802 1456 2879; x_wconf 85' lang='lat' dir='ltr'>fingimus,</span> <span class='ocrx_word' id='word_1_197' title='bbox 1494 2804 1541 2859; x_wconf 93' lang='lat' dir='ltr'>si</span> <span class='ocrx_word' id='word_1_198' title='bbox 1571 2803 1723 2859; x_wconf 90' lang='lat' dir='ltr'>unde</span> 
     </span>
     <span class='ocr_line' id='line_1_33' title="bbox 351 2887 1719 2961; baseline 0 -21"><span class='ocrx_word' id='word_1_199' title='bbox 351 2910 382 2939; x_wconf 69' lang='grc' dir='ltr'><strong>α</strong></span> <span class='ocrx_word' id='word_1_200' title='bbox 431 2887 524 2943; x_wconf 93' lang='lat' dir='ltr'>illi</span> <span class='ocrx_word' id='word_1_201' title='bbox 571 2888 785 2961; x_wconf 82' lang='lat' dir='ltr'>gratias</span> <span class='ocrx_word' id='word_1_202' title='bbox 830 2888 1072 2961; x_wconf 88' lang='lat' dir='ltr'>agimus,</span> <span class='ocrx_word' id='word_1_203' title='bbox 1126 2889 1318 2959; x_wconf 90' lang='lat' dir='ltr'>ipsum</span> <span class='ocrx_word' id='word_1_204' title='bbox 1361 2888 1547 2944; x_wconf 82' lang='lat' dir='ltr'>facere</span> <span class='ocrx_word' id='word_1_205' title='bbox 1603 2901 1719 2942; x_wconf 89' lang='lat' dir='ltr'>non</span> 
     </span>
     <span class='ocr_line' id='line_1_34' title="bbox 350 2967 1719 3040; baseline 0.002 -20"><span class='ocrx_word' id='word_1_206' title='bbox 350 2992 382 3020; x_wconf 63' lang='lat' dir='ltr'>a</span> <span class='ocrx_word' id='word_1_207' title='bbox 431 2975 723 3040; x_wconf 87' lang='lat' dir='ltr'>putamus.</span> <span class='ocrx_word' id='word_1_208' title='bbox 759 2967 933 3025; x_wconf 89' lang='lat' dir='ltr'>Labia</span> <span class='ocrx_word' id='word_1_209' title='bbox 975 2968 1189 3035; x_wconf 90' lang='lat' dir='ltr'>dolosa,</span> <span class='ocrx_word' id='word_1_210' title='bbox 1222 2970 1270 3026; x_wconf 90' lang='lat' dir='ltr'>si</span> <span class='ocrx_word' id='word_1_211' title='bbox 1308 2970 1372 3026; x_wconf 89' lang='lat' dir='ltr'>in</span> <span class='ocrx_word' id='word_1_212' title='bbox 1411 2969 1719 3026; x_wconf 87' lang='lat' dir='ltr'>hominum</span> 
     </span>
     <span class='ocr_line' id='line_1_35' title="bbox 347 3048 1717 3121; baseline 0.003 -21"><span class='ocrx_word' id='word_1_213' title='bbox 347 3074 379 3100; x_wconf 67' lang='lat' dir='ltr'>t(</span> <span class='ocrx_word' id='word_1_214' title='bbox 426 3048 889 3121; x_wconf 88' lang='lat' dir='ltr'>quibuscumque</span> <span class='ocrx_word' id='word_1_215' title='bbox 914 3048 1279 3105; x_wconf 85' lang='lat' dir='ltr'>sermonibus</span> <span class='ocrx_word' id='word_1_216' title='bbox 1318 3054 1472 3116; x_wconf 91' lang='lat' dir='ltr'>sunt,</span> <span class='ocrx_word' id='word_1_217' title='bbox 1512 3049 1717 3105; x_wconf 89' lang='lat' dir='ltr'>saltem</span> 
     </span>
     <span class='ocr_line' id='line_1_36' title="bbox 347 3128 1717 3201; baseline 0.003 -21"><span class='ocrx_word' id='word_1_218' title='bbox 347 3153 378 3180; x_wconf 71' lang='grc' dir='ltr'><em>α</em></span> <span class='ocrx_word' id='word_1_219' title='bbox 427 3129 501 3185; x_wconf 87' lang='lat' dir='ltr'>in</span> <span class='ocrx_word' id='word_1_220' title='bbox 541 3129 900 3185; x_wconf 89' lang='lat' dir='ltr'>orationibus</span> <span class='ocrx_word' id='word_1_221' title='bbox 939 3144 1054 3186; x_wconf 92' lang='lat' dir='ltr'>non</span> <span class='ocrx_word' id='word_1_222' title='bbox 1081 3129 1225 3184; x_wconf 89' lang='lat' dir='ltr'>sint.</span> <span class='ocrx_word' id='word_1_223' title='bbox 1253 3129 1434 3195; x_wconf 84' lang='lat' dir='ltr'>Absit,</span> <span class='ocrx_word' id='word_1_224' title='bbox 1480 3135 1542 3184; x_wconf 91' lang='lat' dir='ltr'>ut</span> <span class='ocrx_word' id='word_1_225' title='bbox 1566 3128 1717 3201; x_wconf 90' lang='lat' dir='ltr'>quod</span> 
     </span>
     <span class='ocr_line' id='line_1_37' title="bbox 349 3208 1717 3284; baseline 0.001 -22"><span class='ocrx_word' id='word_1_226' title='bbox 349 3233 380 3262; x_wconf 73' lang='grc' dir='ltr'><strong>α</strong></span> <span class='ocrx_word' id='word_1_227' title='bbox 429 3210 625 3266; x_wconf 82' lang='lat' dir='ltr'>facere</span> <span class='ocrx_word' id='word_1_228' title='bbox 656 3212 831 3266; x_wconf 89' lang='lat' dir='ltr'>Deum</span> <span class='ocrx_word' id='word_1_229' title='bbox 863 3226 1129 3284; x_wconf 86' lang='lat' dir='ltr'>rogamus</span> <span class='ocrx_word' id='word_1_230' title='bbox 1157 3209 1372 3277; x_wconf 89' lang='lat' dir='ltr'>oribus,</span> <span class='ocrx_word' id='word_1_231' title='bbox 1402 3216 1457 3266; x_wconf 90' lang='lat' dir='ltr'>et</span> <span class='ocrx_word' id='word_1_232' title='bbox 1485 3208 1717 3266; x_wconf 81' lang='lat' dir='ltr'>vocibus</span> 
     </span>
     <span class='ocr_line' id='line_1_38' title="bbox 345 3288 1717 3361; baseline 0.003 -19"><span class='ocrx_word' id='word_1_233' title='bbox 345 3313 377 3342; x_wconf 70' lang='grc' dir='ltr'><strong>α</strong></span> <span class='ocrx_word' id='word_1_234' title='bbox 426 3289 647 3345; x_wconf 87' lang='lat' dir='ltr'>nostris</span> <span class='ocrx_word' id='word_1_235' title='bbox 696 3290 885 3361; x_wconf 89' lang='lat' dir='ltr'>(quale</span> <span class='ocrx_word' id='word_1_236' title='bbox 928 3294 1013 3346; x_wconf 90' lang='lat' dir='ltr'>est</span> <span class='ocrx_word' id='word_1_237' title='bbox 1040 3288 1186 3345; x_wconf 87' lang='lat' dir='ltr'>illud</span> <span class='ocrx_word' id='word_1_238' title='bbox 1230 3291 1481 3361; x_wconf 83' lang='lat' dir='ltr'>Sponsae,</span> <span class='ocrx_word' id='word_1_239' title='bbox 1527 3290 1717 3346; x_wconf 86' lang='lat' dir='ltr'>Trahe</span> 
     </span>
     <span class='ocr_line' id='line_1_39' title="bbox 345 3369 1718 3444; baseline 0.002 -21"><span class='ocrx_word' id='word_1_240' title='bbox 345 3394 378 3423; x_wconf 68' lang='grc' dir='ltr'><strong>α</strong></span> <span class='ocrx_word' id='word_1_241' title='bbox 425 3375 547 3441; x_wconf 87' lang='lat' dir='ltr'>me)</span> <span class='ocrx_word' id='word_1_242' title='bbox 572 3386 706 3427; x_wconf 91' lang='lat' dir='ltr'>eum</span> <span class='ocrx_word' id='word_1_243' title='bbox 751 3371 935 3427; x_wconf 79' lang='lat' dir='ltr'>facere</span> <span class='ocrx_word' id='word_1_244' title='bbox 962 3386 1235 3444; x_wconf 86' lang='lat' dir='ltr'>negemus</span> <span class='ocrx_word' id='word_1_245' title='bbox 1268 3369 1533 3426; x_wconf 86' lang='lat' dir='ltr'>cordibus</span> <span class='ocrx_word' id='word_1_246' title='bbox 1580 3386 1718 3426; x_wconf 89' lang='lat' dir='ltr'>nos-</span> 
     </span>
     <span class='ocr_line' id='line_1_40' title="bbox 349 3451 1714 3526; baseline 0.003 -22"><span class='ocrx_word' id='word_1_247' title='bbox 349 3475 381 3504; x_wconf 80' lang='lat'>«</span> <span class='ocrx_word' id='word_1_248' title='bbox 430 3453 559 3508; x_wconf 84' lang='lat' dir='ltr'>tris.</span> <span class='ocrx_word' id='word_1_249' title='bbox 592 3454 660 3507; x_wconf 84' lang='lat' dir='ltr'>Et</span> <span class='ocrx_word' id='word_1_250' title='bbox 697 3452 845 3525; x_wconf 90' lang='lat' dir='ltr'>quod</span> <span class='ocrx_word' id='word_1_251' title='bbox 867 3458 950 3508; x_wconf 89' lang='lat' dir='ltr'>est</span> <span class='ocrx_word' id='word_1_252' title='bbox 973 3452 1225 3526; x_wconf 87' lang='lat' dir='ltr'>gravius,</span> <span class='ocrx_word' id='word_1_253' title='bbox 1262 3451 1332 3508; x_wconf 91' lang='lat' dir='ltr'>ad</span> <span class='ocrx_word' id='word_1_254' title='bbox 1361 3451 1506 3508; x_wconf 90' lang='lat' dir='ltr'>alios</span> <span class='ocrx_word' id='word_1_255' title='bbox 1538 3451 1714 3508; x_wconf 86' lang='lat' dir='ltr'>etiam</span> 
     </span>
     <span class='ocr_line' id='line_1_41' title="bbox 351 3531 1713 3606; baseline 0.001 -21"><span class='ocrx_word' id='word_1_256' title='bbox 351 3557 382 3585; x_wconf 88' lang='lat'>«</span> <span class='ocrx_word' id='word_1_257' title='bbox 431 3532 798 3606; x_wconf 87' lang='lat' dir='ltr'>decipiendos</span> <span class='ocrx_word' id='word_1_258' title='bbox 840 3534 947 3590; x_wconf 89' lang='lat' dir='ltr'>hoc</span> <span class='ocrx_word' id='word_1_259' title='bbox 993 3549 1110 3590; x_wconf 92' lang='lat' dir='ltr'>non</span> <span class='ocrx_word' id='word_1_260' title='bbox 1154 3538 1443 3589; x_wconf 84' lang='lat' dir='ltr'>taceamus</span> <span class='ocrx_word' id='word_1_261' title='bbox 1463 3531 1713 3605; x_wconf 89' lang='lat' dir='ltr'>disputa-</span> 
     </span>
     <span class='ocr_line' id='line_1_42' title="bbox 349 3613 1714 3687; baseline 0.003 -21"><span class='ocrx_word' id='word_1_262' title='bbox 349 3639 381 3666; x_wconf 73' lang='lat'>«</span> <span class='ocrx_word' id='word_1_263' title='bbox 429 3615 687 3671; x_wconf 85' lang='lat' dir='ltr'>tionibus</span> <span class='ocrx_word' id='word_1_264' title='bbox 708 3615 958 3671; x_wconf 89' lang='lat' dir='ltr'>nostris:</span> <span class='ocrx_word' id='word_1_265' title='bbox 999 3620 1054 3671; x_wconf 90' lang='lat' dir='ltr'>et</span> <span class='ocrx_word' id='word_1_266' title='bbox 1092 3613 1231 3670; x_wconf 91' lang='lat' dir='ltr'>dum</span> <span class='ocrx_word' id='word_1_267' title='bbox 1254 3615 1522 3670; x_wconf 89' lang='lat' dir='ltr'>volumus</span> <span class='ocrx_word' id='word_1_268' title='bbox 1562 3613 1714 3687; x_wconf 89' lang='lat' dir='ltr'>apud</span> 
     </span>
     <span class='ocr_line' id='line_1_43' title="bbox 357 3695 1708 3762; baseline 0.001 -12"><span class='ocrx_word' id='word_1_269' title='bbox 357 3720 389 3750; x_wconf 70' lang='grc' dir='ltr'>ιι</span> <span class='ocrx_word' id='word_1_270' title='bbox 432 3698 701 3754; x_wconf 87' lang='lat' dir='ltr'>homines</span> <span class='ocrx_word' id='word_1_271' title='bbox 743 3695 1049 3753; x_wconf 77' lang='lat' dir='ltr'>defendere</span> <span class='ocrx_word' id='word_1_272' title='bbox 1088 3695 1340 3752; x_wconf 91' lang='lat' dir='ltr'>liberum</span> <span class='ocrx_word' id='word_1_273' title='bbox 1377 3696 1708 3762; x_wconf 87' lang='lat' dir='ltr'>arbitrium,</span> 
     </span>
     <span class='ocr_line' id='line_1_44' title="bbox 353 3777 1710 3852; baseline 0.002 -22"><span class='ocrx_word' id='word_1_274' title='bbox 353 3803 385 3830; x_wconf 67' lang='lat' dir='ltr'>a</span> <span class='ocrx_word' id='word_1_275' title='bbox 431 3778 582 3852; x_wconf 86' lang='lat' dir='ltr'>apud</span> <span class='ocrx_word' id='word_1_276' title='bbox 601 3783 776 3835; x_wconf 88' lang='lat' dir='ltr'>Deum</span> <span class='ocrx_word' id='word_1_277' title='bbox 789 3777 1092 3850; x_wconf 88' lang='lat' dir='ltr'>perdamus</span> <span class='ocrx_word' id='word_1_278' title='bbox 1107 3777 1384 3835; x_wconf 86' lang='lat' dir='ltr'>orationis</span> <span class='ocrx_word' id='word_1_279' title='bbox 1401 3778 1710 3846; x_wconf 89' lang='lat' dir='ltr'>auxilium;</span> 
     </span>
     <span class='ocr_line' id='line_1_45' title="bbox 348 3858 1714 3935; baseline -0.001 -22"><span class='ocrx_word' id='word_1_280' title='bbox 348 3883 382 3913; x_wconf 66' lang='lat' dir='ltr'>a</span> <span class='ocrx_word' id='word_1_281' title='bbox 425 3867 487 3918; x_wconf 89' lang='lat' dir='ltr'>et</span> <span class='ocrx_word' id='word_1_282' title='bbox 534 3861 853 3935; x_wconf 88' lang='lat' dir='ltr'>gratiarum</span> <span class='ocrx_word' id='word_1_283' title='bbox 894 3860 1176 3916; x_wconf 89' lang='lat' dir='ltr'>actionem</span> <span class='ocrx_word' id='word_1_284' title='bbox 1219 3874 1335 3915; x_wconf 92' lang='lat' dir='ltr'>non</span> <span class='ocrx_word' id='word_1_285' title='bbox 1401 3858 1714 3916; x_wconf 89' lang='lat' dir='ltr'>habeamus</span> 
     </span>
     <span class='ocr_line' id='line_1_46' title="bbox 346 3941 1714 4015; baseline 0 -19"><span class='ocrx_word' id='word_1_286' title='bbox 346 3965 378 3996; x_wconf 70' lang='grc' dir='ltr'><strong><em>α</em></strong></span> <span class='ocrx_word' id='word_1_287' title='bbox 423 3957 631 3998; x_wconf 77' lang='lat' dir='ltr'>veram</span> <span class='ocrx_word' id='word_1_288' title='bbox 656 3985 669 4007; x_wconf 89' lang='lat'>,</span> <span class='ocrx_word' id='word_1_289' title='bbox 719 3941 861 3997; x_wconf 90' lang='lat' dir='ltr'>dum</span> <span class='ocrx_word' id='word_1_290' title='bbox 920 3956 1118 3997; x_wconf 85' lang='lat' dir='ltr'>veram</span> <span class='ocrx_word' id='word_1_291' title='bbox 1179 3957 1297 3997; x_wconf 90' lang='lat' dir='ltr'>non</span> <span class='ocrx_word' id='word_1_292' title='bbox 1353 3942 1714 4015; x_wconf 84' lang='lat' dir='ltr'>agnoscimus</span> 
     </span>
     <span class='ocr_line' id='line_1_47' title="bbox 343 4022 1715 4099; baseline 0.003 -22"><span class='ocrx_word' id='word_1_293' title='bbox 343 4047 376 4077; x_wconf 63' lang='lat' dir='ltr'>a</span> <span class='ocrx_word' id='word_1_294' title='bbox 420 4025 693 4099; x_wconf 85' lang='lat' dir='ltr'>gratiam.</span> <span class='ocrx_word' id='word_1_295' title='bbox 720 4024 777 4079; x_wconf 89' lang='lat' dir='ltr'>Si</span> <span class='ocrx_word' id='word_1_296' title='bbox 806 4038 940 4080; x_wconf 83' lang='lat' dir='ltr'>vere</span> <span class='ocrx_word' id='word_1_297' title='bbox 961 4024 1227 4080; x_wconf 83' lang='lat' dir='ltr'>volumus</span> <span class='ocrx_word' id='word_1_298' title='bbox 1240 4022 1546 4080; x_wconf 83' lang='lat' dir='ltr'>defendere</span> <span class='ocrx_word' id='word_1_299' title='bbox 1573 4022 1715 4081; x_wconf 90' lang='lat' dir='ltr'>libe-</span> 
     </span>
     <span class='ocr_line' id='line_1_48' title="bbox 346 4104 1712 4178; baseline 0.001 -19"><span class='ocrx_word' id='word_1_300' title='bbox 346 4129 379 4158; x_wconf 80' lang='lat'>«</span> <span class='ocrx_word' id='word_1_301' title='bbox 427 4120 565 4161; x_wconf 89' lang='lat' dir='ltr'>rum</span> <span class='ocrx_word' id='word_1_302' title='bbox 597 4104 922 4171; x_wconf 88' lang='lat' dir='ltr'>arbitrium,</span> <span class='ocrx_word' id='word_1_303' title='bbox 954 4120 1071 4161; x_wconf 88' lang='lat' dir='ltr'>non</span> <span class='ocrx_word' id='word_1_304' title='bbox 1116 4119 1513 4178; x_wconf 87' lang='lat' dir='ltr'>oppugnemus</span> <span class='ocrx_word' id='word_1_305' title='bbox 1560 4104 1712 4161; x_wconf 89' lang='lat' dir='ltr'>unde</span> 
     </span>
     <span class='ocr_line' id='line_1_49' title="bbox 346 4186 1705 4261; baseline 0 -18"><span class='ocrx_word' id='word_1_306' title='bbox 346 4212 379 4238; x_wconf 83' lang='lat'>«</span> <span class='ocrx_word' id='word_1_307' title='bbox 427 4186 498 4243; x_wconf 84' lang='lat' dir='ltr'>fit</span> <span class='ocrx_word' id='word_1_308' title='bbox 521 4187 787 4245; x_wconf 90' lang='lat' dir='ltr'>liberum.</span> <span class='ocrx_word' id='word_1_309' title='bbox 821 4191 967 4244; x_wconf 88' lang='lat' dir='ltr'>Nam</span> <span class='ocrx_word' id='word_1_310' title='bbox 994 4187 1092 4259; x_wconf 90' lang='lat' dir='ltr'>qui</span> <span class='ocrx_word' id='word_1_311' title='bbox 1115 4192 1405 4260; x_wconf 87' lang='lat' dir='ltr'>oppugnat</span> <span class='ocrx_word' id='word_1_312' title='bbox 1438 4188 1705 4261; x_wconf 89' lang='lat' dir='ltr'>gratiam,</span> 
     </span>
     <span class='ocr_line' id='line_1_50' title="bbox 345 4267 1713 4345; baseline -0.001 -20"><span class='ocrx_word' id='word_1_313' title='bbox 345 4294 378 4325; x_wconf 70' lang='grc' dir='ltr'><strong>α</strong></span> <span class='ocrx_word' id='word_1_314' title='bbox 423 4287 542 4345; x_wconf 88' lang='lat' dir='ltr'>qua</span> <span class='ocrx_word' id='word_1_315' title='bbox 564 4277 823 4328; x_wconf 88' lang='lat' dir='ltr'>nostrum</span> <span class='ocrx_word' id='word_1_316' title='bbox 858 4268 927 4326; x_wconf 89' lang='lat' dir='ltr'>ad</span> <span class='ocrx_word' id='word_1_317' title='bbox 947 4267 1358 4326; x_wconf 88' lang='lat' dir='ltr'>declinandum</span> <span class='ocrx_word' id='word_1_318' title='bbox 1382 4285 1414 4325; x_wconf 86' lang='lat' dir='ltr'>a</span> <span class='ocrx_word' id='word_1_319' title='bbox 1455 4271 1625 4335; x_wconf 70' lang='lat' dir='ltr'>mam,</span> <span class='ocrx_word' id='word_1_320' title='bbox 1656 4274 1713 4325; x_wconf 90' lang='lat' dir='ltr'>et</span> 
     </span>
     <span class='ocr_line' id='line_1_51' title="bbox 342 4350 1704 4418; baseline -0.001 -10"><span class='ocrx_word' id='word_1_321' title='bbox 342 4377 377 4408; x_wconf 82' lang='lat'>«</span> <span class='ocrx_word' id='word_1_322' title='bbox 425 4354 755 4412; x_wconf 81' lang='lat' dir='ltr'>faciendum</span> <span class='ocrx_word' id='word_1_323' title='bbox 802 4353 1017 4410; x_wconf 88' lang='lat' dir='ltr'>bonum</span> <span class='ocrx_word' id='word_1_324' title='bbox 1056 4350 1334 4408; x_wconf 87' lang='lat' dir='ltr'>liberatur</span> <span class='ocrx_word' id='word_1_325' title='bbox 1374 4351 1704 4418; x_wconf 88' lang='lat' dir='ltr'>arbitrium,</span> 
     </span>
     <span class='ocr_line' id='line_1_52' title="bbox 344 4430 1712 4508; baseline 0 -21"><span class='ocrx_word' id='word_1_326' title='bbox 344 4459 377 4487; x_wconf 70' lang='grc' dir='ltr'>ι(</span> <span class='ocrx_word' id='word_1_327' title='bbox 428 4436 556 4508; x_wconf 83' lang='lat' dir='ltr'>ipse</span> <span class='ocrx_word' id='word_1_328' title='bbox 579 4434 888 4491; x_wconf 88' lang='lat' dir='ltr'>arbitrium</span> <span class='ocrx_word' id='word_1_329' title='bbox 910 4449 1078 4489; x_wconf 89' lang='lat' dir='ltr'>suum</span> <span class='ocrx_word' id='word_1_330' title='bbox 1101 4430 1286 4489; x_wconf 86' lang='lat' dir='ltr'>adhuc</span> <span class='ocrx_word' id='word_1_331' title='bbox 1302 4433 1426 4488; x_wconf 86' lang='lat' dir='ltr'>vult</span> <span class='ocrx_word' id='word_1_332' title='bbox 1444 4447 1566 4489; x_wconf 87' lang='lat' dir='ltr'>esse</span> <span class='ocrx_word' id='word_1_333' title='bbox 1585 4447 1712 4503; x_wconf 86' lang='lat' dir='ltr'>cap-</span> 
     </span>
     <span class='ocr_line' id='line_1_53' title="bbox 344 4511 1710 4589; baseline -0.001 -20"><span class='ocrx_word' id='word_1_334' title='bbox 344 4540 377 4569; x_wconf 76' lang='lat'>«</span> <span class='ocrx_word' id='word_1_335' title='bbox 423 4519 637 4574; x_wconf 86' lang='lat' dir='ltr'>tivum.</span> <span class='ocrx_word' id='word_1_336' title='bbox 667 4513 980 4589; x_wconf 88' lang='lat' dir='ltr'>Responde,</span> <span class='ocrx_word' id='word_1_337' title='bbox 1025 4513 1274 4580; x_wconf 89' lang='lat' dir='ltr'>obsecro,</span> <span class='ocrx_word' id='word_1_338' title='bbox 1301 4513 1584 4586; x_wconf 86' lang='lat' dir='ltr'>quomodo</span> <span class='ocrx_word' id='word_1_339' title='bbox 1615 4511 1710 4568; x_wconf 89' lang='lat' dir='ltr'>di-</span> 
     </span>
     <span class='ocr_line' id='line_1_54' title="bbox 349 4596 1703 4673; baseline -0.004 -19"><span class='ocrx_word' id='word_1_340' title='bbox 349 4625 381 4654; x_wconf 77' lang='lat'><strong>«</strong></span> <span class='ocrx_word' id='word_1_341' title='bbox 425 4600 507 4657; x_wconf 90' lang='lat' dir='ltr'>cit</span> <span class='ocrx_word' id='word_1_342' title='bbox 532 4599 854 4673; x_wconf 83' lang='lat' dir='ltr'>Apostolus,</span> <span class='ocrx_word' id='word_1_343' title='bbox 872 4597 1084 4671; x_wconf 87' lang='lat' dir='ltr'>gratias</span> <span class='ocrx_word' id='word_1_344' title='bbox 1111 4602 1342 4670; x_wconf 84' lang='lat' dir='ltr'>agentes</span> <span class='ocrx_word' id='word_1_345' title='bbox 1366 4596 1541 4661; x_wconf 87' lang='lat' dir='ltr'>Patri,</span> <span class='ocrx_word' id='word_1_346' title='bbox 1563 4601 1703 4652; x_wconf 85' lang='lat' dir='ltr'>etc.»</span> 
     </span>
     <span class='ocr_line' id='line_1_55' title="bbox 337 4674 1711 4753; baseline -0.003 -16"><span class='ocrx_word' id='word_1_347' title='bbox 337 4681 483 4737; x_wconf 82' lang='lat' dir='ltr'>Alia</span> <span class='ocrx_word' id='word_1_348' title='bbox 530 4681 699 4753; x_wconf 90' lang='lat' dir='ltr'>plura</span> <span class='ocrx_word' id='word_1_349' title='bbox 724 4674 1097 4735; x_wconf 89' lang='lat' dir='ltr'>occurrebant</span> <span class='ocrx_word' id='word_1_350' title='bbox 1126 4677 1341 4734; x_wconf 79' lang='lat' dir='ltr'>motiva</span> <span class='ocrx_word' id='word_1_351' title='bbox 1391 4675 1462 4733; x_wconf 92' lang='lat' dir='ltr'>ad</span> <span class='ocrx_word' id='word_1_352' title='bbox 1506 4677 1711 4734; x_wconf 78' lang='lat' dir='ltr'>confu-</span> 
     </span>
     <span class='ocr_line' id='line_1_56' title="bbox 337 4758 1710 4834; baseline -0.006 -11"><span class='ocrx_word' id='word_1_353' title='bbox 337 4763 593 4823; x_wconf 85' lang='lat' dir='ltr'>tandum</span> <span class='ocrx_word' id='word_1_354' title='bbox 639 4762 877 4819; x_wconf 79' lang='lat' dir='ltr'>Molinae</span> <span class='ocrx_word' id='word_1_355' title='bbox 927 4762 1280 4834; x_wconf 90' lang='lat' dir='ltr'>opinionem.</span> <span class='ocrx_word' id='word_1_356' title='bbox 1331 4758 1581 4816; x_wconf 90' lang='lat' dir='ltr'>Sedillis</span> <span class='ocrx_word' id='word_1_357' title='bbox 1614 4762 1710 4834; x_wconf 86' lang='lat' dir='ltr'>(ne</span> 
     </span>
     <span class='ocr_line' id='line_1_57' title="bbox 345 4842 1709 4919; baseline -0.007 -12"><span class='ocrx_word' id='word_1_358' title='bbox 345 4847 555 4907; x_wconf 87' lang='lat' dir='ltr'>eadem</span> <span class='ocrx_word' id='word_1_359' title='bbox 580 4845 928 4919; x_wconf 86' lang='lat' dir='ltr'>repetamus)</span> <span class='ocrx_word' id='word_1_360' title='bbox 955 4843 1360 4917; x_wconf 90' lang='lat' dir='ltr'>congruentius</span> <span class='ocrx_word' id='word_1_361' title='bbox 1388 4847 1617 4899; x_wconf 88' lang='lat' dir='ltr'>utemur</span> <span class='ocrx_word' id='word_1_362' title='bbox 1645 4842 1709 4897; x_wconf 91' lang='lat' dir='ltr'>in</span> 
     </span>
     <span class='ocr_line' id='line_1_58' title="bbox 336 4923 1710 5002; baseline -0.005 -15"><span class='ocrx_word' id='word_1_363' title='bbox 336 4930 540 5000; x_wconf 87' lang='lat' dir='ltr'>dubiis</span> <span class='ocrx_word' id='word_1_364' title='bbox 609 4924 981 5002; x_wconf 88' lang='lat' dir='ltr'>sequentibus</span> <span class='ocrx_word' id='word_1_365' title='bbox 1011 4969 1025 4992; x_wconf 92' lang='lat'>,</span> <span class='ocrx_word' id='word_1_366' title='bbox 1077 4924 1172 4981; x_wconf 89' lang='lat' dir='ltr'>ubi</span> <span class='ocrx_word' id='word_1_367' title='bbox 1241 4923 1710 5000; x_wconf 86' lang='lat' dir='ltr'>impugnabimus</span> 
     </span>
     <span class='ocr_line' id='line_1_59' title="bbox 336 5006 1709 5082; baseline -0.006 -11"><span class='ocrx_word' id='word_1_368' title='bbox 336 5015 491 5071; x_wconf 86' lang='lat' dir='ltr'>alios</span> <span class='ocrx_word' id='word_1_369' title='bbox 516 5011 748 5069; x_wconf 90' lang='lat' dir='ltr'>dicendi</span> <span class='ocrx_word' id='word_1_370' title='bbox 778 5007 995 5076; x_wconf 90' lang='lat' dir='ltr'>modos,</span> <span class='ocrx_word' id='word_1_371' title='bbox 1020 5009 1117 5082; x_wconf 88' lang='lat' dir='ltr'>qni</span> <span class='ocrx_word' id='word_1_372' title='bbox 1160 5007 1229 5064; x_wconf 90' lang='lat' dir='ltr'>ad</span> <span class='ocrx_word' id='word_1_373' title='bbox 1275 5006 1709 5081; x_wconf 88' lang='lat' dir='ltr'>temperandam</span> 
     </span>
    </p>
   </div>
   <div class='ocr_carea' id='block_1_8' title="bbox 1870 581 3231 799">
    <p class='ocr_par' dir='ltr' id='par_1_9' title="bbox 1870 581 3231 799">
     <span class='ocr_line' id='line_1_60' title="bbox 1873 581 3231 664; baseline 0.004 -27"><span class='ocrx_word' id='word_1_374' title='bbox 1873 581 2201 653; x_wconf 82' lang='lat' dir='ltr'>praedictam</span> <span class='ocrx_word' id='word_1_375' title='bbox 2247 589 2594 645; x_wconf 88' lang='lat' dir='ltr'>sententiam</span> <span class='ocrx_word' id='word_1_376' title='bbox 2637 589 2937 664; x_wconf 87' lang='lat' dir='ltr'>excogitati</span> <span class='ocrx_word' id='word_1_377' title='bbox 2986 594 3140 655; x_wconf 91' lang='lat' dir='ltr'>sunt,</span> <span class='ocrx_word' id='word_1_378' title='bbox 3169 593 3231 643; x_wconf 88' lang='lat' dir='ltr'>ut</span> 
     </span>
     <span class='ocr_line' id='line_1_61' title="bbox 1870 661 3230 797; baseline 0.005 -81"><span class='ocrx_word' id='word_1_379' title='bbox 1870 661 1952 797; x_wconf 58' lang='lat' dir='ltr'>{ic</span> <span class='ocrx_word' id='word_1_380' title='bbox 1972 662 2042 717; x_wconf 88' lang='lat' dir='ltr'>ad</span> <span class='ocrx_word' id='word_1_381' title='bbox 2071 679 2268 722; x_wconf 86' lang='lat' dir='ltr'>veram</span> <span class='ocrx_word' id='word_1_382' title='bbox 2289 668 2488 741; x_wconf 81' lang='lat' dir='ltr'>gratiae</span> <span class='ocrx_word' id='word_1_383' title='bbox 2510 668 2749 725; x_wconf 85' lang='lat' dir='ltr'>efficacis</span> <span class='ocrx_word' id='word_1_384' title='bbox 2778 669 3044 725; x_wconf 86' lang='lat' dir='ltr'>notitiam</span> <span class='ocrx_word' id='word_1_385' title='bbox 3071 683 3230 724; x_wconf 87' lang='lat' dir='ltr'>acce-</span> 
     </span>
     <span class='ocr_line' id='line_1_62' title="bbox 1911 757 2097 799; baseline 0.005 -1"><span class='ocrx_word' id='word_1_386' title='bbox 1911 757 2097 799; x_wconf 88' lang='lat' dir='ltr'>amus.</span> 
     </span>
    </p>
   </div>
   <div class='ocr_carea' id='block_1_9' title="bbox 1870 918 3227 1203">
    <p class='ocr_par' dir='ltr' id='par_1_10' title="bbox 1870 918 3227 1203">
     <span class='ocr_line' id='line_1_63' title="bbox 2479 918 2619 986; baseline 0.021 -16"><span class='ocrx_word' id='word_1_387' title='bbox 2479 920 2511 986; x_wconf 67' lang='grc' dir='ltr'><strong>ς</strong></span> <span class='ocrx_word' id='word_1_388' title='bbox 2552 918 2619 973; x_wconf 89' lang='lat' dir='ltr'>v.</span> 
     </span>
     <span class='ocr_line' id='line_1_64' title="bbox 1870 1058 3227 1136; baseline 0.002 -20"><span class='ocrx_word' id='word_1_389' title='bbox 1870 1058 2278 1134; x_wconf 81' lang='lat' dir='ltr'>Proponuntur,</span> <span class='ocrx_word' id='word_1_390' title='bbox 2328 1070 2376 1118; x_wconf 80' lang='lat' dir='ltr'>et</span> <span class='ocrx_word' id='word_1_391' title='bbox 2421 1063 2704 1119; x_wconf 75' lang='lat' dir='ltr'>eliduntur</span> <span class='ocrx_word' id='word_1_392' title='bbox 2739 1073 3062 1136; x_wconf 73' lang='lat' dir='ltr'>arqumcnea</span> <span class='ocrx_word' id='word_1_393' title='bbox 3104 1082 3227 1120; x_wconf 83' lang='lat' dir='ltr'>con·</span> 
     </span>
     <span class='ocr_line' id='line_1_65' title="bbox 2450 1149 2650 1203; baseline 0.01 -2"><span class='ocrx_word' id='word_1_394' title='bbox 2450 1149 2650 1203; x_wconf 71' lang='lat' dir='ltr'>traria.</span> 
     </span>
    </p>
   </div>
   <div class='ocr_carea' id='block_1_10' title="bbox 1941 1291 3428 1391">
    <p class='ocr_par' dir='ltr' id='par_1_11' title="bbox 1941 1291 3428 1391">
     <span class='ocr_line' id='line_1_66' title="bbox 1941 1291 3428 1391; baseline -0.005 -37"><span class='ocrx_word' id='word_1_395' title='bbox 1941 1291 2033 1349; x_wconf 77' lang='lat'>25.</span> <span class='ocrx_word' id='word_1_396' title='bbox 2071 1293 2398 1365; x_wconf 90' lang='lat' dir='ltr'>Oppositam</span> <span class='ocrx_word' id='word_1_397' title='bbox 2429 1295 2592 1352; x_wconf 90' lang='lat' dir='ltr'>nobis</span> <span class='ocrx_word' id='word_1_398' title='bbox 2611 1294 2960 1352; x_wconf 88' lang='lat' dir='ltr'>sententiam</span> <span class='ocrx_word' id='word_1_399' title='bbox 2990 1300 3223 1352; x_wconf 88' lang='lat' dir='ltr'>tuentur</span> <span class='ocrx_word' id='word_1_400' title='bbox 3251 1298 3428 1391; x_wconf 56' lang='lat' dir='ltr'>{enctssssj</span> 
     </span>
    </p>
   </div>
   <div class='ocr_carea' id='block_1_11' title="bbox 1868 1358 3426 1516">
    <p class='ocr_par' dir='ltr' id='par_1_12' title="bbox 1868 1358 3426 1516">
     <span class='ocr_line' id='line_1_67' title="bbox 1868 1358 3411 1450; baseline 0.003 -26"><span class='ocrx_word' id='word_1_401' title='bbox 1868 1371 2104 1437; x_wconf 88' lang='lat' dir='ltr'>Molina,</span> <span class='ocrx_word' id='word_1_402' title='bbox 2154 1374 2394 1440; x_wconf 89' lang='lat' dir='ltr'>Lessius,</span> <span class='ocrx_word' id='word_1_403' title='bbox 2438 1381 2495 1431; x_wconf 92' lang='lat' dir='ltr'>et</span> <span class='ocrx_word' id='word_1_404' title='bbox 2540 1376 2778 1448; x_wconf 88' lang='lat' dir='ltr'>quidam</span> <span class='ocrx_word' id='word_1_405' title='bbox 2824 1376 2926 1432; x_wconf 92' lang='lat' dir='ltr'>alii</span> <span class='ocrx_word' id='word_1_406' title='bbox 2968 1375 3222 1450; x_wconf 89' lang='lat' dir='ltr'>ejusdem</span> <span class='ocrx_word' id='word_1_407' title='bbox 3267 1358 3411 1441; x_wconf 45' lang='lat' dir='ltr'>tim-ia.</span> 
     </span>
     <span class='ocr_line' id='line_1_68' title="bbox 1869 1447 3426 1516; baseline 0.003 -8"><span class='ocrx_word' id='word_1_408' title='bbox 1869 1452 2122 1511; x_wconf 80' lang='lat' dir='ltr'>familiae.</span> <span class='ocrx_word' id='word_1_409' title='bbox 2146 1457 2257 1513; x_wconf 85' lang='lat' dir='ltr'>Pro</span> <span class='ocrx_word' id='word_1_410' title='bbox 2277 1456 2476 1514; x_wconf 89' lang='lat' dir='ltr'>eadem</span> <span class='ocrx_word' id='word_1_411' title='bbox 2492 1459 2777 1515; x_wconf 89' lang='lat' dir='ltr'>sententia</span> <span class='ocrx_word' id='word_1_412' title='bbox 2798 1458 2970 1514; x_wconf 88' lang='lat' dir='ltr'>refert</span> <span class='ocrx_word' id='word_1_413' title='bbox 2988 1463 3224 1516; x_wconf 85' lang='lat' dir='ltr'>Arauxo</span> <span class='ocrx_word' id='word_1_414' title='bbox 3252 1447 3426 1492; x_wconf 56' lang='lat' dir='ltr'>”missa-</span> 
     </span>
    </p>
   </div>
   <div class='ocr_carea' id='block_1_12' title="bbox 1863 1498 3427 1937">
    <p class='ocr_par' dir='ltr' id='par_1_13' title="bbox 1863 1498 3427 1937">
     <span class='ocr_line' id='line_1_69' title="bbox 1867 1498 3427 1611; baseline 0.004 -23"><span class='ocrx_word' id='word_1_415' title='bbox 1867 1533 1929 1589; x_wconf 90' lang='lat' dir='ltr'>in</span> <span class='ocrx_word' id='word_1_416' title='bbox 1952 1536 2215 1606; x_wconf 79' lang='lat' dir='ltr'>praesenti</span> <span class='ocrx_word' id='word_1_417' title='bbox 2244 1544 2426 1611; x_wconf 68' lang='lat' dir='ltr'>quoest.</span> <span class='ocrx_word' id='word_1_418' title='bbox 2466 1539 2582 1605; x_wconf 92' lang='lat' dir='ltr'>lll,</span> <span class='ocrx_word' id='word_1_419' title='bbox 2613 1547 2724 1595; x_wconf 82' lang='lat' dir='ltr'>art.</span> <span class='ocrx_word' id='word_1_420' title='bbox 2751 1540 2804 1604; x_wconf 90' lang='lat'>5,</span> <span class='ocrx_word' id='word_1_421' title='bbox 2832 1539 2957 1594; x_wconf 80' lang='lat' dir='ltr'>dub.</span> <span class='ocrx_word' id='word_1_422' title='bbox 2984 1540 3038 1603; x_wconf 90' lang='lat'>6,</span> <span class='ocrx_word' id='word_1_423' title='bbox 3067 1557 3219 1595; x_wconf 80' lang='lat' dir='ltr'>num.</span> <span class='ocrx_word' id='word_1_424' title='bbox 3239 1498 3427 1591; x_wconf 44' lang='lat' dir='ltr'>Lffislsggs.</span> 
     </span>
     <span class='ocr_line' id='line_1_70' title="bbox 1866 1596 3427 1694; baseline 0.004 -24"><span class='ocrx_word' id='word_1_425' title='bbox 1866 1616 1956 1681; x_wconf 88' lang='lat'>36,</span> <span class='ocrx_word' id='word_1_426' title='bbox 1988 1616 2402 1685; x_wconf 87' lang='lat' dir='ltr'>Alexandrum,</span> <span class='ocrx_word' id='word_1_427' title='bbox 2453 1622 2814 1694; x_wconf 89' lang='lat' dir='ltr'>Gregorium,</span> <span class='ocrx_word' id='word_1_428' title='bbox 2866 1619 3215 1688; x_wconf 89' lang='lat' dir='ltr'>Gabrielem,</span> <span class='ocrx_word' id='word_1_429' title='bbox 3234 1596 3427 1689; x_wconf 58' lang='grc' dir='ltr'>(ξξξῇἓῖζ</span> 
     </span>
     <span class='ocr_line' id='line_1_71' title="bbox 1868 1694 3424 1787; baseline 0.002 -33"><span class='ocrx_word' id='word_1_430' title='bbox 1868 1699 2197 1766; x_wconf 89' lang='lat' dir='ltr'>Henricum,</span> <span class='ocrx_word' id='word_1_431' title='bbox 2220 1694 2912 1771; x_wconf 71' lang='lat' dir='ltr'>Waldensem‚Alb‘ertum</span> <span class='ocrx_word' id='word_1_432' title='bbox 2933 1703 3215 1776; x_wconf 79' lang='lat' dir='ltr'>Pighium‚</span> <span class='ocrx_word' id='word_1_433' title='bbox 3252 1695 3424 1787; x_wconf 50' lang='lat' dir='ltr'>{igme-</span> 
     </span>
     <span class='ocr_line' id='line_1_72' title="bbox 1864 1778 3419 1852; baseline 0.003 -19"><span class='ocrx_word' id='word_1_434' title='bbox 1864 1780 2258 1847; x_wconf 87' lang='lat' dir='ltr'>Catharinum,</span> <span class='ocrx_word' id='word_1_435' title='bbox 2315 1789 2372 1838; x_wconf 90' lang='lat' dir='ltr'>et</span> <span class='ocrx_word' id='word_1_436' title='bbox 2398 1783 2557 1840; x_wconf 89' lang='lat' dir='ltr'>alios.</span> <span class='ocrx_word' id='word_1_437' title='bbox 2591 1785 2741 1848; x_wconf 92' lang='lat' dir='ltr'>Quos</span> <span class='ocrx_word' id='word_1_438' title='bbox 2768 1790 2975 1847; x_wconf 90' lang='lat' dir='ltr'>tamen,</span> <span class='ocrx_word' id='word_1_439' title='bbox 3002 1784 3049 1838; x_wconf 91' lang='lat' dir='ltr'>si</span> <span class='ocrx_word' id='word_1_440' title='bbox 3092 1798 3221 1840; x_wconf 90' lang='lat' dir='ltr'>con·</span> <span class='ocrx_word' id='word_1_441' title='bbox 3257 1778 3419 1852; x_wconf 61' lang='lat' dir='ltr'>alberi.</span> 
     </span>
     <span class='ocr_line' id='line_1_73' title="bbox 1863 1845 3417 1937; baseline 0.004 -23"><span class='ocrx_word' id='word_1_442' title='bbox 1863 1860 2031 1925; x_wconf 89' lang='lat' dir='ltr'>sulas,</span> <span class='ocrx_word' id='word_1_443' title='bbox 2077 1862 2159 1917; x_wconf 91' lang='lat' dir='ltr'>nil</span> <span class='ocrx_word' id='word_1_444' title='bbox 2188 1862 2307 1919; x_wconf 78' lang='lat' dir='ltr'>fere</span> <span class='ocrx_word' id='word_1_445' title='bbox 2348 1864 2629 1929; x_wconf 85' lang='lat' dir='ltr'>invenies,</span> <span class='ocrx_word' id='word_1_446' title='bbox 2679 1864 2742 1920; x_wconf 91' lang='lat' dir='ltr'>in</span> <span class='ocrx_word' id='word_1_447' title='bbox 2763 1880 2874 1936; x_wconf 87' lang='lat' dir='ltr'>qno</span> <span class='ocrx_word' id='word_1_448' title='bbox 2923 1864 3054 1919; x_wconf 91' lang='lat' dir='ltr'>huic</span> <span class='ocrx_word' id='word_1_449' title='bbox 3082 1879 3218 1920; x_wconf 91' lang='lat' dir='ltr'>sen-</span> <span class='ocrx_word' id='word_1_450' title='bbox 3254 1845 3417 1937; x_wconf 52' lang='lat' dir='ltr'>02¹2ffi¹4¹st‚</span> 
     </span>
    </p>
   </div>
   <div class='ocr_carea' id='block_1_13' title="bbox 1845 1943 3289 4122">
    <p class='ocr_par' dir='ltr' id='par_1_14' title="bbox 1852 1943 3221 3228">
     <span class='ocr_line' id='line_1_74' title="bbox 1864 1943 3219 2019; baseline 0.006 -22"><span class='ocrx_word' id='word_1_451' title='bbox 1864 1943 2054 2000; x_wconf 81' lang='lat' dir='ltr'>tentiae</span> <span class='ocrx_word' id='word_1_452' title='bbox 2075 1944 2458 2019; x_wconf 84' lang='lat' dir='ltr'>suffragentur</span> <span class='ocrx_word' id='word_1_453' title='bbox 2486 1967 2497 2000; x_wconf 73' lang='grc' dir='ltr'><strong><em>ε</em></strong></span> <span class='ocrx_word' id='word_1_454' title='bbox 2536 1962 2671 2002; x_wconf 88' lang='lat' dir='ltr'>nam</span> <span class='ocrx_word' id='word_1_455' title='bbox 2702 1946 2832 2001; x_wconf 88' lang='lat' dir='ltr'>licet</span> <span class='ocrx_word' id='word_1_456' title='bbox 2856 1945 3089 2017; x_wconf 90' lang='lat' dir='ltr'>quidam</span> <span class='ocrx_word' id='word_1_457' title='bbox 3118 1963 3219 2005; x_wconf 85' lang='lat' dir='ltr'>eo-</span> 
     </span>
     <span class='ocr_line' id='line_1_75' title="bbox 1865 2023 3218 2099; baseline 0.004 -21"><span class='ocrx_word' id='word_1_458' title='bbox 1865 2039 1993 2080; x_wconf 90' lang='lat' dir='ltr'>rum</span> <span class='ocrx_word' id='word_1_459' title='bbox 2012 2023 2625 2083; x_wconf 84' lang='lat' dir='ltr'>videanturexcludere</span> <span class='ocrx_word' id='word_1_460' title='bbox 2637 2026 2919 2083; x_wconf 85' lang='lat' dir='ltr'>auxilium</span> <span class='ocrx_word' id='word_1_461' title='bbox 2940 2028 3218 2099; x_wconf 82' lang='lat' dir='ltr'>praevium</span> 
     </span>
     <span class='ocr_line' id='line_1_76' title="bbox 1861 2102 3215 2178; baseline 0.004 -19"><span class='ocrx_word' id='word_1_462' title='bbox 1861 2102 2071 2172; x_wconf 85' lang='lat' dir='ltr'>efficax,</span> <span class='ocrx_word' id='word_1_463' title='bbox 2118 2105 2428 2178; x_wconf 86' lang='lat' dir='ltr'>loquuntur</span> <span class='ocrx_word' id='word_1_464' title='bbox 2455 2106 2525 2163; x_wconf 91' lang='lat' dir='ltr'>de</span> <span class='ocrx_word' id='word_1_465' title='bbox 2561 2107 2778 2162; x_wconf 90' lang='lat' dir='ltr'>auxilio</span> <span class='ocrx_word' id='word_1_466' title='bbox 2820 2108 3215 2169; x_wconf 87' lang='lat' dir='ltr'>necessitante.</span> 
     </span>
     <span class='ocr_line' id='line_1_77' title="bbox 1862 2184 3221 2259; baseline 0.005 -22"><span class='ocrx_word' id='word_1_467' title='bbox 1862 2184 2109 2241; x_wconf 90' lang='lat' dir='ltr'>minime</span> <span class='ocrx_word' id='word_1_468' title='bbox 2135 2200 2272 2242; x_wconf 81' lang='lat' dir='ltr'>vero</span> <span class='ocrx_word' id='word_1_469' title='bbox 2312 2191 2591 2250; x_wconf 88' lang='lat' dir='ltr'>asserunt,</span> <span class='ocrx_word' id='word_1_470' title='bbox 2643 2186 2889 2259; x_wconf 81' lang='lat' dir='ltr'>gratiam</span> <span class='ocrx_word' id='word_1_471' title='bbox 2935 2185 3221 2243; x_wconf 83' lang='lat' dir='ltr'>efficacem</span> 
     </span>
     <span class='ocr_line' id='line_1_78' title="bbox 1861 2263 3219 2323; baseline 0.003 -4"><span class='ocrx_word' id='word_1_472' title='bbox 1861 2279 1978 2320; x_wconf 92' lang='lat' dir='ltr'>non</span> <span class='ocrx_word' id='word_1_473' title='bbox 2026 2263 2236 2321; x_wconf 88' lang='lat' dir='ltr'>habere</span> <span class='ocrx_word' id='word_1_474' title='bbox 2283 2265 2681 2322; x_wconf 84' lang='lat' dir='ltr'>antecedenter</span> <span class='ocrx_word' id='word_1_475' title='bbox 2746 2265 2816 2321; x_wconf 90' lang='lat' dir='ltr'>ad</span> <span class='ocrx_word' id='word_1_476' title='bbox 2875 2282 3219 2323; x_wconf 88' lang='lat' dir='ltr'>consensum</span> 
     </span>
     <span class='ocr_line' id='line_1_79' title="bbox 1863 2344 3220 2422; baseline 0.001 -21"><span class='ocrx_word' id='word_1_477' title='bbox 1863 2344 2100 2418; x_wconf 88' lang='lat' dir='ltr'>aliquid,</span> <span class='ocrx_word' id='word_1_478' title='bbox 2131 2363 2231 2419; x_wconf 91' lang='lat' dir='ltr'>per</span> <span class='ocrx_word' id='word_1_479' title='bbox 2257 2347 2406 2419; x_wconf 89' lang='lat' dir='ltr'>quod</span> <span class='ocrx_word' id='word_1_480' title='bbox 2436 2364 2468 2403; x_wconf 89' lang='lat' dir='ltr'>a</span> <span class='ocrx_word' id='word_1_481' title='bbox 2510 2348 2702 2422; x_wconf 87' lang='lat' dir='ltr'>gratia</span> <span class='ocrx_word' id='word_1_482' title='bbox 2750 2364 2891 2420; x_wconf 88' lang='lat' dir='ltr'>pure</span> <span class='ocrx_word' id='word_1_483' title='bbox 2916 2348 3220 2405; x_wconf 86' lang='lat' dir='ltr'>sufficienti</span> 
     </span>
     <span class='ocr_line' id='line_1_80' title="bbox 1861 2426 3219 2496; baseline 0.003 -14"><span class='ocrx_word' id='word_1_484' title='bbox 1861 2426 2107 2496; x_wconf 78' lang='lat' dir='ltr'>differat,</span> <span class='ocrx_word' id='word_1_485' title='bbox 2135 2434 2191 2485; x_wconf 88' lang='lat' dir='ltr'>et</span> <span class='ocrx_word' id='word_1_486' title='bbox 2217 2445 2344 2485; x_wconf 93' lang='lat' dir='ltr'>cum</span> <span class='ocrx_word' id='word_1_487' title='bbox 2368 2445 2644 2486; x_wconf 85' lang='lat' dir='ltr'>consensu</span> <span class='ocrx_word' id='word_1_488' title='bbox 2668 2429 2852 2487; x_wconf 90' lang='lat' dir='ltr'>libero</span> <span class='ocrx_word' id='word_1_489' title='bbox 2883 2430 3219 2487; x_wconf 85' lang='lat' dir='ltr'>infallibili-</span> 
     </span>
     <span class='ocr_line' id='line_1_81' title="bbox 1858 2511 3215 2584; baseline 0.004 -21"><span class='ocrx_word' id='word_1_490' title='bbox 1858 2514 1945 2564; x_wconf 91' lang='lat' dir='ltr'>ter</span> <span class='ocrx_word' id='word_1_491' title='bbox 1971 2515 2339 2566; x_wconf 88' lang='lat' dir='ltr'>connectatur</span> <span class='ocrx_word' id='word_1_492' title='bbox 2372 2532 2384 2566; x_wconf 91' lang='lat'><strong>:</strong></span> <span class='ocrx_word' id='word_1_493' title='bbox 2415 2515 2470 2567; x_wconf 89' lang='lat' dir='ltr'>et</span> <span class='ocrx_word' id='word_1_494' title='bbox 2495 2511 2761 2584; x_wconf 88' lang='lat' dir='ltr'>quamvis</span> <span class='ocrx_word' id='word_1_495' title='bbox 2795 2527 2910 2567; x_wconf 89' lang='lat' dir='ltr'>non</span> <span class='ocrx_word' id='word_1_496' title='bbox 2941 2512 3018 2567; x_wconf 89' lang='lat' dir='ltr'>ita</span> <span class='ocrx_word' id='word_1_497' title='bbox 3048 2520 3215 2577; x_wconf 91' lang='lat' dir='ltr'>recte,</span> 
     </span>
     <span class='ocr_line' id='line_1_82' title="bbox 1856 2589 3221 2665; baseline 0.004 -21"><span class='ocrx_word' id='word_1_498' title='bbox 1856 2589 2077 2645; x_wconf 88' lang='lat' dir='ltr'>etclare</span> <span class='ocrx_word' id='word_1_499' title='bbox 2103 2590 2391 2662; x_wconf 81' lang='lat' dir='ltr'>explicent</span> <span class='ocrx_word' id='word_1_500' title='bbox 2415 2590 2719 2647; x_wconf 85' lang='lat' dir='ltr'>efficaciam</span> <span class='ocrx_word' id='word_1_501' title='bbox 2736 2592 2936 2665; x_wconf 66' lang='lat' dir='ltr'>gratias</span> <span class='ocrx_word' id='word_1_502' title='bbox 2964 2615 2977 2650; x_wconf 71' lang='grc' dir='ltr'>ι</span> <span class='ocrx_word' id='word_1_503' title='bbox 3010 2592 3221 2650; x_wconf 87' lang='lat' dir='ltr'>nihilo-</span> 
     </span>
     <span class='ocr_line' id='line_1_83' title="bbox 1857 2669 3220 2738; baseline 0.002 -14"><span class='ocrx_word' id='word_1_504' title='bbox 1857 2669 2054 2725; x_wconf 89' lang='lat' dir='ltr'>minus</span> <span class='ocrx_word' id='word_1_505' title='bbox 2114 2687 2231 2727; x_wconf 92' lang='lat' dir='ltr'>non</span> <span class='ocrx_word' id='word_1_506' title='bbox 2282 2670 2503 2738; x_wconf 90' lang='lat' dir='ltr'>docent,</span> <span class='ocrx_word' id='word_1_507' title='bbox 2555 2671 2779 2728; x_wconf 91' lang='lat' dir='ltr'>desumi</span> <span class='ocrx_word' id='word_1_508' title='bbox 2825 2671 3107 2730; x_wconf 82' lang='lat' dir='ltr'>duntaxat</span> <span class='ocrx_word' id='word_1_509' title='bbox 3148 2671 3220 2729; x_wconf 91' lang='lat' dir='ltr'>ab</span> 
     </span>
     <span class='ocr_line' id='line_1_84' title="bbox 1855 2748 3219 2816; baseline 0.004 -12"><span class='ocrx_word' id='word_1_510' title='bbox 1855 2748 2075 2816; x_wconf 84' lang='lat' dir='ltr'>effectu,</span> <span class='ocrx_word' id='word_1_511' title='bbox 2111 2756 2171 2805; x_wconf 91' lang='lat' dir='ltr'>ut</span> <span class='ocrx_word' id='word_1_512' title='bbox 2214 2752 2435 2807; x_wconf 83' lang='lat' dir='ltr'>Molina</span> <span class='ocrx_word' id='word_1_513' title='bbox 2481 2750 2673 2809; x_wconf 88' lang='lat' dir='ltr'>docuit</span> <span class='ocrx_word' id='word_1_514' title='bbox 2701 2751 2892 2808; x_wconf 86' lang='lat' dir='ltr'>verbis</span> <span class='ocrx_word' id='word_1_515' title='bbox 2916 2753 2978 2808; x_wconf 92' lang='lat' dir='ltr'>in</span> <span class='ocrx_word' id='word_1_516' title='bbox 3007 2752 3219 2809; x_wconf 88' lang='lat' dir='ltr'>limine</span> 
     </span>
     <span class='ocr_line' id='line_1_85' title="bbox 1853 2828 3214 2908; baseline 0.004 -23"><span class='ocrx_word' id='word_1_517' title='bbox 1853 2828 2013 2886; x_wconf 87' lang='lat' dir='ltr'>dubii</span> <span class='ocrx_word' id='word_1_518' title='bbox 2041 2831 2251 2889; x_wconf 68' lang='lat' dir='ltr'>relatis</span> <span class='ocrx_word' id='word_1_519' title='bbox 2286 2833 2386 2888; x_wconf 91' lang='lat' dir='ltr'>Cui</span> <span class='ocrx_word' id='word_1_520' title='bbox 2416 2831 2554 2889; x_wconf 90' lang='lat' dir='ltr'>adeo</span> <span class='ocrx_word' id='word_1_521' title='bbox 2582 2834 2763 2906; x_wconf 88' lang='lat' dir='ltr'>placet</span> <span class='ocrx_word' id='word_1_522' title='bbox 2791 2833 3091 2906; x_wconf 89' lang='lat' dir='ltr'>proprium</span> <span class='ocrx_word' id='word_1_523' title='bbox 3112 2832 3214 2908; x_wconf 87' lang='lat' dir='ltr'>ju—</span> 
     </span>
     <span class='ocr_line' id='line_1_86' title="bbox 1853 2910 3215 2989; baseline 0.004 -22"><span class='ocrx_word' id='word_1_524' title='bbox 1853 2910 2088 2977; x_wconf 89' lang='lat' dir='ltr'>dicium,</span> <span class='ocrx_word' id='word_1_525' title='bbox 2141 2918 2201 2968; x_wconf 92' lang='lat' dir='ltr'>ut</span> <span class='ocrx_word' id='word_1_526' title='bbox 2249 2920 2526 2975; x_wconf 86' lang='lat' dir='ltr'>nostram.</span> <span class='ocrx_word' id='word_1_527' title='bbox 2556 2921 2614 2971; x_wconf 91' lang='lat' dir='ltr'>et</span> <span class='ocrx_word' id='word_1_528' title='bbox 2649 2917 2712 2971; x_wconf 93' lang='lat' dir='ltr'>D.</span> <span class='ocrx_word' id='word_1_529' title='bbox 2743 2915 3044 2989; x_wconf 81' lang='lat' dir='ltr'>Augustini</span> <span class='ocrx_word' id='word_1_530' title='bbox 3077 2931 3215 2973; x_wconf 88' lang='lat' dir='ltr'>sen-</span> 
     </span>
     <span class='ocr_line' id='line_1_87' title="bbox 1853 2994 3206 3069; baseline 0.002 -20"><span class='ocrx_word' id='word_1_531' title='bbox 1853 2994 2092 3050; x_wconf 83' lang='lat' dir='ltr'>tentiam</span> <span class='ocrx_word' id='word_1_532' title='bbox 2116 2997 2360 3068; x_wconf 86' lang='lat' dir='ltr'>appellet</span> <span class='ocrx_word' id='word_1_533' title='bbox 2386 3014 2623 3052; x_wconf 86' lang='lat' dir='ltr'>errorem</span> <span class='ocrx_word' id='word_1_534' title='bbox 2653 3000 2713 3052; x_wconf 81' lang='lat' dir='ltr'>in</span> <span class='ocrx_word' id='word_1_535' title='bbox 2738 2998 2857 3068; x_wconf 77' lang='lat' dir='ltr'>fide,</span> <span class='ocrx_word' id='word_1_536' title='bbox 2889 3001 3085 3069; x_wconf 82' lang='lat' dir='ltr'>quaest.</span> <span class='ocrx_word' id='word_1_537' title='bbox 3114 2998 3206 3062; x_wconf 78' lang='lat'>23,</span> 
     </span>
     <span class='ocr_line' id='line_1_88' title="bbox 1852 3072 3211 3146; baseline 0.003 -19"><span class='ocrx_word' id='word_1_538' title='bbox 1852 3072 1995 3146; x_wconf 89' lang='lat' dir='ltr'>disp.</span> <span class='ocrx_word' id='word_1_539' title='bbox 2037 3076 2082 3140; x_wconf 94' lang='lat' dir='ltr'>l,</span> <span class='ocrx_word' id='word_1_540' title='bbox 2117 3074 2376 3132; x_wconf 89' lang='lat' dir='ltr'>membro</span> <span class='ocrx_word' id='word_1_541' title='bbox 2402 3078 2455 3132; x_wconf 90' lang='lat'>6.</span> <span class='ocrx_word' id='word_1_542' title='bbox 2500 3076 2608 3133; x_wconf 89' lang='lat' dir='ltr'>Sed</span> <span class='ocrx_word' id='word_1_543' title='bbox 2649 3078 2768 3133; x_wconf 79' lang='lat' dir='ltr'>liaec</span> <span class='ocrx_word' id='word_1_544' title='bbox 2808 3077 3048 3133; x_wconf 73' lang='lat' dir='ltr'>censura</span> <span class='ocrx_word' id='word_1_545' title='bbox 3091 3079 3211 3132; x_wconf 87' lang='lat' dir='ltr'>risu</span> 
     </span>
     <span class='ocr_line' id='line_1_89' title="bbox 1852 3156 2613 3228; baseline 0.005 -19"><span class='ocrx_word' id='word_1_546' title='bbox 1852 3158 2076 3211; x_wconf 91' lang='lat' dir='ltr'>tantum</span> <span class='ocrx_word' id='word_1_547' title='bbox 2107 3156 2490 3228; x_wconf 86' lang='lat' dir='ltr'>propulsanda</span> <span class='ocrx_word' id='word_1_548' title='bbox 2511 3162 2613 3214; x_wconf 91' lang='lat' dir='ltr'>est.</span> 
     </span>
    </p>

    <p class='ocr_par' dir='ltr' id='par_1_15' title="bbox 1845 3237 3289 4122">
     <span class='ocr_line' id='line_1_90' title="bbox 1925 3237 3210 3312; baseline 0.004 -21"><span class='ocrx_word' id='word_1_549' title='bbox 1925 3238 2292 3311; x_wconf 87' lang='lat' dir='ltr'>Argumentis</span> <span class='ocrx_word' id='word_1_550' title='bbox 2338 3237 2506 3312; x_wconf 88' lang='lat' dir='ltr'>hujus</span> <span class='ocrx_word' id='word_1_551' title='bbox 2551 3239 2846 3312; x_wconf 89' lang='lat' dir='ltr'>opinionis</span> <span class='ocrx_word' id='word_1_552' title='bbox 2870 3239 3082 3312; x_wconf 89' lang='lat' dir='ltr'>partim</span> <span class='ocrx_word' id='word_1_553' title='bbox 3114 3256 3210 3296; x_wconf 92' lang='lat' dir='ltr'>oc-</span> 
     </span>
     <span class='ocr_line' id='line_1_91' title="bbox 1849 3318 3213 3390; baseline 0.001 -17"><span class='ocrx_word' id='word_1_554' title='bbox 1849 3318 2137 3373; x_wconf 88' lang='lat' dir='ltr'>currimus</span> <span class='ocrx_word' id='word_1_555' title='bbox 2179 3318 2302 3390; x_wconf 81' lang='lat' dir='ltr'>disp</span> <span class='ocrx_word' id='word_1_556' title='bbox 2364 3321 2417 3386; x_wconf 84' lang='lat'>5,</span> <span class='ocrx_word' id='word_1_557' title='bbox 2462 3319 2587 3375; x_wconf 75' lang='lat' dir='ltr'>dub.</span> <span class='ocrx_word' id='word_1_558' title='bbox 2643 3322 2698 3387; x_wconf 93' lang='lat'>6,</span> <span class='ocrx_word' id='word_1_559' title='bbox 2746 3319 2841 3375; x_wconf 90' lang='lat' dir='ltr'>ubi</span> <span class='ocrx_word' id='word_1_560' title='bbox 2901 3319 3213 3376; x_wconf 87' lang='lat' dir='ltr'>statuimus</span> 
     </span>
     <span class='ocr_line' id='line_1_92' title="bbox 1850 3400 3205 3472; baseline 0.002 -18"><span class='ocrx_word' id='word_1_561' title='bbox 1850 3405 2054 3472; x_wconf 82' lang='lat' dir='ltr'>praeter</span> <span class='ocrx_word' id='word_1_562' title='bbox 2081 3400 2298 3456; x_wconf 86' lang='lat' dir='ltr'>auxilia</span> <span class='ocrx_word' id='word_1_563' title='bbox 2323 3400 2677 3468; x_wconf 85' lang='lat' dir='ltr'>sufficientia,</span> <span class='ocrx_word' id='word_1_564' title='bbox 2700 3417 2796 3457; x_wconf 90' lang='lat' dir='ltr'>seu</span> <span class='ocrx_word' id='word_1_565' title='bbox 2814 3400 3012 3457; x_wconf 89' lang='lat' dir='ltr'>dantia</span> <span class='ocrx_word' id='word_1_566' title='bbox 3029 3401 3205 3469; x_wconf 88' lang='lat' dir='ltr'>vires,</span> 
     </span>
     <span class='ocr_line' id='line_1_93' title="bbox 1851 3479 3207 3554; baseline 0 -18"><span class='ocrx_word' id='word_1_567' title='bbox 1851 3481 2063 3552; x_wconf 87' lang='lat' dir='ltr'>requiri</span> <span class='ocrx_word' id='word_1_568' title='bbox 2093 3479 2249 3536; x_wconf 89' lang='lat' dir='ltr'>aliud</span> <span class='ocrx_word' id='word_1_569' title='bbox 2272 3482 2557 3537; x_wconf 85' lang='lat' dir='ltr'>auxilium</span> <span class='ocrx_word' id='word_1_570' title='bbox 2587 3481 2880 3553; x_wconf 83' lang='lat' dir='ltr'>applicans</span> <span class='ocrx_word' id='word_1_571' title='bbox 2910 3481 3207 3554; x_wconf 75' lang='lat' dir='ltr'>praedictas</span> 
     </span>
     <span class='ocr_line' id='line_1_94' title="bbox 1848 3560 3208 3633; baseline 0.003 -19"><span class='ocrx_word' id='word_1_572' title='bbox 1848 3561 2002 3616; x_wconf 87' lang='lat' dir='ltr'>vires</span> <span class='ocrx_word' id='word_1_573' title='bbox 2040 3560 2110 3616; x_wconf 87' lang='lat' dir='ltr'>ad</span> <span class='ocrx_word' id='word_1_574' title='bbox 2148 3560 2506 3633; x_wconf 88' lang='lat' dir='ltr'>operandum</span> <span class='ocrx_word' id='word_1_575' title='bbox 2537 3585 2552 3628; x_wconf 94' lang='lat'>;</span> <span class='ocrx_word' id='word_1_576' title='bbox 2603 3567 2660 3617; x_wconf 91' lang='lat' dir='ltr'>et</span> <span class='ocrx_word' id='word_1_577' title='bbox 2682 3562 2895 3633; x_wconf 89' lang='lat' dir='ltr'>partim</span> <span class='ocrx_word' id='word_1_578' title='bbox 2941 3576 3208 3618; x_wconf 87' lang='lat' dir='ltr'>occurre-</span> 
     </span>
     <span class='ocr_line' id='line_1_95' title="bbox 1848 3641 3289 3715; baseline 0.001 -19"><span class='ocrx_word' id='word_1_579' title='bbox 1848 3652 1977 3697; x_wconf 83' lang='lat' dir='ltr'>mus</span> <span class='ocrx_word' id='word_1_580' title='bbox 2018 3644 2075 3697; x_wconf 81' lang='lat' dir='ltr'>in</span> <span class='ocrx_word' id='word_1_581' title='bbox 2112 3644 2216 3698; x_wconf 77' lang='lat' dir='ltr'>hac</span> <span class='ocrx_word' id='word_1_582' title='bbox 2258 3643 2557 3715; x_wconf 75' lang='lat' dir='ltr'>disp.dub.</span> <span class='ocrx_word' id='word_1_583' title='bbox 2583 3645 2638 3708; x_wconf 87' lang='grc'>4,</span> <span class='ocrx_word' id='word_1_584' title='bbox 2688 3642 2785 3697; x_wconf 93' lang='lat' dir='ltr'>ubi</span> <span class='ocrx_word' id='word_1_585' title='bbox 2813 3641 3199 3708; x_wconf 78' lang='lat' dir='ltr'>ostendemuS,</span> <span class='ocrx_word' id='word_1_586' title='bbox 3264 3665 3289 3686; x_wconf 53' lang='grc' dir='ltr'>κ</span> 
     </span>
     <span class='ocr_line' id='line_1_96' title="bbox 1845 3725 3205 3797; baseline -0.001 -17"><span class='ocrx_word' id='word_1_587' title='bbox 1845 3725 2091 3797; x_wconf 86' lang='lat' dir='ltr'>gratiam</span> <span class='ocrx_word' id='word_1_588' title='bbox 2118 3725 2397 3781; x_wconf 84' lang='lat' dir='ltr'>efficacem</span> <span class='ocrx_word' id='word_1_589' title='bbox 2412 3741 2533 3781; x_wconf 89' lang='lat' dir='ltr'>esse</span> <span class='ocrx_word' id='word_1_590' title='bbox 2554 3725 2833 3781; x_wconf 86' lang='lat' dir='ltr'>efficacem</span> <span class='ocrx_word' id='word_1_591' title='bbox 2849 3740 2921 3780; x_wconf 86' lang='lat' dir='ltr'>ex</span> <span class='ocrx_word' id='word_1_592' title='bbox 2946 3740 3038 3790; x_wconf 88' lang='lat' dir='ltr'>se;</span> <span class='ocrx_word' id='word_1_593' title='bbox 3068 3739 3205 3779; x_wconf 86' lang='lat' dir='ltr'>nam</span> 
     </span>
     <span class='ocr_line' id='line_1_97' title="bbox 1846 3805 3263 3877; baseline 0 -15"><span class='ocrx_word' id='word_1_594' title='bbox 1846 3811 2045 3862; x_wconf 91' lang='lat' dir='ltr'>cuncta</span> <span class='ocrx_word' id='word_1_595' title='bbox 2073 3807 2285 3862; x_wconf 87' lang='lat' dir='ltr'>motiva</span> <span class='ocrx_word' id='word_1_596' title='bbox 2311 3806 2550 3862; x_wconf 83' lang='lat' dir='ltr'>adversa</span> <span class='ocrx_word' id='word_1_597' title='bbox 2577 3823 2647 3863; x_wconf 90' lang='lat' dir='ltr'>eo</span> <span class='ocrx_word' id='word_1_598' title='bbox 2682 3805 2944 3869; x_wconf 88' lang='lat' dir='ltr'>tendunt,</span> <span class='ocrx_word' id='word_1_599' title='bbox 2979 3811 3040 3860; x_wconf 90' lang='lat' dir='ltr'>ut</span> <span class='ocrx_word' id='word_1_600' title='bbox 3069 3821 3207 3877; x_wconf 85' lang='lat' dir='ltr'>pro-</span> <span class='ocrx_word' id='word_1_601' title='bbox 3258 3866 3263 3870; x_wconf 67' lang='grc'>,</span> 
     </span>
     <span class='ocr_line' id='line_1_98' title="bbox 1847 3885 3207 3959; baseline 0.001 -17"><span class='ocrx_word' id='word_1_602' title='bbox 1847 3885 1982 3943; x_wconf 90' lang='lat' dir='ltr'>bent</span> <span class='ocrx_word' id='word_1_603' title='bbox 2027 3886 2356 3959; x_wconf 81' lang='lat' dir='ltr'>praedictam</span> <span class='ocrx_word' id='word_1_604' title='bbox 2403 3887 2708 3944; x_wconf 84' lang='lat' dir='ltr'>efficaciam</span> <span class='ocrx_word' id='word_1_605' title='bbox 2761 3904 2891 3943; x_wconf 87' lang='lat' dir='ltr'>curn</span> <span class='ocrx_word' id='word_1_606' title='bbox 2941 3886 3207 3945; x_wconf 87' lang='lat' dir='ltr'>libertate</span> 
     </span>
     <span class='ocr_line' id='line_1_99' title="bbox 1847 3967 3205 4041; baseline -0.001 -16"><span class='ocrx_word' id='word_1_607' title='bbox 1847 3975 2040 4025; x_wconf 90' lang='lat' dir='ltr'>nostra</span> <span class='ocrx_word' id='word_1_608' title='bbox 2079 3967 2325 4024; x_wconf 89' lang='lat' dir='ltr'>minime</span> <span class='ocrx_word' id='word_1_609' title='bbox 2354 3968 2661 4035; x_wconf 76' lang='lat' dir='ltr'>cohaerere,</span> <span class='ocrx_word' id='word_1_610' title='bbox 2692 3968 2841 4041; x_wconf 92' lang='lat' dir='ltr'>quod</span> <span class='ocrx_word' id='word_1_611' title='bbox 2869 3967 3085 4025; x_wconf 90' lang='lat' dir='ltr'>ibidem</span> <span class='ocrx_word' id='word_1_612' title='bbox 3132 3983 3205 4025; x_wconf 83' lang='lat' dir='ltr'>ex</span> 
     </span>
     <span class='ocr_line' id='line_1_100' title="bbox 1847 4048 3201 4122; baseline 0 -17"><span class='ocrx_word' id='word_1_613' title='bbox 1847 4049 2098 4122; x_wconf 77' lang='lat' dir='ltr'>professo</span> <span class='ocrx_word' id='word_1_614' title='bbox 2115 4049 2571 4107; x_wconf 90' lang='lat' dir='ltr'>conciliabimus.</span> <span class='ocrx_word' id='word_1_615' title='bbox 2598 4049 2761 4106; x_wconf 91' lang='lat' dir='ltr'>Unde</span> <span class='ocrx_word' id='word_1_616' title='bbox 2779 4050 2861 4106; x_wconf 90' lang='lat' dir='ltr'>eis</span> <span class='ocrx_word' id='word_1_617' title='bbox 2883 4048 3201 4106; x_wconf 88' lang='lat' dir='ltr'>enodandis</span> 
     </span>
    </p>
   </div>
   <div class='ocr_carea' id='block_1_14' title="bbox 1846 4129 3418 4284">
    <p class='ocr_par' dir='ltr' id='par_1_16' title="bbox 1846 4129 3418 4284">
     <span class='ocr_line' id='line_1_101' title="bbox 1846 4129 3395 4243; baseline -0.002 -56"><span class='ocrx_word' id='word_1_618' title='bbox 1846 4147 2050 4203; x_wconf 89' lang='lat' dir='ltr'>parum</span> <span class='ocrx_word' id='word_1_619' title='bbox 2095 4129 2543 4186; x_wconf 87' lang='lat' dir='ltr'>immorabimur</span> <span class='ocrx_word' id='word_1_620' title='bbox 2576 4131 2636 4186; x_wconf 94' lang='lat' dir='ltr'>in</span> <span class='ocrx_word' id='word_1_621' title='bbox 2667 4131 2949 4203; x_wconf 84' lang='lat' dir='ltr'>praesenti.</span> <span class='ocrx_word' id='word_1_622' title='bbox 2985 4130 3195 4205; x_wconf 87' lang='lat' dir='ltr'>Argui-</span> <span class='ocrx_word' id='word_1_623' title='bbox 3214 4139 3395 4243; x_wconf 38' lang='lat' dir='ltr'>Panga-‘n</span> 
     </span>
     <span class='ocr_line' id='line_1_102' title="bbox 3217 4246 3418 4284; baseline 0.01 -2"><span class='ocrx_word' id='word_1_624' title='bbox 3217 4246 3418 4284; x_wconf 73' lang='lat' dir='ltr'>monium.</span> 
     </span>
    </p>
   </div>
   <div class='ocr_carea' id='block_1_15' title="bbox 1841 4209 3207 5089">
    <p class='ocr_par' dir='ltr' id='par_1_17' title="bbox 1841 4209 3207 5089">
     <span class='ocr_line' id='line_1_103' title="bbox 1844 4209 3199 4284; baseline 0.001 -19"><span class='ocrx_word' id='word_1_625' title='bbox 1844 4216 1938 4266; x_wconf 89' lang='lat' dir='ltr'>tur</span> <span class='ocrx_word' id='word_1_626' title='bbox 1989 4216 2182 4267; x_wconf 91' lang='lat' dir='ltr'>tamen</span> <span class='ocrx_word' id='word_1_627' title='bbox 2237 4212 2463 4283; x_wconf 89' lang='lat' dir='ltr'>primo:</span> <span class='ocrx_word' id='word_1_628' title='bbox 2510 4211 2784 4284; x_wconf 87' lang='lat' dir='ltr'>quoniam</span> <span class='ocrx_word' id='word_1_629' title='bbox 2834 4211 2998 4266; x_wconf 90' lang='lat' dir='ltr'>nulla</span> <span class='ocrx_word' id='word_1_630' title='bbox 3030 4209 3199 4267; x_wconf 90' lang='lat' dir='ltr'>datur</span> 
     </span>
     <span class='ocr_line' id='line_1_104' title="bbox 1842 4291 3195 4367; baseline 0.001 -20"><span class='ocrx_word' id='word_1_631' title='bbox 1842 4293 2027 4367; x_wconf 90' lang='lat' dir='ltr'>gratia</span> <span class='ocrx_word' id='word_1_632' title='bbox 2048 4292 2284 4348; x_wconf 89' lang='lat' dir='ltr'>actualis</span> <span class='ocrx_word' id='word_1_633' title='bbox 2312 4291 2579 4349; x_wconf 82' lang='lat' dir='ltr'>distincta</span> <span class='ocrx_word' id='word_1_634' title='bbox 2606 4309 2638 4348; x_wconf 90' lang='lat' dir='ltr'>a</span> <span class='ocrx_word' id='word_1_635' title='bbox 2683 4292 2870 4366; x_wconf 86' lang='lat' dir='ltr'>gratia</span> <span class='ocrx_word' id='word_1_636' title='bbox 2894 4292 3195 4360; x_wconf 85' lang='lat' dir='ltr'>excitante,</span> 
     </span>
     <span class='ocr_line' id='line_1_105' title="bbox 1842 4369 3196 4443; baseline 0.001 -17"><span class='ocrx_word' id='word_1_637' title='bbox 1842 4375 1897 4426; x_wconf 92' lang='lat' dir='ltr'>et</span> <span class='ocrx_word' id='word_1_638' title='bbox 1923 4370 2261 4442; x_wconf 88' lang='lat' dir='ltr'>inspirante,</span> <span class='ocrx_word' id='word_1_639' title='bbox 2309 4387 2515 4443; x_wconf 92' lang='lat' dir='ltr'>nempe</span> <span class='ocrx_word' id='word_1_640' title='bbox 2543 4388 2575 4428; x_wconf 90' lang='lat' dir='ltr'>a</span> <span class='ocrx_word' id='word_1_641' title='bbox 2601 4376 2794 4427; x_wconf 87' lang='lat' dir='ltr'>sancta</span> <span class='ocrx_word' id='word_1_642' title='bbox 2833 4369 3196 4443; x_wconf 89' lang='lat' dir='ltr'>cogitatione,</span> 
     </span>
     <span class='ocr_line' id='line_1_106' title="bbox 1842 4451 3199 4526; baseline 0.002 -20"><span class='ocrx_word' id='word_1_643' title='bbox 1842 4457 1898 4506; x_wconf 91' lang='lat' dir='ltr'>et</span> <span class='ocrx_word' id='word_1_644' title='bbox 1936 4451 2155 4518; x_wconf 80' lang='lat' dir='ltr'>affectu,</span> <span class='ocrx_word' id='word_1_645' title='bbox 2202 4456 2260 4506; x_wconf 91' lang='lat' dir='ltr'>ut</span> <span class='ocrx_word' id='word_1_646' title='bbox 2299 4452 2435 4508; x_wconf 89' lang='lat' dir='ltr'>satis</span> <span class='ocrx_word' id='word_1_647' title='bbox 2479 4452 2769 4526; x_wconf 86' lang='lat' dir='ltr'>colligitur</span> <span class='ocrx_word' id='word_1_648' title='bbox 2813 4467 2884 4508; x_wconf 87' lang='lat' dir='ltr'>ex</span> <span class='ocrx_word' id='word_1_649' title='bbox 2943 4451 3199 4509; x_wconf 91' lang='lat' dir='ltr'>Concilio</span> 
     </span>
     <span class='ocr_line' id='line_1_107' title="bbox 1843 4531 3200 4612; baseline 0.002 -27"><span class='ocrx_word' id='word_1_650' title='bbox 1843 4531 2101 4588; x_wconf 88' lang='lat' dir='ltr'>Trident.</span> <span class='ocrx_word' id='word_1_651' title='bbox 2130 4549 2259 4589; x_wconf 78' lang='lat' dir='ltr'>sess.</span> <span class='ocrx_word' id='word_1_652' title='bbox 2296 4535 2351 4599; x_wconf 90' lang='lat'>6,</span> <span class='ocrx_word' id='word_1_653' title='bbox 2395 4551 2518 4606; x_wconf 85' lang='lat' dir='ltr'>cap.</span> <span class='ocrx_word' id='word_1_654' title='bbox 2547 4536 2607 4612; x_wconf 73' lang='lat'>5,</span> <span class='ocrx_word' id='word_1_655' title='bbox 2635 4533 2730 4589; x_wconf 91' lang='lat' dir='ltr'>ubi</span> <span class='ocrx_word' id='word_1_656' title='bbox 2763 4534 2986 4589; x_wconf 90' lang='lat' dir='ltr'>nullam</span> <span class='ocrx_word' id='word_1_657' title='bbox 3022 4532 3200 4588; x_wconf 89' lang='lat' dir='ltr'>aliam</span> 
     </span>
     <span class='ocr_line' id='line_1_108' title="bbox 1843 4612 3207 4687; baseline 0.001 -21"><span class='ocrx_word' id='word_1_658' title='bbox 1843 4613 2120 4669; x_wconf 86' lang='lat' dir='ltr'>actualem</span> <span class='ocrx_word' id='word_1_659' title='bbox 2166 4613 2414 4686; x_wconf 89' lang='lat' dir='ltr'>gratiam</span> <span class='ocrx_word' id='word_1_660' title='bbox 2471 4620 2765 4671; x_wconf 89' lang='lat' dir='ltr'>recenset:</span> <span class='ocrx_word' id='word_1_661' title='bbox 2814 4614 2970 4685; x_wconf 90' lang='lat' dir='ltr'>atqui</span> <span class='ocrx_word' id='word_1_662' title='bbox 3016 4612 3207 4687; x_wconf 89' lang='lat' dir='ltr'>gratia</span> 
     </span>
     <span class='ocr_line' id='line_1_109' title="bbox 1841 4691 3204 4765; baseline 0.003 -17"><span class='ocrx_word' id='word_1_663' title='bbox 1841 4691 2113 4759; x_wconf 76' lang='lat' dir='ltr'>excitanS,</span> <span class='ocrx_word' id='word_1_664' title='bbox 2162 4699 2218 4749; x_wconf 91' lang='lat' dir='ltr'>et</span> <span class='ocrx_word' id='word_1_665' title='bbox 2264 4694 2563 4765; x_wconf 87' lang='lat' dir='ltr'>inspirans</span> <span class='ocrx_word' id='word_1_666' title='bbox 2610 4709 2725 4750; x_wconf 89' lang='lat' dir='ltr'>non</span> <span class='ocrx_word' id='word_1_667' title='bbox 2767 4694 2979 4751; x_wconf 88' lang='lat' dir='ltr'>habent</span> <span class='ocrx_word' id='word_1_668' title='bbox 3021 4697 3204 4752; x_wconf 88' lang='lat' dir='ltr'>ullam</span> 
     </span>
     <span class='ocr_line' id='line_1_110' title="bbox 1843 4771 3201 4843; baseline 0.003 -16"><span class='ocrx_word' id='word_1_669' title='bbox 1843 4771 2216 4829; x_wconf 84' lang='lat' dir='ltr'>infallibilem</span> <span class='ocrx_word' id='word_1_670' title='bbox 2254 4775 2674 4830; x_wconf 88' lang='lat' dir='ltr'>connexionem</span> <span class='ocrx_word' id='word_1_671' title='bbox 2723 4790 2852 4830; x_wconf 91' lang='lat' dir='ltr'>cum</span> <span class='ocrx_word' id='word_1_672' title='bbox 2900 4790 3201 4843; x_wconf 89' lang='lat' dir='ltr'>consensu,</span> 
     </span>
     <span class='ocr_line' id='line_1_111' title="bbox 1841 4853 3200 4931; baseline 0.001 -20"><span class='ocrx_word' id='word_1_673' title='bbox 1841 4853 1937 4911; x_wconf 85' lang='lat' dir='ltr'>sed</span> <span class='ocrx_word' id='word_1_674' title='bbox 1967 4859 2196 4927; x_wconf 88' lang='lat' dir='ltr'>possent</span> <span class='ocrx_word' id='word_1_675' title='bbox 2215 4855 2430 4927; x_wconf 90' lang='lat' dir='ltr'>optime</span> <span class='ocrx_word' id='word_1_676' title='bbox 2458 4871 2589 4911; x_wconf 93' lang='lat' dir='ltr'>cum</span> <span class='ocrx_word' id='word_1_677' title='bbox 2617 4854 2875 4912; x_wconf 89' lang='lat' dir='ltr'>dissensu</span> <span class='ocrx_word' id='word_1_678' title='bbox 2909 4857 3200 4931; x_wconf 84' lang='lat' dir='ltr'>conjungi,</span> 
     </span>
     <span class='ocr_line' id='line_1_112' title="bbox 1841 4932 3206 5011; baseline 0.001 -20"><span class='ocrx_word' id='word_1_679' title='bbox 1841 4939 1897 4991; x_wconf 89' lang='lat' dir='ltr'>et</span> <span class='ocrx_word' id='word_1_680' title='bbox 1944 4932 2014 4990; x_wconf 90' lang='lat' dir='ltr'>de</span> <span class='ocrx_word' id='word_1_681' title='bbox 2042 4934 2187 4991; x_wconf 80' lang='lat' dir='ltr'>facto</span> <span class='ocrx_word' id='word_1_682' title='bbox 2229 4934 2521 4992; x_wconf 90' lang='lat' dir='ltr'>multoties</span> <span class='ocrx_word' id='word_1_683' title='bbox 2557 4936 3029 5011; x_wconf 85' lang='lat' dir='ltr'>conjunguntur:</span> <span class='ocrx_word' id='word_1_684' title='bbox 3068 4951 3206 5011; x_wconf 91' lang='lat' dir='ltr'>ergo</span> 
     </span>
     <span class='ocr_line' id='line_1_113' title="bbox 1842 5013 3204 5089; baseline 0.001 -18"><span class='ocrx_word' id='word_1_685' title='bbox 1842 5015 2005 5071; x_wconf 86' lang='lat' dir='ltr'>nulla</span> <span class='ocrx_word' id='word_1_686' title='bbox 2051 5013 2221 5071; x_wconf 91' lang='lat' dir='ltr'>datur</span> <span class='ocrx_word' id='word_1_687' title='bbox 2260 5015 2465 5089; x_wconf 87' lang='lat' dir='ltr'>gratia,</span> <span class='ocrx_word' id='word_1_688' title='bbox 2498 5031 2625 5088; x_wconf 80' lang='lat' dir='ltr'>quae</span> <span class='ocrx_word' id='word_1_689' title='bbox 2656 5015 2859 5073; x_wconf 89' lang='lat' dir='ltr'>habeat</span> <span class='ocrx_word' id='word_1_690' title='bbox 2897 5016 3204 5073; x_wconf 85' lang='lat' dir='ltr'>efficaciam</span> 
     </span>
    </p>
   </div>
  </div>
 </body>
</html>
