3647 5753
1330 410 1506 466 οπερ.
1554 411 1674 479 vn,
1720 411 1886 467 Dus.
1947 411 2042 467 1v.

226 578 525 637 simulavit
551 584 809 639 Armatus
826 624 839 649 ,
868 587 928 638 ut
951 583 1098 639 solos
1136 581 1464 638 Thomistas
1489 581 1577 639 fe-

226 659 382 716 riret.
416 662 487 716 Et
533 662 828 720 ostendere
870 662 1064 718 debuit
1107 662 1410 718 Tuvisium
1453 676 1576 717 esse

225 739 475 813 rigidum
499 743 886 811 Calvinistam,
920 750 979 799 ut
1000 745 1091 801 vel
1118 743 1391 801 adversus
1418 742 1575 798 Tho-

222 820 437 891 mistas,
461 824 552 881 vel
566 823 838 881 adversus
856 825 1117 882 Scotistas
1130 827 1397 897 (quorum
1418 822 1574 880 idem

224 904 340 961 sere
382 920 585 962 sensus
632 913 716 964 est
762 907 825 963 in
871 907 974 963 hac
1020 913 1208 980 parte,
1257 912 1315 965 et
1362 921 1464 979 par
1510 905 1573 961 in

218 983 517 1042 scientiam
540 985 787 1043 mediam
827 985 1065 1057 odium),
1097 987 1313 1059 aliquid
1340 986 1575 1043 conclu-

218 1066 396 1123 deret.
434 1067 496 1122 Id
527 1073 715 1124 tamen
750 1083 854 1124 nec
889 1067 1035 1135 fecit,
1062 1084 1166 1125 nec
1195 1070 1375 1141 potuit
1397 1094 1410 1137 ς
1436 1087 1570 1128 nam

218 1146 438 1203 'l'uvisii
466 1148 718 1204 studium
744 1147 854 1204 fuit
878 1149 1221 1207 concordare
1246 1149 1573 1208 libertatem

214 1234 473 1286 nostram
499 1245 626 1285 cum
656 1230 755 1287 Dei
777 1229 1001 1288 decreto
1028 1230 1099 1287 ab
1126 1230 1439 1290 intrinseco
1458 1233 1575 1291 effi-

216 1310 349 1376 caci,
401 1326 506 1382 per
550 1310 940 1368 reductionem
986 1311 1057 1367 ad
1092 1313 1572 1386 omnipotentiam

217 1390 502 1458 divinam,
528 1409 637 1466 qua
657 1395 805 1450 Deus
833 1393 1132 1452 efficaciter
1152 1395 1303 1464 facit,
1330 1403 1390 1452 ut
1410 1413 1573 1454 crea-

217 1479 342 1529 tura
370 1472 572 1538 libere‚
606 1475 695 1531 vel
725 1474 1045 1534 necessario
1085 1483 1371 1550 operetur,
1407 1484 1574 1551 prout

216 1554 333 1626 ipse
373 1553 647 1627 disponit.
700 1558 765 1611 In
791 1573 904 1628 quo
950 1573 1065 1614 non
1114 1558 1440 1625 Calvinum,
1474 1558 1573 1616 sed

214 1637 276 1692 D.
299 1638 683 1709 Augustinum
707 1637 987 1695 imitatur.
1017 1640 1252 1697 Utinam
1273 1640 1353 1697 sic
1373 1646 1574 1698 caetera

216 1718 572 1789 praeceptoris
592 1727 806 1778 asserta
830 1721 1162 1795 corrigeret.

141 1820 181 1852 a·
284 1796 637 1870 Theophilus
664 1801 971 1858 Brachetus
1000 1804 1061 1858 in
1096 1802 1286 1860 verbis
1311 1819 1437 1876 quae
1467 1818 1573 1860 no-

142 1873 166 1904 ’·
220 1876 302 1933 bis
326 1876 681 1952 objiciuntur
729 1881 1015 1938 infantem
1044 1898 1104 1939 se
1131 1882 1315 1940 adhuc
1361 1884 1567 1957 prodit,

215 1963 269 2013 et
289 1973 405 2015 non
430 1961 572 2016 satis
596 1978 844 2035 gnarum
872 1968 1050 2019 status
1080 1966 1338 2021 Ecclesiae
1365 1966 1574 2023 Catho-

219 2040 357 2105 licae,
375 2043 537 2116 qu‘us
556 2046 930 2110 consortium,
952 2048 1268 2103 retractatis
1285 2047 1575 2121 prioribus

216 2121 531 2190 erroribus,
563 2127 849 2197 poenitens
870 2126 1205 2184 candidatus
1231 2127 1455 2186 ambire
1482 2129 1574 2185 di-

215 2201 375 2258 citur.
392 2204 580 2260 Aliter
597 2221 714 2262 non
735 2206 1094 2264 existimaret
1116 2210 1574 2268 communiorem

214 2283 356 2356 apud
401 2286 722 2345 Catholicos
766 2304 890 2347 esse
934 2291 1268 2363 opinionem
1316 2293 1570 2359 Molinae,

213 2380 381 2437 quam
406 2369 469 2424 D.
496 2369 804 2441 Augustini
824 2373 1172 2428 sententiam
1193 2396 1206 2439 ;
1228 2389 1363 2429 nam
1392 2375 1577 2431 multo

219 2446 421 2516 plures,
449 2462 566 2505 non
587 2451 775 2506 solum
795 2467 828 2507 e
850 2452 1182 2509 Doctoribus
1210 2455 1576 2525 particulari-

218 2523 334 2593 bus,
382 2527 482 2584 sed
509 2530 686 2585 etiam
713 2546 783 2586 ex
822 2533 999 2587 sacris
1039 2532 1350 2589 Ordinibus
1379 2535 1578 2591 nobis-

216 2622 338 2662 cum
365 2615 522 2677 sunt,
547 2626 720 2682 quam
741 2627 872 2666 cum
898 2612 1037 2679 illis,
1063 2618 1124 2668 ut
1148 2618 1367 2670 constat
1386 2631 1456 2672 ex
1478 2633 1576 2671 su-

218 2703 315 2757 pra
365 2688 537 2746 dictis
578 2709 637 2747 n.
694 2693 814 2749 lll.
872 2693 1030 2757 Quod
1077 2702 1266 2753 autem
1322 2697 1579 2753 insinuet

215 2769 537 2844 'l'homistas
581 2788 710 2827 cum
764 2773 1096 2831 calvinistis
1149 2777 1463 2834 convenire
1515 2777 1578 2833 in

216 2853 517 2911 asserenda
534 2856 716 2929 gratia
741 2857 1096 2929 particulari,
1123 2860 1245 2916 sive
1266 2860 1485 2917 auxilio
1508 2859 1578 2917 ab

218 2932 531 2990 intrinseco
568 2934 796 3000 efficaci,
831 2936 983 2993 nihil
1025 2944 1234 2996 nostrae
1276 2940 1578 2997 sententiae

219 3014 572 3087 praejudicat;
601 3017 737 3088 quia
765 3019 1097 3076 Calvinistae
1125 3037 1243 3078 non
1288 3027 1487 3078 errant
1517 3021 1578 3076 in

218 3095 521 3153 asserendo
567 3097 839 3170 praedicto
885 3101 1124 3167 auxilio,
1176 3102 1238 3157 in
1291 3119 1403 3175 quo
1446 3117 1577 3158 cum

217 3176 526 3233 Thomistis
567 3181 921 3237 conveniunt
958 3206 973 3249 3
1021 3182 1119 3240 sed
1169 3184 1229 3239 in
1276 3181 1580 3239 asserendo

221 3258 357 3314 illud
384 3261 674 3316 auxilium
721 3277 840 3319 non
879 3279 1002 3320 esse
1029 3269 1334 3336 utcumque
1359 3264 1573 3327 efficax,

215 3338 308 3395 sed
348 3342 717 3411 necessitans,
768 3344 894 3400 sive
938 3344 1207 3402 auferens
1253 3346 1578 3418 proximam

218 3417 588 3478 dissentiendi
611 3428 945 3495 potestatem
968 3448 981 3491 ;
1010 3425 1072 3480 in
1092 3441 1205 3498 quo
1231 3441 1349 3482 non
1369 3439 1582 3482 conve-

222 3500 389 3557 niunt
413 3519 544 3559 cum
574 3504 904 3569 ThomistiS,
936 3504 1034 3562 sed
1062 3504 1135 3560 ab
1162 3506 1299 3572 illis,
1331 3512 1387 3562 et
1415 3523 1449 3563 a
1476 3521 1581 3562 ve-

226 3582 388 3639 ritate
409 3585 745 3659 longissimo
772 3586 1085 3643 intervallo
1114 3587 1405 3644 recedunt.
1436 3590 1580 3645 Par-

220 3661 455 3719 cendum
484 3671 677 3723 tamen
693 3672 777 3723 est
794 3682 944 3723 novo
959 3667 1441 3739 apudCatholicos
1455 3669 1581 3726 hos-

226 3742 341 3813 piti,
365 3744 513 3816 quod
536 3747 598 3802 in
623 3746 888 3819 pluribus
913 3748 1314 3820 caespitaverit3
1337 3765 1581 3823 congra-

225 3823 516 3881 tulandum
560 3843 719 3894 vero,
765 3827 917 3900 quod
958 3825 1111 3885 inter
1158 3828 1366 3886 offusas
1398 3828 1583 3886 adhuc

225 3903 484 3962 tenebras
508 3909 809 3982 agnoverit
841 3909 1087 3981 priscam
1122 3909 1283 3966 Sedis
1304 3912 1581 3968 Romanae

224 3988 562 4044 sententiam
589 3990 860 4062 amplecti
906 3993 969 4047 D.
1022 3991 1328 4063 Augustini
1368 3990 1582 4049 defini-

226 4065 419 4132 tiones,
446 4074 499 4124 et
518 4070 767 4143 gratiam
797 4070 962 4126 illam
989 4070 1345 4147 singularem
1375 4072 1580 4128 auxilii

225 4145 290 4202 ab
316 4147 624 4208 intrinseco
650 4150 906 4208 efficacis,
934 4153 1107 4226 Cujus
1143 4152 1582 4228 Augustinianae

224 4228 417 4298 gratiae
457 4229 642 4287 fuerat
666 4246 897 4304 semper
924 4231 1025 4289 ille
1053 4232 1319 4290 defensor
1364 4232 1583 4290 acerri-

228 4320 363 4373 muS,
406 4314 467 4364 ut
503 4310 747 4383 ipsemet
777 4316 1011 4369 testatus
1051 4312 1161 4369 fuit
1187 4315 1358 4371 Petro
1404 4316 1583 4371 Genet

227 4388 610 4447 Dominicano.
641 4390 805 4463 Apud
844 4408 1014 4466 quem
1043 4394 1164 4450 loco
1207 4393 1474 4467 superius
1498 4393 1581 4450 ci-

227 4471 357 4533 tato,
382 4470 599 4541 etapud
615 4471 981 4528 vincentium
1005 4474 1321 4530 Baronium
1346 4474 1408 4530 in
1431 4479 1583 4531 trac-

228 4550 342 4601 tatu
363 4545 435 4604 de
470 4547 733 4608 libertate
758 4551 1033 4617 humana,
1063 4558 1121 4609 et
1143 4553 1330 4626 gratia
1355 4552 1575 4620 divina,

229 4624 364 4700 disp.
404 4629 459 4695 2,
487 4637 611 4686 sect.
644 4631 698 4696 3,
730 4637 965 4703 possunt
990 4632 1107 4688 alia
1135 4633 1243 4689 huc
1268 4633 1581 4706 spectantia

232 4705 434 4764 videri.
477 4709 652 4767 Nobis
691 4717 898 4778 autem,
922 4710 1133 4784 quibus
1173 4713 1577 4771 haereticorum

230 4787 522 4860 colloquia,
547 4796 604 4846 et
626 4789 761 4847 libri
785 4791 1225 4858 interdicuntur,
1251 4793 1400 4851 dicta
1422 4793 1584 4850 suffi-

231 4865 379 4923 ciant
399 4869 467 4925 ad
506 4868 893 4941 dispellendas
916 4887 1180 4930 enermes
1206 4873 1420 4930 Annati
1442 4889 1584 4931 con-

228 4945 463 5017 iecturas
480 4955 680 5007 contra
700 4952 949 5024 gratiam
969 4967 1039 5008 ex
1057 4968 1119 5009 se
1138 4952 1434 5010 efficacem.
1468 4956 1583 5010 Cu-

232 5027 319 5100 jus
344 5030 667 5102 argumenti
693 5046 892 5105 genua,
922 5031 1069 5104 quod
1097 5034 1217 5107 ipse
1243 5034 1357 5090 late
1385 5049 1581 5106 prose-

2977 415 3078 472 159

1705 583 1923 655 quitur,
1953 588 2040 640 est
2081 585 2222 640 satis
2248 583 2457 652 debile,
2502 592 2556 641 et
2603 586 2930 660 indignum,
2982 589 3074 644 cui

1707 660 1844 717 fidat
1871 664 2073 720 Doctor
2100 665 2423 721 Catholicus
2457 687 2469 721 :
2504 673 2626 720 tum
2654 665 2724 722 ob
2755 666 3074 723 maximam

1705 741 2108 800 haereticorum
2137 744 2595 813 instabilitatem,
2647 747 2745 818 qui
2779 753 3074 820 postquam

1706 824 2079 900 naufragium
2108 826 2171 882 in
2199 825 2310 883 fide
2337 826 2574 893 faciunt,
2623 827 2890 883 feruntur
2931 845 3075 901 quo-

1654 911 1661 916 '
1704 922 1948 979 cumque
1970 912 2140 963 vento
2158 906 2453 974 doctrinas,
2477 914 2641 980 prout
2659 925 2761 964 sua
2777 908 3074 965 commoda

1704 988 1889 1061 magis
1935 986 2111 1043 refert
2160 1007 2173 1043 :
2223 993 2345 1042 tum
2394 988 2528 1059 quia
2555 989 2764 1061 saepius
2811 1005 3075 1046 rumores

1703 1072 1999 1141 spargunt,
2029 1073 2090 1122 ut
2114 1066 2430 1123 divisiones
2452 1067 2604 1123 inter
2627 1068 2945 1124 Catholicos
2968 1086 3074 1125 au-

1702 1154 1890 1222 geant,
1923 1153 1979 1205 et
2009 1153 2069 1204 ut
2092 1148 2456 1222 quorundam
2505 1147 2772 1205 laudibus
2819 1150 3071 1206 aliorum

1703 1229 1982 1286 excitetur
2029 1229 2272 1286 invidia.
2322 1231 2586 1302 Oportuit
2619 1236 2814 1288 tamen
2841 1236 3072 1290 Annato

1703 1308 1879 1366 etiam
1928 1310 1989 1365 in
2017 1309 2106 1365 his
2133 1325 2451 1375 occurrere,
2497 1327 2570 1367 ne
2615 1312 2707 1368 vel
2755 1311 2818 1367 in
2845 1313 2929 1369 eis
2957 1312 3068 1369 sibi

1704 1387 2050 1464 confingeret
2067 1392 2450 1465 triumphum.

1778 1472 1910 1527 233.
1941 1471 2025 1528 Ad
2066 1473 2293 1530 tertiam
2339 1472 2841 1531 confirmationem
2890 1492 3065 1552 nega·
3105 1466 3261 1557 ⁶122}ss

1705 1566 1836 1606 mus
1878 1553 2176 1627 majorem,
2212 1558 2400 1627 utpote
2423 1556 2814 1612 continentem
2859 1556 3064 1615 falsam
3112 1563 3245 1638 guarin,

1707 1632 2045 1689 relationem
2074 1632 2471 1707 depromptam
2493 1651 2563 1691 ex
2585 1637 2837 1694 Authore
2866 1640 3066 1697 Gallim
3081 1613 3268 1705 ‘hiffi'fh‘

1706 1712 2060 1784 Purpuratae,
2098 1713 2196 1785 qui
2229 1715 2443 1770 Jesuita
2479 1715 2613 1782 ruit,
2652 1722 2707 1773 et
2733 1719 3066 1777 Molinismo

1707 1791 1934 1863 penitus
1949 1791 2146 1849 favens
2171 1816 2184 1850 ε
2213 1793 2440 1850 undein
2468 1797 2582 1852 vita
2604 1802 2719 1852 tam
2743 1798 3065 1856 Cardinalis

1708 1872 1993 1938 Perronii,
2019 1889 2191 1945 quam
2217 1873 2541 1930 Cardinalis
2563 1877 2778 1933 Dossati
2811 1880 3064 1950 plurima
3095 1877 3241 1969 ‘ffffiffig

1707 1951 2002 2008 interserit
2047 1950 2159 2009 fide
2205 1952 2462 2027 indigna,
2516 1961 2682 2027 prout
2726 1973 2841 2012 suae
2886 1976 3066 2016 causae
3099 1976 3262 2019 tamna.

1709 2033 2024 2105 patrocinio
2062 2033 2371 2090 convenire
2417 2041 2693 2093 autumat.
2739 2039 2910 2112 Cujus
2940 2057 3068 2097 ma-

1706 2113 1981 2171 nifestum
2007 2114 2235 2188 signum
2266 2120 2367 2180 est,
2402 2115 2551 2189 quod
2582 2119 2893 2176 Perronius
2919 2123 3068 2178 nihil

1707 2196 1777 2254 de
1799 2197 1902 2253 hac
1931 2197 2172 2254 historia
2205 2198 2415 2254 referat
2443 2199 2506 2254 in
2528 2200 2785 2272 epistolis
2813 2202 2881 2258 ad
2913 2205 3070 2261 Hen-

1710 2277 1895 2333 ricum
1925 2277 2015 2343 IV,
2044 2275 2105 2331 in
2132 2276 2339 2349 quibus
2361 2284 2552 2334 tamen
2579 2281 2666 2337 vel
2692 2280 2761 2338 de
2782 2283 3066 2348 minimis,

1707 2374 1831 2432 quae
1861 2358 1922 2413 in
1948 2358 2389 2431 congregatione
2415 2358 2484 2415 de
2513 2361 2748 2417 auxiliis
2775 2365 3072 2440 continge-

1709 2438 1866 2505 bant,
1890 2440 2193 2498 certiorem
2217 2439 2400 2498 facere
2419 2441 2653 2499 studuit.
2689 2446 2799 2501 Nec
2822 2445 2925 2502 illa
2948 2465 3076 2519 pro-

1709 2521 1910 2579 missio
1939 2521 2124 2594 potuit
2145 2520 2216 2577 ab
2245 2520 2480 2578 homine
2501 2539 2653 2579 sanae
2680 2526 2890 2581 mentis
2918 2526 3066 2596 fieri,

1707 2607 1763 2659 et
1783 2602 1882 2675 qui
1901 2601 2214 2658 sententias
2236 2601 2686 2671 Thomistarum,
2706 2612 2760 2661 et
2783 2607 3073 2664 Calvinis-

1710 2690 1898 2740 tarum
1920 2681 2186 2740 eominus
2207 2682 2530 2740 intueretur
2553 2706 2565 2740 :
2593 2702 2728 2742 nam
2746 2687 2834 2743 illi
2853 2687 3066 2756 dicunt,

1708 2764 1953 2839 gratiam
2001 2779 2070 2819 ex
2097 2779 2157 2820 se
2185 2763 2464 2821 efficacem
2495 2783 2612 2823 non
2648 2768 2950 2827 excludere
2997 2771 3073 2826 li—

1710 2844 1908 2903 beram
1955 2845 2414 2917 cooperationem
2464 2847 2695 2905 arbitrii
2728 2873 2742 2916 ;
2795 2850 2890 2907 isti
2939 2868 3075 2910 vero

1709 2927 1845 2999 (nisi
1875 2943 1907 2982 a
1930 2932 2268 2999 praeceptore
2296 2944 2413 2985 non
2444 2928 2757 3004 discedant)
2786 2933 3078 2991 affirmant

1709 3009 1953 3084 gratiam
1981 3023 2052 3064 ex
2093 3025 2155 3065 se
2194 3008 2474 3067 efficacem
2510 3014 2711 3070 tollere
2741 3021 3074 3087 potestatem

1710 3088 2108 3153 dissentiendi,
2159 3094 2215 3146 et
2268 3107 2469 3163 parere
2516 3095 2908 3165 operationem
2958 3104 3073 3155 non

1711 3172 1978 3238 liberam,
2004 3172 2101 3232 sed
2124 3173 2354 3245 praecise
2377 3181 2769 3247 spontaneam.
2799 3182 2918 3243 Qua
2938 3192 3072 3254 ergo

1713 3255 1935 3312 ratione
1993 3255 2175 3326 potuit
2233 3256 2694 3327 sapientissimus
2745 3259 3071 3317 cardinalis

1710 3340 2027 3409 expectare,
2067 3337 2159 3392 vel
2197 3337 2533 3409 promittere
2554 3345 2781 3396 cunctos
2801 3341 3077 3398 Sectarios

1710 3416 2132 3491 subscripturos
2152 3416 2379 3474 decreto
2403 3419 2709 3486 Pontifieis,
2740 3422 2787 3476 si
2818 3422 3081 3479 Thomis-

1713 3505 1904 3556 tarum
1943 3498 2289 3556 sententiam
2331 3498 2633 3557 definiret?
2680 3504 2936 3559 Profecto
2981 3505 3079 3576 qui

1712 3581 1830 3637 haec
1859 3579 2134 3644 referunt,
2167 3583 2224 3634 et
2265 3580 2600 3651 approbant,
2632 3598 2876 3638 summae
2913 3583 3080 3657 igno-

1714 3660 1936 3724 rantiae,
1965 3661 2054 3715 vel
2075 3658 2415 3715 temeritatis
2443 3659 2714 3717 dedecore
2735 3662 2907 3718 illum
2939 3665 3078 3719 Car-

1712 3741 1970 3798 dinalem
1995 3739 2266 3807 afficiunt,
2297 3748 2355 3795 ut
2374 3742 2618 3814 propriae
2639 3743 2933 3816 opinionis
2953 3745 3081 3800 sub-

1711 3822 1935 3878 servire
1977 3820 2066 3876 vel
2097 3820 2471 3876 reluctantem
2498 3824 2865 3895 compellant.
2895 3824 3079 3881 Addi-

1713 3918 1862 3967 mus,
1894 3901 2079 3973 ipsam
2120 3900 2427 3956 historiam
2476 3919 2578 3974 pro
2622 3904 2861 3960 scientia
2889 3904 3078 3961 media

1715 3981 2052 4039 fabricatam
2097 3998 2278 4038 causas
2337 3981 2771 4040 Thomistarum
2819 3984 3013 4042 favere
3066 4010 3075 4039 :

1716 4069 2087 4137 repraesentat
2106 4065 2268 4121 enim
2298 4063 2633 4122 Pontificem
2664 4066 2804 4124 adeo
2833 4084 2936 4141 pro
2959 4069 3077 4124 illis

1712 4145 1952 4212 stetisse,
1997 4153 2059 4202 ut
2103 4151 2183 4204 tot
2229 4152 2495 4211 terroreS,
2540 4152 2599 4202 et
2641 4147 3077 4206 intercessiones

1716 4223 1983 4280 Perronii
2002 4224 2331 4281 necessarias
2352 4224 2587 4287 fuerint.
2609 4242 2682 4284 ne
2694 4229 2942 4302 gratiam
2957 4244 3078 4286 esse

1714 4302 1785 4359 ab
1820 4303 2136 4361 intrinseco
2155 4305 2435 4362 efficacem
2463 4305 2807 4363 diffinitione
2834 4310 3077 4381 Aposto-

1714 4383 1823 4441 lica
1840 4383 2177 4442 declararet.
2195 4388 2453 4450 Quantus
2473 4402 2606 4443 vero
2624 4386 2797 4444 fuerit
2813 4389 3075 4445 Clemens

1715 4469 1862 4534 VIII,
1892 4484 2065 4540 quam
2108 4467 2308 4526 sedulo
2355 4471 2420 4525 D.
2454 4470 2836 4543 Augustinum
2885 4471 2947 4526 in
2975 4471 3080 4526 hac

1713 4546 2043 4605 difficultate
2063 4549 2433 4613 consuluerit,
2464 4555 2520 4607 et
2539 4551 2747 4622 quibus
2774 4552 2958 4606 titulis
2985 4551 3078 4605 de-

1713 4626 1904 4685 buerit
1928 4629 2050 4701 ejus
2068 4628 2351 4703 ¹judicium
2379 4632 2643 4688 Perronii
2682 4632 2897 4706 judicio
2926 4649 3074 4704 pra.»-

1715 4708 1877 4773 ferri,
1899 4708 2254 4782 superfluum
2282 4716 2364 4767 est
2385 4710 2702 4768 ostendere.
2729 4713 3076 4769 Recolantux·

1713 4806 1840 4863 quae
1866 4789 2122 4847 diximus
2147 4790 2272 4846 dub.
2298 4791 2522 4863 proeced.
2551 4796 2582 4861 ξ
2608 4794 2643 4846 4
2665 4800 2711 4846 et
2735 4795 2765 4861 ἕ
2790 4795 2851 4848 7.

1787 4872 1917 4927 234.
1949 4870 2035 4926 Ad
2061 4876 2322 4943 quartam
2346 4870 2845 4930 confirmationem
2868 4870 3074 4943 (fabri-
3110 4896 3268 4938 samm

1713 4958 1897 5009 catum
1923 4969 1955 5008 a
1980 4951 2224 5025 quodam
2255 4954 2424 5008 Petro
2449 4951 2519 5010 de
2549 4955 2923 5020 Valleclausa,
2951 4954 3071 5028 J‘am
3116 4949 3272 4998 ‘¹⁸¹³“2‘2

1717 5034 1906 5106 palam
1935 5038 2150 5106 aperta,
2183 5034 2245 5090 in
2274 5048 2445 5106 opere
2471 5033 2541 5092 de
2568 5036 2936 5093 immunitate
2963 5038 3075 5110 Cy-
3093 4997 3277 5087 nfffiffli.
