3647 5753
29 1871 227 1916 Solvitur

59 1922 218 1981 contir-

59 1976 216 2016 matio.

46 4811 242 4859 Inetan·

103 4843 195 4905 tia.

1412 459 1593 515 DISP.
1635 457 1731 526 IV,
1776 458 1944 517 DUB.
1987 462 2055 518 V.

256 627 488 701 praecise
535 628 710 686 refert
749 630 1039 700 effective;
1089 638 1146 690 et
1174 633 1255 689 ita
1284 648 1467 707 neque
1494 631 1614 704 ipse

254 708 461 766 modus
489 708 665 767 refert
692 717 815 768 actu
845 731 946 786 per
969 713 1204 771 modum
1234 714 1438 771 formae
1460 711 1614 784 seip-

252 806 405 858 sum,
439 795 536 848 aut
578 790 915 867 subjectum,
948 798 1038 854 vel
1083 794 1367 861 habitum,
1401 795 1466 851 in
1503 808 1615 867 quo

257 878 362 941 est,
387 874 572 932 adhuc
598 876 956 945 virtualiter3
984 878 1082 936 sed
1112 878 1308 935 influit
1335 894 1453 935 una
1480 892 1614 934 cum

254 954 361 1012 illo
380 954 635 1014 effective
656 958 721 1014 in
742 958 865 1033 ejus
886 964 1093 1026 actum,
1122 957 1512 1033 imprimendo
1526 957 1615 1014 illi

255 1038 616 1106 relationem,
675 1046 732 1098 et
783 1041 1018 1099 modum
1079 1042 1260 1099 alium
1320 1040 1616 1099 charitatis

254 1119 496 1178 omnino
517 1123 815 1188 actualem,
830 1122 929 1195 qui
957 1122 1294 1179 immediate
1318 1121 1617 1180 constituit

254 1202 429 1258 talem
450 1209 637 1261 actum
660 1204 985 1264 formaliter
1009 1206 1400 1262 meritorium.
1428 1208 1616 1269 Quare

254 1284 353 1341 ubi
377 1286 572 1342 nullus
585 1286 754 1344 datur
776 1294 930 1345 actus
956 1289 1212 1346 aliarum
1238 1285 1616 1352 virtutum,in

253 1381 424 1438 quem
452 1367 656 1423 modus
702 1368 998 1426 charitatis
1045 1369 1108 1425 in
1153 1368 1237 1426 eis
1265 1382 1617 1441 permanens

252 1445 509 1505 effective
535 1448 759 1516 influat,
790 1450 992 1524 cuique
1017 1449 1407 1507 communicet
1430 1448 1614 1505 alium

254 1525 490 1584 modum
507 1532 747 1589 omnino
764 1532 1062 1597 actualem,
1079 1532 1226 1588 sicut
1248 1531 1312 1587 in
1324 1530 1617 1587 dormien-

255 1607 427 1678 tibus,
458 1615 514 1667 et
553 1612 617 1667 in
656 1629 773 1670 non
819 1611 1193 1685 operantibus
1221 1612 1457 1670 honeste
1479 1626 1618 1669 con-

256 1690 448 1765 tingit,
474 1693 626 1749 nihil
646 1694 815 1750 datur
832 1710 934 1766 per
954 1693 1103 1767 quod
1127 1694 1300 1751 homo
1327 1697 1619 1749 mereatur

257 1773 604 1831 formaliter.

331 1856 421 1911 96.
455 1856 538 1910 Ex
571 1872 682 1929 quo
724 1862 877 1929 patet
908 1857 1083 1915 etiam
1118 1854 1188 1912 ad
1222 1854 1619 1913 confirmatio-

257 1952 412 2004 nem,
443 1937 581 2010 quia
608 1937 811 1994 modus
831 1939 1148 2004 charitatis,
1174 1939 1271 2012 qui
1293 1944 1379 1995 est
1407 1938 1470 1993 in
1494 1943 1619 1994 actu

257 2019 714 2086 humilitatiS,est
734 2024 1092 2095 participatio
1120 2026 1273 2078 actus
1300 2021 1617 2089 charitatis,

254 2100 571 2158 secundum
600 2102 748 2175 quod
788 2104 918 2160 talis
965 2110 1119 2162 actus
1149 2104 1324 2161 refert
1350 2103 1622 2161 formali-

254 2188 363 2249 ter,
394 2198 491 2238 seu
543 2189 604 2238 ut
641 2188 727 2238 est
772 2183 1189 2241 formalissima
1241 2185 1465 2251 relati0,
1501 2199 1620 2242 non

257 2266 493 2337 praecise
518 2265 832 2323 secundum
860 2268 1009 2340 quod
1037 2274 1122 2325 est
1153 2267 1300 2325 ratio
1329 2266 1619 2325 referendi

254 2344 530 2404 effective.
557 2346 724 2403 Unde
749 2353 805 2404 et
820 2350 940 2422 ipse
959 2355 1043 2405 est
1065 2348 1454 2406 actualissima
1478 2349 1622 2405 rela-

257 2427 339 2485 tio
361 2431 790 2502 participative3
838 2436 896 2488 et
934 2433 1016 2488 ita
1054 2448 1176 2488 non
1200 2431 1438 2498 mirum,
1470 2430 1621 2504 quod
1652 2504 1655 2505 ⁷

258 2509 444 2582 seipsa
466 2512 740 2568 meritum
764 2512 1086 2570 formaliter
1112 2513 1440 2569 constituat.

337 2592 506 2649 Ratio
527 2593 765 2658 vero,ob
785 2610 957 2666 quam
981 2594 1185 2651 modus
1200 2592 1621 2667 charitatiS,qui

265 2676 350 2730 est
388 2679 795 2745 permanenter
825 2676 887 2731 in
934 2676 1244 2741 habitibus,
1291 2675 1622 2732 humilitate

264 2769 319 2808 v.
349 2769 402 2827 g.
436 2754 624 2811 solum
670 2755 971 2828 participat
1017 2756 1088 2814 de
1131 2761 1256 2814 actu
1299 2755 1615 2825 charitatis,

258 2848 371 2906 qua
412 2834 636 2891 ratione
676 2840 829 2892 actus
874 2836 1158 2895 secundus
1194 2842 1297 2903 est,
1333 2836 1621 2894 rationem

260 2915 549 2972 referendi
595 2915 869 2984 effective,
923 2935 1037 2977 non
1086 2925 1278 2976 autem
1328 2918 1620 2976 rationem

260 2997 546 3055 referendi
590 2997 947 3066 formaliter;
996 3015 1127 3056 cum
1177 3005 1370 3056 tamen
1416 2999 1622 3058 modus

257 3077 357 3148 qui
397 3082 482 3134 est
523 3078 586 3132 in
615 3081 739 3134 actu
763 3079 1128 3145 humilitatiS,
1162 3078 1309 3134 hanc
1335 3081 1620 3137 rationem

264 3158 553 3217 referendi
575 3159 900 3217 formaliter
924 3161 1240 3234 participet,
1268 3160 1330 3216 in
1352 3167 1621 3233 promptu

260 3245 345 3297 est
362 3264 378 3309 ;
408 3241 545 3314 quia
567 3240 852 3296 nimirum
882 3241 1259 3312 participatiO,
1286 3246 1342 3295 et
1387 3241 1624 3312 partici-

266 3322 424 3395 pium
464 3320 891 3395 proportionari
937 3320 1105 3379 debet
1146 3338 1278 3378 cum
1319 3327 1529 3378 natura
1569 3327 1627 3378 et

262 3404 591 3461 conditione
637 3403 1052 3476 participantis,
1095 3411 1152 3461 et
1199 3404 1400 3460 nullus
1443 3408 1626 3476 potest

265 3487 608 3559 participare
634 3484 715 3551 id,
747 3486 907 3559 cujus
947 3500 1065 3542 non
1109 3494 1194 3543 est
1234 3502 1433 3558 capax.
1478 3486 1626 3550 Quia

266 3570 444 3644 igitur
458 3565 684 3623 habitus
700 3567 1047 3624 humilitatis
1058 3584 1175 3626 non
1190 3576 1274 3627 est
1290 3568 1626 3626 immediate

267 3667 444 3724 capax
471 3649 709 3705 actualis
751 3648 1049 3705 relationis
1070 3649 1138 3706 ad
1168 3649 1347 3707 finem
1372 3649 1626 3705 charita-

269 3733 363 3800 tis,
393 3733 538 3788 sicut
558 3746 674 3787 non
693 3735 778 3787 est
813 3728 1147 3787 immediate
1174 3747 1351 3805 capax
1388 3728 1627 3788 actualis

271 3813 569 3874 relationis
592 3812 661 3869 ad
684 3811 859 3868 finem
887 3812 1202 3880 charitatis„
1230 3815 1376 3870 sicut
1405 3829 1522 3870 non
1543 3817 1628 3869 est

271 3896 604 3954 immediate
624 3911 799 3966 capax
812 3895 1025 3961 meriti,
1043 3896 1178 3967 quia
1200 3893 1492 3952 habitibus
1509 3910 1627 3952 non

269 3994 583 4044 meremur,
603 3976 702 4033 sed
724 3975 939 4032 actibus
958 4001 971 4043 ;
997 3984 1080 4035 est
1102 3984 1297 4035 tamen
1319 3994 1495 4052 capax
1510 3976 1628 4033 vir-

268 4061 426 4126 tutiS,
476 4064 532 4116 et
583 4056 1087 4114 determinationis
1140 4057 1210 4114 ad
1259 4056 1627 4114 referendum

266 4141 558 4208 effective3
590 4138 800 4196 idcirco
826 4139 1029 4197 modus
1049 4140 1147 4212 qui
1188 4139 1250 4194 in
1278 4139 1381 4196 illo
1410 4145 1514 4204 est,
1544 4144 1629 4196 est

267 4222 630 4299 participatio
675 4225 830 4277 actus
875 4221 1171 4279 charitatis
1220 4222 1407 4278 solum
1442 4219 1627 4294 quoad

266 4306 373 4363 hoe
387 4303 685 4378 posteriuS,
713 4317 831 4359 non
852 4302 1036 4375 quoad
1064 4301 1211 4359 illud
1242 4302 1424 4374 prius.
1446 4302 1625 4358 Econ-

268 4392 358 4443 tra
384 4400 523 4441 vero
549 4388 705 4441 actus
725 4384 1073 4440 humilitatis
1093 4387 1178 4441 est
1201 4399 1378 4456 capax
1400 4381 1629 4439 relatio-

270 4467 364 4524 nis
391 4466 654 4524 formalis
680 4466 905 4535 (saltem
942 4464 1205 4531 modalis,
1236 4480 1337 4520 seu
1390 4463 1630 4536 partici-

270 4547 483 4621 pative)
520 4545 665 4602 sicut
691 4550 775 4603 est
799 4545 1124 4602 formaliter
1170 4560 1347 4617 capax
1392 4543 1625 4610 meriti3

270 4633 327 4685 et
372 4626 500 4684 ideo
536 4625 608 4683 ab
655 4630 779 4683 actu
824 4624 1121 4682 charitatis
1164 4624 1313 4680 hanc
1341 4623 1629 4681 rationem

274 4707 593 4783 participat.

346 4790 438 4845 97.
470 4790 540 4843 Et
559 4788 608 4844 si
636 4786 822 4844 adhue
848 4801 1067 4861 urgeaS,
1097 4784 1233 4858 quia
1261 4789 1416 4840 actus
1437 4759 1655 4841 ῡὴατὶέ

274 4871 427 4938 tatis,
457 4868 713 4944 quandiu
741 4876 843 4936 est,
869 4883 1095 4940 semper
1134 4865 1391 4923 effective
1432 4865 1626 4935 refert,

272 4954 418 5011 sicut
430 4966 657 5024 semper
685 4951 864 5009 refert
889 4949 1213 5008 formaliter
1233 4969 1247 5004 :
1274 4963 1412 5021 ergo
1430 4948 1479 5003 si
1502 4964 1632 5005 mo-

274 5035 399 5102 dus,
429 5034 528 5108 qui
555 5037 641 5089 est
666 5032 729 5088 in
758 5029 1069 5097 habitibus,
1096 5029 1245 5086 hanc
1268 5045 1339 5086 ex
1366 5043 1433 5085 eo
1460 5028 1633 5087 ratio·

275 5121 411 5185 nem
439 5115 760 5190 participat,
784 5129 1013 5188 semper
1040 5111 1152 5169 erit
1179 5111 1438 5170 referens
1461 5110 1633 5170 effec-

2990 440 3108 521 76“i

1748 630 1882 689 tive.
1928 634 2162 707 Semper
2187 651 2342 709 ergo,
2374 636 2497 693 sive
2537 636 2600 692 in
2642 634 2863 709 vigilia,
2897 634 3107 691 sivein

1746 726 1949 768 somno
1974 712 2174 772 efficiet
2211 715 2381 771 illum
2411 717 2594 773 alium
2623 715 2880 778 modum,
2913 721 2969 771 et
3013 730 3108 770 re·-

1748 791 2023 849 lationem
2052 797 2292 854 omnino
2321 798 2620 863 actualem,
2647 812 2770 869 quae
2809 794 3108 852 constituit

1749 871 2072 932 formaliter
2100 878 2391 934 meritum.

1822 955 2220 1029 Respondetur
2265 958 2526 1034 negando
2578 958 2935 1021 antecedens,
2968 957 3104 1030 quia
3132 979 3326 1030 nimum·

1747 1035 1853 1091 etsi
1868 1041 2024 1093 actus
2044 1038 2341 1097 charitatis
2361 1039 2567 1097 habeat
2586 1040 2960 1096 sufficientem
2990 1039 3107 1109 vir-

1746 1122 1947 1185 tutem,
1978 1120 2162 1194 sitque
2201 1124 2441 1180 omnino
2469 1122 2887 1181 determinatus
2913 1121 2983 1177 ad
3014 1138 3109 1179 re-

1747 1198 2053 1257 ferendum
2073 1202 2330 1261 effective
2352 1209 2506 1260 actus
2528 1204 2780 1260 aliarum
2799 1203 3104 1268 virtutum,

1747 1279 1854 1337 hoc
1881 1281 2003 1353 ipso
2030 1281 2178 1354 quod
2207 1283 2270 1339 in
2301 1300 2498 1341 rerum
2528 1289 2738 1340 natura
2779 1288 3107 1355 ponantur;

1748 1376 1867 1417 non
1897 1368 2089 1420 tamen
2116 1379 2212 1422 eos
2233 1380 2459 1438 semper
2493 1364 2750 1421 effective
2778 1369 2902 1420 actu
2935 1362 3112 1419 refert

1748 1440 1964 1499 defectu
1990 1443 2247 1516 ipsorum
2290 1451 2537 1512 actuum,
2565 1446 2662 1519 qui
2688 1460 2804 1501 non
2831 1460 3058 1517 semper
3081 1459 3114 1499 a

1749 1530 1911 1598 parte
1970 1526 2054 1582 rei
2107 1535 2423 1600 ponuntur,
2475 1528 2706 1601 quando
2753 1526 2910 1583 adest
2957 1532 3114 1583 actus

1749 1605 2064 1664 charitatis,
2089 1609 2373 1665 Similiter
2399 1625 2535 1683 ergo
2558 1607 2762 1665 modus
2785 1607 3108 1682 praedictuS,

1752 1687 1883 1745 licet
1915 1706 2144 1763 semper
2173 1690 2377 1750 habeat
2414 1692 2788 1749 sufficientem
2831 1690 3114 1747 determi==

1751 1769 2068 1837 nationem,
2137 1777 2191 1829 et
2255 1773 2530 1830 virtutem
2596 1773 2666 1829 ad
2733 1772 3110 1830 referendum

1749 1849 2008 1908 effective
2045 1852 2271 1911 eosdem
2314 1858 2508 1922 actus;
2550 1854 2688 1910 dum
2730 1860 2924 1910 tamen
2963 1853 3024 1908 hi
3050 1853 3115 1909 in

1754 1949 1950 1990 rerum
1998 1939 2205 1992 natura
2252 1952 2369 1993 non
2412 1943 2724 2011 ponuntur,
2778 1936 2995 1993 defectu
3026 1951 3117 1993 eo-

1754 2012 2020 2080 rundem,
2070 2020 2127 2071 et
2153 2018 2409 2075 materiai
2465 2017 2778 2074 reseribilis
2815 2015 3117 2091 suspendit

1752 2111 1923 2151 suum
1948 2094 2255 2164 influxum,
2280 2103 2337 2154 et
2359 2113 2476 2155 non
2507 2098 2701 2155 refert.

2319 2273 2351 2339 g
2390 2270 2540 2324 vm.

2016 2423 2292 2481 Posterior
2332 2425 2553 2497 objectio
2591 2426 2851 2480 diluitur.

1832 2581 1924 2636 98.
1954 2580 2039 2637 Ad
2083 2581 2391 2638 secundam
2440 2580 2828 2656 objectionem·
2855 2579 3116 2655 neganda
3131 2603 3318 2659 Respon-

1755 2668 1841 2719 est
1863 2663 2065 2736 major,
2094 2679 2194 2720 seu
2221 2665 2448 2736 sequela
2473 2687 2486 2730 3
2530 2669 2586 2720 et
2611 2661 2681 2719 ad
2716 2661 3114 2735 probationem
3156 2651 3306 2744 {2213ss

1755 2744 2060 2802 dicendum
2125 2749 2227 2807 est,
2283 2761 2406 2802 esse
2455 2745 2747 2817 disparem
2802 2745 3108 2811 rationem,
3145 2749 3329 2809 campi>-

1754 2828 1889 2902 quia
1929 2833 2084 2885 actus
2109 2825 2422 2893 charitatis,
2459 2843 2559 2899 per
2600 2842 2770 2901 quem
2812 2826 3002 2885 fidelis
3029 2844 3109 2896 se,
3153 2803 3309 2894 'fffflf''

1754 2917 1810 2969 et
1835 2926 2036 2968 omnes
2061 2926 2191 2966 suos
2231 2915 2385 2966 actus
2414 2909 2477 2965 in
2524 2912 2724 2976 Deum,
2753 2915 3025 2981 tanquam
3050 2911 3114 2967 in

1755 2993 1932 3050 finem
1973 2993 2244 3049 ultimum
2286 2991 2480 3055 refert,
2512 2998 2597 3047 est
2625 2997 2779 3047 actus
2806 2992 3003 3048 efficax
3021 3016 3036 3059 ;
3061 2998 3118 3049 et

1756 3075 1836 3131 ita
1861 3073 2146 3131 ordinatio
2173 3089 2296 3145 quae
2317 3071 2381 3126 fit
2410 3086 2509 3143 per
2537 3070 2869 3142 hujusmodi
2898 3078 3110 3139 actum,

1758 3170 1874 3211 non
1902 3158 1987 3210 est
2013 3151 2289 3225 objectiva
2328 3152 2537 3215 solum,
2569 3150 2668 3206 sed
2695 3151 2870 3207 etiam
2898 3151 3118 3208 effecti-

1758 3251 1848 3300 va,
1879 3234 2039 3307 cujus
2080 3231 2265 3287 virtus
2312 3231 2535 3288 ratione
2580 3230 3034 3301 informationis,
3065 3236 3123 3289 et

1757 3315 1915 3373 modi
1944 3331 1977 3371 a
2004 3312 2169 3370 nobis
2213 3312 2481 3385 explicati
2524 3312 2800 3386 pertingit
2836 3329 3011 3386 usque
3049 3314 3120 3370 ad

1756 3396 2199 3467 exequutionem
2227 3398 2455 3450 actuum
2488 3391 2752 3449 omnium
2775 3392 3119 3467 subsequen-

1759 3478 1925 3534 tium.
1942 3478 2112 3532 Actus
2127 3492 2263 3533 vero
2275 3473 2750 3547 idololatriae,quo
2765 3472 3018 3531 infidelis
3029 3491 3111 3543 se,

1758 3565 1815 3617 et
1841 3557 2040 3615 omnia
2065 3573 2167 3613 sua
2194 3556 2347 3613 idolo
2372 3561 2681 3621 consecrat,
2716 3563 2970 3629 respectu
3019 3574 3118 3615 ac-

1759 3646 1924 3696 tuum
1945 3638 2209 3697 omnium
2231 3637 2700 3710 subsequentium
2726 3645 2810 3695 est
2838 3638 3115 3706 inefficax,

1759 3727 1815 3780 et
1841 3720 2129 3779 ordinatio
2153 3721 2274 3786 illa,
2294 3735 2419 3793 quae
2441 3733 2543 3791 per
2565 3719 2754 3791 ipsum
2778 3718 2842 3774 fit
2867 3726 3121 3792 respectu

1760 3801 2088 3877 hujusmodi
2140 3800 2424 3880 omniurn¹
2459 3803 2707 3866 actuum,
2769 3805 2992 3857 tantum
3039 3806 3125 3858 est

1759 3882 2056 3959 objectiva,
2114 3898 2231 3941 non
2283 3880 2560 3937 effectiva.
2629 3883 2755 3937 Non
2808 3882 2966 3938 enim
3022 3899 3124 3956 per

1761 3964 2093 4040 praedictum
2154 3968 2340 4020 actum
2399 3960 2764 4035 imprimitur
2810 3964 3117 4031 voluntati,

1760 4055 1857 4107 aut
1878 4050 1999 4124 ejus
2026 4044 2314 4102 habitibus
2342 4043 2552 4117 aliquis
2579 4045 2801 4112 moduS,
2829 4047 2926 4119 qui
2947 4047 3025 4102 sit
3051 4047 3116 4103 in

1760 4133 1882 4189 illis
1922 4133 2346 4203 permanenter,
2395 4129 2617 4185 ratione
2655 4131 2814 4204 quus
2860 4131 2942 4187 sic
2989 4130 3122 4187 illos

1761 4215 2056 4280 informet,
2102 4218 2163 4268 ut
2210 4212 2430 4287 quoties
2482 4211 2844 4284 postmodum
2897 4215 3117 4288 operati

1762 4296 1995 4362 fuerint,
2043 4300 2213 4370 agant
2256 4295 2321 4350 in
2378 4294 2593 4352 virtute
2641 4294 2894 4368 praedicti
2939 4302 3113 4354 actus,

1763 4379 1838 4433 Ut
1857 4377 2014 4435 enim
2054 4394 2208 4432 num.
2238 4376 2311 4430 89
2336 4380 2394 4432 et
2431 4374 2699 4449 deinceps
2738 4375 3116 4445 ostendimus,

1762 4457 1967 4515 modus
2005 4457 2112 4514 iste
2139 4454 2498 4512 informandi
2545 4456 2684 4514 adeo
2722 4462 2808 4514 est
2854 4459 3122 4530 proprius

1762 4539 1939 4595 solius
1963 4537 2278 4603 charitatis,
2305 4540 2366 4591 ut
2420 4536 2570 4592 nulli
2619 4538 2805 4604 alteri,
2833 4538 2956 4595 sive
2999 4539 3123 4595 vir-

1763 4620 1893 4686 tuti,
1947 4619 2070 4676 sive
2121 4618 2264 4675 vitio
2317 4617 2493 4690 possit
2544 4624 2908 4691 competere:
2962 4620 3122 4695 cujus

1766 4702 2051 4759 rationem
2073 4698 2287 4756 ibidem
2303 4699 2743 4774 assignavimus,
2764 4717 2835 4757 ex
2857 4716 2924 4758 eo
2946 4701 3121 4758 nimi-

1766 4801 1920 4852 rum,
1951 4781 2098 4856 quod
2125 4782 2246 4839 sola
2271 4782 2521 4838 charitas
2548 4781 2701 4839 inter
2743 4783 2973 4840 habitus
3015 4784 3124 4842 ha-

1765 4867 1861 4924 bet
1889 4882 1988 4939 per
2007 4881 2069 4922 se
2099 4865 2288 4938 primo
2311 4865 2593 4938 respicere
2622 4863 2797 4922 finem
2823 4867 3117 4923 ultimum.

1839 4949 1931 5004 99.
1957 4949 2151 5019 Neque
2188 4944 2365 5006 obest.
2397 4945 2447 5001 si
2488 4945 2659 5011 dicaS,
2686 4944 2838 5019 quod
2867 4951 3124 5019 respectu
3151 4957 3339 5010 Rex-lica.

1767 5028 2021 5087 infidelis
2066 5027 2287 5085 idolum
2339 5030 2422 5084 est
2481 5028 2721 5083 ultimus
2772 5025 2927 5094 finis,
2981 5027 3125 5084 sicut

1768 5114 1916 5169 Deus
1954 5114 2039 5166 est
2062 5106 2196 5165 finis
2225 5107 2463 5164 ultimus
2493 5111 2744 5181 respectu
2770 5107 2910 5181 justi
2934 5128 2947 5163 ε
2990 5122 3128 5183 ergo
