3647 5753
465 418 539 473 80
1499 430 1591 484 DE
1630 429 1896 485 GRATIA
1922 418 2277 484 'EFFICACL

469 589 628 647 venit
668 595 780 652 Deo
821 601 1153 666 necessario,
1202 607 1260 657 ut
1298 603 1419 676 ejus
1490 600 1823 658 Adversarii

464 670 795 732 affirmant:
840 695 941 737 nec
968 671 1144 738 etiam
1184 688 1390 749 creata,
1443 683 1579 756 quia
1620 682 1823 738 haecin

460 756 613 808 statu
653 756 1040 818 conditionato
1071 767 1157 818 est
1185 769 1309 819 actu
1352 764 1499 819 nihil
1528 787 1540 829 3
1585 762 1649 818 in
1675 767 1821 819 statu

466 838 656 890 autem
697 836 954 897 absoluto
992 843 1262 917 supponit
1289 843 1727 916 praescientiam,
1768 847 1823 899 et

457 910 537 966 ad
565 917 917 985 praeteritum
947 936 1062 978 non
1089 920 1258 979 datur
1299 924 1465 980 actio.
1515 921 1679 979 Unde
1724 938 1821 978 ca-

463 995 654 1052 rentia
695 1001 1065 1069 praescientiae
1090 1005 1482 1062 conversionis
1521 1004 1729 1060 suturae
1753 1019 1821 1062 eo

462 1080 737 1148 tempore,
782 1097 892 1152 quo
945 1085 1204 1149 Christus
1260 1088 1568 1145 Corozaitis
1610 1084 1820 1160 praedi-

433 1181 434 1184 ¹
460 1158 629 1224 cavit,
699 1160 875 1218 infert
929 1164 1451 1238 impossibilitatem
1477 1168 1818 1225 'absolutam

454 1241 851 1298 conversionis
920 1260 1023 1315 pro
1093 1247 1196 1304 illo
1263 1254 1565 1322 tempore;
1642 1244 1816 1321 quam

461 1319 703 1390 proinde
730 1329 957 1393 possent
1002 1326 1152 1398 juste
1176 1345 1464 1403 opponere
1508 1330 1818 1387 Corozaitae

462 1402 898 1473 reprehensioni
921 1406 1151 1477 Christi,
1177 1410 1225 1464 si
1250 1426 1385 1468 vera
1405 1417 1539 1467 sunt
1564 1410 1817 1468 scientiae

460 1483 663 1540 mediae
685 1486 989 1561 principia.
1013 1490 1168 1548 Hanc
1184 1500 1373 1549 autem
1389 1494 1826 1551 excusationem-

458 1580 574 1621 non
616 1573 917 1638 potuerunt
967 1571 1317 1643 praetendere
1342 1574 1545 1632 stando
1594 1576 1813 1646 princi-

453 1646 567 1718 piis
594 1645 850 1703 efficaciae
876 1650 1074 1722 gratiae
1100 1655 1553 1726 Augustinianae,
1583 1661 1638 1711 et
1666 1657 1814 1714 Tho·

452 1728 688 1783 misticae
718 1751 731 1794 ;
760 1730 894 1801 quia
918 1730 1046 1787 licet
1064 1734 1318 1790 carentia
1340 1736 1544 1792 auxilii
1573 1735 1812 1794 efficacis

455 1813 694 1880 nequeat
715 1824 845 1864 cum
869 1813 1242 1869 conversione
1262 1816 1547 1888 componi,
1568 1816 1812 1874 cohaeret

449 1889 836 1946 nihilominus
876 1908 1003 1947 cum
1043 1898 1313 1965 potestate
1351 1896 1728 1966 antecedenti,
1754 1903 1811 1956 et

358 2039 364 2044 .
453 1969 716 2041 proxima
743 1970 812 2026 ad
839 1973 1293 2041 conversionem,
1337 1981 1398 2030 ut
1423 1976 1564 2049 disp.
1594 1980 1645 2043 4,
1676 1979 1803 2035 dub.

450 2051 484 2104 6
512 2050 910 2120 explicuimus,
940 2057 996 2108 et
1045 2053 1228 2109 fusius
1261 2070 1615 2127 exponemus
1635 2058 1809 2117 dubio

450 2131 731 2201 sequenti.
779 2133 845 2186 Et
871 2134 1136 2204 quamvis
1178 2136 1441 2192 voluntas
1485 2143 1672 2195 creata
1700 2155 1808 2196 ne-

450 2215 622 2282 queat
666 2212 757 2266 vel
797 2213 1112 2269 carentiam
1156 2213 1360 2272 auxilii
1405 2216 1648 2274 efficacis
1677 2235 1708 2274 a
1747 2236 1809 2278 se

452 2289 771 2357 excludere,
823 2295 915 2349 vel
941 2295 1377 2352 conversionem
1405 2313 1534 2353 cum
1582 2299 1684 2369 tali
1711 2316 1808 2356 ca-
1850 2290 1855 2294 ’

457 2373 644 2430 rentia
674 2375 1030 2452 ¹conjungere
1074 2399 1085 2440 ;
1143 2382 1322 2448 potest
1361 2382 1551 2446 tamen
1594 2396 1807 2451 ponere

451 2453 886 2511 conversionem
913 2454 1227 2511 secundum
1254 2471 1332 2521 se,
1359 2473 1530 2528 quam
1558 2460 1607 2514 si
1636 2476 1807 2532 pone-

452 2539 552 2599 ret,
578 2549 681 2590 nec
711 2535 1024 2591 carentiam
1048 2535 1155 2600 hic,
1189 2542 1245 2592 et
1275 2552 1427 2592 nunc
1463 2538 1803 2597 existentem

447 2613 790 2682 excluderet,
820 2632 920 2672 nec
965 2623 1330 2687 componeret
1366 2620 1802 2679 conversionem

446 2712 581 2752 cum
605 2697 727 2769 ipsa
758 2719 772 2762 ;
813 2695 912 2752 sed
941 2696 1103 2750 illam
1130 2702 1475 2768 supponeret
1496 2715 1613 2756 non
1656 2718 1804 2773 prae—

452 2777 627 2833 fuisse
648 2775 718 2832 ob
741 2775 1107 2847 praesentiam
1131 2777 1335 2833 auxilii
1358 2777 1612 2837 efficacis,
1652 2784 1804 2839 Sicut

447 2857 606 2914 enim
629 2871 758 2911 cum
782 2854 952 2911 homo
978 2854 1136 2927 ponit
1158 2858 1609 2928 conversionem,
1637 2861 1803 2920 illam

447 2937 603 2993 elicit
648 2934 1035 3006 dependenter
1061 2934 1132 2991 ab
1173 2938 1391 2994 auxilio
1442 2939 1646 2997 efficaci
1682 2943 1804 3000 :ita

448 3032 576 3072 cum
603 3014 867 3086 praedicto
907 3016 1125 3073 auxilio
1152 3022 1321 3083 caret,
1384 3024 1565 3092 potest
1593 3038 1804 3094 ponere

445 3094 882 3152 conversionem
925 3101 984 3149 ut
1032 3096 1374 3153 eliciendam
1415 3090 1803 3172 dependenter

451 3192 484 3231 a
512 3172 777 3246 praedicto
817 3175 1053 3239 auxilio,
1072 3176 1221 3248 quod
1247 3179 1334 3233 sui
1364 3181 1676 3237 carentiam
1699 3198 1803 3240 ex-

445 3253 875 3323 cluderet.Deus
914 3260 1104 3312 autern
1128 3257 1257 3313 licet
1281 3274 1350 3315 ex
1388 3262 1797 3333 suppositione,

443 3334 595 3408 quod
618 3335 902 3391 auxilium
919 3335 1113 3393 efficax
1130 3353 1245 3394 non
1265 3344 1797 3412 communicaverit,

446 3421 686 3489 nequeat
725 3417 976 3488 potentia
1012 3421 1396 3491 consequenti,
1442 3429 1500 3478 et
1533 3424 1595 3480 in
1631 3441 1800 3481 sensu

443 3496 754 3568 composito
782 3496 925 3553 illud
953 3496 1214 3555 conferre
1240 3523 1254 3566 ;
1286 3506 1462 3572 potest
1492 3509 1685 3561 tamen
1709 3521 1803 3579 po-

444 3578 622 3635 tentia
663 3577 1036 3643 antecedenti,
1077 3584 1132 3636 et
1164 3580 1222 3636 in
1249 3597 1418 3637 sensu
1447 3582 1650 3653 diviso,
1677 3602 1802 3658 quae

444 3666 530 3718 est
587 3662 838 3733 potentia
894 3661 1253 3734 simpliciter.
1319 3664 1482 3722 Unde
1534 3670 1803 3726 voluntas

445 3746 634 3798 creata
675 3746 736 3795 ut
763 3740 975 3798 divinae
1003 3746 1266 3814 potentia-:³
1292 3744 1686 3814 subordinata,
1719 3753 1803 3805 est

445 3821 701 3879 absolute
728 3823 790 3878 in
815 3839 918 3880 suo
960 3839 1170 3898 genere
1199 3830 1396 3896 potens
1436 3828 1643 3886 elicere
1663 3846 1803 3887 con-

446 3903 772 3971 versionem
801 3904 974 3959 etiam
1005 3904 1066 3959 in
1094 3920 1159 3961 eo
1188 3905 1446 3975 instanti,
1482 3909 1543 3964 in
1569 3926 1681 3983 quo
1706 3926 1803 3966 ca-

449 3989 533 4042 ret
557 3985 743 4059 gratia
768 3984 995 4041 efficaci.
1040 3989 1222 4050 Quam
1248 3989 1559 4059 potentiam
1584 3991 1803 4048 habue-

448 4072 585 4123 runt
648 4067 943 4132 Corozain,
994 4072 1051 4124 et
1120 4068 1435 4125 Bethsaidae
1512 4072 1798 4140 homines,

444 4163 648 4219 eosque
678 4148 916 4220 proinde
967 4148 1225 4204 Christus
1258 4150 1575 4223 justissime
1604 4169 1804 4226 repre-

448 4227 667 4284 hendit.

250 4322 406 4364 secun·
530 4310 648 4365 119.
693 4309 949 4367 Secundo
988 4311 1266 4383 arguitur,
1292 4312 1428 4383 quia
1467 4314 1559 4369 SS.
1609 4316 1805 4373 Patres

173 4432 178 4437 -
239 4371 296 4472 (ξι
345 4380 417 4462 ω’,ἶ
446 4391 734 4463 explicant
777 4390 1082 4447 efficaciam
1121 4391 1319 4464 gratiae
1342 4409 1442 4465 per
1484 4401 1802 4467 respectum

274 4473 375 4512 ‘⁸¹¹¹-
448 4470 519 4526 ad
547 4473 962 4542 praescientiam
993 4472 1090 4528 Dei
1119 4474 1373 4529 vocantis
1399 4474 1684 4543 homines,
1712 4477 1803 4533 vel

447 4550 792 4608 conferentis
815 4552 1033 4609 auxilia
1052 4568 1118 4609 eo
1139 4558 1413 4625 tempore,
1446 4555 1510 4611 in
1531 4572 1643 4628 quo
1667 4572 1807 4629 prae-

447 4630 610 4695 vidit,
642 4631 791 4705 quod
815 4634 1130 4689 sortientur
1155 4633 1415 4691 effectum
1449 4656 1465 4690 t
1509 4652 1645 4712 ergo
1670 4654 1804 4710 gra-

448 4711 528 4767 tia
566 4717 670 4776 est,
712 4717 767 4769 et
805 4711 1014 4769 dicitur
1062 4710 1257 4770 efficax
1319 4712 1708 4788 dependenter
1771 4733 1806 4774 a

446 4794 686 4851 scientia
712 4793 925 4851 media.
956 4796 1367 4867 Consequentia
1412 4803 1648 4855 constat.
1681 4804 1806 4855 An—

233 4878 414 4931 nctuy.
449 4873 706 4931 tecedens
735 4880 923 4932 autem
952 4874 1240 4942 suadetur,
1271 4881 1394 4932 tum
1422 4893 1493 4934 ex
1522 4881 1588 4935 D.
1618 4879 1805 4952 Chry-

443 4959 693 5011 sostomo
718 4957 861 5011 horn.
889 4957 978 5019 31.
1002 4965 1051 5011 et
1078 4957 1170 5021 65,
1205 4959 1265 5011 in
1309 4956 1649 5024 Matthaeum,
1707 4958 1803 5014 ubi

446 5051 619 5112 agens
639 5036 710 5094 de
733 5039 797 5092 D.
826 5038 1098 5102 Matthaei,
1125 5045 1180 5096 et
1205 5041 1265 5095 D.
1297 5039 1459 5096 Pauli
1483 5041 1797 5105 vocatione,

1958 600 2178 667 asserit,
2230 598 2405 657 Deum
2432 606 2563 654 tunc
2588 617 2674 654 eos
2699 613 2935 662 vocasse,
2969 595 3188 674 quando
3216 611 3320 648 no-

1956 689 2107 736 verat
2135 696 2501 738 consensuros.
2541 680 2689 735 Tum
2715 695 2787 736 ex
2817 680 2878 733 D.
2911 677 3231 750 Augustino
3260 676 3321 730 in
3348 695 3513 746 nug,

1957 760 2050 817 lib.
2081 761 2146 816 de
2170 778 2268 817 sem
2293 760 2674 837 questionibus
2723 758 3098 829 Payanorum,
3132 762 3313 833 quaest.

1954 842 2009 907 2,
2042 839 2138 897 ubi
2160 840 2339 907 docet,
2392 842 2567 897 Deum
2588 847 2718 895 tunc
2742 839 2976 894 voluisse
3002 835 3319 893 hominibus

1952 938 2234 994 apparere,
2281 923 2517 998 quando,
2547 928 2597 977 et
2619 920 2713 975 ubi
2738 919 2958 986 sciebat,
2989 920 3085 996 qui
3107 920 3167 973 in
3191 933 3315 972 eum

1951 1006 2177 1074 fuerant
2214 1003 2499 1059 credituri.
2581 999 2811 1058 Similia
2850 998 3010 1056 docet
3054 995 3318 1054 Theodo-

1954 1088 2108 1140 retus
2127 1085 2202 1140 ad
2220 1084 2378 1142 Rom.
2406 1084 2459 1151 9,
2486 1089 2542 1141 et
2561 1081 2949 1142 communiter
2971 1080 3074 1137 alii
3098 1081 3313 1137 Patres.

2025 1163 2430 1230 confirmatur,
2499 1165 2632 1237 quia
2687 1161 3107 1235 praedestinatio
3129 1203 3143 1226 ,
3206 1175 3320 1233 qua
3355 1185 3510 1230 conar-

1951 1251 2350 1317 praeparantur
2390 1246 2607 1302 auxilia
2628 1243 2925 1300 efficaciter
2945 1240 3320 1299 conducentia
3361 1237 3502 1280 matio.

1950 1323 2020 1380 ad
2046 1326 2311 1393 salutem,
2343 1326 2615 1399 supponit
2642 1322 3057 1398 praescientiam
3087 1329 3319 1380 nostro-

1951 1420 2080 1462 rum
2105 1422 2366 1480 operum,
2392 1406 2487 1463 sed
2519 1422 2637 1463 non
2667 1404 3086 1479 praescientiam
3108 1419 3317 1462 eorum

1947 1485 2011 1541 in
2035 1490 2184 1543 statu
2232 1486 2513 1551 absoluto,
2558 1503 2688 1543 cum
2719 1503 2835 1544 non
2884 1485 3317 1542 transferantur

1946 1565 2017 1622 ad
2065 1567 2255 1635 illum,
2290 1569 2404 1625 nisi
2451 1566 2840 1640 dependenter
2875 1568 2945 1623 ab
2992 1566 3316 1624 intentione

1947 1647 2068 1713 Dei.
2099 1654 2156 1705 et
2180 1649 2364 1724 gratia
2390 1647 2599 1706 efficaci
2630 1670 2660 1715 z,
2683 1664 2821 1722 ergo
2848 1648 2912 1704 in
2939 1653 3087 1703 statu
3110 1646 3318 1703 condi-

1944 1726 2180 1792 tionato,
2219 1728 2377 1801 cujus
2406 1728 2812 1799 contemplatio
2834 1742 2936 1798 per
2969 1742 3029 1782 se
3063 1725 3316 1797 pertinet

1943 1806 2014 1864 ad
2034 1808 2335 1865 scientiam
2358 1808 2610 1865 mediam
2638 1830 2651 1864 :
2676 1814 2733 1865 et
2751 1814 3165 1881 consequenter
3184 1822 3314 1882 gra·

1942 1890 2022 1945 tia
2059 1906 2176 1947 non
2221 1896 2323 1957 est,
2376 1906 2479 1948 nec
2514 1890 2724 1948 dicitur
2772 1890 2994 1958 efficax,
3049 1890 3162 1947 nisi
3209 1888 3314 1946 de-

1943 1971 2258 2044 pendenter
2296 1972 2367 2029 ab
2415 1973 2739 2047 hujusmodi
2786 1974 3044 2030 scientia.
3097 1975 3311 2030 Caetera

1940 2058 2223 2110 constant.
2249 2056 2317 2109 Et
2345 2054 2530 2127 major
2558 2052 2830 2127 probatur
2849 2069 2921 2110 ex
2944 2057 3007 2109 D.
3035 2054 3243 2110 'rhom.
3273 2053 3308 2107 3
3341 2069 3504 2113 nno.

1936 2141 2087 2205 part.
2113 2142 2294 2212 quast.
2348 2136 2392 2200 l,
2424 2142 2535 2191 art.
2585 2136 2619 2189 3
2645 2135 2720 2191 ad
2762 2136 2817 2200 4,
2850 2132 2948 2189 ubi
2991 2135 3071 2189 ait
3103 2154 3117 2189 t
3166 2132 3310 2189 Pre-

1939 2215 2232 2270 destinatio
2259 2217 2518 2288 supponit
2540 2216 2941 2288 praescienliam
2963 2215 3303 2287 futurorum.

1940 2297 2009 2350 Et
2047 2298 2109 2350 in
2150 2299 2196 2361 l,
2233 2297 2362 2352 dist.
2394 2297 2486 2361 46,
2526 2315 2577 2374 q.
2621 2299 2663 2360 1,
2709 2303 2818 2351 art.
2859 2298 2904 2360 l,
2940 2295 3037 2351 ubi
3066 2294 3257 2366 inquit
3290 2314 3304 2348 ε

1952 2373 2215 2432 Voluntas
2239 2376 2340 2431 Dei
2361 2377 2726 2449 prasupponit
2756 2377 3151 2447 prescientiam
3186 2390 3305 2445 ope-

1937 2451 2083 2513 rum.
2116 2459 2299 2522 Quam
2318 2456 2645 2514 doctrinam
2673 2455 2902 2513 videtur
2923 2454 3306 2528 desumpsisse

1937 2551 2009 2592 ex
2032 2539 2093 2592 D.
2126 2537 2443 2612 Augustino
2469 2538 2560 2593 lib.
2586 2538 2650 2592 de
2668 2534 3031 2609 praedest.SS.
3058 2553 3177 2607 cap.
3214 2536 3298 2600 10,
3338 2537 3503 2591 D-Aug·

1937 2616 2035 2673 ubi
2066 2620 2270 2675 asserit
2299 2640 2312 2675 :
2348 2618 2759 2675 Praedaetinatio
2802 2621 2922 2674 sine
2958 2619 3301 2689 prescientia

1936 2714 2043 2752 esse
2086 2715 2197 2752 non
2219 2706 2409 2771 potest,
2443 2705 2613 2770 potest
2639 2707 2823 2753 autem
2868 2714 2977 2753 esse
3003 2699 3120 2751 sine
3154 2701 3304 2768 prar-v

1935 2771 2294 2828 destinatione.
2312 2774 2670 2845 praescientia.

2008 2852 2093 2909 Ad
2143 2858 2547 2928 argumentum
2595 2851 2987 2925 respondetur,
3031 2863 3298 2908 concesso
3314 2845 3522 2949 gffggff

1937 2933 2290 2992 antecedenti
2320 2933 2580 3007 negando
2618 2932 3081 3009 consequentiam
3117 2950 3129 2985 :
3160 2945 3299 2986 nam
3342 2952 3504 2991 mento.

1935 3014 1984 3070 si
2016 3013 2326 3087 aliquando
2373 3016 2570 3070 Patres
2615 3012 2833 3079 docent,
2869 3014 3043 3066 Deum
3094 3025 3300 3067 vocare

1936 3095 2203 3153 homines
2231 3094 2294 3150 in
2314 3111 2382 3153 eo
2404 3100 2678 3166 tempore,
2705 3093 2770 3149 in
2796 3109 2907 3166 quo
2936 3097 3302 3165 praenoverat

1886 3210 1889 3211 ν
1936 3192 2331 3245 consensurOS,
2359 3192 2476 3233 non
2500 3177 2813 3247 loquuntur
2834 3174 2904 3231 de
2923 3174 3160 3231 scientia
3182 3191 3303 3231 me-

1935 3258 2051 3324 dia,
2074 3273 2198 3330 quae
2222 3258 2370 3313 nulli
2392 3256 2617 3314 decreto
2644 3257 2744 3312 Dei
2775 3254 3050 3311 innititur
3071 3278 3085 3321 ;
3111 3253 3209 3311 sed
3230 3254 3302 3313 de

1934 3338 2192 3403 scientia,
2235 3354 2361 3410 quae
2398 3337 2820 3410 heneplacitum
2861 3335 2960 3393 Dei
3008 3337 3298 3409 supponit,

1934 3418 2076 3480 etin
2091 3435 2158 3476 eo
2177 3418 2447 3492 praevidet
2470 3435 2811 3476 consensum
2828 3417 3109 3473 futurum.
3141 3415 3302 3473 Unde

1934 3515 2064 3556 cum
2113 3505 2395 3565 asserunt,
2440 3502 2620 3556 Deum
2649 3513 2852 3555 vocare
2875 3496 3104 3569 quando
3134 3496 3295 3553 novit

1936 3581 2238 3638 hominem
2265 3596 2676 3652 responsurum
2699 3579 3004 3645 vocationi,
3038 3579 3101 3635 in
3123 3594 3303 3650 praes-

1935 3660 2145 3718 cientia
2171 3661 2478 3718 involvunt
2498 3659 2789 3718 decretum
2812 3659 3051 3717 vocandi
3071 3658 3305 3715 efficaci-

1936 3745 2023 3798 ter
2060 3741 2395 3808 .hominem;
2445 3757 2509 3797 ac
2550 3739 2797 3797 subinde
2843 3740 2996 3796 idem
3044 3740 3196 3795 valet
3245 3739 3302 3810 ly

1936 3822 2153 3899 quando
2177 3823 2349 3887 novit,
2394 3838 2456 3878 ac
2483 3821 2713 3895 quando
2740 3822 2938 3878 voluit.
2987 3822 3055 3875 Et
3096 3819 3176 3874 sic
3204 3817 3303 3873 in-

1936 3903 2334 3976 terpretandus
2378 3910 2462 3960 est
2491 3905 2552 3960 D.
2586 3904 3027 3977 Chrysostomus
3068 3901 3131 3955 in
3158 3915 3281 3954 con·
3339 3925 3483 3982 mer..

1938 3984 2184 4039 trarium
2232 3983 2504 4041 adductus
2538 4006 2552 4040 ε
2580 3984 2740 4058 cujus
2766 3981 3112 4040 sententiam
3143 3985 3299 4052 post·
3314 3978 3495 4076 ἔξω

1935 4081 2108 4138 quam
2155 4065 2347 4121 retulit
2386 4065 2709 4122 cardinalis
2748 4065 2976 4120 Toletus
3020 4064 3081 4117 in
3120 4079 3222 4133 cap
3266 4063 3517 4116 5stomiex

1935 4144 2111 4211 Lucae,
2142 4148 2494 4202 annotatione
2532 4148 2623 4211 54,
2661 4144 2962 4218 subjunxit
3012 4165 3024 4198 ι
3082 4164 3106 4194 «
3156 4122 3488 4198 HuicT⁰¹⁰²⁰·

1942 4244 1969 4278 α
1997 4223 2270 4282 doctrinae
2290 4225 2586 4283 adversari
2609 4224 2838 4282 videtur
2866 4223 2942 4287 id,
2968 4221 3117 4295 quod
3148 4222 3303 4294 ipse-

1943 4328 1969 4359 α
1998 4311 2116 4362 met
2142 4308 2352 4362 Paulus
2371 4305 2441 4363 de
2459 4324 2563 4364 sua
2583 4306 2877 4364 vocatione
2901 4304 2970 4360 ad
2993 4305 3221 4360 Galatas
3253 4305 3298 4370 1,

1943 4410 1969 4441 α
1997 4388 2242 4460 scripsit.
2294 4391 2435 4444 Cum
2484 4389 2712 4461 placuit,
2747 4387 2950 4460 inquit,
2982 4388 3034 4443 ei
3082 4385 3179 4459 qui
3211 4400 3304 4442 me

1943 4491 1969 4524 α
1997 4470 2314 4543 segregavit
2339 4469 2412 4526 ab
2440 4476 2601 4527 utero
2628 4470 2833 4525 matris
2863 4485 3026 4534 meae,
3050 4474 3107 4526 et
3133 4484 3305 4525 voca-

1943 4574 1970 4607 α
2001 4552 2083 4607 vit
2106 4567 2206 4625 per
2224 4552 2471 4625 gratiam
2497 4569 2681 4622 suam,
2705 4559 2811 4610 etc.
2843 4554 2971 4609 Non
2993 4550 3131 4608 dicit
3158 4552 3304 4606 Pau-

1943 4655 1968 4686 ι.
1998 4634 2107 4701 lus,
2163 4633 2393 4705 quando
2439 4635 2601 4695 novit
2640 4650 2734 4690 me
2776 4632 3163 4700 obediturum,
3204 4632 3303 4690 sed

1944 4734 1970 4765 α
1996 4713 2227 4785 quando
2253 4715 2340 4771 illi
2373 4715 2601 4788 placuit,
2644 4714 2742 4787 qui
2792 4729 2895 4785 per
2919 4713 3173 4787 gratiam
3208 4728 3302 4770 me

1944 4815 1969 4846 α
2001 4796 2240 4852 vocavit.
2274 4798 2402 4853 Non
2429 4801 2687 4869 expectat
2713 4798 2860 4852 Deus
2884 4810 3112 4867 semper
3140 4793 3304 4851 arbi-

1943 4878 2182 4933 «trium
2230 4883 2510 4944 nostrum,
2563 4878 2698 4951 quia
2741 4894 2847 4934 sua
2883 4878 3069 4951 gratia
3115 4876 3303 4950 ipsum

1947 4979 1970 5009 t<
1999 4957 2220 5021 excitat,
2248 4958 2469 5030 ipsique
2487 4958 2585 5016 dat
2604 4958 2774 5026 velle,
2799 4963 2856 5015 et
2883 4955 3173 5029 perficere,
3205 4958 3304 5030 qui

1945 5061 1971 5093 α
2002 5039 2177 5097 etiam
2209 5036 2451 5098 rebelles
2470 5040 2770 5107 convertit,
2796 5044 2851 5096 et
2879 5039 3173 5111 compellit
3199 5055 3306 5095 vo-

3032 5123 3298 5179 luntateS.
