<?xml version="1.0" encoding="UTF-8"?>
<!DOCTYPE html PUBLIC "-//W3C//DTD XHTML 1.0 Transitional//EN"
    "http://www.w3.org/TR/xhtml1/DTD/xhtml1-transitional.dtd">
<html xmlns="http://www.w3.org/1999/xhtml" xml:lang="en" lang="en">
 <head>
  <title>
</title>
<meta http-equiv="Content-Type" content="text/html;charset=utf-8" />
  <meta name='ocr-system' content='tesseract 3.04.00' />
  <meta name='ocr-capabilities' content='ocr_page ocr_carea ocr_par ocr_line ocrx_word'/>
</head>
<body>
  <div class='ocr_page' id='page_1' title='image "./collegiisalmant00carmgoog_0401.png"; bbox 0 0 3647 5753; ppageno 0'>
   <div class='ocr_carea' id='block_1_1' title="bbox 69 1699 223 1741">
    <p class='ocr_par' dir='ltr' id='par_1_1' title="bbox 69 1699 223 1741">
     <span class='ocr_line' id='line_1_1' title="bbox 69 1699 223 1741; baseline 0.006 -1"><span class='ocrx_word' id='word_1_1' title='bbox 69 1699 223 1741; x_wconf 67' lang='lat' dir='ltr'><strong>Smrez.</strong></span> 
     </span>
    </p>
   </div>
   <div class='ocr_carea' id='block_1_2' title="bbox 63 2351 233 2395">
    <p class='ocr_par' dir='ltr' id='par_1_2' title="bbox 63 2351 233 2395">
     <span class='ocr_line' id='line_1_2' title="bbox 63 2351 233 2395; baseline 0.024 -4"><span class='ocrx_word' id='word_1_2' title='bbox 63 2351 112 2391; x_wconf 87' lang='lat' dir='ltr'><strong>D.</strong></span> <span class='ocrx_word' id='word_1_3' title='bbox 134 2351 233 2395; x_wconf 79' lang='lat' dir='ltr'><strong>Tho.</strong></span> 
     </span>
    </p>
   </div>
   <div class='ocr_carea' id='block_1_3' title="bbox 1383 368 2032 462">
    <p class='ocr_par' dir='ltr' id='par_1_3' title="bbox 1383 368 2032 462">
     <span class='ocr_line' id='line_1_3' title="bbox 1383 368 2032 462; baseline 0.008 -12"><span class='ocrx_word' id='word_1_4' title='bbox 1383 368 1562 452; x_wconf 64' lang='lat' dir='ltr'><strong>mse.</strong></span> <span class='ocrx_word' id='word_1_5' title='bbox 1607 396 1677 462; x_wconf 89' lang='lat'><strong>11,</strong></span> <span class='ocrx_word' id='word_1_6' title='bbox 1722 397 1888 454; x_wconf 79' lang='lat' dir='ltr'><strong>nus.</strong></span> <span class='ocrx_word' id='word_1_7' title='bbox 1937 399 2032 455; x_wconf 81' lang='grc' dir='ltr'><strong>ιν.</strong></span> 
     </span>
    </p>
   </div>
   <div class='ocr_carea' id='block_1_4' title="bbox 252 566 1634 2429">
    <p class='ocr_par' dir='ltr' id='par_1_4' title="bbox 252 566 1634 2429">
     <span class='ocr_line' id='line_1_4' title="bbox 252 566 1634 641; baseline 0.001 -19"><span class='ocrx_word' id='word_1_8' title='bbox 252 566 677 641; x_wconf 74' lang='lat' dir='ltr'>spopondimus</span> <span class='ocrx_word' id='word_1_9' title='bbox 703 583 809 625; x_wconf 91' lang='lat' dir='ltr'><strong>nos</strong></span> <span class='ocrx_word' id='word_1_10' title='bbox 835 566 1169 623; x_wconf 86' lang='lat' dir='ltr'><strong>firmaturos</strong></span> <span class='ocrx_word' id='word_1_11' title='bbox 1204 580 1327 623; x_wconf 89' lang='lat' dir='ltr'><strong>esse</strong></span> <span class='ocrx_word' id='word_1_12' title='bbox 1358 581 1429 622; x_wconf 82' lang='lat' dir='ltr'><strong>ex</strong></span> <span class='ocrx_word' id='word_1_13' title='bbox 1464 566 1634 639; x_wconf 89' lang='lat' dir='ltr'><strong>prin-</strong></span> 
     </span>
     <span class='ocr_line' id='line_1_5' title="bbox 260 647 1627 723; baseline -0.001 -16"><span class='ocrx_word' id='word_1_14' title='bbox 260 650 434 723; x_wconf 88' lang='lat' dir='ltr'><strong>cipiis</strong></span> <span class='ocrx_word' id='word_1_15' title='bbox 489 647 722 705; x_wconf 85' lang='lat' dir='ltr'><strong>traditis</strong></span> <span class='ocrx_word' id='word_1_16' title='bbox 781 652 1121 721; x_wconf 74' lang='lat' dir='ltr'><strong>praesentem</strong></span> <span class='ocrx_word' id='word_1_17' title='bbox 1172 649 1627 716; x_wconf 78' lang='lat' dir='ltr'><strong>conclusionem,</strong></span> 
     </span>
     <span class='ocr_line' id='line_1_6' title="bbox 257 729 1626 805; baseline 0 -18"><span class='ocrx_word' id='word_1_18' title='bbox 257 730 411 805; x_wconf 91' lang='lat' dir='ltr'><strong>quod</strong></span> <span class='ocrx_word' id='word_1_19' title='bbox 453 747 610 788; x_wconf 92' lang='lat' dir='ltr'><strong>nunc</strong></span> <span class='ocrx_word' id='word_1_20' title='bbox 654 729 1000 803; x_wconf 80' lang='lat' dir='ltr'>exequimur</span> <span class='ocrx_word' id='word_1_21' title='bbox 1044 730 1304 802; x_wconf 81' lang='lat' dir='ltr'>sequenti</span> <span class='ocrx_word' id='word_1_22' title='bbox 1347 730 1626 788; x_wconf 81' lang='lat' dir='ltr'><strong>discursu.</strong></span> 
     </span>
     <span class='ocr_line' id='line_1_7' title="bbox 261 810 1632 887; baseline -0.001 -18"><span class='ocrx_word' id='word_1_23' title='bbox 261 813 526 887; x_wconf 81' lang='lat' dir='ltr'><strong>implicat</strong></span> <span class='ocrx_word' id='word_1_24' title='bbox 551 812 852 869; x_wconf 87' lang='lat' dir='ltr'><strong>hominem</strong></span> <span class='ocrx_word' id='word_1_25' title='bbox 879 825 1001 869; x_wconf 86' lang='lat' dir='ltr'><strong>esse</strong></span> <span class='ocrx_word' id='word_1_26' title='bbox 1025 825 1369 868; x_wconf 90' lang='lat' dir='ltr'><strong>conversum</strong></span> <span class='ocrx_word' id='word_1_27' title='bbox 1397 811 1469 869; x_wconf 78' lang='lat' dir='ltr'><strong>ud</strong></span> <span class='ocrx_word' id='word_1_28' title='bbox 1491 810 1632 869; x_wconf 92' lang='lat' dir='ltr'><strong>duos</strong></span> 
     </span>
     <span class='ocr_line' id='line_1_8' title="bbox 263 890 1630 950; baseline -0.001 -1"><span class='ocrx_word' id='word_1_29' title='bbox 263 893 500 950; x_wconf 88' lang='lat' dir='ltr'><strong>ultimos</strong></span> <span class='ocrx_word' id='word_1_30' title='bbox 525 891 672 949; x_wconf 87' lang='lat' dir='ltr'><strong>fines</strong></span> <span class='ocrx_word' id='word_1_31' title='bbox 702 914 716 949; x_wconf 75' lang='grc' dir='ltr'><strong><em>ε</em></strong></span> <span class='ocrx_word' id='word_1_32' title='bbox 758 890 857 948; x_wconf 88' lang='lat' dir='ltr'><strong>sed</strong></span> <span class='ocrx_word' id='word_1_33' title='bbox 882 891 933 947; x_wconf 91' lang='lat' dir='ltr'><strong>si</strong></span> <span class='ocrx_word' id='word_1_34' title='bbox 971 891 1147 948; x_wconf 86' lang='lat' dir='ltr'><strong>homo</strong></span> <span class='ocrx_word' id='word_1_35' title='bbox 1170 891 1355 948; x_wconf 74' lang='lat' dir='ltr'><strong>simul*</strong></span> <span class='ocrx_word' id='word_1_36' title='bbox 1395 891 1630 950; x_wconf 85' lang='lat' dir='ltr'><strong>haberet</strong></span> 
     </span>
     <span class='ocr_line' id='line_1_9' title="bbox 264 973 1630 1049; baseline -0.001 -16"><span class='ocrx_word' id='word_1_37' title='bbox 264 981 553 1049; x_wconf 84' lang='lat' dir='ltr'><strong>peccatum</strong></span> <span class='ocrx_word' id='word_1_38' title='bbox 573 975 840 1040; x_wconf 89' lang='lat' dir='ltr'><strong>mortale,</strong></span> <span class='ocrx_word' id='word_1_39' title='bbox 861 978 919 1030; x_wconf 88' lang='lat' dir='ltr'><strong>et</strong></span> <span class='ocrx_word' id='word_1_40' title='bbox 935 973 1206 1048; x_wconf 83' lang='lat' dir='ltr'><strong>gratiam.</strong></span> <span class='ocrx_word' id='word_1_41' title='bbox 1231 981 1378 1031; x_wconf 89' lang='lat' dir='ltr'><strong>esset</strong></span> <span class='ocrx_word' id='word_1_42' title='bbox 1395 990 1630 1033; x_wconf 89' lang='lat' dir='ltr'><strong>conver-</strong></span> 
     </span>
     <span class='ocr_line' id='line_1_10' title="bbox 262 1053 1630 1128; baseline -0.001 -17"><span class='ocrx_word' id='word_1_43' title='bbox 262 1073 359 1112; x_wconf 84' lang='lat' dir='ltr'><strong>sus</strong></span> <span class='ocrx_word' id='word_1_44' title='bbox 385 1055 456 1112; x_wconf 87' lang='lat' dir='ltr'><strong>ad</strong></span> <span class='ocrx_word' id='word_1_45' title='bbox 500 1053 643 1111; x_wconf 91' lang='lat' dir='ltr'><strong>duos</strong></span> <span class='ocrx_word' id='word_1_46' title='bbox 672 1055 908 1112; x_wconf 84' lang='lat' dir='ltr'><strong>ultimos</strong></span> <span class='ocrx_word' id='word_1_47' title='bbox 951 1053 1096 1116; x_wconf 84' lang='lat' dir='ltr'><strong>fines</strong></span> <span class='ocrx_word' id='word_1_48' title='bbox 1141 1075 1158 1110; x_wconf 71' lang='grc' dir='ltr'><strong><em>ε</em></strong></span> <span class='ocrx_word' id='word_1_49' title='bbox 1196 1068 1336 1128; x_wconf 88' lang='lat' dir='ltr'><strong>ergo</strong></span> <span class='ocrx_word' id='word_1_50' title='bbox 1369 1055 1630 1127; x_wconf 88' lang='lat' dir='ltr'><strong>implicat</strong></span> 
     </span>
     <span class='ocr_line' id='line_1_11' title="bbox 262 1136 1623 1216; baseline 0.001 -23"><span class='ocrx_word' id='word_1_51' title='bbox 262 1137 560 1195; x_wconf 84' lang='lat' dir='ltr'><strong>hominem</strong></span> <span class='ocrx_word' id='word_1_52' title='bbox 589 1136 800 1193; x_wconf 86' lang='lat' dir='ltr'><strong>habere</strong></span> <span class='ocrx_word' id='word_1_53' title='bbox 824 1137 1001 1216; x_wconf 82' lang='lat' dir='ltr'><strong>simul</strong></span> <span class='ocrx_word' id='word_1_54' title='bbox 1030 1141 1321 1209; x_wconf 87' lang='lat' dir='ltr'><strong>peccatum</strong></span> <span class='ocrx_word' id='word_1_55' title='bbox 1361 1137 1623 1205; x_wconf 85' lang='lat' dir='ltr'><strong>mortale,</strong></span> 
     </span>
     <span class='ocr_line' id='line_1_12' title="bbox 260 1216 1630 1292; baseline -0.001 -18"><span class='ocrx_word' id='word_1_56' title='bbox 260 1223 318 1275; x_wconf 89' lang='lat' dir='ltr'><strong>et</strong></span> <span class='ocrx_word' id='word_1_57' title='bbox 342 1218 609 1292; x_wconf 80' lang='lat' dir='ltr'><strong>gratiam.</strong></span> <span class='ocrx_word' id='word_1_58' title='bbox 653 1218 1070 1289; x_wconf 81' lang='lat' dir='ltr'><strong>Consequentia</strong></span> <span class='ocrx_word' id='word_1_59' title='bbox 1095 1221 1180 1274; x_wconf 88' lang='lat' dir='ltr'><strong>est</strong></span> <span class='ocrx_word' id='word_1_60' title='bbox 1207 1217 1483 1292; x_wconf 86' lang='lat' dir='ltr'><strong>legitima.</strong></span> <span class='ocrx_word' id='word_1_61' title='bbox 1513 1216 1630 1273; x_wconf 90' lang='lat' dir='ltr'><strong>Mi-</strong></span> 
     </span>
     <span class='ocr_line' id='line_1_13' title="bbox 265 1296 1626 1371; baseline 0 -19"><span class='ocrx_word' id='word_1_62' title='bbox 265 1312 375 1354; x_wconf 93' lang='lat' dir='ltr'><strong>nor</strong></span> <span class='ocrx_word' id='word_1_63' title='bbox 399 1297 576 1353; x_wconf 90' lang='lat' dir='ltr'><strong>etiam</strong></span> <span class='ocrx_word' id='word_1_64' title='bbox 604 1297 798 1369; x_wconf 88' lang='lat' dir='ltr'><strong>liquet,</strong></span> <span class='ocrx_word' id='word_1_65' title='bbox 829 1296 965 1368; x_wconf 87' lang='lat' dir='ltr'><strong>quia</strong></span> <span class='ocrx_word' id='word_1_66' title='bbox 1008 1297 1182 1355; x_wconf 89' lang='lat' dir='ltr'><strong>homo</strong></span> <span class='ocrx_word' id='word_1_67' title='bbox 1210 1312 1311 1369; x_wconf 91' lang='lat' dir='ltr'><strong>per</strong></span> <span class='ocrx_word' id='word_1_68' title='bbox 1338 1300 1626 1371; x_wconf 86' lang='lat' dir='ltr'><strong>peccatum</strong></span> 
     </span>
     <span class='ocr_line' id='line_1_14' title="bbox 265 1377 1623 1452; baseline 0 -17"><span class='ocrx_word' id='word_1_69' title='bbox 265 1380 509 1436; x_wconf 82' lang='lat' dir='ltr'>mortale</span> <span class='ocrx_word' id='word_1_70' title='bbox 555 1379 910 1437; x_wconf 88' lang='lat' dir='ltr'><strong>convertitur</strong></span> <span class='ocrx_word' id='word_1_71' title='bbox 937 1377 1009 1435; x_wconf 90' lang='lat' dir='ltr'><strong>ad</strong></span> <span class='ocrx_word' id='word_1_72' title='bbox 1054 1377 1270 1436; x_wconf 92' lang='lat' dir='ltr'><strong>bonum</strong></span> <span class='ocrx_word' id='word_1_73' title='bbox 1301 1378 1623 1452; x_wconf 89' lang='lat' dir='ltr'><strong>proprium,</strong></span> 
     </span>
     <span class='ocr_line' id='line_1_15' title="bbox 265 1459 1627 1531; baseline 0.001 -17"><span class='ocrx_word' id='word_1_74' title='bbox 265 1464 539 1531; x_wconf 85' lang='lat' dir='ltr'><strong>tanquam</strong></span> <span class='ocrx_word' id='word_1_75' title='bbox 584 1459 655 1516; x_wconf 89' lang='lat' dir='ltr'><strong>ad</strong></span> <span class='ocrx_word' id='word_1_76' title='bbox 684 1459 955 1516; x_wconf 90' lang='lat' dir='ltr'><strong>ultimum</strong></span> <span class='ocrx_word' id='word_1_77' title='bbox 985 1459 1182 1528; x_wconf 85' lang='lat' dir='ltr'><strong>finem,</strong></span> <span class='ocrx_word' id='word_1_78' title='bbox 1228 1465 1290 1515; x_wconf 90' lang='lat' dir='ltr'><strong>ut</strong></span> <span class='ocrx_word' id='word_1_79' title='bbox 1315 1460 1627 1516; x_wconf 80' lang='lat' dir='ltr'><strong>statuimus</strong></span> 
     </span>
     <span class='ocr_line' id='line_1_16' title="bbox 264 1540 1629 1613; baseline 0.001 -20"><span class='ocrx_word' id='word_1_80' title='bbox 264 1547 425 1597; x_wconf 84' lang='lat' dir='ltr'><strong>tract.</strong></span> <span class='ocrx_word' id='word_1_81' title='bbox 454 1541 518 1595; x_wconf 78' lang='lat' dir='ltr'><strong>de</strong></span> <span class='ocrx_word' id='word_1_82' title='bbox 543 1541 645 1597; x_wconf 82' lang='lat' dir='ltr'><strong>ult.</strong></span> <span class='ocrx_word' id='word_1_83' title='bbox 678 1541 803 1611; x_wconf 80' lang='lat' dir='ltr'><strong>fine,</strong></span> <span class='ocrx_word' id='word_1_84' title='bbox 834 1540 976 1613; x_wconf 81' lang='lat' dir='ltr'><strong>disp.</strong></span> <span class='ocrx_word' id='word_1_85' title='bbox 1009 1541 1102 1598; x_wconf 78' lang='lat' dir='ltr'><strong>cit.</strong></span> <span class='ocrx_word' id='word_1_86' title='bbox 1146 1540 1273 1597; x_wconf 75' lang='lat' dir='ltr'><strong>dub.</strong></span> <span class='ocrx_word' id='word_1_87' title='bbox 1305 1541 1342 1596; x_wconf 88' lang='lat'><strong>3</strong></span> <span class='ocrx_word' id='word_1_88' title='bbox 1366 1548 1416 1597; x_wconf 80' lang='lat' dir='ltr'><strong>et</strong></span> <span class='ocrx_word' id='word_1_89' title='bbox 1443 1542 1478 1595; x_wconf 90' lang='grc'>4</span> <span class='ocrx_word' id='word_1_90' title='bbox 1504 1558 1629 1597; x_wconf 80' lang='lat' dir='ltr'><strong>cum</strong></span> 
     </span>
     <span class='ocr_line' id='line_1_17' title="bbox 261 1620 1628 1700; baseline 0.001 -23"><span class='ocrx_word' id='word_1_91' title='bbox 261 1630 496 1700; x_wconf 82' lang='lat' dir='ltr'><strong>sequent.</strong></span> <span class='ocrx_word' id='word_1_92' title='bbox 541 1623 634 1679; x_wconf 91' lang='lat' dir='ltr'><strong>vel</strong></span> <span class='ocrx_word' id='word_1_93' title='bbox 682 1620 754 1679; x_wconf 89' lang='lat' dir='ltr'><strong>ad</strong></span> <span class='ocrx_word' id='word_1_94' title='bbox 794 1621 1011 1680; x_wconf 90' lang='lat' dir='ltr'><strong>bonum</strong></span> <span class='ocrx_word' id='word_1_95' title='bbox 1052 1621 1455 1680; x_wconf 90' lang='lat' dir='ltr'><strong>inordinatum</strong></span> <span class='ocrx_word' id='word_1_96' title='bbox 1488 1637 1628 1679; x_wconf 90' lang='lat' dir='ltr'><strong>con-</strong></span> 
     </span>
     <span class='ocr_line' id='line_1_18' title="bbox 264 1693 1620 1771; baseline 0.002 -13"><span class='ocrx_word' id='word_1_97' title='bbox 264 1704 510 1761; x_wconf 86' lang='lat' dir='ltr'><strong>trarium</strong></span> <span class='ocrx_word' id='word_1_98' title='bbox 538 1695 672 1771; x_wconf 83' lang='lat' dir='ltr'><strong>Deo,</strong></span> <span class='ocrx_word' id='word_1_99' title='bbox 714 1708 779 1760; x_wconf 87' lang='lat' dir='ltr'><strong>ut</strong></span> <span class='ocrx_word' id='word_1_100' title='bbox 803 1704 965 1763; x_wconf 91' lang='lat' dir='ltr'><strong>docet</strong></span> <span class='ocrx_word' id='word_1_101' title='bbox 987 1705 1228 1761; x_wconf 87' lang='lat' dir='ltr'><strong>Suarius</strong></span> <span class='ocrx_word' id='word_1_102' title='bbox 1252 1693 1433 1762; x_wconf 75' lang='lat' dir='ltr'><strong>codem</strong></span> <span class='ocrx_word' id='word_1_103' title='bbox 1459 1711 1620 1761; x_wconf 82' lang='lat' dir='ltr'><strong>tract.</strong></span> 
     </span>
     <span class='ocr_line' id='line_1_19' title="bbox 261 1786 1627 1861; baseline 0.001 -21"><span class='ocrx_word' id='word_1_104' title='bbox 261 1787 399 1860; x_wconf 73' lang='lat' dir='ltr'><strong>disp.</strong></span> <span class='ocrx_word' id='word_1_105' title='bbox 457 1788 542 1844; x_wconf 87' lang='lat'><strong>13.</strong></span> <span class='ocrx_word' id='word_1_106' title='bbox 589 1789 663 1843; x_wconf 86' lang='lat' dir='ltr'><strong>At</strong></span> <span class='ocrx_word' id='word_1_107' title='bbox 710 1803 810 1859; x_wconf 89' lang='lat' dir='ltr'><strong>per</strong></span> <span class='ocrx_word' id='word_1_108' title='bbox 856 1788 1104 1861; x_wconf 81' lang='lat' dir='ltr'><strong>gratiam</strong></span> <span class='ocrx_word' id='word_1_109' title='bbox 1152 1788 1510 1845; x_wconf 86' lang='lat' dir='ltr'><strong>convertitur</strong></span> <span class='ocrx_word' id='word_1_110' title='bbox 1555 1786 1627 1843; x_wconf 84' lang='lat' dir='ltr'><strong>ad</strong></span> 
     </span>
     <span class='ocr_line' id='line_1_20' title="bbox 263 1866 1625 1941; baseline 0.001 -20"><span class='ocrx_word' id='word_1_111' title='bbox 263 1867 529 1925; x_wconf 90' lang='lat' dir='ltr'><strong>ultimum</strong></span> <span class='ocrx_word' id='word_1_112' title='bbox 577 1866 784 1929; x_wconf 86' lang='lat' dir='ltr'><strong>finem;</strong></span> <span class='ocrx_word' id='word_1_113' title='bbox 835 1882 973 1924; x_wconf 89' lang='lat' dir='ltr'><strong>nam</strong></span> <span class='ocrx_word' id='word_1_114' title='bbox 1018 1868 1208 1941; x_wconf 90' lang='lat' dir='ltr'><strong>gratia</strong></span> <span class='ocrx_word' id='word_1_115' title='bbox 1252 1869 1346 1924; x_wconf 90' lang='lat' dir='ltr'><strong>vel</strong></span> <span class='ocrx_word' id='word_1_116' title='bbox 1372 1871 1457 1925; x_wconf 88' lang='lat' dir='ltr'><strong>est</strong></span> <span class='ocrx_word' id='word_1_117' title='bbox 1503 1866 1625 1939; x_wconf 86' lang='lat' dir='ltr'><strong>ipsa</strong></span> 
     </span>
     <span class='ocr_line' id='line_1_21' title="bbox 261 1947 1627 2022; baseline -0.001 -19"><span class='ocrx_word' id='word_1_118' title='bbox 261 1947 522 2014; x_wconf 85' lang='lat' dir='ltr'><strong>charitas,</strong></span> <span class='ocrx_word' id='word_1_119' title='bbox 572 1948 667 2004; x_wconf 88' lang='lat' dir='ltr'><strong>vel</strong></span> <span class='ocrx_word' id='word_1_120' title='bbox 710 1947 876 2005; x_wconf 84' lang='lat' dir='ltr'><strong>radix</strong></span> <span class='ocrx_word' id='word_1_121' title='bbox 922 1948 1155 2022; x_wconf 82' lang='lat' dir='ltr'><strong>physica</strong></span> <span class='ocrx_word' id='word_1_122' title='bbox 1200 1947 1517 2013; x_wconf 77' lang='lat' dir='ltr'><strong>charitatiS,</strong></span> <span class='ocrx_word' id='word_1_123' title='bbox 1565 1952 1627 2002; x_wconf 93' lang='lat' dir='ltr'><strong>ut</strong></span> 
     </span>
     <span class='ocr_line' id='line_1_22' title="bbox 262 2024 1619 2102; baseline 0 -20"><span class='ocrx_word' id='word_1_124' title='bbox 262 2024 863 2085; x_wconf 86' lang='lat' dir='ltr'><strong>declaravimustract.</strong></span> <span class='ocrx_word' id='word_1_125' title='bbox 891 2029 1111 2102; x_wconf 75' lang='lat' dir='ltr'><strong>praeced.</strong></span> <span class='ocrx_word' id='word_1_126' title='bbox 1142 2028 1286 2101; x_wconf 82' lang='lat' dir='ltr'><strong>disp.</strong></span> <span class='ocrx_word' id='word_1_127' title='bbox 1318 2028 1374 2094; x_wconf 85' lang='lat'><strong>4,</strong></span> <span class='ocrx_word' id='word_1_128' title='bbox 1403 2027 1530 2082; x_wconf 78' lang='lat' dir='ltr'><strong>dub.</strong></span> <span class='ocrx_word' id='word_1_129' title='bbox 1566 2028 1619 2094; x_wconf 90' lang='lat'><strong>5,</strong></span> 
     </span>
     <span class='ocr_line' id='line_1_23' title="bbox 263 2106 1627 2184; baseline -0.001 -19"><span class='ocrx_word' id='word_1_130' title='bbox 263 2113 319 2165; x_wconf 89' lang='lat' dir='ltr'><strong>et</strong></span> <span class='ocrx_word' id='word_1_131' title='bbox 336 2108 628 2166; x_wconf 88' lang='lat' dir='ltr'><strong>charitatis</strong></span> <span class='ocrx_word' id='word_1_132' title='bbox 649 2110 931 2184; x_wconf 82' lang='lat' dir='ltr'><strong>obJ&#39;ectum</strong></span> <span class='ocrx_word' id='word_1_133' title='bbox 954 2114 1039 2166; x_wconf 91' lang='lat' dir='ltr'><strong>est</strong></span> <span class='ocrx_word' id='word_1_134' title='bbox 1061 2112 1208 2166; x_wconf 92' lang='lat' dir='ltr'><strong>Deus</strong></span> <span class='ocrx_word' id='word_1_135' title='bbox 1230 2110 1471 2165; x_wconf 89' lang='lat' dir='ltr'><strong>ultimus</strong></span> <span class='ocrx_word' id='word_1_136' title='bbox 1493 2106 1627 2165; x_wconf 84' lang='lat' dir='ltr'><strong>finis</strong></span> 
     </span>
     <span class='ocr_line' id='line_1_24' title="bbox 264 2190 1625 2264; baseline 0.002 -21"><span class='ocrx_word' id='word_1_137' title='bbox 264 2190 719 2261; x_wconf 88' lang='lat' dir='ltr'><strong>supernaturalis</strong></span> <span class='ocrx_word' id='word_1_138' title='bbox 742 2206 917 2264; x_wconf 88' lang='lat' dir='ltr'><strong>super</strong></span> <span class='ocrx_word' id='word_1_139' title='bbox 941 2191 1143 2248; x_wconf 88' lang='lat' dir='ltr'><strong>omnia</strong></span> <span class='ocrx_word' id='word_1_140' title='bbox 1168 2191 1424 2256; x_wconf 90' lang='lat' dir='ltr'><strong>dilectus,</strong></span> <span class='ocrx_word' id='word_1_141' title='bbox 1455 2193 1518 2245; x_wconf 90' lang='lat' dir='ltr'><strong>ut</strong></span> <span class='ocrx_word' id='word_1_142' title='bbox 1539 2193 1625 2246; x_wconf 90' lang='lat' dir='ltr'><strong>te-</strong></span> 
     </span>
     <span class='ocr_line' id='line_1_25' title="bbox 266 2270 1623 2345; baseline 0.001 -22"><span class='ocrx_word' id='word_1_143' title='bbox 266 2274 361 2325; x_wconf 88' lang='lat' dir='ltr'><strong>net</strong></span> <span class='ocrx_word' id='word_1_144' title='bbox 380 2272 703 2330; x_wconf 88' lang='lat' dir='ltr'><strong>communis</strong></span> <span class='ocrx_word' id='word_1_145' title='bbox 728 2272 1153 2345; x_wconf 89' lang='lat' dir='ltr'><strong>Theologorum</strong></span> <span class='ocrx_word' id='word_1_146' title='bbox 1179 2270 1467 2328; x_wconf 88' lang='lat' dir='ltr'><strong>sententia</strong></span> <span class='ocrx_word' id='word_1_147' title='bbox 1491 2284 1623 2325; x_wconf 91' lang='lat' dir='ltr'><strong>cum</strong></span> 
     </span>
     <span class='ocr_line' id='line_1_26' title="bbox 267 2349 1624 2429; baseline 0.001 -27"><span class='ocrx_word' id='word_1_148' title='bbox 267 2349 329 2405; x_wconf 91' lang='lat' dir='ltr'><strong>D.</strong></span> <span class='ocrx_word' id='word_1_149' title='bbox 352 2350 557 2408; x_wconf 89' lang='lat' dir='ltr'><strong>Thom.</strong></span> <span class='ocrx_word' id='word_1_150' title='bbox 579 2353 634 2417; x_wconf 83' lang='lat'><strong>2,</strong></span> <span class='ocrx_word' id='word_1_151' title='bbox 666 2353 721 2416; x_wconf 79' lang='lat'><strong>2,</strong></span> <span class='ocrx_word' id='word_1_152' title='bbox 752 2359 933 2429; x_wconf 57' lang='lat' dir='ltr'><strong>quast.</strong></span> <span class='ocrx_word' id='word_1_153' title='bbox 964 2352 1069 2420; x_wconf 80' lang='lat'><strong>23;</strong></span> <span class='ocrx_word' id='word_1_154' title='bbox 1098 2367 1232 2425; x_wconf 90' lang='lat' dir='ltr'><strong>ergo</strong></span> <span class='ocrx_word' id='word_1_155' title='bbox 1271 2352 1319 2406; x_wconf 90' lang='lat' dir='ltr'><strong>si</strong></span> <span class='ocrx_word' id='word_1_156' title='bbox 1343 2350 1515 2406; x_wconf 92' lang='lat' dir='ltr'><strong>homo</strong></span> <span class='ocrx_word' id='word_1_157' title='bbox 1540 2349 1624 2404; x_wconf 91' lang='lat' dir='ltr'><strong>si-</strong></span> 
     </span>
    </p>
   </div>
   <div class='ocr_carea' id='block_1_5' title="bbox 217 2429 1617 2505">
    <p class='ocr_par' dir='ltr' id='par_1_5' title="bbox 217 2429 1617 2505">
     <span class='ocr_line' id='line_1_27' title="bbox 217 2429 1617 2505; baseline 0.001 -22"><span class='ocrx_word' id='word_1_158' title='bbox 217 2429 230 2440; x_wconf 89' lang='lat'><em>&#39;</em></span> <span class='ocrx_word' id='word_1_159' title='bbox 264 2429 386 2484; x_wconf 89' lang='lat' dir='ltr'><strong>mul</strong></span> <span class='ocrx_word' id='word_1_160' title='bbox 407 2430 640 2487; x_wconf 85' lang='lat' dir='ltr'><strong>haberet</strong></span> <span class='ocrx_word' id='word_1_161' title='bbox 668 2438 952 2503; x_wconf 88' lang='lat' dir='ltr'><strong>peccatum</strong></span> <span class='ocrx_word' id='word_1_162' title='bbox 977 2433 1240 2494; x_wconf 90' lang='lat' dir='ltr'><strong>mortale,</strong></span> <span class='ocrx_word' id='word_1_163' title='bbox 1272 2436 1328 2488; x_wconf 91' lang='lat' dir='ltr'><strong>et</strong></span> <span class='ocrx_word' id='word_1_164' title='bbox 1348 2430 1617 2505; x_wconf 80' lang='lat' dir='ltr'><strong>gratiam,</strong></span> 
     </span>
    </p>
   </div>
   <div class='ocr_carea' id='block_1_6' title="bbox 42 3889 227 3935">
    <p class='ocr_par' dir='ltr' id='par_1_6' title="bbox 42 3889 227 3935">
     <span class='ocr_line' id='line_1_28' title="bbox 42 3889 227 3935; baseline 0.032 -6"><span class='ocrx_word' id='word_1_165' title='bbox 42 3889 176 3934; x_wconf 71' lang='lat' dir='ltr'><strong>Manli.</strong></span> <span class='ocrx_word' id='word_1_166' title='bbox 188 3894 227 3935; x_wconf 83' lang='lat'><strong>6.</strong></span> 
     </span>
    </p>
   </div>
   <div class='ocr_carea' id='block_1_7' title="bbox 52 4280 204 4428">
    <p class='ocr_par' dir='ltr' id='par_1_7' title="bbox 52 4280 204 4428">
     <span class='ocr_line' id='line_1_29' title="bbox 52 4280 204 4325; baseline 0.046 -7"><span class='ocrx_word' id='word_1_167' title='bbox 52 4280 204 4325; x_wconf 79' lang='lat' dir='ltr'><strong>Confir-</strong></span> 
     </span>
     <span class='ocr_line' id='line_1_30' title="bbox 61 4336 184 4387; baseline 0.016 -14"><span class='ocrx_word' id='word_1_168' title='bbox 61 4336 184 4387; x_wconf 66' lang='lat' dir='ltr'><strong>matur</strong></span> 
     </span>
     <span class='ocr_line' id='line_1_31' title="bbox 56 4388 194 4428; baseline 0.029 -7"><span class='ocrx_word' id='word_1_169' title='bbox 56 4388 194 4428; x_wconf 76' lang='lat' dir='ltr'><strong>primo.</strong></span> 
     </span>
    </p>
   </div>
   <div class='ocr_carea' id='block_1_8' title="bbox 231 2510 1627 5081">
    <p class='ocr_par' dir='ltr' id='par_1_8' title="bbox 233 2510 1623 4258">
     <span class='ocr_line' id='line_1_32' title="bbox 262 2510 1623 2570; baseline 0.001 -5"><span class='ocrx_word' id='word_1_170' title='bbox 262 2514 412 2566; x_wconf 86' lang='lat' dir='ltr'><strong>esset</strong></span> <span class='ocrx_word' id='word_1_171' title='bbox 435 2525 744 2568; x_wconf 88' lang='lat' dir='ltr'><strong>conversus</strong></span> <span class='ocrx_word' id='word_1_172' title='bbox 781 2512 849 2568; x_wconf 87' lang='lat' dir='ltr'><strong>ad</strong></span> <span class='ocrx_word' id='word_1_173' title='bbox 875 2513 1016 2570; x_wconf 86' lang='lat' dir='ltr'><strong>duos</strong></span> <span class='ocrx_word' id='word_1_174' title='bbox 1052 2511 1285 2569; x_wconf 90' lang='lat' dir='ltr'><strong>ultimos</strong></span> <span class='ocrx_word' id='word_1_175' title='bbox 1307 2510 1472 2567; x_wconf 74' lang='lat' dir='ltr'><strong>fineS.</strong></span> <span class='ocrx_word' id='word_1_176' title='bbox 1494 2512 1623 2566; x_wconf 89' lang='lat' dir='ltr'><strong>Ma-</strong></span> 
     </span>
     <span class='ocr_line' id='line_1_33' title="bbox 261 2588 1617 2659; baseline 0.001 -16"><span class='ocrx_word' id='word_1_177' title='bbox 261 2588 448 2659; x_wconf 82' lang='lat' dir='ltr'><strong>jorem</strong></span> <span class='ocrx_word' id='word_1_178' title='bbox 489 2594 680 2645; x_wconf 89' lang='lat' dir='ltr'><strong>autem</strong></span> <span class='ocrx_word' id='word_1_179' title='bbox 720 2591 830 2648; x_wconf 89' lang='lat' dir='ltr'><strong>late</strong></span> <span class='ocrx_word' id='word_1_180' title='bbox 866 2591 1220 2649; x_wconf 85' lang='lat' dir='ltr'><strong>ostendimus</strong></span> <span class='ocrx_word' id='word_1_181' title='bbox 1251 2592 1386 2648; x_wconf 90' lang='lat' dir='ltr'><strong>locis</strong></span> <span class='ocrx_word' id='word_1_182' title='bbox 1414 2591 1617 2656; x_wconf 89' lang='lat' dir='ltr'><strong>citatis,</strong></span> 
     </span>
     <span class='ocr_line' id='line_1_34' title="bbox 260 2670 1622 2747; baseline 0.003 -24"><span class='ocrx_word' id='word_1_183' title='bbox 260 2675 324 2724; x_wconf 87' lang='lat' dir='ltr'><strong>et</strong></span> <span class='ocrx_word' id='word_1_184' title='bbox 367 2685 519 2726; x_wconf 91' lang='lat' dir='ltr'><strong>nunc</strong></span> <span class='ocrx_word' id='word_1_185' title='bbox 563 2670 813 2729; x_wconf 87' lang='lat' dir='ltr'><strong>breviter</strong></span> <span class='ocrx_word' id='word_1_186' title='bbox 859 2672 1207 2747; x_wconf 82' lang='lat' dir='ltr'><strong>probamus:</strong></span> <span class='ocrx_word' id='word_1_187' title='bbox 1235 2674 1512 2745; x_wconf 89' lang='lat' dir='ltr'><strong>quoniam</strong></span> <span class='ocrx_word' id='word_1_188' title='bbox 1552 2670 1622 2728; x_wconf 88' lang='lat' dir='ltr'><strong>de</strong></span> 
     </span>
     <span class='ocr_line' id='line_1_35' title="bbox 264 2749 1620 2827; baseline 0.001 -23"><span class='ocrx_word' id='word_1_189' title='bbox 264 2749 484 2806; x_wconf 88' lang='lat' dir='ltr'><strong>ratione</strong></span> <span class='ocrx_word' id='word_1_190' title='bbox 530 2752 720 2808; x_wconf 87' lang='lat' dir='ltr'><strong>ultimi</strong></span> <span class='ocrx_word' id='word_1_191' title='bbox 761 2752 896 2809; x_wconf 80' lang='lat' dir='ltr'><strong>finis</strong></span> <span class='ocrx_word' id='word_1_192' title='bbox 933 2759 1036 2822; x_wconf 89' lang='lat' dir='ltr'><strong>est,</strong></span> <span class='ocrx_word' id='word_1_193' title='bbox 1068 2752 1216 2827; x_wconf 91' lang='lat' dir='ltr'><strong>quod</strong></span> <span class='ocrx_word' id='word_1_194' title='bbox 1257 2754 1409 2809; x_wconf 91' lang='lat' dir='ltr'><strong>nulli</strong></span> <span class='ocrx_word' id='word_1_195' title='bbox 1452 2751 1620 2810; x_wconf 87' lang='lat' dir='ltr'><strong>alteri</strong></span> 
     </span>
     <span class='ocr_line' id='line_1_36' title="bbox 252 2827 1623 2906; baseline 0.004 -23"><span class='ocrx_word' id='word_1_196' title='bbox 252 2827 687 2899; x_wconf 85' lang='lat' dir='ltr'><strong>subordinetur,</strong></span> <span class='ocrx_word' id='word_1_197' title='bbox 719 2839 775 2890; x_wconf 89' lang='lat' dir='ltr'><strong>et</strong></span> <span class='ocrx_word' id='word_1_198' title='bbox 800 2833 950 2906; x_wconf 91' lang='lat' dir='ltr'><strong>quod</strong></span> <span class='ocrx_word' id='word_1_199' title='bbox 989 2833 1187 2891; x_wconf 90' lang='lat' dir='ltr'><strong>omnia</strong></span> <span class='ocrx_word' id='word_1_200' title='bbox 1209 2833 1327 2890; x_wconf 89' lang='lat' dir='ltr'><strong>alia</strong></span> <span class='ocrx_word' id='word_1_201' title='bbox 1351 2832 1464 2889; x_wconf 92' lang='lat' dir='ltr'><strong>sibi</strong></span> <span class='ocrx_word' id='word_1_202' title='bbox 1490 2829 1623 2891; x_wconf 89' lang='lat' dir='ltr'><strong>sub-</strong></span> 
     </span>
     <span class='ocr_line' id='line_1_37' title="bbox 253 2910 1622 2988; baseline 0.003 -22"><span class='ocrx_word' id='word_1_203' title='bbox 253 2910 526 2979; x_wconf 89' lang='lat' dir='ltr'><strong>ordinet;</strong></span> <span class='ocrx_word' id='word_1_204' title='bbox 574 2914 679 2972; x_wconf 90' lang='lat' dir='ltr'><strong>hoc</strong></span> <span class='ocrx_word' id='word_1_205' title='bbox 717 2916 878 2972; x_wconf 90' lang='lat' dir='ltr'><strong>enim</strong></span> <span class='ocrx_word' id='word_1_206' title='bbox 926 2915 1457 2988; x_wconf 86' lang='lat' dir='ltr'><strong>indispensabiliter</strong></span> <span class='ocrx_word' id='word_1_207' title='bbox 1504 2915 1622 2971; x_wconf 91' lang='lat' dir='ltr'><strong>im-</strong></span> 
     </span>
     <span class='ocr_line' id='line_1_38' title="bbox 251 2995 1622 3070; baseline 0.004 -22"><span class='ocrx_word' id='word_1_208' title='bbox 251 2997 445 3064; x_wconf 78' lang='lat' dir='ltr'><strong>portat</strong></span> <span class='ocrx_word' id='word_1_209' title='bbox 471 2995 529 3069; x_wconf 86' lang='lat' dir='ltr'><strong>ly</strong></span> <span class='ocrx_word' id='word_1_210' title='bbox 555 2999 744 3053; x_wconf 80' lang='lat' dir='ltr'><strong>amari</strong></span> <span class='ocrx_word' id='word_1_211' title='bbox 792 3014 953 3070; x_wconf 80' lang='lat' dir='ltr'><strong>super</strong></span> <span class='ocrx_word' id='word_1_212' title='bbox 996 3000 1204 3062; x_wconf 80' lang='lat' dir='ltr'><strong>omnia,</strong></span> <span class='ocrx_word' id='word_1_213' title='bbox 1236 2996 1385 3069; x_wconf 88' lang='lat' dir='ltr'><strong>quod</strong></span> <span class='ocrx_word' id='word_1_214' title='bbox 1430 3003 1516 3053; x_wconf 91' lang='lat' dir='ltr'><strong>est</strong></span> <span class='ocrx_word' id='word_1_215' title='bbox 1551 2996 1622 3053; x_wconf 87' lang='lat' dir='ltr'><strong>de</strong></span> 
     </span>
     <span class='ocr_line' id='line_1_39' title="bbox 247 3074 1622 3148; baseline 0.003 -20"><span class='ocrx_word' id='word_1_216' title='bbox 247 3074 501 3129; x_wconf 83' lang='lat' dir='ltr'><strong>essentia</strong></span> <span class='ocrx_word' id='word_1_217' title='bbox 545 3076 737 3133; x_wconf 89' lang='lat' dir='ltr'><strong>ultimi</strong></span> <span class='ocrx_word' id='word_1_218' title='bbox 785 3074 922 3133; x_wconf 86' lang='lat' dir='ltr'><strong>finis</strong></span> <span class='ocrx_word' id='word_1_219' title='bbox 966 3098 979 3133; x_wconf 71' lang='grc' dir='ltr'><strong>ε</strong></span> <span class='ocrx_word' id='word_1_220' title='bbox 1016 3076 1116 3134; x_wconf 90' lang='lat' dir='ltr'><strong>sed</strong></span> <span class='ocrx_word' id='word_1_221' title='bbox 1148 3092 1216 3133; x_wconf 90' lang='lat' dir='ltr'><strong>eo</strong></span> <span class='ocrx_word' id='word_1_222' title='bbox 1261 3077 1384 3148; x_wconf 90' lang='lat' dir='ltr'><strong>ipso</strong></span> <span class='ocrx_word' id='word_1_223' title='bbox 1430 3077 1622 3148; x_wconf 89' lang='lat' dir='ltr'><strong>impli-</strong></span> 
     </span>
     <span class='ocr_line' id='line_1_40' title="bbox 247 3152 1621 3215; baseline 0.004 -7"><span class='ocrx_word' id='word_1_224' title='bbox 247 3159 340 3209; x_wconf 86' lang='lat' dir='ltr'><strong>cat</strong></span> <span class='ocrx_word' id='word_1_225' title='bbox 368 3154 668 3214; x_wconf 89' lang='lat' dir='ltr'><strong>hominem</strong></span> <span class='ocrx_word' id='word_1_226' title='bbox 695 3173 816 3215; x_wconf 89' lang='lat' dir='ltr'><strong>esse</strong></span> <span class='ocrx_word' id='word_1_227' title='bbox 839 3152 1180 3215; x_wconf 78' lang='lat' dir='ltr'><strong>conversum</strong></span> <span class='ocrx_word' id='word_1_228' title='bbox 1213 3157 1284 3215; x_wconf 94' lang='lat' dir='ltr'><strong>ad</strong></span> <span class='ocrx_word' id='word_1_229' title='bbox 1310 3157 1452 3214; x_wconf 91' lang='lat' dir='ltr'><strong>duos</strong></span> <span class='ocrx_word' id='word_1_230' title='bbox 1480 3158 1621 3213; x_wconf 89' lang='lat' dir='ltr'><strong>ulti-</strong></span> 
     </span>
     <span class='ocr_line' id='line_1_41' title="bbox 250 3234 1618 3311; baseline 0.003 -21"><span class='ocrx_word' id='word_1_231' title='bbox 250 3250 377 3292; x_wconf 90' lang='lat' dir='ltr'><strong>mos</strong></span> <span class='ocrx_word' id='word_1_232' title='bbox 398 3234 545 3294; x_wconf 88' lang='lat' dir='ltr'><strong>fines</strong></span> <span class='ocrx_word' id='word_1_233' title='bbox 570 3259 583 3294; x_wconf 91' lang='lat'>:</span> <span class='ocrx_word' id='word_1_234' title='bbox 608 3253 763 3311; x_wconf 87' lang='lat' dir='ltr'><strong>erge,</strong></span> <span class='ocrx_word' id='word_1_235' title='bbox 789 3244 894 3295; x_wconf 88' lang='lat' dir='ltr'><strong>etc.</strong></span> <span class='ocrx_word' id='word_1_236' title='bbox 919 3239 1200 3296; x_wconf 88' lang='lat' dir='ltr'><strong>Suadetur</strong></span> <span class='ocrx_word' id='word_1_237' title='bbox 1223 3238 1416 3295; x_wconf 91' lang='lat' dir='ltr'><strong>minor</strong></span> <span class='ocrx_word' id='word_1_238' title='bbox 1444 3258 1457 3295; x_wconf 72' lang='grc' dir='ltr'><strong><em>ε</em></strong></span> <span class='ocrx_word' id='word_1_239' title='bbox 1481 3253 1618 3295; x_wconf 90' lang='lat' dir='ltr'><strong>nam</strong></span> 
     </span>
     <span class='ocr_line' id='line_1_42' title="bbox 248 3315 1620 3391; baseline 0.004 -21"><span class='ocrx_word' id='word_1_240' title='bbox 248 3315 299 3371; x_wconf 90' lang='lat' dir='ltr'><strong>si</strong></span> <span class='ocrx_word' id='word_1_241' title='bbox 339 3318 408 3383; x_wconf 89' lang='lat' dir='ltr'><strong>A,</strong></span> <span class='ocrx_word' id='word_1_242' title='bbox 441 3335 499 3375; x_wconf 87' lang='lat' dir='ltr'><strong>v.</strong></span> <span class='ocrx_word' id='word_1_243' title='bbox 528 3334 587 3391; x_wconf 90' lang='lat' dir='ltr'><strong>g.</strong></span> <span class='ocrx_word' id='word_1_244' title='bbox 617 3323 671 3375; x_wconf 90' lang='lat' dir='ltr'><strong>et</strong></span> <span class='ocrx_word' id='word_1_245' title='bbox 699 3320 762 3388; x_wconf 89' lang='lat' dir='ltr'><strong>B,</strong></span> <span class='ocrx_word' id='word_1_246' title='bbox 794 3323 930 3375; x_wconf 89' lang='lat' dir='ltr'><strong>sunt</strong></span> <span class='ocrx_word' id='word_1_247' title='bbox 967 3318 1081 3376; x_wconf 92' lang='lat' dir='ltr'><strong>duo</strong></span> <span class='ocrx_word' id='word_1_248' title='bbox 1107 3319 1299 3375; x_wconf 91' lang='lat' dir='ltr'><strong>ultimi</strong></span> <span class='ocrx_word' id='word_1_249' title='bbox 1328 3318 1490 3388; x_wconf 85' lang='lat' dir='ltr'><strong>fines,</strong></span> <span class='ocrx_word' id='word_1_250' title='bbox 1523 3319 1620 3376; x_wconf 88' lang='lat' dir='ltr'><strong>in-</strong></span> 
     </span>
     <span class='ocr_line' id='line_1_43' title="bbox 246 3396 1620 3468; baseline 0.004 -17"><span class='ocrx_word' id='word_1_251' title='bbox 246 3396 542 3468; x_wconf 87' lang='lat' dir='ltr'><strong>quirimus</strong></span> <span class='ocrx_word' id='word_1_252' title='bbox 569 3404 766 3455; x_wconf 87' lang='lat' dir='ltr'><strong>utrum</strong></span> <span class='ocrx_word' id='word_1_253' title='bbox 800 3402 849 3454; x_wconf 91' lang='lat' dir='ltr'>A</span> <span class='ocrx_word' id='word_1_254' title='bbox 880 3399 1290 3458; x_wconf 87' lang='lat' dir='ltr'><strong>subordinetur</strong></span> <span class='ocrx_word' id='word_1_255' title='bbox 1305 3403 1370 3466; x_wconf 91' lang='lat' dir='ltr'><strong>B,</strong></span> <span class='ocrx_word' id='word_1_256' title='bbox 1390 3406 1620 3458; x_wconf 83' lang='lat' dir='ltr'><strong>autnon</strong></span> 
     </span>
     <span class='ocr_line' id='line_1_44' title="bbox 245 3474 1618 3554; baseline 0.007 -26"><span class='ocrx_word' id='word_1_257' title='bbox 245 3474 706 3534; x_wconf 77' lang='lat' dir='ltr'><strong>subordinetur?</strong></span> <span class='ocrx_word' id='word_1_258' title='bbox 733 3479 791 3534; x_wconf 92' lang='lat' dir='ltr'><strong>Si</strong></span> <span class='ocrx_word' id='word_1_259' title='bbox 832 3478 1246 3539; x_wconf 86' lang='lat' dir='ltr'><strong>subordinatur</strong></span> <span class='ocrx_word' id='word_1_260' title='bbox 1277 3504 1290 3535; x_wconf 74' lang='grc' dir='ltr'><strong>ι</strong></span> <span class='ocrx_word' id='word_1_261' title='bbox 1321 3495 1458 3554; x_wconf 89' lang='lat' dir='ltr'><strong>ergo</strong></span> <span class='ocrx_word' id='word_1_262' title='bbox 1499 3482 1618 3553; x_wconf 85' lang='lat' dir='ltr'><strong>jam</strong></span> 
     </span>
     <span class='ocr_line' id='line_1_45' title="bbox 245 3556 1621 3632; baseline 0.004 -22"><span class='ocrx_word' id='word_1_263' title='bbox 245 3569 367 3612; x_wconf 88' lang='lat' dir='ltr'><strong>non</strong></span> <span class='ocrx_word' id='word_1_264' title='bbox 393 3563 479 3613; x_wconf 88' lang='lat' dir='ltr'><strong>est</strong></span> <span class='ocrx_word' id='word_1_265' title='bbox 510 3556 650 3613; x_wconf 88' lang='lat' dir='ltr'><strong>finis</strong></span> <span class='ocrx_word' id='word_1_266' title='bbox 678 3557 938 3625; x_wconf 78' lang='lat' dir='ltr'><strong>ultimuS,</strong></span> <span class='ocrx_word' id='word_1_267' title='bbox 962 3558 1245 3632; x_wconf 88' lang='lat' dir='ltr'><strong>siquidem</strong></span> <span class='ocrx_word' id='word_1_268' title='bbox 1273 3558 1621 3617; x_wconf 88' lang='lat' dir='ltr'><strong>subordina-</strong></span> 
     </span>
     <span class='ocr_line' id='line_1_46' title="bbox 244 3639 1620 3715; baseline 0.006 -25"><span class='ocrx_word' id='word_1_269' title='bbox 244 3640 342 3692; x_wconf 89' lang='lat' dir='ltr'><strong>tur</strong></span> <span class='ocrx_word' id='word_1_270' title='bbox 383 3639 578 3696; x_wconf 90' lang='lat' dir='ltr'><strong>alteri.</strong></span> <span class='ocrx_word' id='word_1_271' title='bbox 612 3640 669 3695; x_wconf 90' lang='lat' dir='ltr'><strong>Si</strong></span> <span class='ocrx_word' id='word_1_272' title='bbox 701 3656 817 3696; x_wconf 92' lang='lat' dir='ltr'><strong>non</strong></span> <span class='ocrx_word' id='word_1_273' title='bbox 842 3640 1254 3699; x_wconf 86' lang='lat' dir='ltr'><strong>subordinatur</strong></span> <span class='ocrx_word' id='word_1_274' title='bbox 1287 3662 1300 3696; x_wconf 77' lang='grc' dir='ltr'><strong><em>ε</em></strong></span> <span class='ocrx_word' id='word_1_275' title='bbox 1343 3657 1477 3714; x_wconf 87' lang='lat' dir='ltr'><strong>ergo</strong></span> <span class='ocrx_word' id='word_1_276' title='bbox 1497 3641 1620 3715; x_wconf 81' lang='lat' dir='ltr'><strong>jam</strong></span> 
     </span>
     <span class='ocr_line' id='line_1_47' title="bbox 243 3716 1621 3794; baseline 0.008 -25"><span class='ocrx_word' id='word_1_277' title='bbox 243 3716 289 3769; x_wconf 86' lang='lat' dir='ltr'>B</span> <span class='ocrx_word' id='word_1_278' title='bbox 342 3733 464 3776; x_wconf 91' lang='lat' dir='ltr'><strong>non</strong></span> <span class='ocrx_word' id='word_1_279' title='bbox 491 3724 584 3775; x_wconf 87' lang='lat' dir='ltr'><strong>est</strong></span> <span class='ocrx_word' id='word_1_280' title='bbox 604 3720 843 3776; x_wconf 87' lang='lat' dir='ltr'><strong>ultimus</strong></span> <span class='ocrx_word' id='word_1_281' title='bbox 863 3720 1018 3787; x_wconf 75' lang='lat' dir='ltr'><strong>finiS,</strong></span> <span class='ocrx_word' id='word_1_282' title='bbox 1042 3720 1328 3794; x_wconf 88' lang='lat' dir='ltr'><strong>siquidem</strong></span> <span class='ocrx_word' id='word_1_283' title='bbox 1357 3737 1474 3778; x_wconf 91' lang='lat' dir='ltr'><strong>non</strong></span> <span class='ocrx_word' id='word_1_284' title='bbox 1490 3738 1621 3780; x_wconf 88' lang='lat' dir='ltr'><strong>om-</strong></span> 
     </span>
     <span class='ocr_line' id='line_1_48' title="bbox 243 3797 1622 3875; baseline 0.004 -22"><span class='ocrx_word' id='word_1_285' title='bbox 243 3797 343 3856; x_wconf 91' lang='lat' dir='ltr'><strong>nia</strong></span> <span class='ocrx_word' id='word_1_286' title='bbox 385 3801 504 3857; x_wconf 88' lang='lat' dir='ltr'><strong>sibi</strong></span> <span class='ocrx_word' id='word_1_287' title='bbox 531 3800 893 3857; x_wconf 84' lang='lat' dir='ltr'><strong>subordinat.</strong></span> <span class='ocrx_word' id='word_1_288' title='bbox 927 3805 1109 3868; x_wconf 89' lang='lat' dir='ltr'><strong>Quam</strong></span> <span class='ocrx_word' id='word_1_289' title='bbox 1143 3802 1622 3875; x_wconf 87' lang='lat' dir='ltr'><strong>incompossibili-</strong></span> 
     </span>
     <span class='ocr_line' id='line_1_49' title="bbox 243 3879 1618 3955; baseline 0.004 -21"><span class='ocrx_word' id='word_1_290' title='bbox 243 3884 420 3936; x_wconf 88' lang='lat' dir='ltr'><strong>tatem</strong></span> <span class='ocrx_word' id='word_1_291' title='bbox 442 3879 804 3955; x_wconf 86' lang='lat' dir='ltr'><strong>significavit</strong></span> <span class='ocrx_word' id='word_1_292' title='bbox 824 3881 1082 3939; x_wconf 90' lang='lat' dir='ltr'><strong>Christus</strong></span> <span class='ocrx_word' id='word_1_293' title='bbox 1109 3884 1389 3939; x_wconf 87' lang='lat' dir='ltr'><strong>Dominus</strong></span> <span class='ocrx_word' id='word_1_294' title='bbox 1413 3883 1618 3941; x_wconf 78' lang='lat' dir='ltr'><strong>Matth.</strong></span> 
     </span>
     <span class='ocr_line' id='line_1_50' title="bbox 237 3961 1621 4036; baseline 0.004 -20"><span class='ocrx_word' id='word_1_295' title='bbox 237 3962 293 4027; x_wconf 89' lang='lat'><strong>6,</strong></span> <span class='ocrx_word' id='word_1_296' title='bbox 325 3961 451 4018; x_wconf 88' lang='lat' dir='ltr'><strong>illis</strong></span> <span class='ocrx_word' id='word_1_297' title='bbox 485 3961 688 4018; x_wconf 83' lang='lat' dir='ltr'><strong>verbis</strong></span> <span class='ocrx_word' id='word_1_298' title='bbox 715 3983 728 4019; x_wconf 72' lang='grc' dir='ltr'><strong>ε</strong></span> <span class='ocrx_word' id='word_1_299' title='bbox 752 3962 928 4018; x_wconf 81' lang='lat' dir='ltr'><strong>Nemo</strong></span> <span class='ocrx_word' id='word_1_300' title='bbox 950 3970 1123 4036; x_wconf 74' lang='lat' dir='ltr'><strong>potest</strong></span> <span class='ocrx_word' id='word_1_301' title='bbox 1149 3964 1357 4020; x_wconf 79' lang='lat' dir='ltr'><strong>duobus</strong></span> <span class='ocrx_word' id='word_1_302' title='bbox 1382 3965 1621 4021; x_wconf 83' lang='lat' dir='ltr'><strong>dominis</strong></span> 
     </span>
     <span class='ocr_line' id='line_1_51' title="bbox 235 4044 1622 4109; baseline 0.004 -13"><span class='ocrx_word' id='word_1_303' title='bbox 235 4044 446 4097; x_wconf 78' lang='lat' dir='ltr'><strong>servire</strong></span> <span class='ocrx_word' id='word_1_304' title='bbox 460 4061 482 4109; x_wconf 91' lang='lat'><strong>,·</strong></span> <span class='ocrx_word' id='word_1_305' title='bbox 506 4050 617 4098; x_wconf 82' lang='lat' dir='ltr'><strong>aut</strong></span> <span class='ocrx_word' id='word_1_306' title='bbox 641 4044 787 4097; x_wconf 79' lang='lat' dir='ltr'><strong>enim</strong></span> <span class='ocrx_word' id='word_1_307' title='bbox 810 4060 984 4098; x_wconf 80' lang='lat' dir='ltr'><strong>unum</strong></span> <span class='ocrx_word' id='word_1_308' title='bbox 1009 4044 1140 4101; x_wconf 79' lang='lat' dir='ltr'><strong>odio.</strong></span> <span class='ocrx_word' id='word_1_309' title='bbox 1157 4044 1390 4109; x_wconf 80' lang='lat' dir='ltr'><strong>habebit,</strong></span> <span class='ocrx_word' id='word_1_310' title='bbox 1419 4052 1469 4099; x_wconf 81' lang='lat' dir='ltr'><strong>ct</strong></span> <span class='ocrx_word' id='word_1_311' title='bbox 1490 4047 1622 4103; x_wconf 81' lang='lat' dir='ltr'><strong>altc-</strong></span> 
     </span>
     <span class='ocr_line' id='line_1_52' title="bbox 234 4121 1621 4192; baseline 0.004 -16"><span class='ocrx_word' id='word_1_312' title='bbox 234 4137 365 4177; x_wconf 84' lang='lat' dir='ltr'><strong>rum</strong></span> <span class='ocrx_word' id='word_1_313' title='bbox 391 4121 627 4192; x_wconf 51' lang='lat' dir='ltr'><strong>diliyeR</strong></span> <span class='ocrx_word' id='word_1_314' title='bbox 652 4128 751 4177; x_wconf 77' lang='lat' dir='ltr'><strong>aut</strong></span> <span class='ocrx_word' id='word_1_315' title='bbox 777 4139 950 4177; x_wconf 81' lang='lat' dir='ltr'><strong>unum</strong></span> <span class='ocrx_word' id='word_1_316' title='bbox 974 4123 1279 4190; x_wconf 77' lang='lat' dir='ltr'><strong>sustinebit,</strong></span> <span class='ocrx_word' id='word_1_317' title='bbox 1309 4132 1360 4179; x_wconf 86' lang='lat' dir='ltr'><strong>ct</strong></span> <span class='ocrx_word' id='word_1_318' title='bbox 1385 4124 1621 4181; x_wconf 78' lang='lat' dir='ltr'><strong>alterum</strong></span> 
     </span>
     <span class='ocr_line' id='line_1_53' title="bbox 233 4208 568 4258; baseline 0.009 -3"><span class='ocrx_word' id='word_1_319' title='bbox 233 4208 568 4258; x_wconf 78' lang='lat' dir='ltr'><strong>contemnet.</strong></span> 
     </span>
    </p>

    <p class='ocr_par' dir='ltr' id='par_1_9' title="bbox 231 4278 1627 5081">
     <span class='ocr_line' id='line_1_54' title="bbox 318 4278 1615 4356; baseline 0.004 -21"><span class='ocrx_word' id='word_1_320' title='bbox 318 4278 445 4337; x_wconf 88' lang='lat'><strong>116.</strong></span> <span class='ocrx_word' id='word_1_321' title='bbox 506 4279 924 4346; x_wconf 82' lang='lat' dir='ltr'><strong>confirmatur,</strong></span> <span class='ocrx_word' id='word_1_322' title='bbox 956 4282 1362 4339; x_wconf 87' lang='lat' dir='ltr'><strong>etdeclaratur</strong></span> <span class='ocrx_word' id='word_1_323' title='bbox 1409 4283 1615 4356; x_wconf 88' lang='lat' dir='ltr'><strong>primo,</strong></span> 
     </span>
     <span class='ocr_line' id='line_1_55' title="bbox 232 4360 1623 4435; baseline 0.003 -18"><span class='ocrx_word' id='word_1_324' title='bbox 232 4362 370 4435; x_wconf 88' lang='lat' dir='ltr'><strong>quia</strong></span> <span class='ocrx_word' id='word_1_325' title='bbox 399 4361 546 4418; x_wconf 89' lang='lat' dir='ltr'><strong>finis</strong></span> <span class='ocrx_word' id='word_1_326' title='bbox 583 4377 645 4418; x_wconf 89' lang='lat' dir='ltr'><strong>se</strong></span> <span class='ocrx_word' id='word_1_327' title='bbox 668 4360 838 4418; x_wconf 87' lang='lat' dir='ltr'><strong>habet</strong></span> <span class='ocrx_word' id='word_1_328' title='bbox 857 4362 928 4418; x_wconf 89' lang='lat' dir='ltr'><strong>ad</strong></span> <span class='ocrx_word' id='word_1_329' title='bbox 953 4363 1310 4421; x_wconf 87' lang='lat' dir='ltr'><strong>voluntatem</strong></span> <span class='ocrx_word' id='word_1_330' title='bbox 1335 4365 1482 4421; x_wconf 90' lang='lat' dir='ltr'><strong>sicut</strong></span> <span class='ocrx_word' id='word_1_331' title='bbox 1510 4370 1623 4421; x_wconf 89' lang='lat' dir='ltr'><strong>ter-</strong></span> 
     </span>
     <span class='ocr_line' id='line_1_56' title="bbox 237 4441 1621 4517; baseline 0.002 -21"><span class='ocrx_word' id='word_1_332' title='bbox 237 4442 442 4498; x_wconf 90' lang='lat' dir='ltr'><strong>minus</strong></span> <span class='ocrx_word' id='word_1_333' title='bbox 481 4458 610 4499; x_wconf 80' lang='lat' dir='ltr'><strong>suae</strong></span> <span class='ocrx_word' id='word_1_334' title='bbox 653 4441 1051 4499; x_wconf 84' lang='lat' dir='ltr'><strong>inclinationis</strong></span> <span class='ocrx_word' id='word_1_335' title='bbox 1083 4464 1096 4499; x_wconf 74' lang='grc' dir='ltr'><strong><em>ε</em></strong></span> <span class='ocrx_word' id='word_1_336' title='bbox 1125 4459 1260 4517; x_wconf 84' lang='lat' dir='ltr'><strong>ergo</strong></span> <span class='ocrx_word' id='word_1_337' title='bbox 1294 4443 1407 4502; x_wconf 91' lang='lat' dir='ltr'><strong>duo</strong></span> <span class='ocrx_word' id='word_1_338' title='bbox 1428 4445 1621 4501; x_wconf 87' lang='lat' dir='ltr'><strong>ultimi</strong></span> 
     </span>
     <span class='ocr_line' id='line_1_57' title="bbox 236 4522 1624 4596; baseline 0.002 -17"><span class='ocrx_word' id='word_1_339' title='bbox 236 4523 385 4581; x_wconf 87' lang='lat' dir='ltr'><strong>fines</strong></span> <span class='ocrx_word' id='word_1_340' title='bbox 429 4540 496 4581; x_wconf 89' lang='lat' dir='ltr'><strong>se</strong></span> <span class='ocrx_word' id='word_1_341' title='bbox 546 4522 766 4579; x_wconf 83' lang='lat' dir='ltr'><strong>habent</strong></span> <span class='ocrx_word' id='word_1_342' title='bbox 791 4528 1065 4596; x_wconf 89' lang='lat' dir='ltr'><strong>tanquam</strong></span> <span class='ocrx_word' id='word_1_343' title='bbox 1108 4524 1221 4582; x_wconf 92' lang='lat' dir='ltr'><strong>duo</strong></span> <span class='ocrx_word' id='word_1_344' title='bbox 1261 4527 1500 4583; x_wconf 89' lang='lat' dir='ltr'><strong>termini</strong></span> <span class='ocrx_word' id='word_1_345' title='bbox 1530 4527 1624 4582; x_wconf 91' lang='lat' dir='ltr'><strong>ul-</strong></span> 
     </span>
     <span class='ocr_line' id='line_1_58' title="bbox 233 4603 1622 4675; baseline 0.001 -16"><span class='ocrx_word' id='word_1_346' title='bbox 233 4604 368 4661; x_wconf 89' lang='lat' dir='ltr'><strong>timi</strong></span> <span class='ocrx_word' id='word_1_347' title='bbox 402 4626 418 4661; x_wconf 88' lang='lat'>:</span> <span class='ocrx_word' id='word_1_348' title='bbox 448 4603 556 4662; x_wconf 88' lang='lat' dir='ltr'><strong>sed</strong></span> <span class='ocrx_word' id='word_1_349' title='bbox 588 4603 853 4675; x_wconf 88' lang='lat' dir='ltr'><strong>implicat</strong></span> <span class='ocrx_word' id='word_1_350' title='bbox 877 4603 1119 4660; x_wconf 89' lang='lat' dir='ltr'><strong>eandem</strong></span> <span class='ocrx_word' id='word_1_351' title='bbox 1148 4620 1271 4661; x_wconf 89' lang='lat' dir='ltr'><strong>rem</strong></span> <span class='ocrx_word' id='word_1_352' title='bbox 1314 4606 1622 4663; x_wconf 89' lang='lat' dir='ltr'><strong>terminari</strong></span> 
     </span>
     <span class='ocr_line' id='line_1_59' title="bbox 231 4683 1624 4761; baseline 0.003 -20"><span class='ocrx_word' id='word_1_353' title='bbox 231 4684 457 4761; x_wconf 86' lang='lat' dir='ltr'><strong>duplici</strong></span> <span class='ocrx_word' id='word_1_354' title='bbox 489 4685 755 4742; x_wconf 87' lang='lat' dir='ltr'><strong>termino</strong></span> <span class='ocrx_word' id='word_1_355' title='bbox 797 4683 1002 4741; x_wconf 89' lang='lat' dir='ltr'><strong>ultimo</strong></span> <span class='ocrx_word' id='word_1_356' title='bbox 1029 4705 1042 4741; x_wconf 73' lang='grc' dir='ltr'><strong><em>ε</em></strong></span> <span class='ocrx_word' id='word_1_357' title='bbox 1070 4701 1205 4760; x_wconf 88' lang='lat' dir='ltr'><strong>ergo</strong></span> <span class='ocrx_word' id='word_1_358' title='bbox 1231 4686 1495 4760; x_wconf 87' lang='lat' dir='ltr'><strong>implicat</strong></span> <span class='ocrx_word' id='word_1_359' title='bbox 1518 4703 1624 4745; x_wconf 91' lang='lat' dir='ltr'><strong>vo-</strong></span> 
     </span>
     <span class='ocr_line' id='line_1_60' title="bbox 235 4763 1626 4826; baseline 0.002 -4"><span class='ocrx_word' id='word_1_360' title='bbox 235 4768 530 4824; x_wconf 88' lang='lat' dir='ltr'><strong>luntatem</strong></span> <span class='ocrx_word' id='word_1_361' title='bbox 572 4763 793 4821; x_wconf 89' lang='lat' dir='ltr'><strong>habere</strong></span> <span class='ocrx_word' id='word_1_362' title='bbox 836 4763 979 4822; x_wconf 89' lang='lat' dir='ltr'><strong>duos</strong></span> <span class='ocrx_word' id='word_1_363' title='bbox 1025 4768 1260 4824; x_wconf 87' lang='lat' dir='ltr'><strong>ultimos</strong></span> <span class='ocrx_word' id='word_1_364' title='bbox 1305 4768 1471 4825; x_wconf 87' lang='lat' dir='ltr'><strong>fines.</strong></span> <span class='ocrx_word' id='word_1_365' title='bbox 1519 4770 1626 4826; x_wconf 92' lang='lat' dir='ltr'><strong>Mi-</strong></span> 
     </span>
     <span class='ocr_line' id='line_1_61' title="bbox 236 4846 1626 4918; baseline 0.001 -13"><span class='ocrx_word' id='word_1_366' title='bbox 236 4863 347 4905; x_wconf 88' lang='lat' dir='ltr'><strong>nor</strong></span> <span class='ocrx_word' id='word_1_367' title='bbox 366 4846 741 4912; x_wconf 81' lang='lat' dir='ltr'><strong>ostenditur3</strong></span> <span class='ocrx_word' id='word_1_368' title='bbox 767 4850 902 4900; x_wconf 77' lang='lat' dir='ltr'><strong>na‘m</strong></span> <span class='ocrx_word' id='word_1_369' title='bbox 918 4846 1067 4918; x_wconf 92' lang='lat' dir='ltr'><strong>quod</strong></span> <span class='ocrx_word' id='word_1_370' title='bbox 1086 4853 1172 4903; x_wconf 89' lang='lat' dir='ltr'><strong>est</strong></span> <span class='ocrx_word' id='word_1_371' title='bbox 1191 4849 1397 4906; x_wconf 88' lang='lat' dir='ltr'><strong>ultimo</strong></span> <span class='ocrx_word' id='word_1_372' title='bbox 1419 4851 1626 4907; x_wconf 89' lang='lat' dir='ltr'><strong>termi-</strong></span> 
     </span>
     <span class='ocr_line' id='line_1_62' title="bbox 241 4924 1627 4995; baseline 0.001 -11"><span class='ocrx_word' id='word_1_373' title='bbox 241 4932 473 4995; x_wconf 88' lang='lat' dir='ltr'><strong>natum,</strong></span> <span class='ocrx_word' id='word_1_374' title='bbox 522 4941 651 4982; x_wconf 91' lang='lat' dir='ltr'><strong>non</strong></span> <span class='ocrx_word' id='word_1_375' title='bbox 679 4929 763 4981; x_wconf 85' lang='lat' dir='ltr'><strong>est</strong></span> <span class='ocrx_word' id='word_1_376' title='bbox 791 4924 1034 4981; x_wconf 90' lang='lat' dir='ltr'><strong>ulterius</strong></span> <span class='ocrx_word' id='word_1_377' title='bbox 1060 4927 1450 4995; x_wconf 88' lang='lat' dir='ltr'><strong>terminabile,</strong></span> <span class='ocrx_word' id='word_1_378' title='bbox 1481 4929 1627 4986; x_wconf 84' lang='lat' dir='ltr'><strong>alias</strong></span> 
     </span>
     <span class='ocr_line' id='line_1_63' title="bbox 243 5002 1626 5081; baseline 0.003 -18"><span class='ocrx_word' id='word_1_379' title='bbox 243 5006 324 5077; x_wconf 88' lang='lat' dir='ltr'><strong>id,</strong></span> <span class='ocrx_word' id='word_1_380' title='bbox 356 5006 517 5081; x_wconf 91' lang='lat' dir='ltr'><strong>quod</strong></span> <span class='ocrx_word' id='word_1_381' title='bbox 547 5002 927 5063; x_wconf 86' lang='lat' dir='ltr'><strong>terminabile</strong></span> <span class='ocrx_word' id='word_1_382' title='bbox 951 5011 1225 5080; x_wconf 86' lang='lat' dir='ltr'><strong>superest,</strong></span> <span class='ocrx_word' id='word_1_383' title='bbox 1267 5024 1385 5065; x_wconf 92' lang='lat' dir='ltr'><strong>non</strong></span> <span class='ocrx_word' id='word_1_384' title='bbox 1423 5024 1626 5068; x_wconf 83' lang='lat' dir='ltr'><strong>mane—</strong></span> 
     </span>
    </p>
   </div>
   <div class='ocr_carea' id='block_1_9' title="bbox 3068 402 3142 455">
    <p class='ocr_par' dir='ltr' id='par_1_10' title="bbox 3068 402 3142 455">
     <span class='ocr_line' id='line_1_64' title="bbox 3068 402 3142 455; baseline 0 0"><span class='ocrx_word' id='word_1_385' title='bbox 3068 402 3142 455; x_wconf 75' lang='lat'><strong>79</strong></span> 
     </span>
    </p>
   </div>
   <div class='ocr_carea' id='block_1_10' title="bbox 1766 560 3140 802">
    <p class='ocr_par' dir='ltr' id='par_1_11' title="bbox 1766 560 3140 802">
     <span class='ocr_line' id='line_1_65' title="bbox 1770 560 3137 645; baseline 0.001 -20"><span class='ocrx_word' id='word_1_386' title='bbox 1770 573 1865 626; x_wconf 89' lang='lat' dir='ltr'><strong>ret</strong></span> <span class='ocrx_word' id='word_1_387' title='bbox 1894 569 2100 628; x_wconf 88' lang='lat' dir='ltr'><strong>ultimo</strong></span> <span class='ocrx_word' id='word_1_388' title='bbox 2127 571 2542 639; x_wconf 88' lang='lat' dir='ltr'><strong>terminatum;</strong></span> <span class='ocrx_word' id='word_1_389' title='bbox 2572 589 2695 645; x_wconf 72' lang='lat' dir='ltr'><strong>quas</strong></span> <span class='ocrx_word' id='word_1_390' title='bbox 2720 560 2805 628; x_wconf 81' lang='lat' dir='ltr'><strong>est</strong></span> <span class='ocrx_word' id='word_1_391' title='bbox 2831 570 3137 630; x_wconf 79' lang='lat' dir='ltr'><strong>manifesta</strong></span> 
     </span>
     <span class='ocr_line' id='line_1_66' title="bbox 1766 649 3140 726; baseline 0.004 -22"><span class='ocrx_word' id='word_1_392' title='bbox 1766 649 2158 718; x_wconf 77' lang='lat' dir='ltr'><strong>contradictio:</strong></span> <span class='ocrx_word' id='word_1_393' title='bbox 2178 667 2313 726; x_wconf 91' lang='lat' dir='ltr'><strong>ergo</strong></span> <span class='ocrx_word' id='word_1_394' title='bbox 2335 652 2596 726; x_wconf 85' lang='lat' dir='ltr'><strong>implicat</strong></span> <span class='ocrx_word' id='word_1_395' title='bbox 2616 652 2859 711; x_wconf 89' lang='lat' dir='ltr'><strong>eandem</strong></span> <span class='ocrx_word' id='word_1_396' title='bbox 2885 668 3010 710; x_wconf 89' lang='lat' dir='ltr'><strong>rem</strong></span> <span class='ocrx_word' id='word_1_397' title='bbox 3026 659 3140 710; x_wconf 89' lang='lat' dir='ltr'><strong>ter-</strong></span> 
     </span>
     <span class='ocr_line' id='line_1_67' title="bbox 1767 729 3131 802; baseline 0.004 -18"><span class='ocrx_word' id='word_1_398' title='bbox 1767 729 1983 785; x_wconf 85' lang='lat' dir='ltr'><strong>minari</strong></span> <span class='ocrx_word' id='word_1_399' title='bbox 1997 730 2213 802; x_wconf 89' lang='lat' dir='ltr'><strong>duplici</strong></span> <span class='ocrx_word' id='word_1_400' title='bbox 2229 732 2481 790; x_wconf 90' lang='lat' dir='ltr'><strong>termino</strong></span> <span class='ocrx_word' id='word_1_401' title='bbox 2498 734 2704 790; x_wconf 92' lang='lat' dir='ltr'><strong>ultimo</strong></span> <span class='ocrx_word' id='word_1_402' title='bbox 2717 736 2855 798; x_wconf 81' lang='lat' dir='ltr'><strong>‚Quo</strong></span> <span class='ocrx_word' id='word_1_403' title='bbox 2871 733 3131 790; x_wconf 85' lang='lat' dir='ltr'><strong>discursu</strong></span> 
     </span>
    </p>
   </div>
   <div class='ocr_carea' id='block_1_11' title="bbox 1764 808 3210 887">
    <p class='ocr_par' dir='ltr' id='par_1_12' title="bbox 1764 808 3210 887">
     <span class='ocr_line' id='line_1_68' title="bbox 1764 808 3210 887; baseline 0.002 -21"><span class='ocrx_word' id='word_1_404' title='bbox 1764 808 1989 866; x_wconf 89' lang='lat' dir='ltr'><strong>ostendi</strong></span> <span class='ocrx_word' id='word_1_405' title='bbox 2015 811 2181 876; x_wconf 85' lang='lat' dir='ltr'><strong>solet,</strong></span> <span class='ocrx_word' id='word_1_406' title='bbox 2225 811 2526 884; x_wconf 88' lang='lat' dir='ltr'><strong>implicare</strong></span> <span class='ocrx_word' id='word_1_407' title='bbox 2551 813 2701 885; x_wconf 91' lang='lat' dir='ltr'><strong>quod</strong></span> <span class='ocrx_word' id='word_1_408' title='bbox 2753 812 2907 871; x_wconf 90' lang='lat' dir='ltr'><strong>idem</strong></span> <span class='ocrx_word' id='word_1_409' title='bbox 2932 830 3140 887; x_wconf 88' lang='lat' dir='ltr'><strong>corpus</strong></span> <span class='ocrx_word' id='word_1_410' title='bbox 3205 857 3210 862; x_wconf 91' lang='lat'><strong>.</strong></span> 
     </span>
    </p>
   </div>
   <div class='ocr_carea' id='block_1_12' title="bbox 1753 887 3138 2982">
    <p class='ocr_par' dir='ltr' id='par_1_13' title="bbox 1761 887 3138 1272">
     <span class='ocr_line' id='line_1_69' title="bbox 1764 887 3135 965; baseline 0.004 -21"><span class='ocrx_word' id='word_1_411' title='bbox 1764 887 1973 947; x_wconf 86' lang='lat' dir='ltr'><strong>habeat</strong></span> <span class='ocrx_word' id='word_1_412' title='bbox 1990 889 2275 962; x_wconf 89' lang='lat' dir='ltr'><strong>duplicem</strong></span> <span class='ocrx_word' id='word_1_413' title='bbox 2297 893 2697 965; x_wconf 88' lang='lat' dir='ltr'><strong>quantitatem,</strong></span> <span class='ocrx_word' id='word_1_414' title='bbox 2723 898 2779 948; x_wconf 91' lang='lat' dir='ltr'><strong>et</strong></span> <span class='ocrx_word' id='word_1_415' title='bbox 2801 894 2950 965; x_wconf 93' lang='lat' dir='ltr'><strong>quod</strong></span> <span class='ocrx_word' id='word_1_416' title='bbox 2975 909 3135 951; x_wconf 90' lang='lat' dir='ltr'><strong>cons-</strong></span> 
     </span>
     <span class='ocr_line' id='line_1_70' title="bbox 1765 970 3138 1048; baseline 0.005 -23"><span class='ocrx_word' id='word_1_417' title='bbox 1765 970 2007 1028; x_wconf 87' lang='lat' dir='ltr'><strong>tituatur</strong></span> <span class='ocrx_word' id='word_1_418' title='bbox 2032 971 2209 1029; x_wconf 88' lang='lat' dir='ltr'><strong>simul</strong></span> <span class='ocrx_word' id='word_1_419' title='bbox 2238 972 2303 1029; x_wconf 90' lang='lat' dir='ltr'><strong>in</strong></span> <span class='ocrx_word' id='word_1_420' title='bbox 2330 973 2595 1046; x_wconf 89' lang='lat' dir='ltr'><strong>pluribus</strong></span> <span class='ocrx_word' id='word_1_421' title='bbox 2622 975 2779 1039; x_wconf 89' lang='lat' dir='ltr'><strong>locis,</strong></span> <span class='ocrx_word' id='word_1_422' title='bbox 2812 982 2869 1032; x_wconf 89' lang='lat' dir='ltr'><strong>et</strong></span> <span class='ocrx_word' id='word_1_423' title='bbox 2892 974 3045 1048; x_wconf 92' lang='lat' dir='ltr'><strong>quod</strong></span> <span class='ocrx_word' id='word_1_424' title='bbox 3067 976 3138 1032; x_wconf 91' lang='lat' dir='ltr'><strong>li·</strong></span> 
     </span>
     <span class='ocr_line' id='line_1_71' title="bbox 1764 1051 3137 1125; baseline 0.003 -19"><span class='ocrx_word' id='word_1_425' title='bbox 1764 1064 1874 1107; x_wconf 87' lang='lat' dir='ltr'><strong>nea</strong></span> <span class='ocrx_word' id='word_1_426' title='bbox 1912 1051 2258 1109; x_wconf 85' lang='lat' dir='ltr'><strong>terminetur</strong></span> <span class='ocrx_word' id='word_1_427' title='bbox 2294 1052 2509 1125; x_wconf 88' lang='lat' dir='ltr'><strong>duplici</strong></span> <span class='ocrx_word' id='word_1_428' title='bbox 2558 1059 2765 1125; x_wconf 91' lang='lat' dir='ltr'><strong>puncto</strong></span> <span class='ocrx_word' id='word_1_429' title='bbox 2806 1055 3031 1120; x_wconf 85' lang='lat' dir='ltr'><strong>ultimo,</strong></span> <span class='ocrx_word' id='word_1_430' title='bbox 3081 1061 3137 1112; x_wconf 85' lang='lat' dir='ltr'><strong>et</strong></span> 
     </span>
     <span class='ocr_line' id='line_1_72' title="bbox 1761 1131 3133 1210; baseline 0.005 -23"><span class='ocrx_word' id='word_1_431' title='bbox 1761 1131 1910 1202; x_wconf 90' lang='lat' dir='ltr'><strong>quod</strong></span> <span class='ocrx_word' id='word_1_432' title='bbox 1956 1132 2157 1190; x_wconf 87' lang='lat' dir='ltr'><strong>eadem</strong></span> <span class='ocrx_word' id='word_1_433' title='bbox 2196 1140 2407 1194; x_wconf 85' lang='lat' dir='ltr'><strong>natura</strong></span> <span class='ocrx_word' id='word_1_434' title='bbox 2445 1136 2651 1193; x_wconf 85' lang='lat' dir='ltr'><strong>existat</strong></span> <span class='ocrx_word' id='word_1_435' title='bbox 2705 1151 2806 1208; x_wconf 89' lang='lat' dir='ltr'><strong>per</strong></span> <span class='ocrx_word' id='word_1_436' title='bbox 2844 1136 3133 1210; x_wconf 90' lang='lat' dir='ltr'><strong>duplicem</strong></span> 
     </span>
     <span class='ocr_line' id='line_1_73' title="bbox 1761 1211 2148 1272; baseline -0.003 0"><span class='ocrx_word' id='word_1_437' title='bbox 1761 1211 2148 1272; x_wconf 78' lang='lat' dir='ltr'><strong>existentiam.</strong></span> 
     </span>
    </p>

    <p class='ocr_par' dir='ltr' id='par_1_14' title="bbox 1753 1292 3134 2982">
     <span class='ocr_line' id='line_1_74' title="bbox 1838 1292 3134 1371; baseline 0.007 -24"><span class='ocrx_word' id='word_1_438' title='bbox 1838 1292 2226 1351; x_wconf 84' lang='lat' dir='ltr'><strong>confirmatur</strong></span> <span class='ocrx_word' id='word_1_439' title='bbox 2268 1295 2519 1353; x_wconf 91' lang='lat' dir='ltr'><strong>secundo</strong></span> <span class='ocrx_word' id='word_1_440' title='bbox 2552 1317 2566 1351; x_wconf 72' lang='grc' dir='ltr'><strong><em>ε</em></strong></span> <span class='ocrx_word' id='word_1_441' title='bbox 2596 1312 2733 1352; x_wconf 88' lang='lat' dir='ltr'><strong>nam</strong></span> <span class='ocrx_word' id='word_1_442' title='bbox 2777 1297 3134 1371; x_wconf 85' lang='lat' dir='ltr'><strong>impossibile</strong></span> 
     </span>
     <span class='ocr_line' id='line_1_75' title="bbox 1762 1374 3131 1437; baseline 0.005 -7"><span class='ocrx_word' id='word_1_443' title='bbox 1762 1379 1845 1431; x_wconf 86' lang='lat' dir='ltr'><strong>est</strong></span> <span class='ocrx_word' id='word_1_444' title='bbox 1869 1374 2110 1431; x_wconf 90' lang='lat' dir='ltr'><strong>eandem</strong></span> <span class='ocrx_word' id='word_1_445' title='bbox 2134 1378 2496 1434; x_wconf 85' lang='lat' dir='ltr'><strong>voluntatem</strong></span> <span class='ocrx_word' id='word_1_446' title='bbox 2536 1392 2659 1435; x_wconf 88' lang='lat' dir='ltr'><strong>esse</strong></span> <span class='ocrx_word' id='word_1_447' title='bbox 2687 1395 3024 1437; x_wconf 84' lang='lat' dir='ltr'><strong>conversam</strong></span> <span class='ocrx_word' id='word_1_448' title='bbox 3060 1380 3131 1437; x_wconf 88' lang='lat' dir='ltr'><strong>ad</strong></span> 
     </span>
     <span class='ocr_line' id='line_1_76' title="bbox 1762 1453 3131 1526; baseline 0.007 -17"><span class='ocrx_word' id='word_1_449' title='bbox 1762 1453 2014 1526; x_wconf 88' lang='lat' dir='ltr'><strong>aliquem</strong></span> <span class='ocrx_word' id='word_1_450' title='bbox 2041 1454 2240 1523; x_wconf 84' lang='lat' dir='ltr'><strong>finem,</strong></span> <span class='ocrx_word' id='word_1_451' title='bbox 2271 1461 2330 1514; x_wconf 92' lang='lat' dir='ltr'><strong>et</strong></span> <span class='ocrx_word' id='word_1_452' title='bbox 2372 1473 2635 1515; x_wconf 86' lang='lat' dir='ltr'><strong>aversam</strong></span> <span class='ocrx_word' id='word_1_453' title='bbox 2671 1458 2872 1518; x_wconf 91' lang='lat' dir='ltr'><strong>abillo</strong></span> <span class='ocrx_word' id='word_1_454' title='bbox 2906 1481 2919 1516; x_wconf 73' lang='grc' dir='ltr'><strong>ε</strong></span> <span class='ocrx_word' id='word_1_455' title='bbox 2947 1460 3046 1518; x_wconf 90' lang='lat' dir='ltr'><strong>sed</strong></span> <span class='ocrx_word' id='word_1_456' title='bbox 3078 1463 3131 1519; x_wconf 91' lang='lat' dir='ltr'><strong>si</strong></span> 
     </span>
     <span class='ocr_line' id='line_1_77' title="bbox 1761 1534 3129 1597; baseline 0.004 -6"><span class='ocrx_word' id='word_1_457' title='bbox 1761 1534 2030 1594; x_wconf 79' lang='lat' dir='ltr'><strong>voluntas</strong></span> <span class='ocrx_word' id='word_1_458' title='bbox 2054 1541 2204 1594; x_wconf 88' lang='lat' dir='ltr'><strong>esset</strong></span> <span class='ocrx_word' id='word_1_459' title='bbox 2227 1553 2506 1595; x_wconf 90' lang='lat' dir='ltr'><strong>conversa</strong></span> <span class='ocrx_word' id='word_1_460' title='bbox 2531 1537 2604 1594; x_wconf 92' lang='lat' dir='ltr'><strong>ad</strong></span> <span class='ocrx_word' id='word_1_461' title='bbox 2631 1537 2771 1596; x_wconf 90' lang='lat' dir='ltr'><strong>duos</strong></span> <span class='ocrx_word' id='word_1_462' title='bbox 2798 1539 2944 1597; x_wconf 86' lang='lat' dir='ltr'><strong>fines</strong></span> <span class='ocrx_word' id='word_1_463' title='bbox 2985 1540 3129 1597; x_wconf 88' lang='lat' dir='ltr'><strong>ulti-</strong></span> 
     </span>
     <span class='ocr_line' id='line_1_78' title="bbox 1762 1613 3132 1694; baseline 0.006 -24"><span class='ocrx_word' id='word_1_464' title='bbox 1762 1630 1908 1680; x_wconf 77' lang='lat' dir='ltr'><strong>mOS,</strong></span> <span class='ocrx_word' id='word_1_465' title='bbox 1919 1613 2098 1671; x_wconf 87' lang='lat' dir='ltr'><strong>simul</strong></span> <span class='ocrx_word' id='word_1_466' title='bbox 2117 1622 2552 1675; x_wconf 87' lang='lat' dir='ltr'><strong>converteretur</strong></span> <span class='ocrx_word' id='word_1_467' title='bbox 2574 1618 2644 1674; x_wconf 90' lang='lat' dir='ltr'><strong>ad</strong></span> <span class='ocrx_word' id='word_1_468' title='bbox 2665 1635 3132 1694; x_wconf 89' lang='lat' dir='ltr'><strong>unumquemque</strong></span> 
     </span>
     <span class='ocr_line' id='line_1_79' title="bbox 1761 1698 3133 1777; baseline 0.005 -23"><span class='ocrx_word' id='word_1_469' title='bbox 1761 1711 1987 1765; x_wconf 54' lang='lat' dir='ltr'><strong>eorumss</strong></span> <span class='ocrx_word' id='word_1_470' title='bbox 2017 1701 2078 1755; x_wconf 89' lang='lat' dir='ltr'><strong>et</strong></span> <span class='ocrx_word' id='word_1_471' title='bbox 2104 1698 2177 1754; x_wconf 88' lang='lat' dir='ltr'><strong>ab</strong></span> <span class='ocrx_word' id='word_1_472' title='bbox 2198 1699 2397 1757; x_wconf 89' lang='lat' dir='ltr'><strong>eodem</strong></span> <span class='ocrx_word' id='word_1_473' title='bbox 2425 1705 2783 1758; x_wconf 89' lang='lat' dir='ltr'><strong>averteretur</strong></span> <span class='ocrx_word' id='word_1_474' title='bbox 2815 1722 2828 1756; x_wconf 90' lang='lat'>:</span> <span class='ocrx_word' id='word_1_475' title='bbox 2857 1718 2993 1777; x_wconf 89' lang='lat' dir='ltr'><strong>ergo</strong></span> <span class='ocrx_word' id='word_1_476' title='bbox 3014 1703 3133 1760; x_wconf 90' lang='lat' dir='ltr'><strong>im·</strong></span> 
     </span>
     <span class='ocr_line' id='line_1_80' title="bbox 1764 1777 3131 1849; baseline 0.006 -17"><span class='ocrx_word' id='word_1_477' title='bbox 1764 1777 1935 1849; x_wconf 87' lang='lat' dir='ltr'><strong>plicat</strong></span> <span class='ocrx_word' id='word_1_478' title='bbox 1957 1778 2316 1835; x_wconf 86' lang='lat' dir='ltr'><strong>voluntatem</strong></span> <span class='ocrx_word' id='word_1_479' title='bbox 2355 1795 2478 1835; x_wconf 89' lang='lat' dir='ltr'><strong>esse</strong></span> <span class='ocrx_word' id='word_1_480' title='bbox 2510 1796 2846 1838; x_wconf 88' lang='lat' dir='ltr'><strong>conversam</strong></span> <span class='ocrx_word' id='word_1_481' title='bbox 2890 1783 2961 1839; x_wconf 91' lang='lat' dir='ltr'><strong>ad</strong></span> <span class='ocrx_word' id='word_1_482' title='bbox 2987 1782 3131 1840; x_wconf 88' lang='lat' dir='ltr'><strong>duos</strong></span> 
     </span>
     <span class='ocr_line' id='line_1_81' title="bbox 1759 1857 3130 1936; baseline 0.007 -24"><span class='ocrx_word' id='word_1_483' title='bbox 1759 1857 1998 1915; x_wconf 88' lang='lat' dir='ltr'><strong>ultimos</strong></span> <span class='ocrx_word' id='word_1_484' title='bbox 2031 1859 2196 1917; x_wconf 84' lang='lat' dir='ltr'><strong>fines.</strong></span> <span class='ocrx_word' id='word_1_485' title='bbox 2220 1860 2407 1933; x_wconf 89' lang='lat' dir='ltr'><strong>Major</strong></span> <span class='ocrx_word' id='word_1_486' title='bbox 2438 1867 2527 1917; x_wconf 87' lang='lat' dir='ltr'><strong>est</strong></span> <span class='ocrx_word' id='word_1_487' title='bbox 2544 1868 2715 1927; x_wconf 89' lang='lat' dir='ltr'><strong>certa,</strong></span> <span class='ocrx_word' id='word_1_488' title='bbox 2741 1866 2875 1936; x_wconf 90' lang='lat' dir='ltr'><strong>quia</strong></span> <span class='ocrx_word' id='word_1_489' title='bbox 2902 1866 3130 1922; x_wconf 87' lang='lat' dir='ltr'><strong>aversio</strong></span> 
     </span>
     <span class='ocr_line' id='line_1_82' title="bbox 1760 1935 3128 2012; baseline 0.007 -19"><span class='ocrx_word' id='word_1_490' title='bbox 1760 1935 1834 1993; x_wconf 90' lang='lat' dir='ltr'><strong>ab</strong></span> <span class='ocrx_word' id='word_1_491' title='bbox 1870 1938 2062 2012; x_wconf 89' lang='lat' dir='ltr'><strong>aliquo</strong></span> <span class='ocrx_word' id='word_1_492' title='bbox 2107 1939 2224 1997; x_wconf 79' lang='lat' dir='ltr'><strong>tine</strong></span> <span class='ocrx_word' id='word_1_493' title='bbox 2250 1940 2495 1997; x_wconf 90' lang='lat' dir='ltr'><strong>includit</strong></span> <span class='ocrx_word' id='word_1_494' title='bbox 2517 1943 2904 2001; x_wconf 87' lang='lat' dir='ltr'><strong>essentialiter</strong></span> <span class='ocrx_word' id='word_1_495' title='bbox 2930 1961 3128 2002; x_wconf 89' lang='lat' dir='ltr'><strong>caren-</strong></span> 
     </span>
     <span class='ocr_line' id='line_1_83' title="bbox 1761 2018 3128 2094; baseline 0.007 -20"><span class='ocrx_word' id='word_1_496' title='bbox 1761 2018 1902 2075; x_wconf 87' lang='lat' dir='ltr'><strong>tiam</strong></span> <span class='ocrx_word' id='word_1_497' title='bbox 1927 2022 2319 2079; x_wconf 87' lang='lat' dir='ltr'><strong>conversionis</strong></span> <span class='ocrx_word' id='word_1_498' title='bbox 2346 2023 2417 2080; x_wconf 84' lang='lat' dir='ltr'><strong>ad</strong></span> <span class='ocrx_word' id='word_1_499' title='bbox 2439 2022 2691 2080; x_wconf 91' lang='lat' dir='ltr'><strong>eundem</strong></span> <span class='ocrx_word' id='word_1_500' title='bbox 2734 2023 2949 2094; x_wconf 87' lang='lat' dir='ltr'><strong>ssnem;</strong></span> <span class='ocrx_word' id='word_1_501' title='bbox 2979 2026 3128 2083; x_wconf 89' lang='lat' dir='ltr'><strong>sicut</strong></span> 
     </span>
     <span class='ocr_line' id='line_1_84' title="bbox 1762 2103 3131 2177; baseline 0.007 -22"><span class='ocrx_word' id='word_1_502' title='bbox 1762 2115 2012 2156; x_wconf 90' lang='lat' dir='ltr'><strong>recessus</strong></span> <span class='ocrx_word' id='word_1_503' title='bbox 2032 2116 2066 2157; x_wconf 90' lang='lat' dir='ltr'><strong>a</strong></span> <span class='ocrx_word' id='word_1_504' title='bbox 2088 2103 2342 2160; x_wconf 90' lang='lat' dir='ltr'><strong>termino</strong></span> <span class='ocrx_word' id='word_1_505' title='bbox 2365 2120 2398 2161; x_wconf 91' lang='lat' dir='ltr'><strong>a</strong></span> <span class='ocrx_word' id='word_1_506' title='bbox 2417 2119 2529 2177; x_wconf 87' lang='lat' dir='ltr'><strong>quo</strong></span> <span class='ocrx_word' id='word_1_507' title='bbox 2556 2104 2828 2176; x_wconf 87' lang='lat' dir='ltr'><strong>importat</strong></span> <span class='ocrx_word' id='word_1_508' title='bbox 2848 2108 3131 2164; x_wconf 87' lang='lat' dir='ltr'><strong>essentia-</strong></span> 
     </span>
     <span class='ocr_line' id='line_1_85' title="bbox 1762 2179 3128 2244; baseline 0.007 -9"><span class='ocrx_word' id='word_1_509' title='bbox 1762 2179 1894 2236; x_wconf 90' lang='lat' dir='ltr'><strong>liter</strong></span> <span class='ocrx_word' id='word_1_510' title='bbox 1943 2182 2261 2240; x_wconf 82' lang='lat' dir='ltr'><strong>carentiam</strong></span> <span class='ocrx_word' id='word_1_511' title='bbox 2314 2199 2567 2241; x_wconf 85' lang='lat' dir='ltr'><strong>accessus</strong></span> <span class='ocrx_word' id='word_1_512' title='bbox 2619 2183 2691 2240; x_wconf 88' lang='lat' dir='ltr'><strong>ad</strong></span> <span class='ocrx_word' id='word_1_513' title='bbox 2743 2185 2916 2242; x_wconf 92' lang='lat' dir='ltr'><strong>illum</strong></span> <span class='ocrx_word' id='word_1_514' title='bbox 2968 2209 2982 2243; x_wconf 74' lang='grc' dir='ltr'><em>ε</em></span> <span class='ocrx_word' id='word_1_515' title='bbox 3030 2186 3128 2244; x_wconf 90' lang='lat' dir='ltr'><strong>sed</strong></span> 
     </span>
     <span class='ocr_line' id='line_1_86' title="bbox 1758 2261 3132 2330; baseline 0.007 -14"><span class='ocrx_word' id='word_1_516' title='bbox 1758 2261 1968 2330; x_wconf 84' lang='lat' dir='ltr'><strong>forma,</strong></span> <span class='ocrx_word' id='word_1_517' title='bbox 1992 2266 2049 2320; x_wconf 91' lang='lat' dir='ltr'><strong>et</strong></span> <span class='ocrx_word' id='word_1_518' title='bbox 2067 2266 2323 2322; x_wconf 89' lang='lat' dir='ltr'><strong>carentia</strong></span> <span class='ocrx_word' id='word_1_519' title='bbox 2348 2266 2550 2322; x_wconf 73' lang='lat' dir='ltr'><strong>formae</strong></span> <span class='ocrx_word' id='word_1_520' title='bbox 2568 2272 2702 2322; x_wconf 90' lang='lat' dir='ltr'><strong>sunt</strong></span> <span class='ocrx_word' id='word_1_521' title='bbox 2723 2267 3005 2324; x_wconf 89' lang='lat' dir='ltr'><strong>divinitus</strong></span> <span class='ocrx_word' id='word_1_522' title='bbox 3034 2269 3132 2325; x_wconf 91' lang='lat' dir='ltr'><strong>in-</strong></span> 
     </span>
     <span class='ocr_line' id='line_1_87' title="bbox 1753 2339 3129 2422; baseline 0.007 -25"><span class='ocrx_word' id='word_1_523' title='bbox 1753 2341 2177 2417; x_wconf 88' lang='lat' dir='ltr'><strong>conjungibiles</strong></span> <span class='ocrx_word' id='word_1_524' title='bbox 2208 2339 2273 2401; x_wconf 79' lang='lat' dir='ltr'><strong>in</strong></span> <span class='ocrx_word' id='word_1_525' title='bbox 2297 2345 2497 2404; x_wconf 89' lang='lat' dir='ltr'><strong>eodem</strong></span> <span class='ocrx_word' id='word_1_526' title='bbox 2536 2345 2801 2420; x_wconf 90' lang='lat' dir='ltr'><strong>subjecto,</strong></span> <span class='ocrx_word' id='word_1_527' title='bbox 2845 2348 3129 2422; x_wconf 88' lang='lat' dir='ltr'><strong>siquidem</strong></span> 
     </span>
     <span class='ocr_line' id='line_1_88' title="bbox 1758 2421 3132 2501; baseline 0.007 -23"><span class='ocrx_word' id='word_1_528' title='bbox 1758 2421 1947 2480; x_wconf 81' lang='lat' dir='ltr'><strong>forma</strong></span> <span class='ocrx_word' id='word_1_529' title='bbox 1982 2440 2083 2497; x_wconf 91' lang='lat' dir='ltr'><strong>per</strong></span> <span class='ocrx_word' id='word_1_530' title='bbox 2107 2428 2473 2501; x_wconf 88' lang='lat' dir='ltr'><strong>semetipsam</strong></span> <span class='ocrx_word' id='word_1_531' title='bbox 2520 2429 2770 2485; x_wconf 85' lang='lat' dir='ltr'><strong>excludit</strong></span> <span class='ocrx_word' id='word_1_532' title='bbox 2795 2429 3132 2488; x_wconf 79' lang='lat' dir='ltr'><strong>immediate</strong></span> 
     </span>
     <span class='ocr_line' id='line_1_89' title="bbox 1756 2504 3132 2576; baseline 0.005 -16"><span class='ocrx_word' id='word_1_533' title='bbox 1756 2504 2074 2576; x_wconf 88' lang='lat' dir='ltr'><strong>oppositam</strong></span> <span class='ocrx_word' id='word_1_534' title='bbox 2102 2507 2192 2561; x_wconf 91' lang='lat' dir='ltr'><strong>sui</strong></span> <span class='ocrx_word' id='word_1_535' title='bbox 2234 2508 2571 2573; x_wconf 87' lang='lat' dir='ltr'><strong>carentiam,</strong></span> <span class='ocrx_word' id='word_1_536' title='bbox 2623 2517 2685 2564; x_wconf 88' lang='lat' dir='ltr'><strong>ut</strong></span> <span class='ocrx_word' id='word_1_537' title='bbox 2730 2511 2843 2566; x_wconf 90' lang='lat' dir='ltr'><strong>late</strong></span> <span class='ocrx_word' id='word_1_538' title='bbox 2881 2510 3132 2567; x_wconf 88' lang='lat' dir='ltr'><strong>ostendi-</strong></span> 
     </span>
     <span class='ocr_line' id='line_1_90' title="bbox 1757 2588 3126 2662; baseline 0.008 -23"><span class='ocrx_word' id='word_1_539' title='bbox 1757 2589 1940 2655; x_wconf 73' lang='lat' dir='ltr'><strong>mus§</strong></span> <span class='ocrx_word' id='word_1_540' title='bbox 1989 2588 2007 2641; x_wconf 96' lang='lat' dir='ltr'><strong>l</strong></span> <span class='ocrx_word' id='word_1_541' title='bbox 2040 2611 2053 2656; x_wconf 91' lang='lat'>;</span> <span class='ocrx_word' id='word_1_542' title='bbox 2082 2603 2218 2662; x_wconf 93' lang='lat' dir='ltr'><strong>ergo</strong></span> <span class='ocrx_word' id='word_1_543' title='bbox 2245 2588 2605 2660; x_wconf 82' lang='lat' dir='ltr'><strong>impossibile</strong></span> <span class='ocrx_word' id='word_1_544' title='bbox 2634 2596 2734 2655; x_wconf 87' lang='lat' dir='ltr'><strong>est,</strong></span> <span class='ocrx_word' id='word_1_545' title='bbox 2768 2591 3126 2650; x_wconf 88' lang='lat' dir='ltr'><strong>voluntatem</strong></span> 
     </span>
     <span class='ocr_line' id='line_1_91' title="bbox 1755 2669 3129 2743; baseline 0.006 -21"><span class='ocrx_word' id='word_1_546' title='bbox 1755 2681 1878 2723; x_wconf 90' lang='lat' dir='ltr'><strong>esse</strong></span> <span class='ocrx_word' id='word_1_547' title='bbox 1896 2682 2235 2725; x_wconf 85' lang='lat' dir='ltr'><strong>conversam</strong></span> <span class='ocrx_word' id='word_1_548' title='bbox 2264 2669 2334 2726; x_wconf 88' lang='lat' dir='ltr'><strong>ad</strong></span> <span class='ocrx_word' id='word_1_549' title='bbox 2361 2672 2612 2743; x_wconf 89' lang='lat' dir='ltr'><strong>aliquem</strong></span> <span class='ocrx_word' id='word_1_550' title='bbox 2644 2671 2840 2738; x_wconf 84' lang='lat' dir='ltr'><strong>finem,</strong></span> <span class='ocrx_word' id='word_1_551' title='bbox 2873 2679 2930 2730; x_wconf 85' lang='lat' dir='ltr'><strong>et</strong></span> <span class='ocrx_word' id='word_1_552' title='bbox 2957 2688 3129 2732; x_wconf 86' lang='lat' dir='ltr'><strong>aver-</strong></span> 
     </span>
     <span class='ocr_line' id='line_1_92' title="bbox 1754 2745 3130 2825; baseline 0.007 -24"><span class='ocrx_word' id='word_1_553' title='bbox 1754 2762 1882 2803; x_wconf 86' lang='lat' dir='ltr'><strong>sam</strong></span> <span class='ocrx_word' id='word_1_554' title='bbox 1904 2745 1975 2802; x_wconf 93' lang='lat' dir='ltr'><strong>ab</strong></span> <span class='ocrx_word' id='word_1_555' title='bbox 2003 2747 2129 2805; x_wconf 89' lang='lat' dir='ltr'><strong>illo.</strong></span> <span class='ocrx_word' id='word_1_556' title='bbox 2153 2749 2349 2806; x_wconf 90' lang='lat' dir='ltr'><strong>Minor</strong></span> <span class='ocrx_word' id='word_1_557' title='bbox 2380 2751 2555 2806; x_wconf 88' lang='lat' dir='ltr'><strong>etiam</strong></span> <span class='ocrx_word' id='word_1_558' title='bbox 2587 2751 2785 2824; x_wconf 84' lang='lat' dir='ltr'><strong>liquet;</strong></span> <span class='ocrx_word' id='word_1_559' title='bbox 2815 2768 2954 2808; x_wconf 88' lang='lat' dir='ltr'><strong>nam</strong></span> <span class='ocrx_word' id='word_1_560' title='bbox 2996 2768 3130 2825; x_wconf 90' lang='lat' dir='ltr'><strong>quo-</strong></span> 
     </span>
     <span class='ocr_line' id='line_1_93' title="bbox 1756 2825 3129 2902; baseline 0.007 -21"><span class='ocrx_word' id='word_1_561' title='bbox 1756 2825 1864 2883; x_wconf 92' lang='lat' dir='ltr'><strong>ties</strong></span> <span class='ocrx_word' id='word_1_562' title='bbox 1888 2825 2034 2884; x_wconf 85' lang='lat' dir='ltr'><strong>fines</strong></span> <span class='ocrx_word' id='word_1_563' title='bbox 2059 2833 2195 2885; x_wconf 89' lang='lat' dir='ltr'><strong>sunt</strong></span> <span class='ocrx_word' id='word_1_564' title='bbox 2218 2830 2481 2902; x_wconf 90' lang='lat' dir='ltr'><strong>oppositi,</strong></span> <span class='ocrx_word' id='word_1_565' title='bbox 2508 2835 2564 2887; x_wconf 86' lang='lat' dir='ltr'><strong>et</strong></span> <span class='ocrx_word' id='word_1_566' title='bbox 2586 2830 2740 2889; x_wconf 88' lang='lat' dir='ltr'><strong>inter</strong></span> <span class='ocrx_word' id='word_1_567' title='bbox 2765 2847 2825 2889; x_wconf 91' lang='lat' dir='ltr'><strong>se</strong></span> <span class='ocrx_word' id='word_1_568' title='bbox 2847 2848 2963 2889; x_wconf 92' lang='lat' dir='ltr'><strong>non</strong></span> <span class='ocrx_word' id='word_1_569' title='bbox 2989 2833 3129 2890; x_wconf 87' lang='lat' dir='ltr'><strong>sub-</strong></span> 
     </span>
     <span class='ocr_line' id='line_1_94' title="bbox 1755 2904 3127 2982; baseline 0.006 -19"><span class='ocrx_word' id='word_1_570' title='bbox 1755 2904 2008 2964; x_wconf 91' lang='lat' dir='ltr'><strong>ordinati</strong></span> <span class='ocrx_word' id='word_1_571' title='bbox 2036 2909 2374 2982; x_wconf 86' lang='lat' dir='ltr'><strong>(cujusmodi</strong></span> <span class='ocrx_word' id='word_1_572' title='bbox 2420 2916 2557 2966; x_wconf 90' lang='lat' dir='ltr'><strong>sunt</strong></span> <span class='ocrx_word' id='word_1_573' title='bbox 2589 2912 2784 2967; x_wconf 86' lang='lat' dir='ltr'><strong>ultimi</strong></span> <span class='ocrx_word' id='word_1_574' title='bbox 2813 2912 2957 2969; x_wconf 88' lang='lat' dir='ltr'><strong>fines</strong></span> <span class='ocrx_word' id='word_1_575' title='bbox 2996 2929 3127 2971; x_wconf 90' lang='lat' dir='ltr'><strong>cor·-</strong></span> 
     </span>
    </p>
   </div>
   <div class='ocr_carea' id='block_1_13' title="bbox 1722 2987 3124 3064">
    <p class='ocr_par' dir='ltr' id='par_1_15' title="bbox 1722 2987 3124 3064">
     <span class='ocr_line' id='line_1_95' title="bbox 1722 2987 3124 3064; baseline 0.006 -22"><span class='ocrx_word' id='word_1_576' title='bbox 1722 3026 1730 3042; x_wconf 65' lang='lat'><strong>.</strong></span> <span class='ocrx_word' id='word_1_577' title='bbox 1758 2987 2167 3059; x_wconf 87' lang='lat' dir='ltr'><strong>respondentes</strong></span> <span class='ocrx_word' id='word_1_578' title='bbox 2204 2990 2420 3064; x_wconf 74' lang='lat' dir='ltr'><strong>gratim,</strong></span> <span class='ocrx_word' id='word_1_579' title='bbox 2451 2996 2507 3047; x_wconf 90' lang='lat' dir='ltr'><strong>et</strong></span> <span class='ocrx_word' id='word_1_580' title='bbox 2536 2996 2779 3064; x_wconf 87' lang='lat' dir='ltr'><strong>peccato)</strong></span> <span class='ocrx_word' id='word_1_581' title='bbox 2824 2995 3124 3051; x_wconf 88' lang='lat' dir='ltr'><strong>conversio</strong></span> 
     </span>
    </p>
   </div>
   <div class='ocr_carea' id='block_1_14' title="bbox 1752 3067 3141 3955">
    <p class='ocr_par' dir='ltr' id='par_1_16' title="bbox 1752 3067 3141 3955">
     <span class='ocr_line' id='line_1_96' title="bbox 1757 3067 3125 3148; baseline 0.007 -24"><span class='ocrx_word' id='word_1_582' title='bbox 1757 3067 1827 3124; x_wconf 90' lang='lat' dir='ltr'><strong>ad</strong></span> <span class='ocrx_word' id='word_1_583' title='bbox 1843 3085 2024 3125; x_wconf 90' lang='lat' dir='ltr'><strong>unum</strong></span> <span class='ocrx_word' id='word_1_584' title='bbox 2051 3075 2136 3127; x_wconf 90' lang='lat' dir='ltr'><strong>est</strong></span> <span class='ocrx_word' id='word_1_585' title='bbox 2156 3073 2377 3129; x_wconf 88' lang='lat' dir='ltr'><strong>aversio</strong></span> <span class='ocrx_word' id='word_1_586' title='bbox 2399 3072 2470 3129; x_wconf 89' lang='lat' dir='ltr'><strong>ab</strong></span> <span class='ocrx_word' id='word_1_587' title='bbox 2497 3074 2614 3131; x_wconf 85' lang='lat' dir='ltr'><strong>alio</strong></span> <span class='ocrx_word' id='word_1_588' title='bbox 2640 3096 2652 3131; x_wconf 93' lang='lat'><strong>:</strong></span> <span class='ocrx_word' id='word_1_589' title='bbox 2676 3076 2827 3131; x_wconf 91' lang='lat' dir='ltr'><strong>sicut</strong></span> <span class='ocrx_word' id='word_1_590' title='bbox 2845 3077 2982 3148; x_wconf 89' lang='lat' dir='ltr'><strong>quia</strong></span> <span class='ocrx_word' id='word_1_591' title='bbox 3004 3078 3125 3135; x_wconf 89' lang='lat' dir='ltr'><strong>loca</strong></span> 
     </span>
     <span class='ocr_line' id='line_1_97' title="bbox 1754 3151 3127 3223; baseline 0.007 -18"><span class='ocrx_word' id='word_1_592' title='bbox 1754 3165 2005 3217; x_wconf 91' lang='lat' dir='ltr'><strong>sursum,</strong></span> <span class='ocrx_word' id='word_1_593' title='bbox 2035 3158 2090 3209; x_wconf 89' lang='lat' dir='ltr'><strong>et</strong></span> <span class='ocrx_word' id='word_1_594' title='bbox 2129 3151 2397 3223; x_wconf 85' lang='lat' dir='ltr'><strong>deorsum</strong></span> <span class='ocrx_word' id='word_1_595' title='bbox 2423 3160 2558 3210; x_wconf 88' lang='lat' dir='ltr'><strong>sunt</strong></span> <span class='ocrx_word' id='word_1_596' title='bbox 2601 3157 2908 3223; x_wconf 88' lang='lat' dir='ltr'><strong>contraria,</strong></span> <span class='ocrx_word' id='word_1_597' title='bbox 2940 3174 3127 3216; x_wconf 88' lang='lat' dir='ltr'><strong>acces-</strong></span> 
     </span>
     <span class='ocr_line' id='line_1_98' title="bbox 1754 3230 3125 3298; baseline 0.007 -11"><span class='ocrx_word' id='word_1_598' title='bbox 1754 3248 1852 3287; x_wconf 89' lang='lat' dir='ltr'><strong>sus</strong></span> <span class='ocrx_word' id='word_1_599' title='bbox 1891 3231 1961 3288; x_wconf 91' lang='lat' dir='ltr'><strong>ad</strong></span> <span class='ocrx_word' id='word_1_600' title='bbox 2008 3234 2193 3291; x_wconf 92' lang='lat' dir='ltr'><strong>locum</strong></span> <span class='ocrx_word' id='word_1_601' title='bbox 2232 3251 2464 3293; x_wconf 88' lang='lat' dir='ltr'><strong>sursum</strong></span> <span class='ocrx_word' id='word_1_602' title='bbox 2510 3241 2596 3292; x_wconf 88' lang='lat' dir='ltr'><strong>est</strong></span> <span class='ocrx_word' id='word_1_603' title='bbox 2636 3230 2893 3296; x_wconf 85' lang='lat' dir='ltr'><strong>recessus&#39;</strong></span> <span class='ocrx_word' id='word_1_604' title='bbox 2928 3256 2963 3296; x_wconf 89' lang='lat' dir='ltr'><strong>a</strong></span> <span class='ocrx_word' id='word_1_605' title='bbox 3005 3242 3125 3298; x_wconf 87' lang='lat' dir='ltr'><strong>loco</strong></span> 
     </span>
     <span class='ocr_line' id='line_1_99' title="bbox 1752 3312 3119 3389; baseline 0.008 -20"><span class='ocrx_word' id='word_1_606' title='bbox 1752 3312 2053 3382; x_wconf 81' lang='lat' dir='ltr'><strong>deorsum3</strong></span> <span class='ocrx_word' id='word_1_607' title='bbox 2101 3321 2159 3373; x_wconf 90' lang='lat' dir='ltr'><strong>et</strong></span> <span class='ocrx_word' id='word_1_608' title='bbox 2195 3333 2445 3374; x_wconf 87' lang='lat' dir='ltr'><strong>accessus</strong></span> <span class='ocrx_word' id='word_1_609' title='bbox 2485 3317 2555 3373; x_wconf 90' lang='lat' dir='ltr'><strong>ad</strong></span> <span class='ocrx_word' id='word_1_610' title='bbox 2604 3321 2789 3376; x_wconf 90' lang='lat' dir='ltr'><strong>locum</strong></span> <span class='ocrx_word' id='word_1_611' title='bbox 2830 3320 3119 3389; x_wconf 82' lang='lat' dir='ltr'><strong>deorsum,</strong></span> 
     </span>
     <span class='ocr_line' id='line_1_100' title="bbox 1753 3396 3123 3473; baseline 0.007 -24"><span class='ocrx_word' id='word_1_612' title='bbox 1753 3398 1840 3449; x_wconf 91' lang='lat' dir='ltr'><strong>est</strong></span> <span class='ocrx_word' id='word_1_613' title='bbox 1867 3409 2115 3450; x_wconf 89' lang='lat' dir='ltr'><strong>recessus</strong></span> <span class='ocrx_word' id='word_1_614' title='bbox 2142 3412 2177 3451; x_wconf 91' lang='lat' dir='ltr'><strong>a</strong></span> <span class='ocrx_word' id='word_1_615' title='bbox 2204 3396 2325 3453; x_wconf 91' lang='lat' dir='ltr'><strong>Ioco</strong></span> <span class='ocrx_word' id='word_1_616' title='bbox 2366 3413 2596 3453; x_wconf 88' lang='lat' dir='ltr'><strong>sursum</strong></span> <span class='ocrx_word' id='word_1_617' title='bbox 2631 3421 2644 3456; x_wconf 89' lang='lat'>:</span> <span class='ocrx_word' id='word_1_618' title='bbox 2683 3415 2818 3473; x_wconf 89' lang='lat' dir='ltr'><strong>ergo</strong></span> <span class='ocrx_word' id='word_1_619' title='bbox 2844 3402 3123 3473; x_wconf 88' lang='lat' dir='ltr'><strong>quemad-</strong></span> 
     </span>
     <span class='ocr_line' id='line_1_101' title="bbox 1755 3473 3121 3547; baseline 0.007 -16"><span class='ocrx_word' id='word_1_620' title='bbox 1755 3473 1993 3531; x_wconf 89' lang='lat' dir='ltr'><strong>modum</strong></span> <span class='ocrx_word' id='word_1_621' title='bbox 2019 3476 2069 3530; x_wconf 90' lang='lat' dir='ltr'><strong>si</strong></span> <span class='ocrx_word' id='word_1_622' title='bbox 2086 3476 2302 3547; x_wconf 88' lang='lat' dir='ltr'><strong>aliquis</strong></span> <span class='ocrx_word' id='word_1_623' title='bbox 2329 3477 2505 3533; x_wconf 89' lang='lat' dir='ltr'><strong>simul</strong></span> <span class='ocrx_word' id='word_1_624' title='bbox 2536 3478 2821 3536; x_wconf 87' lang='lat' dir='ltr'><strong>accederet</strong></span> <span class='ocrx_word' id='word_1_625' title='bbox 2836 3479 2906 3535; x_wconf 92' lang='lat' dir='ltr'><strong>ad</strong></span> <span class='ocrx_word' id='word_1_626' title='bbox 2937 3482 3121 3539; x_wconf 89' lang='lat' dir='ltr'><strong>locum</strong></span> 
     </span>
     <span class='ocr_line' id='line_1_102' title="bbox 1755 3555 3117 3627; baseline 0.006 -16"><span class='ocrx_word' id='word_1_627' title='bbox 1755 3555 2045 3621; x_wconf 88' lang='lat' dir='ltr'><strong>deorsum,</strong></span> <span class='ocrx_word' id='word_1_628' title='bbox 2076 3555 2219 3612; x_wconf 87' lang='lat' dir='ltr'><strong>etad</strong></span> <span class='ocrx_word' id='word_1_629' title='bbox 2247 3557 2435 3612; x_wconf 90' lang='lat' dir='ltr'><strong>locum</strong></span> <span class='ocrx_word' id='word_1_630' title='bbox 2463 3574 2711 3627; x_wconf 85' lang='lat' dir='ltr'><strong>sursum,</strong></span> <span class='ocrx_word' id='word_1_631' title='bbox 2737 3561 2916 3616; x_wconf 88' lang='lat' dir='ltr'><strong>simul</strong></span> <span class='ocrx_word' id='word_1_632' title='bbox 2941 3563 3117 3619; x_wconf 88' lang='lat' dir='ltr'><strong>etiam</strong></span> 
     </span>
     <span class='ocr_line' id='line_1_103' title="bbox 1757 3636 3119 3714; baseline 0.004 -19"><span class='ocrx_word' id='word_1_633' title='bbox 1757 3636 2043 3695; x_wconf 84' lang='lat' dir='ltr'><strong>recederet</strong></span> <span class='ocrx_word' id='word_1_634' title='bbox 2068 3636 2139 3692; x_wconf 88' lang='lat' dir='ltr'><strong>ab</strong></span> <span class='ocrx_word' id='word_1_635' title='bbox 2171 3652 2508 3710; x_wconf 89' lang='lat' dir='ltr'><strong>unoquoque</strong></span> <span class='ocrx_word' id='word_1_636' title='bbox 2545 3655 2768 3705; x_wconf 86' lang='lat' dir='ltr'><strong>eorum,</strong></span> <span class='ocrx_word' id='word_1_637' title='bbox 2800 3643 2948 3714; x_wconf 90' lang='lat' dir='ltr'><strong>quod</strong></span> <span class='ocrx_word' id='word_1_638' title='bbox 2990 3660 3119 3700; x_wconf 85' lang='lat' dir='ltr'><strong>ma·</strong></span> 
     </span>
     <span class='ocr_line' id='line_1_104' title="bbox 1756 3717 3119 3791; baseline 0.004 -18"><span class='ocrx_word' id='word_1_639' title='bbox 1756 3717 1963 3774; x_wconf 80' lang='lat' dir='ltr'><strong>niseste</strong></span> <span class='ocrx_word' id='word_1_640' title='bbox 1985 3721 2263 3791; x_wconf 83' lang='lat' dir='ltr'><strong>repugnat</strong></span> <span class='ocrx_word' id='word_1_641' title='bbox 2288 3739 2301 3773; x_wconf 73' lang='grc' dir='ltr'><strong><em>ι</em></strong></span> <span class='ocrx_word' id='word_1_642' title='bbox 2321 3718 2401 3773; x_wconf 88' lang='lat' dir='ltr'><strong>ita</strong></span> <span class='ocrx_word' id='word_1_643' title='bbox 2419 3718 2469 3773; x_wconf 89' lang='lat' dir='ltr'><strong>si</strong></span> <span class='ocrx_word' id='word_1_644' title='bbox 2492 3720 2758 3777; x_wconf 87' lang='lat' dir='ltr'><strong>voluntas</strong></span> <span class='ocrx_word' id='word_1_645' title='bbox 2776 3727 2923 3778; x_wconf 91' lang='lat' dir='ltr'><strong>esset</strong></span> <span class='ocrx_word' id='word_1_646' title='bbox 2942 3723 3119 3779; x_wconf 90' lang='lat' dir='ltr'><strong>simul</strong></span> 
     </span>
     <span class='ocr_line' id='line_1_105' title="bbox 1755 3799 3117 3869; baseline 0.004 -12"><span class='ocrx_word' id='word_1_647' title='bbox 1755 3816 2034 3857; x_wconf 90' lang='lat' dir='ltr'><strong>conversa</strong></span> <span class='ocrx_word' id='word_1_648' title='bbox 2054 3801 2125 3856; x_wconf 91' lang='lat' dir='ltr'><strong>ad</strong></span> <span class='ocrx_word' id='word_1_649' title='bbox 2140 3799 2280 3857; x_wconf 87' lang='lat' dir='ltr'><strong>duos</strong></span> <span class='ocrx_word' id='word_1_650' title='bbox 2302 3801 2535 3857; x_wconf 91' lang='lat' dir='ltr'><strong>ultimos</strong></span> <span class='ocrx_word' id='word_1_651' title='bbox 2557 3801 2718 3869; x_wconf 87' lang='lat' dir='ltr'><strong>fines,</strong></span> <span class='ocrx_word' id='word_1_652' title='bbox 2750 3804 2926 3861; x_wconf 89' lang='lat' dir='ltr'><strong>simul</strong></span> <span class='ocrx_word' id='word_1_653' title='bbox 2941 3807 3117 3863; x_wconf 84' lang='lat' dir='ltr'><strong>etiam</strong></span> 
     </span>
     <span class='ocr_line' id='line_1_106' title="bbox 1754 3880 3141 3955; baseline 0.005 -17"><span class='ocrx_word' id='word_1_654' title='bbox 1754 3888 1900 3939; x_wconf 86' lang='lat' dir='ltr'><strong>esset</strong></span> <span class='ocrx_word' id='word_1_655' title='bbox 1927 3897 2125 3938; x_wconf 82' lang='lat' dir='ltr'><strong>aversa</strong></span> <span class='ocrx_word' id='word_1_656' title='bbox 2152 3880 2222 3937; x_wconf 88' lang='lat' dir='ltr'><strong>ab</strong></span> <span class='ocrx_word' id='word_1_657' title='bbox 2251 3898 2587 3955; x_wconf 87' lang='lat' dir='ltr'><strong>unoquoque</strong></span> <span class='ocrx_word' id='word_1_658' title='bbox 2607 3899 2828 3941; x_wconf 89' lang='lat' dir='ltr'><strong>eorum.</strong></span> <span class='ocrx_word' id='word_1_659' title='bbox 2860 3888 2967 3952; x_wconf 91' lang='lat' dir='ltr'><strong>Qui</strong></span> <span class='ocrx_word' id='word_1_660' title='bbox 2995 3889 3141 3944; x_wconf 60' lang='lat' dir='ltr'><strong>dis-¹</strong></span> 
     </span>
    </p>
   </div>
   <div class='ocr_carea' id='block_1_15' title="bbox 3172 1305 3331 1398">
    <p class='ocr_par' dir='ltr' id='par_1_17' title="bbox 3172 1305 3331 1398">
     <span class='ocr_line' id='line_1_107' title="bbox 3197 1305 3275 1347; baseline 0 -13"><span class='ocrx_word' id='word_1_661' title='bbox 3197 1305 3275 1347; x_wconf 72' lang='lat' dir='ltr'><strong>Se-</strong></span> 
     </span>
     <span class='ocr_line' id='line_1_108' title="bbox 3172 1354 3331 1398; baseline 0.019 -3"><span class='ocrx_word' id='word_1_662' title='bbox 3172 1354 3331 1398; x_wconf 83' lang='lat' dir='ltr'><strong>cundo.</strong></span> 
     </span>
    </p>
   </div>
   <div class='ocr_carea' id='block_1_16' title="bbox 1754 3963 3317 4042">
    <p class='ocr_par' dir='ltr' id='par_1_18' title="bbox 1754 3963 3317 4042">
     <span class='ocr_line' id='line_1_109' title="bbox 1754 3963 3317 4042; baseline 0.003 -22"><span class='ocrx_word' id='word_1_663' title='bbox 1754 3978 1955 4020; x_wconf 89' lang='lat' dir='ltr'><strong>cursus</strong></span> <span class='ocrx_word' id='word_1_664' title='bbox 1973 3963 2228 4017; x_wconf 88' lang='lat' dir='ltr'><strong>sumitur</strong></span> <span class='ocrx_word' id='word_1_665' title='bbox 2248 3978 2319 4018; x_wconf 85' lang='lat' dir='ltr'><strong>ex</strong></span> <span class='ocrx_word' id='word_1_666' title='bbox 2340 3966 2402 4020; x_wconf 93' lang='lat' dir='ltr'><strong>D.</strong></span> <span class='ocrx_word' id='word_1_667' title='bbox 2423 3964 2626 4020; x_wconf 89' lang='lat' dir='ltr'><strong>Thom.</strong></span> <span class='ocrx_word' id='word_1_668' title='bbox 2652 3984 2705 4042; x_wconf 86' lang='lat' dir='ltr'><strong>q.</strong></span> <span class='ocrx_word' id='word_1_669' title='bbox 2738 3967 2820 4031; x_wconf 89' lang='lat'><strong>13,</strong></span> <span class='ocrx_word' id='word_1_670' title='bbox 2847 3968 2912 4021; x_wconf 83' lang='lat' dir='ltr'><strong>de</strong></span> <span class='ocrx_word' id='word_1_671' title='bbox 2937 3968 3110 4039; x_wconf 77' lang='lat' dir='ltr'><strong>Male,</strong></span> <span class='ocrx_word' id='word_1_672' title='bbox 3150 3974 3317 4017; x_wconf 79' lang='lat' dir='ltr'>D-Tho-</span> 
     </span>
    </p>
   </div>
   <div class='ocr_carea' id='block_1_17' title="bbox 1753 4043 3136 5092">
    <p class='ocr_par' dir='ltr' id='par_1_19' title="bbox 1753 4043 3136 5092">
     <span class='ocr_line' id='line_1_110' title="bbox 1753 4043 3119 4117; baseline 0.005 -17"><span class='ocrx_word' id='word_1_673' title='bbox 1753 4050 1864 4100; x_wconf 83' lang='lat' dir='ltr'><strong>art.</strong></span> <span class='ocrx_word' id='word_1_674' title='bbox 1894 4045 1951 4110; x_wconf 78' lang='lat'><strong>2,</strong></span> <span class='ocrx_word' id='word_1_675' title='bbox 1988 4045 2049 4098; x_wconf 79' lang='lat' dir='ltr'><strong>in</strong></span> <span class='ocrx_word' id='word_1_676' title='bbox 2076 4061 2222 4117; x_wconf 85' lang='lat' dir='ltr'><strong>corp.</strong></span> <span class='ocrx_word' id='word_1_677' title='bbox 2254 4043 2353 4099; x_wconf 88' lang='lat' dir='ltr'><strong>ubi</strong></span> <span class='ocrx_word' id='word_1_678' title='bbox 2383 4044 2463 4099; x_wconf 80' lang='lat' dir='ltr'><strong>ait</strong></span> <span class='ocrx_word' id='word_1_679' title='bbox 2496 4065 2509 4099; x_wconf 73' lang='grc' dir='ltr'><strong><em>ε</em></strong></span> <span class='ocrx_word' id='word_1_680' title='bbox 2557 4066 2581 4095; x_wconf 91' lang='lat'>«</span> <span class='ocrx_word' id='word_1_681' title='bbox 2627 4047 2895 4104; x_wconf 89' lang='lat' dir='ltr'><strong>Converti</strong></span> <span class='ocrx_word' id='word_1_682' title='bbox 2925 4047 2996 4105; x_wconf 90' lang='lat' dir='ltr'><strong>ad</strong></span> <span class='ocrx_word' id='word_1_683' title='bbox 3026 4048 3119 4107; x_wconf 89' lang='lat' dir='ltr'><strong>bo-</strong></span> 
     </span>
     <span class='ocr_line' id='line_1_111' title="bbox 1762 4124 3121 4194; baseline 0.006 -16"><span class='ocrx_word' id='word_1_684' title='bbox 1762 4146 1788 4177; x_wconf 81' lang='lat'>«</span> <span class='ocrx_word' id='word_1_685' title='bbox 1832 4138 1973 4180; x_wconf 91' lang='lat' dir='ltr'><strong>num</strong></span> <span class='ocrx_word' id='word_1_686' title='bbox 2000 4130 2254 4181; x_wconf 87' lang='lat' dir='ltr'><strong>creatum</strong></span> <span class='ocrx_word' id='word_1_687' title='bbox 2280 4125 2424 4181; x_wconf 89' lang='lat' dir='ltr'><strong>sicut</strong></span> <span class='ocrx_word' id='word_1_688' title='bbox 2447 4125 2519 4181; x_wconf 91' lang='lat' dir='ltr'><strong>ad</strong></span> <span class='ocrx_word' id='word_1_689' title='bbox 2554 4124 2752 4194; x_wconf 82' lang='lat' dir='ltr'><strong>finem,</strong></span> <span class='ocrx_word' id='word_1_690' title='bbox 2787 4128 2922 4185; x_wconf 82' lang='lat' dir='ltr'><strong>facit</strong></span> <span class='ocrx_word' id='word_1_691' title='bbox 2946 4145 3121 4188; x_wconf 90' lang='lat' dir='ltr'><strong>aver—</strong></span> 
     </span>
     <span class='ocr_line' id='line_1_112' title="bbox 1761 4205 3124 4284; baseline 0.01 -26"><span class='ocrx_word' id='word_1_692' title='bbox 1761 4227 1787 4259; x_wconf 88' lang='lat'>«</span> <span class='ocrx_word' id='word_1_693' title='bbox 1831 4206 2061 4267; x_wconf 67' lang='lat' dir='ltr'><strong>sionem·</strong></span> <span class='ocrx_word' id='word_1_694' title='bbox 2077 4205 2148 4262; x_wconf 89' lang='lat' dir='ltr'><strong>ab</strong></span> <span class='ocrx_word' id='word_1_695' title='bbox 2168 4206 2631 4264; x_wconf 87' lang='lat' dir='ltr'><strong>incommutabili</strong></span> <span class='ocrx_word' id='word_1_696' title='bbox 2661 4210 2829 4276; x_wconf 87' lang='lat' dir='ltr'><strong>bono,</strong></span> <span class='ocrx_word' id='word_1_697' title='bbox 2857 4211 3006 4284; x_wconf 94' lang='lat' dir='ltr'><strong>quod</strong></span> <span class='ocrx_word' id='word_1_698' title='bbox 3029 4213 3124 4271; x_wconf 90' lang='lat' dir='ltr'><strong>de-</strong></span> 
     </span>
     <span class='ocr_line' id='line_1_113' title="bbox 1764 4287 3122 4369; baseline 0.009 -27"><span class='ocrx_word' id='word_1_699' title='bbox 1764 4309 1791 4342; x_wconf 76' lang='lat'>«</span> <span class='ocrx_word' id='word_1_700' title='bbox 1833 4287 1927 4344; x_wconf 91' lang='lat' dir='ltr'><strong>bet</strong></span> <span class='ocrx_word' id='word_1_701' title='bbox 1952 4303 2073 4345; x_wconf 89' lang='lat' dir='ltr'><strong>esse</strong></span> <span class='ocrx_word' id='word_1_702' title='bbox 2108 4288 2348 4344; x_wconf 88' lang='lat' dir='ltr'><strong>ultimus</strong></span> <span class='ocrx_word' id='word_1_703' title='bbox 2389 4288 2542 4353; x_wconf 80' lang='lat' dir='ltr'><strong>finis,</strong></span> <span class='ocrx_word' id='word_1_704' title='bbox 2586 4307 2653 4347; x_wconf 95' lang='lat' dir='ltr'><strong>eo</strong></span> <span class='ocrx_word' id='word_1_705' title='bbox 2678 4291 2828 4364; x_wconf 93' lang='lat' dir='ltr'><strong>quod</strong></span> <span class='ocrx_word' id='word_1_706' title='bbox 2855 4308 2971 4351; x_wconf 93' lang='lat' dir='ltr'><strong>non</strong></span> <span class='ocrx_word' id='word_1_707' title='bbox 3000 4312 3122 4369; x_wconf 86' lang='lat' dir='ltr'><strong>pos·</strong></span> 
     </span>
     <span class='ocr_line' id='line_1_114' title="bbox 1764 4369 2959 4440; baseline 0 -17"><span class='ocrx_word' id='word_1_708' title='bbox 1764 4390 1790 4423; x_wconf 76' lang='grc' dir='ltr'><em>α</em></span> <span class='ocrx_word' id='word_1_709' title='bbox 1831 4373 1967 4425; x_wconf 88' lang='lat' dir='ltr'><strong>sunt</strong></span> <span class='ocrx_word' id='word_1_710' title='bbox 1987 4384 2107 4425; x_wconf 90' lang='lat' dir='ltr'><strong>esse</strong></span> <span class='ocrx_word' id='word_1_711' title='bbox 2129 4370 2322 4440; x_wconf 87' lang='lat' dir='ltr'><strong>plures</strong></span> <span class='ocrx_word' id='word_1_712' title='bbox 2344 4370 2536 4425; x_wconf 90' lang='lat' dir='ltr'><strong>ultimi</strong></span> <span class='ocrx_word' id='word_1_713' title='bbox 2562 4369 2728 4426; x_wconf 80' lang='lat' dir='ltr'><strong>fineS.</strong></span> <span class='ocrx_word' id='word_1_714' title='bbox 2776 4395 2802 4424; x_wconf 85' lang='lat'>»</span> <span class='ocrx_word' id='word_1_715' title='bbox 2952 4382 2959 4385; x_wconf 86' lang='lat'>·</span> 
     </span>
     <span class='ocr_line' id='line_1_115' title="bbox 1832 4449 3124 4523; baseline 0.007 -17"><span class='ocrx_word' id='word_1_716' title='bbox 1832 4449 2239 4515; x_wconf 81' lang='lat' dir='ltr'><strong>confirmatur,</strong></span> <span class='ocrx_word' id='word_1_717' title='bbox 2271 4454 2327 4505; x_wconf 90' lang='lat' dir='ltr'><strong>et</strong></span> <span class='ocrx_word' id='word_1_718' title='bbox 2352 4449 2672 4508; x_wconf 87' lang='lat' dir='ltr'><strong>declaratur</strong></span> <span class='ocrx_word' id='word_1_719' title='bbox 2722 4454 2955 4523; x_wconf 84' lang='lat' dir='ltr'><strong>ultimo;</strong></span> <span class='ocrx_word' id='word_1_720' title='bbox 2988 4473 3124 4514; x_wconf 89' lang='lat' dir='ltr'><strong>nam</strong></span> 
     </span>
     <span class='ocr_line' id='line_1_116' title="bbox 1757 4529 3126 4603; baseline 0.006 -18"><span class='ocrx_word' id='word_1_721' title='bbox 1757 4531 1807 4585; x_wconf 90' lang='lat' dir='ltr'><strong>si</strong></span> <span class='ocrx_word' id='word_1_722' title='bbox 1833 4535 2087 4602; x_wconf 88' lang='lat' dir='ltr'><strong>peccator</strong></span> <span class='ocrx_word' id='word_1_723' title='bbox 2130 4529 2363 4586; x_wconf 88' lang='lat' dir='ltr'><strong>haberet</strong></span> <span class='ocrx_word' id='word_1_724' title='bbox 2412 4530 2678 4603; x_wconf 85' lang='lat' dir='ltr'><strong>gratiam,</strong></span> <span class='ocrx_word' id='word_1_725' title='bbox 2710 4541 2874 4601; x_wconf 88' lang='lat' dir='ltr'><strong>esset,</strong></span> <span class='ocrx_word' id='word_1_726' title='bbox 2906 4540 2962 4593; x_wconf 91' lang='lat' dir='ltr'><strong>et</strong></span> <span class='ocrx_word' id='word_1_727' title='bbox 3010 4553 3126 4595; x_wconf 90' lang='lat' dir='ltr'><strong>non</strong></span> 
     </span>
     <span class='ocr_line' id='line_1_117' title="bbox 1758 4609 3127 4679; baseline 0.007 -14"><span class='ocrx_word' id='word_1_728' title='bbox 1758 4614 1906 4666; x_wconf 87' lang='lat' dir='ltr'><strong>esset</strong></span> <span class='ocrx_word' id='word_1_729' title='bbox 1933 4625 2244 4666; x_wconf 87' lang='lat' dir='ltr'><strong>conversus</strong></span> <span class='ocrx_word' id='word_1_730' title='bbox 2272 4609 2343 4665; x_wconf 86' lang='lat' dir='ltr'><strong>ad</strong></span> <span class='ocrx_word' id='word_1_731' title='bbox 2390 4616 2734 4679; x_wconf 87' lang='lat' dir='ltr'><strong>creaturam,</strong></span> <span class='ocrx_word' id='word_1_732' title='bbox 2761 4616 2853 4672; x_wconf 91' lang='lat' dir='ltr'><strong>vel</strong></span> <span class='ocrx_word' id='word_1_733' title='bbox 2900 4617 2971 4672; x_wconf 90' lang='lat' dir='ltr'><strong>ad</strong></span> <span class='ocrx_word' id='word_1_734' title='bbox 3023 4616 3127 4675; x_wconf 91' lang='lat' dir='ltr'><strong>bo—</strong></span> 
     </span>
     <span class='ocr_line' id='line_1_118' title="bbox 1761 4690 3127 4763; baseline 0.008 -19"><span class='ocrx_word' id='word_1_735' title='bbox 1761 4705 1905 4745; x_wconf 90' lang='lat' dir='ltr'><strong>num</strong></span> <span class='ocrx_word' id='word_1_736' title='bbox 1953 4690 2276 4763; x_wconf 88' lang='lat' dir='ltr'><strong>proprium,</strong></span> <span class='ocrx_word' id='word_1_737' title='bbox 2309 4694 2603 4763; x_wconf 81' lang='lat' dir='ltr'><strong>tamquam</strong></span> <span class='ocrx_word' id='word_1_738' title='bbox 2633 4693 2703 4750; x_wconf 87' lang='lat' dir='ltr'><strong>ad</strong></span> <span class='ocrx_word' id='word_1_739' title='bbox 2736 4694 3005 4753; x_wconf 88' lang='lat' dir='ltr'><strong>ultimum</strong></span> <span class='ocrx_word' id='word_1_740' title='bbox 3054 4698 3127 4754; x_wconf 84' lang='lat' dir='ltr'><strong>fi-</strong></span> 
     </span>
     <span class='ocr_line' id='line_1_119' title="bbox 1760 4769 3129 4834; baseline 0.005 -9"><span class='ocrx_word' id='word_1_741' title='bbox 1760 4784 1897 4826; x_wconf 89' lang='lat' dir='ltr'><strong>nem</strong></span> <span class='ocrx_word' id='word_1_742' title='bbox 1934 4789 1948 4824; x_wconf 84' lang='lat'>:</span> <span class='ocrx_word' id='word_1_743' title='bbox 1977 4769 2074 4826; x_wconf 89' lang='lat' dir='ltr'><strong>sed</strong></span> <span class='ocrx_word' id='word_1_744' title='bbox 2096 4784 2235 4834; x_wconf 89' lang='lat' dir='ltr'><strong>esse,</strong></span> <span class='ocrx_word' id='word_1_745' title='bbox 2268 4773 2324 4825; x_wconf 90' lang='lat' dir='ltr'><strong>et</strong></span> <span class='ocrx_word' id='word_1_746' title='bbox 2352 4784 2469 4826; x_wconf 87' lang='lat' dir='ltr'><strong>non</strong></span> <span class='ocrx_word' id='word_1_747' title='bbox 2495 4786 2617 4829; x_wconf 87' lang='lat' dir='ltr'><strong>esse</strong></span> <span class='ocrx_word' id='word_1_748' title='bbox 2662 4789 3004 4832; x_wconf 89' lang='lat' dir='ltr'><strong>conversum</strong></span> <span class='ocrx_word' id='word_1_749' title='bbox 3058 4779 3129 4834; x_wconf 84' lang='lat' dir='ltr'><strong>ad</strong></span> 
     </span>
     <span class='ocr_line' id='line_1_120' title="bbox 1760 4849 3127 4924; baseline 0.005 -16"><span class='ocrx_word' id='word_1_750' title='bbox 1760 4849 2013 4908; x_wconf 90' lang='lat' dir='ltr'><strong>eundem</strong></span> <span class='ocrx_word' id='word_1_751' title='bbox 2038 4850 2383 4916; x_wconf 85' lang='lat' dir='ltr'><strong>terminum,</strong></span> <span class='ocrx_word' id='word_1_752' title='bbox 2435 4852 2696 4924; x_wconf 88' lang='lat' dir='ltr'><strong>implicat</strong></span> <span class='ocrx_word' id='word_1_753' title='bbox 2722 4856 3127 4915; x_wconf 87' lang='lat' dir='ltr'><strong>contradictio-</strong></span> 
     </span>
     <span class='ocr_line' id='line_1_121' title="bbox 1763 4927 3130 5002; baseline 0.009 -19"><span class='ocrx_word' id='word_1_754' title='bbox 1763 4944 1930 4996; x_wconf 89' lang='lat' dir='ltr'><strong>nem;</strong></span> <span class='ocrx_word' id='word_1_755' title='bbox 1953 4927 2240 5000; x_wconf 86' lang='lat' dir='ltr'><strong>siquidem</strong></span> <span class='ocrx_word' id='word_1_756' title='bbox 2267 4945 2408 4995; x_wconf 87' lang='lat' dir='ltr'><strong>esse,</strong></span> <span class='ocrx_word' id='word_1_757' title='bbox 2426 4936 2481 4987; x_wconf 88' lang='lat' dir='ltr'><strong>et</strong></span> <span class='ocrx_word' id='word_1_758' title='bbox 2498 4947 2614 4987; x_wconf 90' lang='lat' dir='ltr'><strong>non</strong></span> <span class='ocrx_word' id='word_1_759' title='bbox 2635 4935 3130 5002; x_wconf 86' lang='lat' dir='ltr'><strong>esseimmediate‚</strong></span> 
     </span>
     <span class='ocr_line' id='line_1_122' title="bbox 1761 5009 3136 5092; baseline 0.004 -23"><span class='ocrx_word' id='word_1_760' title='bbox 1761 5017 1816 5069; x_wconf 88' lang='lat' dir='ltr'><strong>et</strong></span> <span class='ocrx_word' id='word_1_761' title='bbox 1841 5009 2277 5068; x_wconf 86' lang='lat' dir='ltr'><strong>contradictorie</strong></span> <span class='ocrx_word' id='word_1_762' title='bbox 2292 5017 2661 5087; x_wconf 89' lang='lat' dir='ltr'><strong>opponuntur</strong></span> <span class='ocrx_word' id='word_1_763' title='bbox 2688 5036 2700 5071; x_wconf 93' lang='lat'><strong>:</strong></span> <span class='ocrx_word' id='word_1_764' title='bbox 2720 5031 2854 5090; x_wconf 87' lang='lat' dir='ltr'><strong>ergo</strong></span> <span class='ocrx_word' id='word_1_765' title='bbox 2872 5018 3136 5092; x_wconf 84' lang='lat' dir='ltr'><strong>implicat</strong></span> 
     </span>
    </p>
   </div>
   <div class='ocr_carea' id='block_1_18' title="bbox 3167 4465 3330 4510">
    <p class='ocr_par' dir='ltr' id='par_1_20' title="bbox 3167 4465 3330 4510">
     <span class='ocr_line' id='line_1_123' title="bbox 3167 4465 3330 4510; baseline -0.006 0"><span class='ocrx_word' id='word_1_766' title='bbox 3167 4465 3330 4510; x_wconf 76' lang='lat' dir='ltr'><strong>Tertio.</strong></span> 
     </span>
    </p>
   </div>
  </div>
 </body>
</html>
