3647 5753
562 417 598 470 8
1584 420 1677 473 DE
1717 419 1987 474 GRATIA
2026 419 2368 477 EFFICACI.

565 595 686 661 illa,
716 601 773 652 et
808 612 909 669 per
951 612 1298 669 consequens
1323 613 1453 653 cum
1481 597 1666 671 gratia
1705 595 1920 652 consti-

566 681 757 732 tuatur
784 677 848 733 in
871 692 993 734 esse
1019 677 1255 734 efficacis
1283 693 1383 749 per
1411 677 1737 750 praedictam
1779 692 1920 733 con-

566 756 891 822 nexionem,
908 759 1068 830 juxta
1083 756 1561 813 Adversariorum
1579 756 1916 823 doctrinam,

563 850 633 890 ex
654 834 851 891 eadem
881 836 1140 892 doctrina
1165 836 1376 893 insertu
1387 853 1432 902 r,
1458 835 1607 908 quod
1628 836 1703 891 sit
1721 834 1919 891 efficax

564 914 961 972 antecedenter
1001 916 1070 972 ad
1116 917 1507 988 operationem
1548 915 1717 972 liberi
1757 913 1917 971 arbi-

566 995 682 1061 trii‚
714 1002 771 1052 et
797 994 1249 1068 independenter
1276 995 1346 1051 ab
1387 997 1508 1052 illa.
1542 998 1689 1050 Tum
1716 996 1911 1063 etiam,

562 1077 697 1147 quia
741 1078 988 1150 gratiam
1020 1076 1390 1134 sufficientem
1416 1092 1538 1133 esse
1566 1077 1914 1149 principium

564 1157 798 1223 actuale,
824 1173 880 1213 v.
910 1173 963 1230 g.
996 1158 1403 1222 conversionis,
1438 1155 1916 1213 indissolubiliter

562 1238 926 1310 conjunctum
954 1246 1082 1293 cu'm
1112 1239 1231 1303 illa,
1264 1243 1349 1295 est
1383 1237 1612 1310 aliquod
1641 1237 1916 1308 praedica-

562 1324 682 1374 tum
714 1320 867 1376 reale
892 1320 1025 1376 :sed
1053 1319 1376 1394 hujusmodi
1407 1319 1771 1391 praedicatum
1796 1334 1913 1374 non

559 1402 825 1457 convenit
845 1403 1044 1476 gratiae
1071 1401 1369 1458 sufficienti
1396 1418 1468 1457 ex
1492 1417 1570 1468 se,
1603 1401 1745 1456 alias
1783 1415 1913 1455 om-

562 1482 652 1538 nis
678 1482 863 1556 gratia
887 1481 1241 1554 praeveniens
1267 1487 1411 1539 esset
1439 1481 1787 1553 principium
1817 1496 1913 1536 ac-

563 1563 717 1618 tuale
754 1561 1172 1637 conversionis3
1201 1560 1351 1634 quod
1389 1568 1471 1617 est
1516 1560 1744 1628 falsum,
1778 1576 1910 1615 cum

562 1643 851 1698 multoties
879 1640 1212 1714 praedictum
1240 1641 1501 1699 effectum
1550 1656 1667 1696 non
1709 1655 1911 1697 conse-

557 1728 811 1794 quatur:
854 1737 957 1778 nec
999 1722 1267 1778 convenit
1319 1720 1406 1776 illi
1464 1720 1685 1777 ratione
1731 1719 1911 1792 ipsius

558 1803 949 1860 conversionis
1013 1802 1370 1875 subsequutae
1401 1844 1414 1868 ,
1469 1801 1751 1874 siquidem
1806 1816 1909 1872 pro

562 1884 742 1954 priori
770 1883 838 1939 ad
868 1883 1029 1939 illam
1057 1928 1070 1952 ,
1130 1889 1296 1955 atque
1337 1882 1465 1943 ideo
1509 1879 1909 1954 independen-

559 1972 645 2021 ter
698 1966 767 2022 ab
813 1966 935 2039 ipsa
976 1965 1384 2021 denominatur
1421 1963 1769 2037 principium
1812 1979 1909 2019 ac-

557 2045 710 2102 tuale
728 2047 848 2119 ejus
870 2071 882 2102 :
908 2062 1011 2102 nec
1034 2045 1262 2101 tandem
1282 2043 1551 2101 convenit
1573 2044 1660 2099 illi
1686 2043 1909 2099 ratione

551 2142 856 2184 concursus
876 2126 1207 2183 simultanei
1236 2127 1368 2192 Dei;
1400 2143 1528 2183 cum
1557 2126 1649 2182 hic
1674 2141 1907 2182 concur-

549 2224 643 2263 sus
668 2208 741 2264 sit
770 2208 922 2265 idem
954 2210 1185 2265 realiter
1212 2222 1340 2263 cum
1364 2208 1485 2278 ipsa
1506 2207 1899 2274 conversione,

548 2293 605 2343 et
649 2304 773 2344 eam
805 2289 1037 2346 realiter
1081 2304 1196 2345 non
1225 2286 1713 2360 antecedat:ergo
1756 2302 1904 2359 prae-

549 2366 761 2423 dictum
810 2370 1074 2426 convenit
1122 2369 1319 2442 gratiae
1352 2366 1651 2423 sufficienti
1682 2368 1904 2423 ratione

553 2447 790 2521 alicujus
818 2447 1203 2516 formalitatis,
1236 2447 1327 2503 vel
1364 2446 1640 2502 realitutis
1665 2445 1775 2501 sibi
1802 2462 1904 2501 sue-

555 2526 877 2596 peradditae‚
910 2542 1082 2600 quam
1130 2525 1305 2582 dubio
1337 2528 1372 2579 4
1400 2532 1456 2581 et
1501 2528 1537 2579 5
1582 2524 1902 2598 assignabi-

551 2621 679 2662 mus
705 2629 718 2663 :
744 2614 911 2679 atque
936 2607 1063 2664 ideo
1087 2609 1147 2663 in
1172 2607 1351 2679 priori
1375 2607 1443 2662 ad
1466 2606 1901 2664 conversionem

545 2691 888 2761 supponitur
935 2705 1051 2745 non
1095 2691 1281 2745 solum
1310 2704 1436 2744 cum
1465 2682 1676 2744 virtute
1701 2704 1902 2744 causa-

549 2769 683 2837 tiva,
715 2769 811 2827 sed
838 2772 1012 2827 etiarn
1034 2787 1160 2826 cum
1191 2768 1393 2825 ordine
1413 2770 1787 2826 connexionis
1815 2770 1902 2825 in·

550 2848 813 2906 fallibilis
858 2850 927 2906 ad
974 2850 1153 2923 ipsius
1179 2850 1569 2907 conversionis
1613 2849 1894 2907 effectum.

549 2935 697 2988 Tum
719 2934 981 3006 denique,
1010 2949 1143 2989 nam
1176 2934 1277 2988 illa
1296 2934 1498 3007 gratia,
1526 2932 1595 2988 ad
1617 2948 1787 3005 quam
1816 2949 1900 2990 se-

551 3015 747 3086 quitur
790 3013 861 3071 de
906 3014 1049 3071 facto
1088 3016 1404 3080 conversio,
1434 3021 1517 3070 est
1542 3013 1770 3070 effectus
1798 3015 1898 3072 Dei

550 3096 794 3152 volentis
822 3097 1113 3152 voluntate
1145 3097 1529 3167 consequenti,
1562 3103 1618 3172 et
1644 3095 1900 3152 absolute

549 3177 731 3248 ipsam
776 3178 1208 3233 conversionem
1246 3176 1385 3232 :sed
1424 3179 1607 3252 gratia
1652 3195 1776 3251 quae
1813 3184 1900 3233 est

546 3258 774 3314 effectus
816 3257 1097 3329 praedictae
1136 3258 1466 3324 voluntatis,
1500 3261 1772 3331 importat
1798 3275 1898 3316 or-

547 3339 743 3395 dinem
768 3336 1137 3394 infallibilem
1161 3339 1231 3394 ad
1250 3338 1530 3403 effectum,
1559 3354 1728 3410 quem
1753 3341 1898 3395 Deus

546 3420 627 3475 sic
680 3418 916 3485 volens,
969 3424 1023 3475 et
1069 3419 1165 3473 tali
1210 3416 1378 3473 modo
1407 3424 1570 3474 utens
1612 3418 1893 3485 intendit;

549 3498 847 3571 participat
873 3499 1031 3554 enim
1055 3514 1086 3554 a
1115 3499 1406 3554 voluntate
1434 3500 1535 3554 illa
1563 3497 1898 3553 infallibili-

546 3586 631 3636 ter
652 3594 907 3635 connexa
927 3595 1055 3635 cum
1078 3578 1273 3635 ellectu
1306 3579 1555 3634 similem
1584 3577 1897 3634 connexio-

546 3675 676 3716 nem
698 3681 710 3715 :
734 3676 869 3733 ergo
895 3660 1079 3733 gratia
1101 3658 1171 3715 ad
1190 3675 1361 3731 quam
1383 3660 1637 3731 sequitur
1664 3674 1897 3714 conver-

542 3740 646 3805 sio,
674 3738 1072 3797 antecedenter
1094 3738 1162 3795 ad
1184 3755 1330 3805 eam,
1363 3745 1414 3794 et
1446 3737 1896 3810 independenter

544 3818 612 3874 ab
643 3819 746 3874 illa
774 3820 1045 3891 importat
1078 3820 1494 3875 connexionem
1524 3817 1893 3874 infallibilem

541 3913 669 3953 cum
694 3898 835 3970 ipsa.
1814 3935 1820 3940 -

353 4009 511 4050 rra-ce·
628 3978 708 4033 14.
742 3979 848 4041 Qui
872 3976 1157 4034 discursus
1184 3978 1434 4033 sumitur
1467 3994 1536 4034 ex
1575 3981 1637 4033 D.
1671 3978 1894 4033 Thoma

328 4059 515 4148 ἀδὲξξίξω
545 4058 699 4114 infra
747 4065 930 4135 quoest.
972 4060 1090 4124 112,
1116 4068 1227 4115 are.
1251 4061 1304 4124 3,
1338 4058 1432 4113 ubi
1463 4060 1542 4114 ait
1570 4080 1581 4113 :
1613 4081 1636 4109 α
1686 4059 1892 4113 Dicen-

343 4155 512 4198 fuicaur
547 4161 573 4190 α
615 4137 772 4206 dum,
812 4136 959 4210 quod
998 4139 1141 4193 sicut
1168 4155 1340 4210 supra
1368 4139 1581 4194 dictum
1608 4142 1709 4202 est,
1743 4151 1893 4210 prae-

326 4213 378 4245 ⁰¹
391 4206 522 4248 ”sm
544 4244 569 4271 «
617 4220 835 4294 paratio
862 4219 1116 4275 hominis
1138 4220 1205 4275 ad
1222 4219 1469 4294 gratiam
1480 4220 1729 4276 estaDeo
1749 4220 1892 4275 sicut

544 4324 567 4352 «
613 4318 645 4357 a
683 4308 967 4360 movente.
991 4317 1023 4357 a
1048 4300 1233 4358 libero
1264 4306 1452 4357 autem
1481 4299 1721 4356 arbitrio
1748 4301 1893 4356 sicut

549 4404 574 4432 «
620 4387 839 4438 amoto.
876 4382 1064 4438 Potest
1085 4381 1261 4453 igitur
1284 4379 1621 4453 praeparatio
1642 4379 1891 4450 duplici·
1935 4431 1938 4435 .

543 4463 567 4510 ἁ
612 4465 697 4516 ter
740 4461 1112 4517 considerari.
1155 4462 1280 4515 Uno
1319 4458 1548 4531 quidem
1585 4459 1754 4515 modo
1796 4476 1889 4516 se-

552 4560 577 4592 «
615 4539 864 4595 cundum
892 4540 1040 4612 quod
1068 4546 1152 4596 est
1172 4556 1204 4595 a
1228 4539 1409 4596 libero
1435 4539 1698 4608 arbitri0‚
1729 4546 1784 4596 et
1805 4557 1891 4597 se·

542 4642 566 4669 u
610 4619 861 4676 cundum
903 4622 1005 4677 hoc
1052 4622 1273 4677 nullam
1304 4621 1692 4677 necessitatem
1722 4620 1890 4677 habet

542 4722 566 4750 a
611 4699 679 4755 ad
701 4700 898 4773 gratias
941 4702 1473 4774 consequutionem;
1504 4701 1637 4775 quia
1670 4700 1886 4757 donum

546 4803 570 4831 «ι
613 4780 810 4853 gratiae
861 4779 1081 4836 excedit
1131 4797 1362 4838 omnem
1413 4782 1886 4855 praeparationem

543 4885 567 4913 «
615 4861 844 4917 virtutis
872 4860 1155 4919 humanm.
1190 4864 1319 4920 Alio
1346 4862 1515 4920 modo
1546 4870 1724 4936 potest
1748 4877 1888 4920 con-

544 4965 569 4991 «
613 4939 858 4997 siderari
886 4942 1213 5000 ,secundum
1256 4941 1402 5015 quod
1440 4949 1523 4998 est
1560 4960 1592 5000 a
1619 4945 1732 5002 Deo
1758 4960 1888 5002 mo-

543 5044 567 5072 «
613 5030 814 5089 vente5
844 5027 900 5077 et
926 5027 1059 5079 tunc
1088 5021 1255 5079 habet
1282 5024 1670 5082 necessitatem
1699 5023 1766 5080 ad
1803 5025 1882 5091 id,

2057 619 2083 649 α
2128 595 2196 653 ad
2241 597 2390 670 quod
2430 597 2734 655 ordinatur
2758 618 2789 656 a
2817 603 2931 657 Deo
2956 644 2969 666 ,
3019 617 3135 658 non
3175 601 3415 674 quidem

2057 699 2082 730 α
2122 677 2444 745 coactioniS,
2489 678 2586 734 sed
2637 680 3078 737 in‘rallibilitatis
3104 705 3119 748 ;
3147 682 3287 753 quia
3313 681 3415 737 in·

2057 779 2081 809 α
2124 757 2303 813 tentio
2331 758 2429 814 Dei
2450 757 2692 817 deficere
2721 776 2836 816 non
2868 767 3062 833 potest,
3089 760 3415 817 secundum

2056 858 2081 889 α
2121 835 2270 909 quod
2292 840 2641 912 Augustinus
2667 839 2804 897 dicit
2827 842 2889 896 in
2920 840 3020 898 lib.
3046 840 3117 898 de
3141 841 3407 913 praedest.

2054 938 2080 968 «
2121 917 2217 971 SS.
2259 917 2405 989 quod
2434 933 2534 991 per
2574 918 2846 977 beneficia
2871 923 2968 977 Dei
2994 921 3314 978 certissime
3341 922 3413 976 li·

2054 1017 2079 1047 α
2122 995 2396 1054 berantur
2415 1000 2757 1072 quicumque
2791 1000 3132 1058 liberantur.
3169 1001 3336 1058 Unde
3357 1003 3407 1057 si
3543 944 3560 1097 1

2053 1098 2078 1130 «
2121 1095 2192 1134 ex
2232 1080 2552 1135 intentione
2592 1080 2690 1136 Dei
2739 1082 3023 1137 moventis
3067 1087 3195 1147 est,
3251 1082 3408 1155 quod

2052 1178 2078 1208 «
2119 1158 2310 1224 homo,
2345 1159 2502 1232 cujus
2528 1174 2623 1215 cor
2652 1166 2859 1226 movet,
2903 1161 3151 1235 gratiam
3197 1176 3406 1218 conse·

2053 1257 2078 1288 α
2118 1244 2345 1309 quatur,
2379 1236 2771 1295 infallibiliter
2794 1241 2977 1312 ipsam
3003 1241 3400 1313 consequitur,

2051 1337 2077 1370 α
2115 1317 2427 1373 secundum
2456 1317 2599 1373 illud
2628 1321 2790 1375 Joan.
2815 1322 2872 1375 6:
2896 1320 3098 1375 Omnis
3117 1321 3216 1393 qui
3241 1320 3408 1376 audit

2050 1417 2076 1449 α
2118 1412 2151 1453 a
2179 1398 2365 1464 Patre,
2397 1402 2453 1454 et
2485 1397 2702 1464 didicit,
2734 1400 2930 1456 veniat
2956 1399 3025 1456 ad
3070 1414 3181 1458 me.
3234 1421 3261 1452 ι)
3315 1403 3403 1457 Ex

2040 1479 2247 1551 quibus
2271 1479 2352 1535 sic
2390 1478 2744 1537 instauratur
2783 1488 3187 1556 argumentum
3223 1499 3405 1556 supra

2042 1558 2282 1624 factum3
2312 1574 2447 1614 nam
2475 1560 2659 1632 gratia
2680 1577 2714 1616 a
2733 1562 2846 1616 Deo
2871 1561 3074 1617 collata
3099 1578 3171 1617 ex
3200 1562 3403 1618 inten-

2041 1639 2195 1696 tione
2220 1638 2426 1695 efficaci
2461 1641 2829 1696 convertendi
2870 1642 3190 1707 hominem,
3225 1642 3403 1699 habet

2041 1720 2144 1777 hoc
2173 1722 2295 1792 ipso
2317 1736 2431 1776 non
2453 1722 2638 1777 solum
2663 1722 2934 1778 virtutem
2957 1721 3027 1779 ad
3043 1723 3398 1780 causandam

2038 1803 2492 1869 conversionem,
2524 1801 2621 1858 sed
2662 1803 2945 1872 ordinem,
2977 1805 3100 1860 sive
3141 1806 3400 1862 necessi·-

2038 1887 2213 1938 tatem
2261 1881 2695 1939 infallibilitatis
2743 1882 2813 1939 ad
2860 1884 3191 1955 praedictum
3231 1885 3401 1942 effec-

2039 1969 2180 2029 tum,
2223 1977 2291 2020 eo
2329 1963 2478 2035 quod
2517 1963 2766 2021 intentio
2787 1965 2983 2022 efficax
3012 1969 3108 2023 Dei
3151 1965 3404 2026 deficere

2037 2059 2154 2101 non
2182 2049 2400 2116 potest:
2438 2045 2591 2117 atqui
2625 2048 2870 2120 gratiam
2905 2046 3083 2102 tribui
3115 2064 3146 2104 a
3170 2049 3282 2104 Deo
3321 2065 3398 2106 ex

2036 2124 2355 2181 intentione
2395 2126 3126 2194 convertendihominem,
3163 2143 3278 2184 non
3306 2137 3398 2186 est

2033 2203 2261 2262 effectus
2282 2205 2461 2277 ipsius
2480 2206 2887 2275 conversionis,
2911 2206 3008 2263 sed
3030 2215 3113 2264 est
3128 2207 3397 2281 quaedam

2037 2285 2200 2352 ratio,
2225 2291 2281 2342 et
2307 2300 2508 2341 verum
2541 2285 2903 2358 praedicatum
2926 2289 3274 2345 conveniens
3295 2289 3394 2346 illi

2034 2365 2435 2422 antecedenter
2462 2364 2531 2421 ad
2560 2368 2742 2438 ipsam
2764 2368 3194 2426 conversionem
3217 2393 3230 2437 ;
3255 2386 3393 2426 cum

2033 2452 2164 2502 ante
2192 2446 2354 2502 illam
2383 2444 2562 2501 subsit
2592 2446 2869 2520 praedictae
2895 2448 3203 2505 intentioni
3236 2452 3339 2507 Dei
3377 2473 3391 2507 ε

2031 2544 2166 2602 ergo
2185 2527 2369 2601 gratia
2398 2527 2528 2583 data
2544 2545 2576 2583 a
2602 2530 2711 2583 Deo
2731 2528 3027 2587 efficaciter
3052 2533 3399 2593 intendente

2030 2610 2482 2667 conversionem.
2517 2608 2685 2665 habet
2731 2627 2833 2682 pro
2881 2613 3060 2684 priori
3101 2615 3170 2670 ad
3211 2615 3391 2685 illam

1981 2744 1986 2749 .
2033 2703 2149 2746 non
2168 2691 2354 2745 solum
2378 2689 2652 2746 virtutem
2671 2689 2741 2745 ad
2762 2706 2890 2747 eam
2905 2694 3268 2762 causandam‚
3284 2699 3391 2752 sed

2030 2769 2203 2824 etiam
2233 2767 2604 2825 infallibilem
2632 2786 2760 2825 cum
2791 2771 2912 2842 ipsa
2939 2776 3384 2844 connexionem,

2030 2848 2094 2905 in
2133 2865 2243 2921 qua
2281 2850 2636 2906 connexione
2663 2850 3016 2909 constituunt
3048 2854 3386 2913 Adversarii

2030 2930 2225 3003 gratias
2250 2930 2553 2986 efficaciam
2588 2950 2601 2985 ε
2632 2932 2748 2987 haec
2767 2932 2943 3005 igitur
2968 2950 3083 2990 non
3123 2935 3388 2992 desumi-

2030 3017 2123 3065 tur
2142 3009 2213 3065 ab
2239 3010 2457 3077 effectu,
2481 3010 2579 3066 sed
2600 3028 2732 3068 eum
2764 3014 3044 3085 praecedit.

2103 3089 2504 3148 confirmatur.
2528 3096 2584 3146 et
2618 3092 2940 3148 declaratur
2969 3096 3194 3166 primo;
3244 3097 3388 3170 quia
3431 3120 3569 3163 confi·

2026 3169 2210 3242 gratia
2252 3171 2606 3240 praeveniens
2631 3214 2643 3234 ‚
2688 3177 2744 3226 et
2782 3172 3066 3229 sufficiens
3086 3176 3291 3232 collata
3309 3192 3387 3233 ex
3410 3176 3550 3213 matur
3581 3172 3598 3238 *Q

2028 3250 2350 3306 intentione
2393 3250 2493 3305 Dei
2548 3251 2793 3308 volentis
2845 3253 3139 3310 voluntate
3179 3271 3389 3312 conse·
3597 3247 3598 3256 ¹

2027 3330 2223 3402 quenti
2274 3331 2712 3411 conversionem
2756 3335 3092 3403 peccatoriS,
3154 3336 3215 3390 in
3278 3337 3389 3395 illo

2028 3411 2228 3483 priori,
2256 3411 2317 3467 in
2346 3426 2456 3483 quo
2482 3412 2912 3469 conversionem
2937 3415 3221 3485 praecedit,
3249 3432 3388 3474 con-

2028 3494 2185 3547 notat
2211 3493 2390 3547 Deum
2421 3496 2682 3562 paratum
2723 3507 3068 3550 concurrere
3113 3496 3392 3553 simulta-

2027 3587 2132 3628 nee
2161 3571 2431 3637 absolute,
2456 3578 2512 3628 et
2537 3579 2945 3644 consequenter
2972 3591 2985 3626 ε
3017 3575 3205 3647 gratia
3243 3593 3393 3636 vero

2027 3656 2384 3725 praeveniens
2428 3654 2630 3709 collata
2671 3669 2704 3709 a
2744 3656 2856 3709 Deo
2904 3670 3019 3711 non
3049 3656 3391 3717 intendente

2024 3734 2324 3790 efficaciter
2350 3735 2785 3791 conversionem
2816 3739 3136 3806 peccatoris,
3177 3740 3237 3795 in
3275 3739 3387 3797 illo

2027 3814 2226 3886 priori,
2279 3813 2341 3868 in
2384 3829 2495 3884 quo
2533 3813 2998 3889 praeintelligitur
3026 3818 3386 3891 principium

2023 3894 2305 3950 sufficiens
2321 3895 2736 3959 conversionis,
2760 3910 2876 3951 non
2898 3897 3164 3954 connotat
3192 3901 3382 3956 Deum

2025 3982 2285 4049 paratum
2313 3976 2605 4032 voluntate
2633 3976 2907 4043 absoluta,
2933 3983 2986 4034 et
3009 3982 3386 4051 consequenti

2022 4057 2295 4113 exhibere
2321 4074 2488 4113 suum
2536 4073 2878 4115 concursum
2928 4060 3342 4118 simultaneum
3367 4105 3382 4127 ,

2022 4137 2118 4193 sed
2145 4139 2331 4193 solum
2369 4144 2631 4210 paratum
2677 4139 2969 4195 voluntate
2997 4140 3381 4207 antecedenti.

2022 4224 2078 4274 et
2105 4218 2379 4274 inefficaci
2416 4240 2428 4274 ε
2458 4234 2595 4292 ergo
2624 4218 2907 4290 praedictae
2926 4222 3124 4292 gratia}
3152 4226 3386 4279 antece-

2021 4297 2222 4353 denter
2258 4298 2326 4353 ad
2355 4313 2716 4364 consensum,
2751 4301 2839 4355 vel
2869 4302 3184 4356 carentiam
3217 4301 3387 4358 illius

2022 4375 2233 4432 habent
2261 4376 2494 4449 aliquod
2518 4377 2884 4450 praedicatum
2913 4381 3079 4446 reale,
3108 4396 3207 4452 per
3228 4382 3385 4453 quod

2020 4458 2452 4533 distinguantur
2493 4480 2505 4514 ε
2543 4459 2641 4516 sed
2697 4460 2886 4531 prima
2929 4466 3013 4517 est
3064 4461 3276 4527 efficax,
3324 4470 3386 4520 et

2018 4539 2265 4596 secunda
2301 4539 2560 4596 inefficax
2618 4561 2630 4595 :
2671 4555 2806 4614 ergo
2851 4540 3177 4598 differentia
3221 4543 3382 4600 inter

2017 4621 2261 4693 gratiam
2289 4619 2589 4684 efficacem,
2623 4627 2678 4676 et
2701 4620 3044 4677 inefficacem
3077 4637 3191 4678 non
3214 4621 3383 4678 desu-

2019 4702 2197 4757 mitur
2226 4701 2296 4757 ab
2334 4707 2561 4767 eventu,
2607 4701 2697 4757 vel
2738 4701 2958 4769 effectu,
2990 4701 3089 4759 sed
3115 4704 3380 4759 salvatur

2019 4781 2414 4838 antecedenter
2443 4780 2511 4836 ad
2548 4780 2739 4835 illum.

2091 4859 2475 4917 confirmatur
2528 4859 2812 4925 secundo,
2863 4862 3136 4934 quoniam
3185 4861 3378 4936 gratia
3413 4884 3591 4935 courir.

2018 4945 2270 5007 trahem,
2303 4941 2373 4999 de
2393 4959 2505 5015 qua
2530 4940 2740 5000 dicitur
2766 4945 2930 5000 Joan.
2962 4945 2998 4999 6
3025 4965 3038 4999 :
3070 4943 3245 5001 Nemo
3268 4963 3376 5018 po—
3394 4942 3591 5035 3⁰33}

2018 5030 2115 5079 test
2163 5025 2343 5078 venire
2388 5023 2463 5078 ad
2491 5039 2590 5088 me,
2623 5024 2733 5079 nisi
2761 5022 2928 5079 Pater
2954 5026 3050 5100 qui
3089 5026 3239 5079 misit
3265 5040 3373 5092 me,
3569 5020 3578 5029 ’

3135 5110 3380 5164 traxerit
