3647 5753
197 1213 201 1216 >
300 1181 462 1225 Confir-

499 436 613 493 750
1427 441 1522 497 DE
1558 440 1886 500 INFLUXU
1925 440 2380 501 CHARITATIS.

502 623 629 666 nae:
658 625 794 683 ergo
818 610 1006 684 major
1033 609 1283 686 dignitas
1305 628 1561 686 personae
1582 610 1866 670 merentis

501 690 743 761 (caeteris
772 690 1025 763 paribus,
1057 708 1128 749 ex
1171 699 1332 767 parte
1371 694 1645 751 bonitatis
1689 695 1865 764 actus)

503 777 671 848 auget
719 773 1014 841 meritum,
1066 775 1242 832 etiam
1301 792 1372 833 ex
1423 781 1583 849 parte
1637 774 1863 849 praemii

498 854 823 912 essentialis
848 876 861 911 ε
891 872 1020 911 cum
1043 871 1177 931 ergo
1200 857 1318 924 ille,
1344 858 1442 930 qui
1464 862 1548 914 est
1569 858 1633 915 in
1656 856 1866 930 majori

499 936 687 1009 gratia
728 936 1029 1003 habituali,
1062 938 1139 994 sit
1179 937 1363 1013 magis
1389 937 1598 1013 dignus
1624 935 1866 1009 (caeteris

500 1018 757 1091 paribus,
790 1034 861 1075 ex
889 1025 1050 1092 parte
1095 1023 1270 1092 actus)
1313 1026 1486 1077 erunt
1523 1021 1644 1095 ejus
1691 1034 1864 1093 opera

499 1101 739 1175 majoris
762 1104 989 1175 praemii
1014 1104 1335 1162 meritoria.

575 1184 1125 1259 confirmatur,quia
1150 1187 1583 1245 circumstantia
1606 1203 1864 1261 personae

502 1266 721 1340 agentis
763 1273 928 1340 auget
974 1269 1231 1325 valorem
1287 1275 1460 1336 actus,
1493 1270 1638 1326 sicut
1682 1268 1863 1325 etiam

505 1352 669 1422 auget
691 1349 1009 1416 malitiam;
1054 1350 1239 1423 pluris
1259 1352 1420 1408 enim
1443 1352 1781 1417 aestimatur,
1807 1356 1866 1407 et

501 1430 738 1504 majoris
767 1432 980 1489 valoris
1025 1437 1108 1490 est
1154 1437 1308 1490 actus
1357 1434 1729 1500 humilitatis,
1762 1433 1861 1506 qui

499 1517 797 1569 exercetur
847 1529 880 1568 a
920 1514 1071 1588 Rege
1108 1515 1346 1584 (caeteris
1386 1515 1641 1588 paribus)
1686 1530 1860 1588 quam

498 1591 597 1664 qui
618 1591 848 1648 elicitur
877 1608 909 1648 a
938 1592 1160 1665 plebeio
1189 1614 1201 1649 :
1247 1593 1390 1651 sicut
1417 1596 1590 1652 etiam
1620 1600 1705 1651 est
1731 1610 1862 1650 ma-

493 1671 640 1746 joris
667 1672 906 1729 malitiae
945 1673 1217 1746 superbia
1241 1677 1525 1749 pauperiS,
1558 1682 1615 1734 et
1633 1674 1855 1750 abjecti,

496 1762 672 1826 quam
694 1754 1044 1822 excellentis,
1074 1761 1129 1812 et
1156 1756 1423 1814 sublimis
1450 1779 1463 1813 ε
1488 1756 1643 1831 atqui
1673 1756 1861 1829 major

495 1835 682 1910 gratia
708 1834 1016 1895 habitualis
1042 1843 1127 1895 est
1160 1840 1591 1896 circumstantia
1619 1838 1860 1914 dignifi-

498 1930 634 1974 cans
663 1933 964 1990 personam
994 1926 1313 1979 merentem
1344 1937 1514 1996 :ergo
1540 1938 1651 1994 quo
1674 1922 1860 1995 major

499 1998 678 2057 fuerit
706 2002 972 2074 praedicta
993 2004 1198 2078 gratia,
1229 2021 1296 2062 eo
1322 2005 1561 2076 (caeteris
1601 2006 1859 2080 paribus)

500 2082 613 2140 erit
640 2085 826 2159 majus
853 2087 1147 2146 meritum.

280 2168 472 2213 Occurri-
574 2167 661 2222 Ad
706 2174 1111 2243 argumentum
1159 2172 1553 2244 respondetur,
1598 2188 1859 2230 concesso

296 2224 486 2315 ‘ffie‘h'ff
501 2249 856 2308 antecedenti
909 2250 1315 2336 distinguendo
1362 2255 1618 2328 primum
1665 2272 1859 2314 conse-

498 2347 679 2403 quens
705 2356 717 2390 ε
785 2334 975 2407 Major
1022 2337 1268 2408 dignitas
1310 2355 1553 2410 per-soma
1602 2342 1859 2396 merentis

493 2422 653 2485 auyet
702 2418 976 2485 meritum,
1031 2417 1261 2490 quando
1307 2419 1423 2477 haec
1468 2420 1718 2495 dignitas
1773 2424 1859 2478 est

493 2497 725 2570 proprie
740 2497 989 2573 dignitas
1005 2502 1340 2574 personalis,
1362 2507 1618 2560 transeat
1641 2529 1655 2572 ;
1677 2521 1858 2578 quan-

494 2577 567 2635 do
590 2579 705 2636 haec
732 2580 982 2654 dignitas
1010 2588 1096 2640 est
1120 2585 1360 2657 praecise
1387 2586 1717 2652 habitualis,
1752 2604 1857 2645 ne-

493 2660 746 2736 gandum
775 2667 891 2719 est:
920 2670 976 2720 et
999 2667 1175 2723 etiam
1204 2669 1467 2743 neganda
1493 2676 1577 2726 est
1605 2669 1857 2728 secunda

493 2747 916 2816 consequentia,
948 2748 1082 2819 quia
1110 2748 1363 2823 dignitas
1388 2753 1587 2825 gratiae
1629 2770 1745 2811 non
1772 2760 1858 2812 est

494 2824 729 2897 proprie
750 2824 999 2901 dignitas
1015 2831 1425 2902 personaliS,ut
1452 2839 1575 2891 erat
1602 2833 1856 2910 dignitas

496 2905 708 2961 Christi
734 2908 964 2965 Domini
985 2929 996 2972 ;
1018 2910 1116 2967 sed
1139 2918 1223 2968 est
1243 2912 1494 2988 dignitas
1518 2916 1849 2976 habitualis.

495 2989 829 3060 Explicatur
894 2992 1436 3062 animadvertendo,
1509 2998 1854 3073 dignitatem

494 3085 750 3143 personae
771 3075 1062 3146 operantis
1083 3081 1319 3135 eatenus
1335 3078 1668 3154 dignificare
1683 3101 1854 3141 suum

494 3158 703 3223 actum,
735 3154 796 3212 et'
812 3157 1048 3215 reddere
1075 3175 1207 3217 eum
1250 3161 1434 3236 magis
1460 3164 1849 3234 meritorium,

494 3240 771 3305 quatenus
794 3254 895 3309 per
918 3239 1087 3297 illum
1118 3258 1361 3315 persona
1387 3243 1510 3317 ipsa
1528 3245 1849 3320 subjicitur,

494 3317 552 3370 et
573 3314 807 3373 offertur
833 3318 906 3386 ei,
941 3319 1089 3394 apud
1135 3338 1305 3396 quem
1358 3330 1631 3382 meretur.
1693 3327 1856 3384 Unde

496 3410 608 3466 quo
628 3398 811 3472 magis
832 3398 902 3456 de
921 3418 1024 3458 sua
1045 3400 1324 3476 dignitate
1341 3419 1583 3475 persona
1601 3406 1849 3479 subjicit,

495 3481 552 3533 et
578 3478 761 3547 offert,
805 3497 871 3539 eo
898 3483 1081 3556 magis
1121 3483 1415 3559 dignificat
1441 3501 1610 3542 suum
1640 3493 1849 3558 actum,

497 3561 790 3635 magisque
818 3579 919 3636 per
960 3565 1128 3622 illum
1177 3573 1451 3624 meretur.
1502 3569 1618 3625 Hoc
1663 3576 1854 3628 autem

495 3645 580 3697 est
605 3641 918 3702 discrimen
934 3643 1087 3704 inter
1102 3646 1439 3722 dignitatem
1465 3651 1696 3723 proprie
1717 3668 1854 3723 per-

496 3727 773 3793 sonalem,
807 3732 868 3783 ut
905 3735 1027 3786 erat
1072 3728 1321 3804 dignitas
1348 3732 1562 3789 Christi
1591 3735 1847 3803 Domini,

494 3812 551 3863 et
576 3805 915 3883 dignitatem
945 3811 1319 3881 habitualem,
1344 3830 1468 3887 quae
1488 3819 1572 3870 est
1594 3830 1696 3886 per
1714 3833 1854 3890 gra—

496 3888 657 3957 tiam,
683 3891 831 3963 quod
855 3893 956 3949 illa
973 3893 1133 3966 prior
1148 3899 1265 3950 tota
1279 3894 1599 3969 subjicitur,
1628 3901 1854 3971 totaque

492 3973 609 4028 Deo
636 3973 874 4057 offertur
910 3977 972 4032 in
1011 3975 1267 4049 qualibet
1293 3978 1625 4051 operatione
1669 3980 1854 4035 meri·

492 4055 645 4112 toria
666 4056 796 4112 talis
818 4073 1076 4129 personae
1098 4081 1113 4124 ;
1137 4057 1186 4113 si
1214 4059 1372 4116 enim
1402 4060 1523 4115 Rex
1551 4064 1611 4114 ut
1632 4061 1763 4117 talis
1790 4078 1853 4119 se

492 4134 783 4206 humiliet,
836 4155 952 4196 non
999 4143 1179 4212 potest
1226 4155 1343 4198 non
1391 4144 1506 4197 tota
1550 4157 1653 4197 sua
1695 4143 1852 4216 regia

404 4257 407 4258 ν
491 4216 771 4293 dignitate
795 4221 858 4278 in
886 4221 990 4278 hac
1018 4221 1425 4279 humiliatione
1453 4221 1555 4288 uti,
1588 4228 1645 4280 et
1669 4224 1751 4280 sic
1770 4230 1852 4282 to-

492 4305 613 4358 tam
642 4301 806 4359 illam
853 4302 928 4370 ei,
960 4302 1051 4360 cui
1076 4318 1137 4360 se
1164 4302 1456 4369 humiliat,
1488 4304 1552 4360 in
1592 4304 1697 4362 illo
1723 4311 1850 4362 actu

489 4382 770 4458 subjicere
795 4407 808 4442 :
866 4386 1017 4443 unde
1071 4384 1384 4443 secundum
1441 4389 1618 4443 totam
1676 4386 1848 4444 istam

487 4462 827 4540 dignitatem
856 4466 1148 4543 dignificat
1185 4466 1302 4523 haec
1337 4482 1579 4540 persona
1608 4467 1849 4540 praedic-

485 4543 606 4596 tam
629 4542 1041 4613 operationem.
1098 4545 1378 4600 Caeterum
1407 4540 1686 4616 dignitate
1711 4558 1849 4617 gra-

486 4622 600 4689 tiae,
626 4639 753 4696 quae
768 4629 854 4680 est
879 4624 1130 4700 dignitas
1152 4623 1484 4690 habitualiS,
1519 4624 1700 4679 utitur
1723 4641 1848 4697 per-

480 4720 624 4763 sona
650 4710 831 4781 grata,
862 4704 1091 4779 quando
1128 4706 1272 4774 vult,
1297 4710 1354 4762 et
1392 4709 1672 4778 quantum
1700 4706 1842 4776 vult,

480 4787 618 4864 quia
645 4787 937 4846 habitibus
978 4788 1199 4845 utimur
1218 4787 1448 4868 quando
1476 4789 1762 4854 volumus,
1787 4793 1845 4846 et

478 4871 764 4948 quomodo
788 4874 1086 4942 volumus;
1109 4876 1166 4928 et
1192 4888 1310 4930 non
1334 4871 1444 4928 nisi
1463 4870 1625 4945 juxta
1650 4887 1838 4940 usum,

478 4962 535 5014 et
560 4956 1005 5030 applicationem
1029 4954 1198 5030 hujus
1219 4954 1519 5030 dignitatis
1542 4953 1843 5030 dignifica-

477 5043 576 5095 tur
603 5040 877 5112 operatio.
928 5039 1107 5113 Igitur
1147 5038 1406 5095 Christus
1450 5038 1729 5095 Dominus
1754 5037 1755 5040 ’
1776 5039 1841 5096 in

479 5121 734 5195 quolibet
760 5126 884 5179 actu
912 5121 1213 5179 meritorio
1236 5119 1589 5195 subjiciebat,
1615 5126 1672 5179 et
1698 5120 1841 5180 offe-

311 1241 343 1274 112
350 1235 458 1276 atur·

1999 613 2159 671 rebat
2204 618 2317 674 Deo
2361 621 2538 679 totam
2585 633 2751 674 suam
2797 615 3169 691 dignitatem;
3215 611 3338 686 quia

1997 711 2128 752 cum
2152 702 2300 753 esset
2324 695 2574 772 dignitas
2607 697 2841 771 proprie
2870 694 3206 771 personalis,
3231 708 3337 749 non

1999 780 2216 848 poterat
2237 794 2355 835 non
2381 783 2498 835 tota
2536 779 2657 847 illa,
2688 779 2833 836 sicut
2861 783 2914 834 et
2956 782 3072 833 tota
3092 790 3192 829 sua
3218 789 3339 847 per-

1995 873 2136 915 sona
2175 859 2238 916 in
2283 860 2539 933 qualibet
2582 861 2916 934 operatione
2953 860 3035 915 uti
3060 877 3079 915 .·
3129 861 3185 914 et
3220 872 3339 913 cum

1997 946 2144 998 esset
2193 942 2442 1017 dignitas
2495 943 2745 1010 infinita,
2791 942 3115 1017 quemlibet
3166 943 3340 996 actum

1998 1024 2362 1081 meritorium
2377 1026 2711 1083 immediate
2733 1042 2834 1099 per
2853 1025 3101 1097 seipsam
3127 1021 3341 1080 infinite

1997 1103 2380 1179 dignificabat,
2425 1111 2482 1163 et
2517 1106 2897 1164 constituebat
2935 1105 3178 1179 dignum
3207 1117 3341 1176 prae-

1995 1187 2115 1243 mio
2144 1184 2394 1245 infinito.
2454 1189 2557 1245 Ille
2598 1204 2734 1247 vero
2778 1187 2878 1261 qui
2923 1191 3197 1259 operatur
3223 1200 3340 1241 cum

1996 1267 2204 1339 majori
2225 1269 2410 1342 gratia
2432 1270 2628 1326 minus
2661 1269 2956 1325 intensum
2998 1272 3208 1332 actum,
3234 1280 3342 1322 non

1994 1347 2222 1422 subjicit
2243 1352 2357 1407 Deo
2383 1366 2485 1422 per
2516 1350 2686 1407 illum
2719 1355 2895 1406 totam
2937 1364 3068 1404 eam
3103 1346 3339 1420 gratiam

1994 1432 2216 1502 (saltem
2263 1447 2335 1489 ex
2394 1438 2555 1506 parte
2602 1431 2915 1506 principii),
2950 1446 3055 1487 nec
3093 1435 3210 1487 tota
3248 1429 3341 1485 illa

1993 1512 2057 1570 in
2115 1513 2319 1571 ordine
2375 1515 2447 1572 ad
2516 1531 2649 1572 eum
2716 1515 2935 1581 utitur;
2983 1519 3154 1585 atque
3214 1509 3343 1568 adeo

1994 1610 2097 1667 nec
2137 1595 2404 1668 praedicta
2447 1597 2633 1672 gratia
2676 1593 2992 1652 sec’undum
3043 1610 3107 1650 se
3177 1599 3341 1651 totam

1993 1677 2322 1750 hujusmodi
2350 1685 2537 1736 actum
2565 1676 2876 1754 dignificat,
2907 1676 3005 1734 sed
3048 1678 3215 1751 juxta
3256 1677 3343 1732 in-

1992 1763 2333 1827 tensionem,
2359 1768 2416 1818 et
2436 1760 2749 1820 bonitatem
2793 1761 2974 1833 ipsius
2997 1765 3149 1816 actus
3180 1780 3194 1816 ε
3225 1775 3343 1816 ma-

1986 1843 2080 1917 jor
2106 1858 2243 1902 vero
2271 1844 2374 1900 illa
2417 1844 2668 1901 intensio
2694 1845 2911 1919 gratiae,
2943 1859 3055 1914 qua
3084 1857 3206 1898 non
3235 1841 3341 1897 uti-

1993 1930 2105 1989 tur,
2130 1916 2292 1997 quasi
2315 1923 2386 1981 de
2412 1924 2700 1981 materiali
2730 1922 2810 1980 ibi
2832 1930 2935 1989 est,
2959 1927 3014 1978 et
3043 1922 3228 1978 veluti
3250 1936 3342 1994 per

1993 2003 2250 2062 accidens
2275 2011 2409 2061 tunc
2433 2020 2495 2061 se
2522 2003 2691 2061 habet
2718 2004 2782 2060 in
2816 2001 3020 2060 ordine
3063 2002 3131 2058 ad
3162 2002 3343 2075 majus

1991 2085 2266 2143 meritum
2289 2086 2517 2159 praemii
2544 2085 2883 2142 essentialis.

2063 2168 2151 2225 Ad
2208 2166 2706 2226 confirmationem
2773 2165 3165 2240 respondetur,
3232 2165 3490 2229 cir—mmm

1989 2251 2392 2308 cumstantiam
2435 2240 2691 2325 personae
2735 2251 2955 2325 agentis
2985 2265 3100 2306 non
3140 2265 3340 2324 augere
3371 2236 3482 2330 ζῗξξξζ

1992 2334 2245 2389 valorem
2268 2338 2448 2399 actus,
2468 2332 2581 2388 nisi
2603 2336 2881 2405 quatenus
2904 2335 3068 2404 auget
3091 2346 3194 2403 per
3219 2345 3338 2386 mo-

1989 2416 2128 2472 dum
2143 2416 2588 2472 circumstantiae
2600 2415 2842 2473 moralis
2867 2414 2988 2487 ejus
3006 2413 3336 2475 bonitatem:

1989 2502 2045 2555 et
2070 2499 2150 2554 ita
2175 2497 2224 2554 si
2253 2498 2437 2572 maj0r
2475 2497 2659 2573 gratia
2700 2494 3012 2552 habitualis
3052 2500 3232 2568 auget·
3249 2510 3342 2566 per

1990 2580 2143 2636 hunc
2180 2577 2417 2636 modum
2448 2580 2703 2636 valorem
2750 2582 2923 2642 actus,
2973 2576 3071 2648 qui
3120 2576 3194 2632 ab
3246 2577 3341 2632 illa

1991 2661 2260 2733 procedit,
2289 2659 2516 2735 augebit
2555 2660 2772 2733 pariter
2798 2660 3079 2716 moralem
3118 2656 3338 2715 bonita-

1989 2747 2103 2800 tem
2122 2740 2379 2816 praedicti
2405 2746 2578 2808 actus,
2610 2741 2832 2813 eritque
2850 2740 2941 2796 hic
2958 2745 3092 2795 tunc
3112 2739 3342 2814 majoris

1990 2824 2216 2898 praemii
2245 2823 2598 2889 meritorius,
2631 2827 2864 2897 propter
2906 2822 3187 2897 majorem
3228 2821 3342 2896 ejus

1989 2905 2321 2971 bonitatem,
2364 2910 2421 2960 et
2449 2919 2565 2961 non
2594 2903 2823 2975 praecise
2849 2904 2985 2975 quia
3027 2901 3092 2956 fit
3138 2901 3215 2956 ab
3242 2901 3339 2957 ha-

1989 2984 2158 3043 bente
2184 2984 2463 3058 majorem
2507 2983 2754 3057 gratiam
2804 2983 3033 3058 praecise
3081 2979 3326 3038 habitua-

1989 3067 2123 3122 lem.
2159 3063 2325 3120 Unde
2352 3064 2414 3120 in
2431 3063 2535 3120 hoc
2554 3078 2684 3119 casu
2700 3078 2770 3119 ex
2793 3068 2952 3135 parte
2975 3067 3130 3119 actus
3144 3066 3339 3118 caetera

1990 3163 2105 3205 non
2132 3150 2265 3202 sunt
2294 3144 2472 3218 paria.
2561 3194 2568 3198 .

2060 3230 2152 3286 64.
2184 3229 2242 3285 Si
2272 3233 2446 3301 petas,
2468 3242 2542 3283 an
2560 3226 2665 3283 hoc
2690 3226 2893 3282 saltem
2918 3224 3108 3289 modo,
3137 3237 3334 3297 nempe
3347 3227 3500 3333 ἐξὲξ

1937 3337 1950 3351 ·
1989 3327 2091 3385 per
2135 3309 2371 3367 modum
2416 3307 2860 3365 circumstantia}
2887 3306 3127 3363 moralis
3158 3306 3336 3379 major
3372 3327 3472 3372 fimf,

1985 3392 2175 3467 gratia
2207 3388 2519 3447 habitualis
2565 3395 2765 3464 augeat
2804 3403 3032 3461 semper
3068 3388 3336 3444 meritum
3365 3377 3484 3471 ¹552*

1988 3472 2245 3548 augendo
2268 3473 2484 3545 pariter
2505 3471 2818 3529 bonitatem
2848 3477 3003 3527 actus
3030 3495 3042 3537 ;
3081 3469 3338 3528 verifice-

1989 3563 2194 3630 turque
2250 3553 2511 3627 proinde,
2571 3553 2982 3609 universaliter
3035 3551 3333 3625 loquendo.

1986 3657 2127 3713 opus
2167 3637 2430 3695 habentis
2478 3636 2756 3709 majorem
2796 3637 3043 3710 gratiam
3073 3634 3341 3692 habitua-

1987 3721 2101 3778 lem
2129 3735 2250 3778 esse
2271 3718 2511 3796 (caeteris
2534 3716 2788 3790 paribus)
2817 3717 2921 3774 hoc
2947 3718 3152 3773 saltem
3175 3714 3342 3773 modo

1986 3803 2168 3879 magis
2183 3803 2550 3881 meritorium
2568 3804 2595 3858 Ρ
2623 3800 3013 3874 Respondetur
3036 3804 3344 3872 utrumque

1984 3902 2107 3943 esse
2134 3884 2459 3959 probabile;
2504 3883 2858 3958 probabilior
2898 3889 3094 3940 tamen
3119 3881 3345 3940 videtur

1983 3985 2119 4043 pars
2141 3968 2424 4042 negativa,
2450 3969 2609 4043 cujus
2630 3967 2915 4023 rationem
2935 3981 3180 4022 numero
3204 3978 3342 4036 prae·

1985 4048 2205 4106 cedenti
2239 4048 2561 4122 tetigimus;
2597 4048 2733 4121 quia
2763 4047 3048 4104 nimirum
3092 4045 3342 4118 dignitas

1985 4146 2240 4205 personae
2268 4132 2486 4205 agentis
2509 4146 2625 4188 non
2651 4136 2736 4188 est
2760 4130 3190 4186 circumstantia
3213 4143 3341 4186 mo-

1985 4215 2125 4271 ralis
2177 4231 2390 4290 augens
2436 4214 2751 4273 bonitatem
2802 4218 2977 4279 actus,
3023 4228 3126 4269 nec
3172 4211 3345 4269 afficit

1982 4296 2153 4352 illum
2176 4297 2495 4363 moraliter,
2517 4295 2630 4352 nisi
2654 4300 2930 4369 quatenus
2953 4295 3045 4351 vel
3063 4294 3125 4349 in
3149 4293 3342 4365 ipsum

1982 4378 2238 4436 effective
2263 4378 2476 4445 influit,
2503 4379 2593 4436 vel
2618 4394 2718 4451 per
2757 4378 2928 4433 illum
2958 4375 3127 4433 alteri
3154 4374 3343 4448 subji-

1980 4458 2143 4527 citur,
2174 4465 2230 4517 et
2250 4458 2489 4517 offertur
2510 4479 2522 4514 :
2547 4459 2733 4533 major
2754 4463 2945 4513 autem
2965 4457 3153 4530 gratia
3177 4456 3344 4512 nullo

1979 4557 2053 4599 ex
2072 4541 2163 4598 his
2186 4540 2372 4598 modis
2398 4545 2565 4615 auget
2588 4554 2816 4612 semper
2844 4538 3160 4596 bonitatem
3201 4554 3341 4611 ope-

1982 4625 2062 4682 ris
2102 4624 2409 4692 meritorii,
2459 4623 2595 4698 quia
2635 4638 2739 4680 nec
2780 4637 3008 4695 semper
3050 4623 3232 4696 magis
3272 4621 3340 4678 in
3421 4617 3425 4621 ’

1980 4705 2127 4763 illud
2168 4703 2425 4762 effective
2452 4704 2662 4770 inssuit,
2710 4706 2772 4759 ut
2797 4703 3177 4775 supponimus
3190 4727 3205 4770 ;
3234 4716 3342 4760 nec

1977 4801 2205 4860 semper
2224 4784 2324 4859 qui
2345 4801 2473 4842 eam
2496 4783 2684 4850 habet,
2710 4782 2938 4859 subjicit
2960 4784 3127 4841 illam
3156 4781 3342 4857 magis

1978 4872 2112 4936 Deo,
2142 4866 2241 4925 sed
2263 4867 2427 4941 juxta
2453 4867 2916 4939 applicationem,
2949 4869 3006 4921 et
3046 4879 3213 4920 usum
3242 4861 3338 4935 ip-

1975 4953 2098 5009 sius
2117 4950 2315 5027 gratiae
2330 4948 2401 5008 ad
2425 4951 2597 5007 talem
2615 4956 2823 5008 actum.
2849 4952 2986 5014 Quae
3002 4947 3330 5021 applicem),

1973 5040 2032 5093 et
2059 5051 2195 5092 usus
2213 5033 2519 5109 subjicitur
2545 5034 2829 5091 voluntati
2858 5031 3164 5099 merenlis;
3195 5045 3335 5087 nam

1974 5115 2268 5173 habitibus
2297 5115 2519 5172 utimur
2544 5119 2825 5189 quantum
2853 5115 3141 5171 volumus.
3169 5110 3335 5251 Uaga

3227 5210 3248 5249 ι
3298 5207 3336 5249 ε·
