3647 5753
160 2038 300 2096 Obiec-

178 2094 250 2131 tto.

1479 411 1656 468 DISP.
1700 414 1771 482 11,
1814 416 1979 475 DUB.
2024 422 2117 484 lv.
3079 431 3180 488 371
3248 446 3258 456 ·

325 579 452 629 tum
478 574 783 648 originale,
830 582 1110 648 quantum
1137 584 1222 634 est
1255 595 1329 646 ex
1349 585 1431 652 se)
1458 598 1560 640 nec
1588 601 1690 658 per

321 655 590 713 divinam
614 658 931 729 potentiam
953 658 1081 716 fleri
1099 669 1301 733 posset,
1319 665 1468 736 quod
1491 667 1688 723 huma-

326 736 479 792 nitas
503 737 607 792 illa
634 746 926 811 assumpta
949 755 981 795 a
1002 756 1246 812 persona
1267 744 1469 802 divina
1491 746 1688 819 priva—

326 819 546 875 tionem
575 818 873 892 physicam
902 821 1064 878 illius
1089 825 1324 882 unionis
1349 833 1603 896 exueret,
1634 835 1691 886 et

323 901 504 956 simul
551 901 728 957 etiam
776 917 894 958 non
940 902 1250 977 deponeret
1304 909 1687 981 privationem

325 981 450 1056 ejus
465 981 749 1038 moralem
766 1004 780 1048 ;
800 982 1058 1054 alioquin
1073 985 1256 1043 adhuc
1273 991 1452 1061 posita
1474 991 1689 1048 unione

326 1061 681 1136 hypostatica
721 1071 984 1121 maneret
1029 1065 1091 1121 in
1132 1075 1373 1138 peccato,
1416 1072 1565 1143 quod
1604 1076 1688 1129 est

328 1142 834 1201 absurdissimum.
860 1145 918 1201 ld
942 1153 1132 1204 autem
1153 1165 1270 1206 non
1297 1152 1531 1210 aliunde
1551 1169 1688 1227 pro-

328 1224 634 1290 venit,nisi
650 1225 782 1297 quia
797 1224 1082 1284 destructa
1098 1230 1421 1302 privatione
1437 1233 1684 1308 physica,

327 1303 647 1361 destruitur
672 1305 845 1361 etiam
875 1307 1125 1379 privatio
1145 1311 1384 1367 moralis
1412 1313 1500 1370 illi
1524 1315 1690 1372 inni-

330 1391 476 1453 tens,
508 1389 564 1442 et
581 1390 759 1441 cessat
792 1393 946 1443 actus
974 1392 1398 1461 peccaminosus
1424 1396 1689 1465 praeteri-

330 1470 423 1521 tus
476 1480 739 1523 exercere
799 1469 1083 1526 rationem
1136 1471 1538 1544 impedimenti
1563 1520 1576 1543 ,
1632 1480 1690 1533 et

329 1545 604 1603 obstaculi
633 1568 645 1602 ε
673 1548 801 1604 sine
825 1565 937 1621 quo
961 1552 1235 1608 exercitio
1262 1555 1461 1627 nequit
1477 1556 1689 1628 ‚priva-

328 1627 411 1682 tio
429 1625 775 1700 subsequuta
795 1628 906 1685 dici
930 1632 1306 1696 moralis,nut
1333 1636 1684 1703 voluntaria,

329 1712 497 1778 prout
537 1708 608 1763 ad
648 1708 1113 1767 constitutionem
1143 1714 1349 1784 peccati
1378 1713 1690 1771 habitualis

331 1788 667 1860 requiritur.
720 1787 875 1845 Idem
922 1804 1057 1865 ergo
1112 1794 1686 1865 proportionabiliter

329 1866 401 1923 de
445 1867 738 1926 infusione
782 1870 998 1944 gratiae,
1030 1879 1086 1928 et
1118 1875 1448 1932 exclusione
1491 1877 1691 1949 priva-

331 1948 508 2004 tionis
532 1949 645 2021 ipsi
667 1951 939 2023 opposita}
964 1950 1272 2010 dicendum
1295 1961 1397 2011 est.

413 2031 531 2086 105.
574 2032 689 2087 Nec
712 2031 904 2095 refert,
930 2031 978 2086 si
995 2031 1248 2106 objicias,
1277 2035 1560 2093 rationem
1588 2036 1691 2092 hu-

329 2125 532 2182 cusque
557 2125 866 2183 expensam
886 2126 1003 2167 non
1020 2112 1261 2183 probare
1283 2116 1690 2174 universaliter

334 2189 394 2245 in
419 2190 581 2247 omni
624 2197 845 2263 peccato
878 2193 1111 2254 mortali
1151 2214 1165 2248 :
1211 2210 1347 2269 ergo
1376 2196 1570 2270 inepta
1607 2204 1691 2254 est

334 2268 404 2325 ad
428 2270 804 2328 evincendam
835 2273 1470 2348 incompossibilitatem
1500 2278 1692 2334 omnis

335 2351 538 2422 peccati
565 2353 845 2418 mortaliS,
878 2355 934 2409 et
975 2355 1193 2427 gratiae,
1225 2356 1400 2413 etiam
1432 2374 1532 2430 per
1568 2374 1691 2415 res-

335 2437 552 2501 pectum
594 2431 661 2487 ad
708 2432 969 2489 divinam
1031 2436 1366 2506 potentiam,
1422 2445 1590 2509 prout
1628 2440 1690 2494 in

337 2514 646 2569 assertione
664 2516 984 2573 statuimus,
1036 2519 1450 2590 Consequentia
1491 2521 1686 2594 liquet,

339 2596 398 2647 et
410 2592 739 2650 antecedens
754 2595 1019 2653 suadetur
1046 2618 1060 2652 ε
1082 2598 1358 2670 quoniam
1383 2615 1498 2656 non
1519 2616 1691 2658 omne

342 2682 623 2742 peceatum
678 2677 914 2733 mortale
959 2678 1217 2733 consistit
1256 2675 1582 2737 formaliter
1628 2681 1690 2737 in

339 2753 657 2824 privatione
675 2757 872 2829 gratiae
907 2777 920 2813 ε
948 2756 1047 2813 sed
1091 2758 1237 2815 ratio
1258 2767 1453 2817 nostra
1481 2761 1691 2822 nititur

336 2833 400 2889 in
425 2849 508 2901 eo,
560 2835 705 2907 quod
734 2843 1019 2909 peccatum
1066 2839 1353 2913 originale
1391 2841 1454 2897 in
1493 2840 1693 2915 gratia!

334 2913 655 2985 privatione
688 2918 946 2974 consistit
988 2938 1001 2973 ε
1053 2933 1189 2991 ergo
1226 2935 1343 2976 non
1387 2920 1589 2993 probat
1626 2922 1691 2977 in

329 2997 488 3053 omni
543 3004 764 3070 peccato
813 3001 1066 3057 mortali.
1117 3002 1301 3076 Major
1371 3002 1693 3059 ostenditur

322 3077 524 3147 primo,
566 3080 703 3149 quia
729 3086 1018 3150 peccatum
1045 3081 1289 3136 mortale
1335 3083 1553 3138 actuale
1573 3098 1692 3141 non

327 3157 583 3213 consistit
604 3159 668 3214 in
715 3159 1039 3231 privatione
1088 3160 1306 3234 gratiae,
1350 3161 1448 3217 sed
1489 3164 1581 3220 vel
1605 3170 1692 3221 est

327 3237 544 3311 aliquid
574 3240 904 3311 positivum,
937 3242 1029 3298 vel
1056 3257 1172 3299 non
1200 3242 1691 3314 importatimme-

323 3317 496 3387 diate,
548 3320 664 3376 nisi
712 3322 1096 3393 privationem
1137 3323 1516 3392 rectitudinis,
1568 3340 1693 3399 quae

324 3401 476 3457 actui
505 3401 694 3459 inesse
719 3401 979 3459 debebat.
1008 3402 1257 3461 Secundo
1283 3423 1302 3457 .·
1329 3422 1465 3462 nam
1496 3422 1691 3479 pecca-

325 3489 447 3540 tum
496 3482 790 3541 habituale
818 3485 879 3540 in
918 3490 1063 3542 statu
1096 3502 1373 3557 purorum
1414 3505 1533 3546 non
1553 3505 1691 3546 con-

321 3566 550 3624 sisteret
583 3566 648 3622 in
697 3567 1019 3640 privatione
1068 3570 1285 3640 gratiae,
1330 3576 1524 3643 utpote
1559 3587 1689 3628 cum

322 3646 502 3703 homo
518 3661 635 3704 non
655 3653 801 3703 esset
819 3647 889 3703 ad
916 3663 1043 3704 eam
1068 3647 1391 3707 habendam
1412 3650 1686 3719 elevatus,

326 3744 390 3785 ac
430 3727 675 3802 proinde
714 3728 992 3801 peccando
1039 3746 1160 3788 non·
1198 3732 1524 3790 incurreret
1567 3734 1691 3808 ejus

324 3810 715 3880 privationem
741 3833 756 3876 ;
786 3808 882 3865 sed
900 3815 1015 3866 tam
1044 3813 1195 3877 ante,
1221 3827 1393 3883 quam
1416 3819 1544 3885 post
1571 3829 1692 3886 pec-

316 3893 516 3946 catum
540 3890 811 3947 existeret
834 3889 962 3946 sub.
980 3907 1140 3947 mera
1167 3892 1470 3965 negatione
1505 3894 1685 3951 illius,

325 3970 531 4037 Tertio,
562 3972 697 4044 quia
748 3973 1016 4038 rationes,
1073 3973 1281 4046 quibus
1311 3975 1686 4043 ostendimus,

318 4056 410 4111 vel
440 4054 633 4127 potius
670 4055 1050 4126 supponimus
1084 4062 1372 4129 peccatum
1406 4058 1691 4132 originale

317 4135 635 4191 consistere
669 4134 994 4192 formaliter
1022 4137 1084 4191 iu
1115 4137 1441 4209 privatione
1465 4140 1686 4213 gratiae,

319 4231 438 4273 non
460 4215 723 4272 militant
742 4216 806 4272 in
829 4220 1049 4288 peccato
1073 4217 1353 4275 habituali
1378 4221 1686 4293 personali,

320 4304 381 4353 ut
418 4296 591 4353 facile
610 4297 998 4354 consideranti
1028 4299 1311 4357 constabit
1340 4318 1352 4352 ε
1378 4317 1514 4376 ergo
1540 4302 1689 4359 istud

316 4394 436 4437 non
465 4378 533 4433 in
563 4379 885 4450 privatione
909 4380 1127 4453 gratias,
1158 4379 1254 4437 sed
1279 4382 1340 4437 in
1363 4383 1555 4456 aliquo
1576 4385 1691 4441 alio

315 4460 601 4519 consistit.
628 4462 710 4518 Ex
734 4461 941 4534 quibus
972 4462 1087 4529 fiet,
1118 4461 1268 4535 quod
1319 4465 1450 4520 licet
1496 4482 1691 4538 pecca-

316 4550 440 4600 tum
468 4543 776 4617 originale,
820 4550 877 4602 et
900 4546 1088 4619 gratia
1116 4561 1233 4603 non
1277 4554 1501 4619 possent
1535 4549 1691 4606 divi-

316 4624 477 4681 nitus
520 4625 582 4679 in
608 4623 809 4681 eodem
837 4625 1085 4698 subjecto
1116 4626 1447 4693 coexistere,
1492 4628 1566 4685 ob
1595 4647 1691 4688 ra-

316 4703 540 4762 tionem
567 4713 743 4777 su'pra
772 4705 1012 4771 factam,
1043 4707 1290 4762 minime
1310 4713 1503 4765 tamen
1528 4725 1692 4784 repu-

313 4785 520 4860 gnabit
540 4785 658 4841 haec
702 4786 1070 4843 coexistentia
1102 4792 1321 4860 peccato
1361 4792 1592 4858 actuali,
1635 4799 1692 4849 et

317 4873 545 4940 peccato
585 4866 864 4923 habituali
896 4870 1206 4938 personali,
1249 4876 1414 4943 atque
1437 4871 1501 4927 in
1541 4878 1688 4930 statu

321 4962 624 5019 purorum.

392 5030 544 5094 Non,
589 5028 847 5102 inquam,
909 5029 1082 5085 refert
1122 5031 1238 5086 haec
1283 5031 1692 5105 objectiotne-

1820 595 2075 666 gaudum
2101 596 2260 654 enim
2288 603 2372 654 est
2421 600 2759 658 antecedens
2794 626 2808 670 ;
2849 611 2985 658 nam
3042 604 3384 674 rationesnon-

1825 682 1972 733 recte
2013 692 2293 753 perpensa
2339 681 2747 740 universaliter
2792 685 3024 751 evincit,
3072 686 3188 741 im·
3248 677 3327 710 ‘²²¹⁰‘

1823 757 2155 829 possibilem
2195 777 2317 820 esse
2355 763 2813 838 conjunctionem
2854 767 3006 823 inter
3050 783 3187 841 gra—

1822 840 1984 909 tiam,
2038 848 2094 901 et
2145 844 2440 917 quodlibet
2484 852 2773 920 peccatum
2827 849 3074 905 mortale
3124 851 3187 907 in

1820 921 2022 980 eodem
2042 924 2313 999 subjecto:
2346 929 2407 981 ut
2431 941 2559 983 eam
2601 927 2906 985 formando
2931 930 3188 987 ostendi-

1821 1018 1953 1065 mus
1974 1022 2128 1062 num.
2155 1007 2247 1061 97.
2286 1008 2428 1062 Cum
2455 1008 2616 1062 enim
2640 1007 2891 1065 rationes
2911 1008 3187 1067 Adversa·

1823 1082 2047 1140 riorum
2076 1085 2147 1142 ad
2186 1086 2512 1158 oppositum
2540 1087 2912 1145 asserendum
2945 1091 3184 1148 univer·

1820 1165 1968 1223 sales
1986 1166 2126 1234 sint,
2151 1172 2207 1224 et
2228 1167 2635 1225 innitanturin
2661 1185 2748 1236 eo,
2773 1170 2922 1243 quod
2937 1173 3189 1230 exclusio

1820 1247 2031 1319 peccati
2060 1263 2160 1320 per
2181 1249 2431 1322 gratiam
2457 1249 2532 1305 sit
2560 1250 2790 1308 effectus
2814 1253 3189 1310 secundarius

1819 1327 2039 1401 gratiae,
2082 1333 2139 1385 et
2166 1329 2425 1395 moralis,
2468 1329 2593 1387 sive
2617 1346 2689 1388 ex
2714 1330 2916 1389 divina
2948 1333 3187 1391 ordina-

1820 1410 1976 1466 tione
2002 1408 2373 1484 dependens:
2420 1412 2665 1483 probant
2707 1414 2882 1470 etiam
2933 1423 3184 1489 respectu

1821 1489 2143 1564 originalis,
2176 1490 2267 1548 vel
2289 1490 2442 1547 nihil
2478 1492 2773 1552 evincunt.
2806 1494 2972 1552 Unde
2996 1512 3187 1554 econ-

1820 1572 2004 1627 trario
2043 1571 2183 1629 dum
2212 1573 2570 1631 ostendimus
2610 1578 3052 1651 repugnantiam
3093 1580 3190 1636 in-

1820 1646 2207 1725 superabilem
2251 1655 2405 1713 inter
2451 1661 2739 1729 peccatum
2783 1659 3087 1734 originale,
3138 1666 3194 1718 et

1820 1733 2068 1807 gratiam
2101 1757 2115 1801 ;
2163 1750 2230 1792 eo
2289 1735 2414 1807 ipso
2471 1742 2761 1793 ostensum
2829 1740 3188 1812 reliquimuS,

1820 1812 1971 1885 quod
1990 1815 2177 1888 gratia
2205 1815 2403 1888 nequit
2425 1832 2553 1872 cum
2577 1818 2771 1889 aliquo
2793 1826 3013 1891 peccato
3039 1838 3193 1879 mor·

1822 1893 1924 1951 tali
1949 1895 2278 1953 coexistere.
2311 1899 2496 1954 Immo
2523 1898 2672 1954 illud
2699 1900 2862 1971 prius
2881 1901 3192 1959 sufficiebat

1823 1974 1895 2030 ad
1938 1975 2361 2034 falsificandum
2399 1979 2773 2036 assertionem
2811 1981 3184 2040 Adversario-

1826 2070 1976 2121 rum,
2009 2072 2133 2128 quae
2175 2056 2493 2125 indefinita,
2524 2064 2580 2115 et
2605 2060 2953 2117 universalis
2991 2067 3091 2129 est,
3131 2068 3193 2118 ut

1822 2149 1895 2191 ex
1932 2151 1992 2192 se
2034 2137 2232 2210 liquet.
2294 2136 2378 2192 Ad
2439 2137 2836 2210 probationem
2896 2146 3088 2198 autem
3129 2143 3192 2199 in

1822 2217 2181 2273 contrarium
2211 2217 2516 2276 dicendum
2562 2225 2666 2280 est.
2699 2235 2873 2276 omne
2903 2225 3192 2293 peccatum

1823 2300 2068 2355 mortale
2093 2300 2185 2356 vel
2213 2301 2521 2357 consistere
2549 2300 2874 2358 formaliter
2902 2303 2966 2358 in
2994 2303 3196 2374 priva-

1825 2379 1980 2436 tione
1991 2380 2320 2437 voluntaria
2329 2383 2649 2456 gratiae‚vel
2672 2382 2881 2439 habere
2899 2385 3061 2441 illam
3078 2386 3191 2460 pri·

1825 2458 2117 2516 vationem
2166 2459 2276 2516 sibi
2304 2463 2692 2519 essentialiter
2720 2479 3007 2520 annexam
3038 2487 3052 2521 ε
3087 2482 3192 2538 pro

1826 2536 2029 2594 robore
2055 2545 2245 2597 autem
2276 2543 2516 2598 rationis
2544 2547 2752 2599 nostras
2770 2543 3064 2616 quodlibet
3092 2545 3189 2601 ho-

1827 2635 1958 2675 rum
1984 2622 2205 2691 suflicit,
2239 2628 2299 2679 ut
2324 2639 2396 2680 ex
2422 2623 2588 2682 dictis
2615 2631 2850 2682 constat.
2883 2626 3047 2684 Unde
3066 2626 3191 2684 dis·
3273 2655 3276 2657 v

1826 2700 2137 2775 tinguendo
2185 2705 2506 2778 praemissas
2537 2705 2597 2761 in
2642 2706 2748 2763 hoc
2773 2723 2963 2774 sensu,
3010 2724 3188 2783 nega-

1823 2795 1954 2835 mus
1993 2779 2249 2842 absolute
2285 2787 2770 2859 consequentiam.
2818 2787 3191 2847 Probationes

1823 2875 1981 2928 vero,
2013 2879 2140 2934 quae
2163 2864 2224 2921 in
2245 2866 2603 2923 contrarium
2647 2867 3068 2941 expenduntur,
3119 2870 3191 2928 ad

1822 2957 2121 3000 summum
2142 2945 2436 3015 evincunt,
2472 2948 2621 3021 quod
2650 2949 2880 3021 aliquod
2902 2957 3189 3023 peccatum

1823 3023 2071 3080 mortale
2099 3040 2216 3082 non
2243 3025 2318 3081 sit
2347 3026 2671 3085 formaliter
2694 3031 2941 3102 privatio
2967 3033 3188 3106 gratian

1822 3100 1923 3157 sed
1951 3116 2066 3158 non
2094 3103 2427 3173 excludunt,
2477 3108 2626 3181 quod
2652 3108 2861 3166 dictam
2910 3112 3191 3183 privatio·

1823 3197 1959 3239 nem
1982 3183 2187 3241 habeat
2224 3184 2334 3241 sibi
2363 3189 2747 3246 essentialiter
2787 3206 3096 3261 annexam,
3130 3198 3191 3248 ut

1822 3278 1890 3319 ea
1917 3262 2193 3321 diluendo
2205 3267 2504 3325 constabit.

1907 3347 2028 3402 106.
2071 3345 2156 3401 Ad
2199 3348 2451 3420 primam
2482 3349 2746 3419 dicimus,
2780 3360 3066 3426 peccatum
3095 3371 3189 3412 ac·
3221 3373 3377 3430 rrobaf

1823 3426 1980 3482 tuale
2009 3440 2126 3482 non
2152 3441 2274 3484 esse
2299 3428 2625 3487 formaliter
2648 3434 3034 3506 privationem
3054 3452 3190 3510 gra-
3205 3426 3405 3514 ῖζᾎῗιῖξέἶῑ

1823 3504 1936 3570 tiae,
1989 3505 2210 3562 inferre
2253 3510 2448 3565 tamen
2494 3507 2658 3566 illam
2705 3514 3087 3572 essentialiter
3125 3532 3191 3573 eo
3206 3519 3311 3564 rium
3325 3519 3389 3563 di-

1825 3583 2013 3653 modo‚
2045 3600 2218 3658 quem
2243 3588 2371 3645 dub.
2393 3591 2613 3661 praeoed.
2644 3593 3046 3664 explicuimus.
3078 3598 3192 3653 Nec
3205 3570 3382 3614 ¹⁰¹¹¹¹¹¹¹⁸

1825 3664 1943 3719 haec
1966 3666 2193 3736 sequela
2214 3665 2496 3725 divinitus
2537 3669 2813 3742 impediri·
2837 3679 3034 3745 potest,
3063 3692 3192 3749 sup·

1825 3744 2007 3817 posito
2020 3744 2170 3816 quod
2182 3748 2330 3802 Deus
2341 3748 2634 3821 permittat
2645 3757 2935 3824 peccatum
2950 3761 3074 3812 actu
3082 3759 3190 3824 ale,

1822 3840 1892 3882 eo
1916 3826 2067 3898 quod
2090 3829 2236 3883 Deus
2258 3844 2377 3886 non
2398 3837 2608 3898 causat,
2634 3834 2726 3889 vel
2747 3843 3047 3895 conservat
3074 3854 3196 3912 pec-

1822 3912 2013 3964 catum
2042 3908 2337 3968 habituale
2367 3934 2381 3971 ε
2415 3928 2518 3970 nec
2545 3916 2713 3972 aliter
2741 3916 2886 3972 illud
2917 3920 3205 3991 permittit,

1825 3987 1888 4043 in
1914 4005 2018 4046 suo
2045 3989 2238 4062 primo
2264 4007 2406 4060 esse,
2446 3995 2561 4051 nisi
2586 3996 2968 4069 permittendo
2999 4017 3195 4073 pecca-
3282 4050 3293 4061 .

1825 4075 1948 4126 tum
1977 4073 2213 4140 actuale,
2239 4088 2312 4131 ex
2346 4092 2458 4148 quo
2512 4077 2788 4135 resultat:
2832 4080 2986 4138 unde
3025 4082 3193 4156 hujus

1827 4153 2150 4224 permissiO,
2204 4160 2262 4212 et
2306 4157 2615 4215 existentia
2663 4160 2860 4232 nequit
2911 4161 3194 4220 divinitus

1825 4235 2082 4305 separari
2107 4233 2177 4292 ab
2196 4236 2524 4305 existentia,
2538 4244 2595 4296 et
2610 4242 2986 4311 permissione
3008 4245 3189 4301 illius,

1828 4315 2157 4373 Praesertim
2181 4332 2310 4374 cum
2333 4319 2505 4378 homo
2526 4321 2587 4376 in
2597 4323 2883 4380 causando
2904 4333 3192 4397 peccatum

1823 4392 2120 4454 habituale
2142 4413 2260 4455 non
2282 4399 2693 4458 subordinetur
2715 4404 2829 4459 Deo
2854 4407 3063 4478 agenti,
3095 4407 3193 4465 sed

1825 4474 1948 4548 ipse
1973 4478 2051 4532 sit
2073 4480 2332 4550 primum
2361 4496 2533 4555 agens
2557 4525 2571 4548 ,
2601 4486 2657 4539 et
2678 4499 2795 4540 non
2810 4486 2980 4543 aliter
3004 4495 3192 4545 causet

1829 4561 2119 4627 peccatum
2161 4559 2477 4629 habituale‚
2518 4562 2632 4618 nisi
2661 4565 3070 4625 committendo
3098 4585 3194 4625 ac-

1826 4636 1981 4693 tuale
2007 4657 2021 4692 :
2046 4636 2198 4694 istud
2220 4640 2432 4713 quippe
2457 4647 2541 4697 est
2563 4644 2816 4710 unicum,
2843 4651 2900 4702 et
2924 4647 3191 4721 adaequa-

1827 4720 1952 4770 tum
1984 4715 2428 4776 fundamentum
2475 4721 2636 4778 illius
2682 4726 3050 4795 resultantiae‚
3081 4744 3197 4801 quo

1827 4797 2073 4870 proinde
2097 4804 2302 4868 stante,
2330 4802 2647 4874 nequitista
2676 4805 2969 4880 impediri.
2997 4810 3193 4868 Pecca-

1826 4883 1949 4934 tum
1978 4885 2169 4936 autem
2193 4880 2487 4938 habituale
2505 4885 2763 4941 consistit
2783 4887 2845 4943 in
2870 4887 3197 4961 privatione

1825 4960 2043 5033 gratias,
2069 4968 2130 5016 ut
2154 4961 2296 5034 disp.
2337 4965 2382 5030 1,
2407 4964 2533 5022 dub.
2583 4967 2627 5032 l,
2659 4970 2983 5036 statuimus,
3028 4978 3083 5028 et
3121 4989 3193 5031 ex

1827 5039 2083 5097 dicendis
2104 5043 2289 5116 magis
2329 5045 2627 5103 constabit.
2663 5048 2827 5106 Unde
2850 5051 2994 5107 ratio
3020 5069 3195 5128 supra
