3647 5753
335 552 420 613 scss

304 620 450 663 cundo.

498 388 604 441 :346
915 444 918 445 ⁷
1418 385 1512 439 DE
1550 385 1580 436 J
1588 382 2132 439 USTIFICATIONE
2175 382 2374 437 IMPII.

550 555 1211 611 Confirmatursecundoz
1228 571 1361 611 uam
1374 554 1847 615 actuscharitatiS.

496 635 582 692 vel
599 635 962 691 contritionis
979 633 1226 691 habetde
1243 635 1387 692 facto
1396 641 1595 691 cuncta
1616 632 1852 706 requisi-

492 720 566 780 ta,
592 722 649 770 ut
672 717 922 788 expellat
939 716 1264 773 formaliter
1280 723 1566 789 peccatum
1590 736 1603 772 ε
1626 730 1761 789 ergo
1784 715 1849 770 il·

495 795 591 851 lud
607 795 675 851 de
699 796 841 853 sacto
855 796 934 852 sic
948 796 1204 868 expellit,
1232 796 1324 853 vel
1339 797 1541 852 saltem
1559 794 1765 868 poterit
1777 809 1849 851 ex

493 881 702 931 natura
747 893 851 932 sua
880 877 957 932 ita
982 877 1303 949 expellere;
1328 881 1495 948 atque
1521 875 1649 932 ideo
1674 890 1850 947 praes-

492 958 911 1015 tabiteffectum
959 958 1260 1015 formalem
1305 958 1603 1031 proprium
1650 957 1849 1013 formae

484 1037 870 1111 justificantis.
903 1039 1150 1110 Utraque
1177 1039 1580 1111 consequentia
1605 1040 1842 1094 constat.

495 1124 560 1178 Et
587 1121 921 1178 antecedens
945 1119 1217 1176 suadetur
1249 1121 1450 1193 primo,
1493 1120 1628 1193 quia
1678 1119 1847 1176 homo

492 1218 593 1272 per
623 1201 950 1274 praedictum
981 1206 1165 1257 actum
1194 1200 1552 1257 convertitur
1578 1199 1847 1256 formali-

489 1290 575 1338 ter
607 1282 676 1339 ad
725 1284 902 1338 Deum
943 1279 1085 1338 :sed
1130 1280 1392 1336 formalis
1431 1280 1729 1338 conversio
1775 1278 1845 1336 ad

487 1368 663 1420 Deum
710 1362 947 1435 expellit
992 1360 1315 1418 formaliter
1355 1363 1716 1419 aversionem
1773 1360 1845 1416 ab

486 1445 606 1508 illo,
632 1450 687 1500 et
705 1444 1141 1501 conversionem
1171 1441 1239 1497 ad
1275 1440 1490 1498 bonum
1525 1446 1845 1499 commuta-

486 1525 616 1593 bile,
677 1528 737 1583 in
784 1525 991 1599 quibus
1036 1524 1294 1582 consistit
1333 1529 1620 1597 peccatum
1654 1545 1667 1579 ε
1709 1539 1844 1598 ergo

484 1606 784 1678 praedictus
826 1611 979 1663 actus
1004 1605 1241 1678 expellit
1293 1603 1617 1661 formaliter
1646 1619 1844 1676 pecca-

484 1694 624 1743 tum.
670 1686 932 1751 Secunda,
981 1686 1116 1758 quia
1161 1685 1460 1742 conversio
1511 1683 1583 1740 ad
1635 1686 1838 1751 Deum,

481 1785 605 1841 quae
627 1767 689 1823 fit
713 1783 812 1840 per
839 1774 1025 1823 actum
1053 1765 1371 1835 charitatiS,
1402 1766 1495 1821 vel
1536 1765 1843 1823 contritio-

483 1850 592 1914 nis,
621 1854 844 1903 tantum
869 1847 1038 1903 habet
1065 1845 1353 1911 bonitatis,
1379 1850 1657 1918 quantum
1687 1850 1842 1902 actus

480 1930 769 2002 oppositus
817 1929 986 1985 habet
1023 1927 1264 1984 malitiae
1310 1943 1488 2000 :ergo
1541 1926 1841 1999 praedictus

478 2018 632 2069 actus
663 2016 840 2085 potest
861 2027 1130 2084 reparare
1157 2008 1431 2082 quidquid
1453 2016 1608 2066 actus
1630 2011 1838 2082 peccati

481 2093 746 2149 induxit:
790 2108 925 2165 ergo
970 2097 1147 2163 potest
1190 2089 1514 2146 formaliter
1552 2092 1839 2164 expellere

479 2180 784 2246 peccatum.
820 2172 1016 2238 Ter-tic,
1049 2172 1184 2244 quia
1231 2176 1519 2242 peccatum
1549 2171 1839 2229 habituale

476 2255 840 2328 estquaedam
877 2253 1125 2327 privatio
1162 2252 1491 2310 voluntaria
1529 2254 1744 2327 gratiae,
1776 2260 1838 2310 ut

476 2338 731 2393 diximus
758 2337 897 2408 disp.
923 2336 967 2400 l,
993 2334 1121 2389 dub.
1155 2335 1202 2399 l;
1231 2331 1327 2390 sed
1356 2338 1510 2389 actus
1535 2335 1838 2392 contritio-

480 2419 569 2473 nis
621 2415 807 2473 reddit
861 2408 1184 2472 formaliter
1237 2413 1401 2469 illam
1451 2415 1836 2487 privationem

477 2496 963 2561 involuntariam;
986 2494 1195 2567 quippe
1220 2493 1317 2565 qui
1347 2498 1613 2551 retractat
1647 2500 1835 2552 actum

476 2578 929 2650 peccaminosum
948 2572 1323 2646 praeteritum,
1335 2588 1435 2645 per
1448 2589 1617 2646 quem
1648 2575 1836 2647 priva-

473 2659 553 2713 tio
568 2657 764 2731 gratiae
778 2651 1224 2713 constituebatur
1242 2652 1303 2707 in
1323 2667 1443 2709 esse
1457 2653 1830 2722 voluntariae;

470 2756 607 2814 ergo
646 2746 798 2796 actus
825 2734 1188 2793 contritionis
1215 2733 1458 2790 destruit
1509 2733 1836 2794 formaliter

474 2824 782 2892 peccatum.
815 2817 1044 2890 (marea,
1076 2813 1212 2888 quia
1242 2813 1529 2885 potentior
1566 2820 1652 2872 est
1679 2821 1834 2873 actus

470 2898 853 2963 contritionis,
884 2897 977 2952 vel
993 2910 1156 2952 amor
1177 2892 1247 2949 ad
1268 2895 1696 2952 conciliandum
1724 2898 1832 2955 ho-

471 2981 691 3036 minem
736 2993 866 3034 cum
917 2977 1049 3040 Deo,
1093 2991 1267 3048 quam
1306 2980 1463 3031 actus
1513 2978 1719 3049 peccati
1760 2977 1830 3035 ad

468 3056 843 3115 avertendum
866 3055 1163 3112 hominem
1186 3070 1218 3110 a
1249 3056 1396 3122 Deo;
1426 3055 1520 3112 hic
1544 3057 1703 3114 enim
1747 3062 1833 3116 est

467 3145 620 3194 actus
642 3136 944 3201 naturalis,
967 3134 1066 3190 ille
1081 3135 1543 3207 supernaturalis
1563 3137 1698 3194 :iste
1711 3154 1830 3195 non

464 3235 691 3292 semper
714 3218 920 3276 avertit
954 3215 1187 3283 directe,
1231 3216 1328 3274 sed
1366 3217 1675 3291 aliquando
1713 3219 1829 3276 im-

468 3302 678 3375 plicite,
710 3308 766 3358 et
788 3299 1096 3366 indirecte,
1130 3299 1230 3355 ille
1273 3314 1412 3356 vero
1437 3314 1664 3372 semper
1687 3316 1828 3359 con-

466 3385 637 3441 vertit
674 3382 958 3455 explicite,
1006 3386 1064 3438 et
1108 3381 1324 3438 directe
1368 3381 1440 3438 ad
1479 3384 1697 3439 Deum:
1727 3382 1828 3441 sed

465 3472 616 3522 actus
635 3465 841 3538 peccati
857 3480 918 3520 co
928 3463 1150 3519 nstituit
1171 3463 1470 3521 hominem
1484 3463 1828 3536 simpliciter

358 3583 361 3587 ι
466 3555 813 3621 peccatorem
872 3561 1050 3620 :ergo
1101 3550 1257 3602 actus
1294 3544 1676 3613 contritionis„
1731 3548 1826 3605 vel

461 3630 678 3688 amoris
700 3628 940 3685 destruit
966 3627 1309 3700 simpliciter
1336 3627 1826 3701 peccatum.Quin-

459 3721 530 3777 to,
555 3712 689 3784 quia
718 3715 872 3767 actus
897 3709 1278 3776 contritionis,
1303 3710 1396 3767 vel
1421 3709 1715 3766 charitatis
1740 3715 1828 3768 est

461 3789 942 3863 incompossibilis
982 3805 1112 3845 cum
1140 3795 1383 3862 peccat0,
1414 3788 1640 3845 etiamsi
1686 3792 1823 3847 nul-

460 3876 547 3928 lus
576 3871 804 3928 habitus
831 3871 1286 3943 supernaturalis
1313 3868 1692 3927 infundatur:
1722 3871 1822 3929 sed

460 3953 606 4008 lianc
636 3949 1264 4022 incompossibilitatem
1286 3953 1511 4006 exercet
1532 3961 1636 4021 per
1652 3966 1819 4007 suam

459 4034 956 4099 informationem,
990 4030 1269 4088 actuando
1315 4030 1476 4086 enim
1502 4030 1819 4106 subjectum

459 4115 733 4174 emundat
761 4112 903 4170 illud
928 4129 959 4169 a
1005 4114 1171 4186 culpa
1203 4133 1216 4168 ε
1244 4126 1379 4184 ergo
1414 4113 1652 4185 expellit
1696 4114 1818 4173 for-

459 4197 692 4255 maliter
738 4198 1046 4267 peccatum.
1075 4192 1266 4256 Semta,
1301 4206 1435 4247 nam
1461 4192 1682 4264 quoties
1713 4210 1817 4252 ex-

458 4278 692 4351 pellitur
721 4277 1027 4348 peccatum,
1058 4271 1222 4329 debet
1241 4269 1369 4328 dari
1409 4270 1604 4343 aliqua
1649 4289 1818 4332 causa

457 4355 717 4415 formalis
740 4353 899 4410 illius
920 4351 1295 4425 expulsionis,
1321 4350 1469 4408 sicut
1490 4352 1553 4407 in
1583 4353 1817 4413 univer-

452 4455 580 4495 sum
609 4435 848 4510 quilibet
888 4433 1114 4490 effectus
1164 4432 1332 4489 habet
1375 4447 1540 4489 suam
1586 4450 1814 4493 causam

453 4518 756 4589 formalem
786 4513 919 4571 :sed
946 4513 1010 4568 in
1050 4512 1371 4586 hypothesi,
1405 4512 1553 4585 quod
1580 4513 1831 4574 daretur·

448 4606 604 4659 actus
637 4594 1002 4655 contritionis
1033 4592 1160 4649 sine
1209 4592 1407 4650 habitu
1455 4595 1671 4667 gratiae,
1719 4614 1815 4656 ex-

446 4684 760 4758 pelleretur
813 4680 1118 4750 peccatum,
1164 4679 1220 4732 et
1271 4690 1389 4732 non
1436 4675 1656 4736 adesset
1696 4680 1814 4738 alia

443 4779 613 4821 causa
640 4758 903 4817 formalis
935 4757 1226 4814 inhaerens
1253 4761 1461 4828 praeter
1488 4757 1683 4829 ipsum
1713 4776 1808 4816 ac-

441 4852 564 4900 tum
594 4837 957 4899 contritionis
984 4858 997 4893 :
1027 4837 1121 4893 hic
1146 4851 1281 4911 ergo
1318 4841 1464 4893 esset
1499 4854 1667 4897 causa
1689 4834 1810 4897 forss

442 4924 615 4981 malis
638 4920 799 4977 illius
819 4916 1193 4991 expulsionis.

507 5007 598 5060 69.
623 5000 708 5056 Ad
731 5003 1137 5074 argumentum
1161 4997 1402 5073 negatur
1425 4999 1766 5059 antecedens
1786 5025 1800 5068 3

1984 568 2122 609 nam
2145 558 2206 608 ut
2230 569 2301 609 ex
2340 570 2514 626 supra
2541 554 2707 611 dictis
2737 561 2976 622 constat,
3010 554 3348 628 potissimus
3363 550 3537 652 Sffi'ssu‘

1980 634 2210 691 effectus
2249 633 2447 692 formae
2481 635 2850 709 justificantis
2888 641 2973 694 est
3002 634 3348 693 constituere
3364 655 3546 694 mentun.

1981 713 2278 771 hominem
2308 714 2370 769 in
2392 711 2541 771 statu
2576 713 2837 772 filiorum
2860 716 2960 772 Dei
2990 731 3090 789 per
3109 730 3346 771 consor-

1981 792 2147 858 tium,
2179 808 2277 850 seu
2308 793 2810 867 participationum
2852 795 3067 853 divinae
3100 799 3341 864 naturae,

1978 889 2148 946 quem
2177 873 2439 931 effectum
2471 876 2667 946 nequit
2720 883 2989 949 praestare
3017 881 3173 933 actus
3208 891 3348 932 con-

1981 953 2252 1019 tritionis,
2278 956 2369 1010 vel
2398 955 2711 1012 charitatis
2760 956 2843 1011 Ad
2874 956 3126 1029 primam
3154 961 3346 1013 autem

1980 1034 2369 1092 antecedentis
2417 1035 2813 1106 probationem
2861 1035 3171 1094 dicendum
3238 1041 3342 1102 est,

1977 1114 2237 1171 effectum
2260 1116 2566 1172 formalem
2590 1116 2789 1173 formae
2808 1115 3346 1175 sanctificantisesse

1980 1195 2149 1252 unire
2172 1195 2430 1251 animam
2451 1212 2581 1251 cum
2607 1197 2740 1263 Deo,
2776 1214 2893 1254 non
2918 1197 3150 1270 praecise
3171 1196 3341 1254 affec-

1978 1273 2114 1341 tive,
2170 1279 2225 1329 et
2277 1273 2600 1340 actualiter,
2654 1280 2711 1332 et
2763 1275 3111 1349 perficiendo
3162 1292 3339 1333 unam

1976 1355 2376 1412 tantummodo
2399 1358 2711 1430 potentiam
2734 1358 2858 1424 ;sed
2885 1360 3047 1433 quasi
3063 1358 3336 1423 effective,

1958 1439 2034 1496 ,et
2058 1435 2452 1503 habitualiter,
2501 1443 2558 1494 et
2585 1438 2934 1511 perficiendo
2959 1437 3337 1496 substantiam

1976 1518 2186 1574 animae
2213 1518 2276 1575 in
2303 1519 2508 1591 seipsa,
2554 1527 2609 1576 et
2638 1520 2968 1579 radicaliter
2996 1536 3195 1579 omnes
3219 1522 3340 1595 ejus

1977 1599 2257 1670 potentias
2283 1623 2298 1665 3
2329 1616 2465 1656 nam
2519 1605 2702 1656 totum
2750 1601 2853 1658 hoc
2889 1601 3224 1674 requiritur,
3280 1607 3339 1657 ut

1975 1679 2147 1738 homo
2183 1680 2407 1738 dicatur
2433 1680 2561 1738 fieri
2589 1698 2739 1739 unus
2782 1683 3022 1757 spiritus
3047 1700 3176 1741 cum
3205 1687 3334 1741 Deo.

1974 1763 2143 1817 Actus
2164 1767 2354 1820 autem
2381 1763 2765 1829 contritionis,
2790 1764 2883 1820 vel
2904 1764 3201 1825 charitatis
3240 1779 3340 1837 per

1972 1841 2226 1914 seipsum
2255 1860 2372 1900 non
2389 1843 2518 1900 unit
2540 1843 2799 1901 animam
2812 1862 2941 1902 cum
2959 1848 3073 1903 Deo
3093 1847 3199 1904 hoc
3214 1861 3342 1927 pos-

1972 1924 2173 1981 teriori
2199 1924 2388 1989 modo,
2416 1924 2513 1981 sed
2535 1931 2762 1982 tantum
2792 1927 2896 1984 illo
2924 1928 3127 2000 priori,
3160 1930 3222 1983 ut
3241 1943 3341 1983 su-

1974 2020 2079 2077 pra
2107 2004 2381 2062 vidimus.
2414 2004 2581 2062 Unde
2622 2023 2739 2064 non
2765 2006 3082 2064 sanctificat
3120 2008 3337 2065 forma-

1973 2085 2124 2152 liter,
2150 2086 2246 2142 sed
2272 2088 2462 2144 solum
2489 2086 2843 2161 dispositive,
2869 2093 2924 2145 et
2947 2089 3011 2146 in
3036 2089 3258 2157 affectu,
3282 2095 3335 2148 et

1973 2164 2281 2237 propositO.

2043 2245 2129 2301 Ad
2166 2249 2472 2305 secundam
2495 2247 2751 2321 ejusdem
2780 2249 3170 2308 antecedentis
3198 2268 3332 2325 pro·

1970 2324 2258 2385 bationem
2284 2329 2678 2403 respondetur,
2723 2330 2972 2388 formam
3011 2332 3335 2407 justifican-

1968 2411 2085 2463 tem
2108 2411 2455 2467 constituere
2478 2411 2775 2467 hominem
2798 2411 3082 2486 objectum
3101 2414 3334 2488 simpli-

1968 2490 2108 2548 citer
2165 2508 2484 2567 congruum
2530 2492 2720 2549 divini
2764 2496 3015 2562 amoris;
3071 2495 3144 2552 ad
3186 2496 3332 2569 quod

1969 2573 2302 2645 requiritur,
2329 2576 2477 2648 quod
2505 2576 2627 2649 ipsa
2638 2577 2714 2633 sit
2735 2575 2950 2634 bonum
2966 2578 3326 2651 simpliciter,

1966 2657 2023 2711 et
2042 2656 2345 2713 constituat
2367 2658 2664 2714 hominem
2703 2658 3045 2732 simpliciter
3090 2660 3326 2726 bonum,

1965 2738 2023 2791 et
2051 2733 2420 2793 rectificatum
2451 2738 2514 2793 in
2544 2738 2762 2811 seipso;
2792 2738 2942 2811 quod
2970 2745 3165 2797 tamen
3213 2757 3330 2799 non

1965 2813 2032 2870 fit
2049 2831 2153 2892 per
2179 2818 2432 2892 aliquam
2474 2819 2888 2892 operationem,
2921 2821 3018 2879 sed
3066 2838 3165 2895 per
3210 2823 3332 2881 for-

1964 2912 2123 2953 mam
2152 2897 2507 2956 habitualem
2532 2900 2595 2955 in
2622 2898 2946 2957 substantia
2992 2903 3203 2960 animae
3249 2919 3334 2959 re·

1964 2984 2208 3052 ceptam,
2230 2985 2286 3036 et
2307 2997 2509 3038 omnes
2535 2982 2820 3054 potentias
2841 2982 3172 3040 radicaliter
3200 2999 3332 3057 per-

1963 3056 2274 3116 ficientem.
2318 3062 2387 3115 Et
2438 3060 2502 3116 in
2563 3061 2668 3118 hoc
2711 3078 2884 3119 sensu
2937 3062 3197 3138 neganda
3250 3069 3332 3119 est

1962 3138 2176 3206 minor,
2220 3140 2381 3214 cujus
2426 3141 2618 3213 prima
2662 3141 2922 3214 probatio
2962 3159 3078 3201 non
3130 3149 3329 3218 urget3

1960 3218 2095 3291 quia
2137 3219 2268 3276 licet
2318 3223 2466 3277 Deus
2520 3237 2638 3279 non
2690 3222 2865 3294 possit
2910 3222 3096 3281 odisse
3143 3230 3329 3281 actum

1960 3302 2342 3369 contritionis,
2369 3303 2461 3360 vel
2484 3303 2779 3360 charitatis
2804 3328 2817 3371 ;
2863 3303 2921 3360 id
2967 3309 3161 3362 tamen
3214 3306 3330 3362 mi·

1961 3380 2120 3438 nime
2142 3381 2407 3456 provenit
2427 3398 2496 3439 ex
2524 3398 2610 3450 eo,
2630 3384 2784 3456 quod
2814 3384 2907 3441 hic
2933 3390 3087 3441 actus
3113 3387 3186 3442 sit
3210 3386 3328 3443 sor·

1959 3478 2056 3520 ma
2077 3463 2420 3536 justificans,
2445 3463 2543 3520 sed
2565 3466 2701 3539 quia
2724 3470 2808 3523 est
2833 3465 3131 3538 dispositio
3157 3466 3324 3524 valde

1959 3544 2206 3615 perfecta
2232 3545 2302 3602 ad
2343 3545 2832 3619 justificationem,
2864 3552 2922 3603 et
2946 3548 3083 3619 quia
3108 3564 3174 3605 ea
3221 3565 3326 3620 po-

1955 3625 2085 3695 sita,
2116 3633 2296 3684 cessat
2324 3631 2631 3700 peccatum,
2660 3636 2718 3684 ut
2746 3628 2905 3685 infra
2931 3630 3118 3705 magis
3143 3629 3325 3687 decla·

1958 3707 2238 3766 rabimus.
2273 3711 2346 3763 Ut
2372 3715 2564 3767 autem
2612 3713 2757 3768 Deus
2808 3711 3035 3768 dicatur
3079 3711 3322 3786 diligere

1954 3790 2297 3863 simpliciter
2336 3790 2636 3848 hominem
2663 3833 2675 3857 ,
2747 3810 2865 3850 non
2915 3793 3122 3850 sufficit
3170 3793 3321 3866 quod

1956 3871 2287 3945 praedictum
2342 3877 2529 3930 actum
2588 3874 2810 3942 efficiat,
2883 3876 2973 3932 vel
3033 3876 3317 3932 auxilium

1952 3951 2248 4026 quodlibet
2275 3953 2345 4009 ad
2387 3953 2557 4010 illum
2599 3953 2959 4012 efficiendum
2988 3957 3319 4013 communi-

1952 4039 2070 4099 cet;
2095 4031 2193 4089 sed
2221 4049 2361 4105 opus
2380 4039 2482 4100 est,
2515 4034 2661 4107 quod
2686 4037 2935 4110 gratiam
2964 4035 3318 4094 habitualem

1951 4112 2225 4170 conferat.
2271 4114 2339 4167 Et
2391 4113 2441 4169 si
2488 4114 2697 4187 absque
2744 4117 2851 4172 ista
2889 4116 3125 4172 daretur
3165 4122 3321 4173 actus

1951 4192 2336 4259 contritionis,
2383 4194 2474 4251 vel
2504 4194 2821 4260 charitatiS,
2875 4212 2992 4253 non
3032 4196 3320 4254 diceretur

1953 4276 2098 4333 Deus
2150 4275 2448 4332 hominem
2492 4277 2838 4348 simpliciter
2876 4277 3158 4353 diligere,
3222 4279 3321 4336 sed

1949 4361 2174 4412 tantum
2216 4371 2416 4413 amore
2452 4356 2764 4412 secundum
2812 4357 2970 4429 quid,
3020 4359 3145 4416 sive
3195 4359 3320 4415 effi-

1949 4436 2133 4493 ciente
2157 4434 2593 4507 dispositionem
2617 4437 2687 4493 ad
2717 4438 2987 4504 formam,
3020 4455 3123 4512 per
3142 4455 3315 4512 quam

1949 4519 2120 4575 homo
2145 4517 2514 4575 constituitur
2536 4519 2598 4575 in
2643 4535 2765 4576 esse
2792 4520 3137 4593 simpliciter
3175 4521 3317 4580 dili-

1945 4597 2141 4672 gibilis
2161 4613 2193 4652 a
2216 4600 2347 4655 De0.
2374 4600 2464 4654 An
2487 4605 2677 4656 autem
2706 4600 2809 4656 hoc
2834 4600 2962 4658 fieri
2995 4603 3190 4672 possit,
3218 4604 3316 4659 in-

1946 4679 2036 4734 fra
2064 4676 2389 4735 videbimus
2414 4680 2541 4736 dub.
2566 4683 2622 4737 6.
2654 4681 3011 4738 Testimonia
3035 4687 3227 4739 autem
3251 4684 3315 4740 in

1945 4756 2053 4813 hac
2078 4754 2414 4829 probatione
2440 4760 2683 4834 allegata
2708 4759 3022 4833 procedunt
3047 4760 3118 4818 de
3136 4761 3308 4828 facto;

1945 4854 2079 4895 nam
2105 4843 2259 4895 actus
2276 4841 2491 4898 amoris
2506 4840 2606 4898 Dei
2634 4842 2949 4899 secundum
2974 4849 3311 4914 praesentem

1945 4907 2369 4996 providentiam
2387 4922 2556 4981 habet
2574 4922 2685 4980 sibi
2710 4923 3036 5000 adjunctam
3059 4924 3308 4998 gratiam

1941 5002 2414 5072 sanctificantem,
2442 5019 2568 5077 quae
2594 5009 2823 5077 praestat
2867 5006 3002 5063 illos
3050 5004 3303 5063 effectus.

3224 5089 3307 5142 Ex
