3647 5753
489 316 603 371 712

491 502 623 541 cum
653 484 772 540 vita
796 488 1038 549 aeterna3
1070 483 1341 554 illiusque
1368 480 1570 546 virtuS,
1596 484 1653 537 et
1676 477 1858 537 effica-

492 567 581 623 cia
609 581 785 638 usque
808 564 878 621 ad
900 566 1047 621 hanc
1066 580 1126 621 se
1146 562 1420 630 extendit,
1446 561 1518 620 ob
1540 560 1710 635 idque
1729 576 1858 634 gra-

491 650 571 706 tia
590 647 802 706 dicitur
815 670 828 704 ε
843 647 991 705 Fons
1002 665 1154 725 aquae
1167 649 1415 703 salientis
1438 649 1496 701 in
1516 648 1692 701 vitam
1710 651 1857 700 «κτεν-

487 746 652 797 nam;
665 729 801 803 quia
821 726 1027 785 mediis
1043 727 1162 784 suis
1178 726 1394 784 actibus
1410 725 1480 783 ad
1501 741 1629 782 eam
1646 723 1849 790 tendit,

487 825 661 882 quam
714 810 778 865 in
832 806 1039 873 radice,
1090 813 1147 864 et
1194 808 1407 864 virtute
1455 804 1848 878 praecontinet.

486 892 634 947 Tum
662 890 857 955 etiam,
890 890 1026 962 quia
1066 894 1221 945 actus
1260 885 1568 961 procedens
1596 903 1629 942 a
1665 885 1855 960 gratia

485 971 839 1028 informatur
877 984 946 1027 eo
985 970 1107 1042 ipso
1133 969 1338 1043 gratia,
1365 985 1397 1024 a
1425 984 1536 1040 qua
1578 965 1851 1039 procedit,

481 1056 539 1108 et
576 1050 649 1107 ab
695 1051 798 1107 illa
839 1049 1183 1116 vivificatur,
1229 1054 1285 1106 et
1324 1050 1620 1105 animatur
1653 1068 1667 1102 ε
1698 1051 1854 1103 actus

483 1147 623 1189 vero
644 1132 835 1204 aliqua
858 1131 1047 1187 forma
1071 1130 1436 1195 informatus,
1454 1144 1521 1185 eo
1539 1128 1661 1201 ipso
1684 1125 1854 1183 habet

487 1213 763 1278 valorem,
789 1216 845 1269 et
864 1209 1204 1284 dignitatem
1234 1211 1366 1266 talis
1393 1210 1596 1266 formae
1623 1229 1637 1263 x
1664 1208 1714 1262 si
1738 1207 1853 1281 igi-

483 1301 580 1351 tur
600 1294 787 1368 gratia
813 1292 981 1349 habet
1014 1294 1269 1350 valorem
1296 1292 1593 1365 aequalem,
1621 1294 1717 1345 aut
1736 1288 1852 1345 suf-

481 1374 742 1432 ficienter
771 1376 1266 1448 proportionatum
1296 1390 1424 1430 cum
1459 1372 1577 1428 vita
1610 1374 1845 1439 aeterna,

480 1457 636 1514 hunc
678 1457 855 1514 etiam
902 1454 1136 1511 habebit
1188 1460 1361 1521 actua,
1419 1453 1516 1527 qui
1543 1468 1614 1509 ex
1662 1452 1852 1527 gratia

479 1539 754 1613 procedit.
799 1541 957 1594 Tum·
987 1537 1249 1610 denique,
1279 1538 1418 1610 quia
1459 1553 1559 1609 per
1598 1535 1849 1609 gratiam

480 1622 768 1679 inhabitat
788 1622 1046 1678 animam
1072 1620 1310 1693 ipsemet
1327 1619 1575 1693 Spiritus
1595 1622 1843 1685 sanctuS,

479 1705 578 1777 qui
613 1708 697 1760 est
733 1704 1176 1776 supereminens
1216 1715 1384 1757 causa
1424 1698 1799 1757 beatitudinis
1832 1720 1846 1754 ε

480 1784 635 1842 unde
672 1800 743 1841 ex
783 1784 904 1856 ejus
941 1783 1170 1848 virtute,
1214 1787 1269 1838 et
1318 1782 1573 1840 motione
1612 1785 1849 1853 possunt

483 1866 737 1939 recipere
760 1869 915 1922 actus
937 1865 1118 1922 nostri
1140 1863 1500 1938 dignitatem,
1519 1868 1574 1920 et
1588 1862 1847 1920 valorem

481 1946 827 2003 sufficienter
852 1947 1350 2019 proportionatum
1372 1961 1502 2001 cum
1531 1944 1653 2017 ipsa
1673 1941 1848 2000 beati-

479 2025 686 2083 tudine
718 2047 731 2082 :
760 2041 914 2102 erg0,
945 2031 1048 2083 etc.

1091 2189 1123 2256 g
1163 2187 1230 2243 11.

577 2347 907 2420 objectiones
933 2348 1197 2404 adversus
1221 2348 1491 2403 rationem
1509 2346 1671 2413 hanc,
1702 2352 1753 2401 et

942 2446 1134 2485 earum
1158 2430 1375 2486 solutio.

561 2584 643 2638 12.
702 2584 917 2639 Verum
969 2588 1168 2641 contra
1221 2583 1506 2640 rationem
1560 2582 1737 2647 hanc,
1787 2586 1846 2638 et

479 2661 670 2734 primo
694 2668 895 2720 contra
923 2664 1174 2736 primam
1210 2662 1594 2719 antecedentis
1633 2661 1845 2735 proba-

478 2742 696 2798 tionem
744 2742 995 2816 objicieS,
1029 2744 1241 2799 falsum
1282 2759 1404 2799 esse
1442 2742 1592 2816 quod
1632 2744 1839 2817 gratia,

476 2837 603 2896 quae
626 2822 870 2880 habetur
892 2823 956 2879 in
978 2824 1083 2881 hac
1103 2824 1239 2890 vita,
1267 2822 1521 2897 adaequet
1542 2824 1604 2880 in
1622 2825 1838 2891 valore,

476 2911 533 2962 et
558 2906 838 2981 dignitate
865 2907 1303 2965 beatitudinem.
1328 2908 1475 2963 Tum
1503 2907 1639 2981 quia
1664 2922 1843 2980 oppo-

262 3003 315 3045 n.
342 3002 444 3047 'rh-2.
476 2987 652 3043 situm
720 2988 920 3046 docere
984 2988 1212 3046 videtur
1279 2990 1342 3044 D.
1399 2989 1604 3044 Thom.
1668 3003 1844 3060 supra

474 3076 658 3145 quaest.
701 3071 821 3137 113,
853 3078 963 3126 art.
995 3072 1047 3138 9,
1083 3069 1181 3126 ubi
1207 3069 1361 3135 dicit,
1394 3068 1546 3142 quod
1586 3069 1844 3126 absolute

476 3149 764 3224 loquendo
809 3152 997 3226 majus
1035 3156 1119 3208 est
1157 3151 1374 3208 donum
1413 3151 1634 3225 gloriae,
1667 3166 1842 3224 quam

287 2595 429 2638 Prima

266 2642 463 2696 objectio.

471 3230 691 3286 donum
720 3232 936 3304 gratias.
970 3234 1118 3287 Tum
1147 3232 1342 3298 etiam,
1379 3232 1515 3305 quia
1545 3232 1732 3306 gratia
1757 3235 1844 3288 est

470 3311 828 3378 amissibilis,
856 3318 910 3369 et
930 3327 1080 3385 saepe
1108 3328 1312 3384 parum
1336 3311 1505 3368 durat
1524 3313 1588 3368 in
1610 3312 1807 3368 anima
1822 3334 1838 3378 ;

474 3390 766 3451 beatitudo
793 3399 983 3449 autem
1013 3398 1096 3449 est
1134 3393 1375 3450 omnino
1412 3391 1835 3461 indefectibilis,

463 3479 518 3530 et
533 3472 701 3531 durat
713 3477 776 3531 in
791 3478 1246 3532 aeternum.Tum
1265 3475 1839 3548 praeterea,quoniam

467 3554 761 3613 beatitudo
788 3562 873 3613 est
903 3558 1071 3630 longe
1100 3558 1397 3623 actualior,
1430 3572 1602 3628 quam
1629 3557 1835 3629 gratia,

471 3652 602 3692 cum
632 3638 738 3693 illa
762 3638 839 3692 sit
881 3644 1035 3695 actus
1061 3636 1341 3695 secundus
1369 3638 1834 3710 perfectissimus,

467 3717 584 3773 haec
607 3734 742 3775 vero
763 3717 1063 3776 dumtaxat
1084 3719 1252 3776 habet
1277 3721 1561 3777 rationem
1586 3718 1837 3775 habitus.

467 3800 616 3854 Tum
643 3799 906 3872 denique,
938 3800 1074 3874 quia
1114 3799 1405 3858 beatitudo
1448 3800 1619 3857 habet
1659 3800 1837 3857 ratio-

469 3895 603 3938 nem
625 3880 869 3936 maximi
893 3881 1050 3947 boni,
1077 3887 1134 3937 et
1154 3882 1235 3937 ita
1255 3881 1504 3938 excludit
1527 3899 1558 3938 a
1577 3897 1639 3938 se
1666 3896 1840 3938 omne

466 3962 722 4029 malum;
750 3963 937 4035 gratia
965 3968 1154 4018 autem
1185 3979 1302 4020 non
1331 3965 1411 4019 ita
1435 3987 1449 4019 ι
1473 3979 1627 4037 ergo,
1653 3968 1757 4019 etc.

250 4041 452 4111 Diluitur.
542 4043 701 4098 Hanc
752 4041 1129 4117 objectionem
1182 4060 1313 4101 cum
1363 4041 1840 4118 subsequentibus

467 4126 872 4197 proposuimus
937 4125 1006 4180 ad
1072 4125 1475 4183 elucidandam
1553 4127 1836 4182 rationem

465 4206 532 4261 D.
563 4206 768 4263 Thom.
803 4222 940 4261 nam
988 4222 1060 4262 ex
1098 4222 1303 4264 earum
1348 4207 1633 4265 solutione
1674 4208 1839 4264 illius

463 4287 571 4354 viS,
596 4294 652 4345 et
678 4289 924 4345 efficacia
945 4289 1158 4345 clarius
1178 4289 1477 4347 constabit.
1502 4290 1589 4345 Ad
1627 4306 1837 4365 propo·

463 4368 637 4425 sitam
668 4369 847 4445 igitur
875 4370 1184 4443 (loquendo
1204 4370 1273 4427 de
1299 4372 1483 4446 gratia
1512 4371 1837 4430 formaliter

464 4449 529 4504 in
558 4450 782 4508 ratione
809 4452 1013 4508 formae
1055 4451 1445 4525 dignificantis
1471 4458 1627 4509 actus
1652 4453 1836 4509 meri-

463 4530 641 4586 torios
662 4554 676 4597 ;
706 4538 762 4589 et
789 4532 857 4591 de
886 4533 1239 4590 beatitudine
1284 4532 1612 4591 formaliter
1654 4535 1833 4592 etiam

465 4610 529 4666 in
554 4611 776 4669 ratione
800 4615 1044 4687 praemii,
1064 4621 1125 4670 ut
1145 4614 1209 4670 in
1234 4615 1499 4687 praesenti
1522 4616 1837 4688 loquimur)

466 4690 797 4766 negandum
824 4702 907 4751 est
930 4693 1287 4760 antecedens,
1320 4697 1465 4752 sicut
1493 4696 1639 4753 illud
1668 4700 1838 4771 negat

246 4772 450 4868 vcfflffifflss
467 4777 775 4847 Capreolus
800 4779 860 4832 in
879 4779 933 4843 2,
954 4778 1081 4833 dist.
1108 4779 1199 4848 27,
1227 4781 1404 4848 art.2,
1424 4781 1481 4834 in
1500 4780 1662 4835 solut.
1687 4777 1762 4833 ad
1784 4780 1831 4846 1,

247 4870 435 4916 nectua.
466 4861 614 4914 circa
640 4860 844 4931 finem:
868 4860 1141 4926 Victoria,
1174 4877 1343 4934 quem
1388 4863 1565 4921 refert
1602 4861 1838 4920 Medina

471 4942 529 4995 in
563 4943 836 5014 praesenti,
866 4950 979 4998 art.
1017 4944 1063 5010 1,
1096 4946 1127 5013 ἕ
1153 4942 1534 5001 Dubitandum
1550 4951 1832 5019 praterea,

3077 22 3177 41 '⁴‘
3201 22 3636 157 ¹*

1438 310 1531 364 DE
1570 306 2059 364 NECESSITATE
2099 307 2418 365 GRATIAE.

1990 485 2049 535 et
2095 478 2158 534 in
2199 477 2313 536 fine
2353 480 2719 552 amplectitur
2760 480 2921 536 illius
2959 481 3314 538 sententiam
3347 502 3360 535 ε

1989 560 2088 633 qui
2136 576 2338 619 omnes
2383 567 2665 628 asserunt,
2723 568 2912 619 actum
2964 563 3358 628 meritorium,

1989 649 2271 715 quatenus
2310 643 2563 718 procedit
2590 660 2622 700 a
2662 646 2868 719 gratia,
2907 649 3075 719 atque
3122 643 3265 701 adeo
3303 648 3364 700 et

1987 725 2236 799 gratiam
2265 726 2449 801 ipsam
2478 726 2689 783 habere
2716 726 3077 802 dignitatem,
3107 732 3167 784 et
3195 727 3361 784 valo-

1990 823 2114 864 rem
2145 809 2277 866 vitae
2301 816 2529 868 aeternae
2558 810 2857 882 aequalem,
2883 815 2940 867 et
2967 825 3085 866 non
3126 815 3358 867 mcum-⁴

1987 902 2116 960 que,
2146 888 2244 945 sed
2284 890 2609 964 aequalitate
2646 888 2921 955 absoluta,
2964 894 3022 945 et
3060 890 3357 962 quantita-

1989 967 2127 1035 tiva,
2153 975 2208 1026 et
2230 970 2337 1026 hac
2358 970 2580 1027 ratione
2601 972 2781 1025 Deum
2799 970 2862 1026 in
2885 971 3357 1028 remuneratione

1988 1050 2333 1108 meritorum
2373 1065 2608 1107 servare
2647 1050 2899 1121 formam
2934 1050 3171 1123 justitiae
3195 1066 3354 1107 com-

1986 1131 2298 1192 mutativae,
2329 1132 2461 1205 quia
2488 1130 2674 1188 reddit
2695 1133 2971 1205 aequalem
2997 1147 3101 1204 pro
3121 1134 3347 1205 aequali,

1986 1209 2124 1266 dum
2151 1210 2421 1268 retribuit
2441 1211 2621 1267 vitam
2643 1217 2918 1267 aeternam
2944 1227 3047 1283 pro
3062 1210 3350 1283 justorum

1985 1293 2232 1349 meritis.
2271 1292 2372 1347 Cui
2419 1291 2692 1349 solutioni
2734 1299 3007 1348 consonat
3045 1294 3109 1347 D.
3141 1293 3348 1350 Thom.

1983 1376 2041 1443 2,
2065 1378 2119 1443 2,
2152 1382 2334 1452 quast.
2365 1376 2458 1440 61,
2489 1382 2603 1430 art.
2631 1377 2666 1430 4
2704 1374 2779 1429 ad
2827 1377 2872 1441 l,
2915 1382 2965 1429 et
3004 1377 3066 1430 in
3100 1378 3354 1449 praesenti

1983 1465 2097 1514 art.
2122 1459 2176 1524 3,
2205 1460 2265 1514 in
2286 1459 2551 1514 solutione
2575 1458 2652 1513 ad
2677 1458 2731 1523 3,
2765 1456 2862 1512 ubi
2884 1458 2967 1513 sic
2993 1458 3074 1513 ait
3103 1480 3116 1515 ς
3151 1457 3351 1513 Dicen-

1983 1539 2115 1594 dum
2141 1539 2284 1617 quod
2324 1541 2513 1609 qratia
2534 1536 2783 1611 Spiritus
2802 1541 2999 1604 sancti,
3021 1541 3124 1593 elsi
3151 1557 3258 1593 non
3280 1541 3353 1594 sit

1981 1620 2209 1698 arquatis
2232 1620 2415 1690 yloriae
2442 1621 2500 1674 in
2540 1626 2688 1686 actu,
2720 1627 2797 1675 est
2824 1627 3009 1675 tamen
3032 1619 3260 1697 «vqualis
3293 1638 3355 1676 m

1982 1702 2218 1768 virtute,
2268 1702 2409 1756 sicut
2454 1719 2631 1757 semen
2668 1701 2962 1766 arborum,
3018 1704 3076 1755 iu
3118 1719 3224 1779 quo
3275 1709 3354 1758 est

1980 1783 2164 1839 virtus
2183 1782 2258 1837 ad
2278 1789 2451 1839 totam
2472 1782 2741 1837 arborem.
2769 1783 2985 1839 Dicitur
3014 1788 3204 1839 autem
3225 1798 3355 1855 gra-

1981 1863 2062 1920 tia
2088 1864 2327 1936 aequalis
2350 1864 2549 1938 gloriae
2572 1864 2634 1919 in
2662 1863 2897 1930 virtute,
2931 1864 3065 1937 quia
3094 1880 3196 1936 per
3223 1879 3355 1920 mo·

1979 1943 2119 2000 dum
2149 1944 2359 2001 radicis
2380 1945 2635 2001 continet
2655 1943 2897 2001 eandem
2920 1944 3188 2020 gloriam,
3208 1944 3358 1999 sicut

1981 2031 2193 2083 natura
2218 2024 2487 2099 quaelibet
2524 2026 2588 2082 in
2625 2026 2855 2094 virtute,
2894 2032 2950 2082 et
2984 2041 3084 2098 per
3112 2024 3356 2081 modum

1983 2104 2193 2162 radicis
2222 2107 2518 2163 naturales
2561 2122 2693 2162 suas
2718 2106 3097 2178 operationes.
3129 2108 3216 2162 Ex
3240 2122 3358 2179 quo

1979 2187 2064 2256 fit,
2091 2187 2240 2261 quod
2284 2190 2429 2246 sicut
2458 2190 2716 2262 operatio
2739 2190 3023 2246 naturalis
3045 2205 3161 2246 non
3182 2205 3356 2246 exce-

1979 2270 2064 2328 dit
2104 2273 2167 2329 in
2207 2272 2488 2346 dignitate
2530 2277 2820 2339 naturam,
2859 2288 2891 2328 a
2918 2288 3030 2344 qua
3056 2271 3351 2344 procedit3

1980 2353 2100 2410 imo
2128 2369 2312 2426 neque
2340 2354 2403 2410 in
2432 2354 2781 2427 perfectione
2816 2351 3089 2418 absolute,
3119 2358 3177 2409 et
3200 2353 3355 2409 sim-

1980 2434 2225 2507 pliciter,
2256 2434 2357 2491 sed
2396 2435 2466 2492 ad
2504 2450 2803 2491 summum
2844 2433 3155 2490 secundum
3183 2434 3352 2506 quid,

1979 2530 2186 2587 nempe
2213 2515 2277 2571 in
2303 2531 2426 2572 esse
2453 2521 2607 2573 actus
2635 2537 2648 2571 z
2674 2516 2753 2571 ita
2781 2515 2957 2571 etiam
2986 2513 3132 2570 visio
3159 2512 3348 2581 beata,

1977 2610 2101 2668 quae
2127 2612 2188 2653 se
2215 2592 2386 2652 habet
2412 2594 2482 2651 ad
2509 2596 2757 2671 gratiam
2806 2595 2951 2651 sicut
2989 2594 3247 2667 operatio
3275 2594 3349 2652 ad

1980 2680 2249 2732 naturam
2273 2676 2479 2749 (gratia
2504 2677 2664 2733 enim
2694 2677 2756 2731 in
2778 2673 2981 2731 ordine
3008 2682 3350 2748 supernatu-

1979 2756 2107 2824 rali,
2134 2761 2190 2813 et
2218 2763 2471 2830 respectu
2499 2756 3034 2830 supernaturalium
3053 2758 3348 2829 operatio-

1977 2852 2120 2893 num
2162 2834 2330 2894 habet
2380 2836 2663 2895 rationem
2705 2841 2942 2901 naturas,
2987 2839 3050 2891 ut
3088 2835 3347 2893 diximus

1976 2929 2138 2977 tract.
2180 2923 2266 2987 14,
2297 2920 2440 2994 disp.
2466 2924 2522 2986 4,
2553 2920 2682 2975 dub.
2712 2920 2790 2990 3),
2821 2920 3150 2975 nullatenus
3175 2935 3344 2977 exee-

1974 3000 2060 3057 dit
2087 3002 2253 3057 illam
2294 3003 2360 3057 in
2406 3000 2703 3076 dignitate,
2736 3007 2792 3058 et
2818 3001 2951 3057 licet
2987 3001 3063 3056 sit
3100 3016 3168 3057 ea
3208 3016 3345 3074 per-

1975 3080 2176 3138 fectior
2195 3078 2509 3138 secundum
2532 3079 2689 3153 quid,
2716 3096 2923 3153 nempe
2939 3081 2998 3135 in
3019 3095 3140 3136 esse
3160 3089 3340 3145 actus,

1976 3179 2095 3220 non
2124 3170 2319 3222 tamen
2367 3163 2642 3230 absolute,
2675 3169 2730 3220 et
2766 3161 3150 3235 simpliciter;
3198 3166 3344 3238 quin

1976 3244 2162 3317 potius
2183 3246 2232 3301 si
2260 3245 2469 3319 aliquis
2496 3246 2648 3302 inter
2674 3261 2769 3301 eas
2803 3243 3233 3301 constituendus
3256 3249 3346 3301 est

1974 3325 2039 3381 in
2088 3326 2452 3399 perfectione,
2499 3332 2556 3385 et
2594 3324 2871 3399 dignitate
2909 3340 3189 3393 excessus,
3221 3341 3344 3383 non

1973 3405 2122 3464 visio
2149 3407 2416 3483 gratiam,
2448 3406 2547 3464 sed
2588 3407 2773 3479 potius
2812 3405 3112 3476 (quantum
3139 3409 3226 3462 est
3267 3421 3345 3462 ex

1976 3494 2136 3559 parte
2186 3487 2449 3544 essentias
2500 3486 2711 3543 harum
2758 3485 3102 3557 formarum)
3153 3487 3344 3561 gratia

1975 3567 2231 3625 absolute
2287 3566 2572 3642 loquendo
2623 3566 2788 3625 debet
2837 3582 3112 3640 superare
3155 3567 3342 3625 visio-

1974 3663 2138 3780 neffi.
2183 3724 2296 3781 Pro
2323 3725 2482 3798 cujus
2509 3723 2718 3797 majori
2745 3722 3128 3796 explicatione
3146 3722 3544 3784 obser-uind-

1971 3802 2227 3859 vandum
2255 3809 2431 3861 estex
2456 3804 2621 3861 dictis
2662 3806 2784 3862 loco
2809 3805 2998 3870 citam,
3030 3803 3177 3877 quod
3218 3811 3341 3863 tam
3374 3785 3522 3822 m

1970 3886 2175 3959 gratia,
2207 3902 2379 3959 quam
2410 3886 2555 3944 visio
2596 3885 2856 3943 beatifica
2890 3894 3026 3942 sunt
3063 3887 3344 3945 formales

1972 3967 2439 4041 participationes
2460 3969 2736 4035 essentiae,
2768 3974 2823 4026 et
2852 3975 3071 4025 naturas
3091 3968 3340 4036 divinae3

1972 4047 2142 4104 aliter
2168 4054 2382 4114 tamen,
2415 4055 2472 4106 et
2519 4050 2688 4106 aliter
2728 4050 2957 4123 utrique
2985 4050 3090 4107 hoc
3127 4066 3347 4108 conve-

1973 4128 2060 4184 nit
2092 4149 2105 4185 ε
2137 4145 2274 4187 nam
2320 4130 2508 4207 gratia
2535 4132 2839 4206 participat
2864 4148 2991 4190 eam
3016 4132 3348 4190 formaliter

1971 4209 2076 4266 sub
2106 4211 2352 4280 ratione,
2380 4217 2436 4269 et
2467 4228 2709 4270 munere
2738 4220 2975 4281 naturas,
3010 4219 3174 4287 atque
3201 4213 3350 4273 adeo

1971 4299 2140 4366 prout
2187 4294 2358 4352 habet
2400 4296 2683 4353 rationem
2731 4297 2926 4369 primi,
2970 4302 3025 4353 et
3072 4296 3350 4355 radicalis

1971 4377 2248 4451 principii
2297 4377 2634 4435 divinarum
2688 4381 3088 4451 operationum
3122 4405 3136 4446 ;
3191 4381 3348 4439 visio

1968 4475 2108 4517 vero
2139 4461 2443 4535 participat
2469 4461 2632 4518 illam
2665 4468 2831 4534 prout
2869 4469 2954 4520 est
2979 4463 3216 4520 actualis
3243 4464 3351 4520 in-

1969 4541 2237 4609 tellectio,
2265 4560 2377 4617 qua
2400 4544 2546 4600 Deus
2567 4543 2818 4616 seipsum
2842 4546 3144 4619 cognoscit.
3171 4544 3347 4603 Unde

1969 4622 2168 4680 eodem
2200 4625 2617 4698 proportionali
2660 4624 2829 4682 modo
2875 4624 3150 4682 debemus
3185 4626 3347 4684 inter

1968 4719 2030 4761 se
2077 4706 2341 4763 conferre
2387 4706 2712 4764 formaliter
2755 4707 3024 4780 gratiam,
3056 4713 3113 4763 et
3158 4707 3348 4766 visio—-

1971 4801 2141 4845 nem:
2168 4787 2315 4844 sicut
2340 4786 2543 4844 divina
2571 4794 2780 4844 natura
2821 4793 2990 4861 prout
3018 4787 3188 4845 habet
3216 4789 3348 4847 for-

1969 4866 2292 4924 malissime
2331 4869 2614 4926 rationem
2664 4875 2901 4936 naturae,
2944 4875 3002 4925 et
3045 4869 3195 4943 gerit
3234 4870 3348 4929 hoc

1970 4962 2204 5016 munus,
2238 4947 2531 5006 confertur
2568 4949 2916 5016 virtualiter,
2949 4949 3040 5005 vel
3066 4965 3138 5005 ex
3165 4951 3345 5010 modo

2975 5032 3344 5106 concipiendi
