3647 5753
332 3761 424 3804 'Mol
433 3761 511 3804 ina,-

337 3816 504 3902 ⁵52¹?sp

569 336 581 390 Ι
605 335 668 390 16
1585 342 1677 395 DE
1715 341 1986 395 GRATIA
2026 340 2366 395 EFFICACI.

557 510 680 561 tum
749 510 1133 578 praestandum
1164 555 1177 568 .
1233 514 1392 570 Hanc
1442 512 1619 587 igitur
1665 513 1916 586 exposcit

554 583 896 655 Concilium,
929 606 1074 646 cum·
1100 591 1340 648 damnat
1384 598 1699 650 asserentes
1734 596 1915 649 Deum

550 670 851 753 expectare
891 669 1175 728 humanas
1226 673 1568 730 voluntates.
1630 673 1917 731 Probatur

555 759 789 801 mmor:
837 752 958 803 tum
1004 750 1139 822 quia
1184 767 1359 810 omne
1409 754 1696 811 auxilium
1737 769 1808 810 ex
1855 767 1916 810 se

552 823 891 883 indifferens
916 828 1337 890 determinatur
1377 850 1477 907 per
1517 834 1761 891 liberam
1812 850 1916 892 vo-

552 905 792 963 luntatis
838 906 1380 970 determinationem
1415 934 1428 969 :
1469 929 1605 989 ergo
1639 930 1740 987 per
1768 913 1914 971 illud

551 1000 672 1041 non
700 984 778 1052 fit,
813 993 873 1042 ut
891 990 1159 1058 velimus3
1188 992 1286 1049 sed
1316 994 1501 1067 potius
1524 1010 1623 1067 per
1646 1000 1913 1051 nostrum

547 1065 701 1122 velle
721 1065 784 1121 fit
813 1073 871 1122 ut
893 1069 1226 1141 praedictum
1250 1074 1537 1130 auxilium
1554 1081 1911 1148 cooperetur:

543 1162 684 1220 ergo
709 1148 825 1204 sola
841 1151 1026 1222 gratia
1051 1152 1246 1210 efficax
1267 1160 1351 1211 est
1372 1161 1502 1228 apta
1526 1153 1594 1212 ad
1631 1162 1914 1227 praestan-

545 1226 688 1282 dum
732 1228 899 1284 illurn
926 1232 1209 1296 effectum.
1258 1251 1426 1307 quem
1477 1236 1797 1293 Concilium
1827 1237 1915 1293 in-

548 1307 750 1364 tendit.
784 1311 928 1366 Tum
970 1315 1166 1380 etiam,
1216 1317 1352 1387 quia
1397 1323 1600 1389 praeter
1628 1319 1912 1375 auxilium

548 1402 618 1443 ex
643 1404 703 1445 se
723 1388 938 1457 efficax,
985 1409 1100 1449 non
1130 1394 1301 1451 datur
1334 1397 1447 1453 nisi
1477 1399 1762 1454 auxilium
1786 1400 1913 1455 sus-

550 1467 765 1538 ficiens,
790 1477 847 1529 et
872 1490 1179 1532 concursus
1199 1477 1601 1537 simultaneus:
1624 1480 1721 1537 sed
1752 1482 1914 1538 auxi-

552 1552 698 1609 lium
733 1554 1019 1613 sufficiens
1060 1574 1178 1615 non
1233 1560 1366 1617 facit
1395 1567 1456 1618 ut
1482 1561 1779 1623 faciamus
1811 1564 1909 1622 sed

550 1633 738 1690 solum
778 1635 926 1708 quod
954 1638 1138 1694 simus
1181 1639 1395 1707 factivi,
1432 1642 1521 1701 vel
1543 1643 1691 1716 quod
1728 1645 1913 1717 possi-

553 1730 682 1770 mus
703 1717 930 1788 operari
958 1741 970 1783 ;
1013 1725 1069 1775 et
1099 1726 1397 1793 propterea
1424 1724 1717 1781 multoties
1744 1725 1912 1785 datur
1955 1729 1959 1732 “

552 1794 835 1851 auxilium
881 1796 1183 1867 sufficienS,
1252 1801 1397 1873 quin
1441 1818 1792 1874 operemur:
1856 1809 1913 1862 et

550 1877 825 1934 similiter
870 1895 1178 1938 concursus
1217 1882 1317 1939 Dei
1370 1883 1752 1942 simultaneus
1793 1902 1911 1943 non

553 1957 686 2015 facit
732 1975 834 2016 nos
874 1959 1075 2030 facere,
1138 1978 1242 2019 nec
1292 1963 1522 2039 attingit
1580 1966 1912 2024 immediate

554 2041 904 2098 voluntatem
936 2050 1218 2104 nostram.
1259 2043 1357 2101 sed
1400 2046 1659 2117 producit
1698 2048 1913 2106 imme-

550 2122 705 2179 diate
752 2130 1009 2181 nostram
1059 2127 1451 2198 operationem
1476 2150 1488 2185 ε
1548 2146 1682 2205 ergo
1720 2132 1910 2187 solum

553 2206 837 2263 auxilium
879 2224 949 2265 ex
994 2225 1055 2265 se
1100 2209 1296 2266 efficax
1338 2215 1424 2266 est
1475 2218 1692 2284 aptum,
1726 2219 1788 2267 ut
1809 2229 1910 2285 per

551 2287 692 2344 illud
745 2286 861 2353 fiat,
924 2282 1092 2362 quod'
1118 2292 1386 2357 velimus,
1453 2297 1514 2350 ut
1562 2291 1911 2350 determinat

550 2368 890 2425 Concilium.

621 2451 768 2505 Tum
817 2450 1080 2524 denique.
1117 2453 1252 2525 quia
1294 2453 1579 2510 auxilium
1610 2454 1823 2512 faciens
1851 2461 1911 2511 ut

548 2531 813 2597 velimus,
839 2536 923 2588 est
949 2548 1115 2589 causa
1152 2534 1447 2590 volitionis
1478 2541 1705 2601 nostrae,
1742 2543 1910 2609 prout

551 2609 847 2682 procedita
864 2618 1058 2668 nostra
1077 2614 1394 2670 voluntate:
1413 2613 1510 2672 sed
1541 2616 1761 2673 auxilia
1784 2634 1910 2690 quae

550 2690 882 2747 Adversarii
942 2690 1271 2758 admittunt,
1345 2694 1474 2749 licet
1536 2695 1784 2753 influant
1845 2698 1908 2753 in

556 2776 777 2827 nostras
822 2772 1198 2842 operationeS‚
1231 2773 1615 2831 nihilominus
1638 2793 1754 2833 non
1775 2785 1910 2836 sunt

547 2867 718 2909 causa
763 2852 1019 2918 illarum,
1072 2858 1239 2926 prout
1279 2870 1311 2910 a
1340 2854 1504 2913 nobis
1551 2857 1904 2929 procedunt:

548 2948 684 3006 ergo
709 2934 896 2990 solum
936 2934 1220 2990 auxilium
1267 2951 1338 2992 ex
1377 2953 1437 2994 se
1469 2938 1662 2995 efficax
1686 2940 1819 2996 iacit
1850 2946 1909 2996 ut

550 3012 818 3068 velimus.
862 3013 1043 3086 Major
1081 3019 1165 3070 est
1210 3021 1364 3072 certa
1390 3040 1405 3082 ;
1435 3018 1708 3090 quoniam
1740 3021 1908 3077 auxi-

552 3094 716 3161 lium,
747 3091 896 3165 quod
925 3109 1039 3150 non
1080 3100 1166 3152 est
1188 3111 1359 3153 causa
1388 3104 1597 3155 nostrae
1616 3103 1907 3172 operatio-

549 3174 660 3240 uis,
692 3179 858 3246 prout
903 3173 1155 3246 procedit
1205 3193 1239 3231 a
1268 3176 1451 3244 nobis,
1498 3193 1615 3235 non
1643 3178 1776 3237 facit
1804 3199 1908 3241 nos

549 3254 766 3311 facere:
796 3253 942 3326 quod
971 3260 1163 3327 aperte
1194 3263 1414 3314 constat
1441 3258 1505 3314 in
1527 3258 1748 3316 duobus
1771 3279 1908 3334 por-

551 3343 642 3392 tan
653 3335 801 3391 tibus
824 3335 1071 3408 lapidem
1086 3360 1101 3403 ;
1117 3344 1317 3395 neuter
1332 3339 1542 3412 quippe
1565 3340 1698 3399 facit
1723 3346 1905 3402 alium

548 3422 794 3489 portare,
824 3417 960 3490 quia
986 3433 1103 3474 non
1125 3423 1208 3474 est
1234 3435 1402 3476 causa
1423 3427 1612 3477 motus
1641 3432 1809 3495 prout
1836 3426 1906 3483 ab

547 3496 679 3565 ali0‚
705 3496 802 3554 sed
831 3502 1052 3553 tantum
1085 3504 1254 3570 prout
1280 3516 1313 3556 a
1350 3515 1412 3556 se
1444 3521 1457 3556 ε
1486 3516 1621 3576 ergo
1647 3509 1707 3559 ut
1735 3507 1907 3563 auxi-

546 3580 692 3636 lium
741 3579 912 3635 faciat
966 3595 1067 3636 nos
1112 3581 1314 3648 facere,
1360 3581 1529 3640 debet
1574 3601 1696 3643 esse
1737 3605 1908 3646 causa

548 3667 758 3718 nostrae
777 3661 1147 3734 operationis,
1181 3669 1348 3735 prout
1374 3680 1406 3720 a
1435 3665 1601 3723 nobis
1628 3669 1900 3740 procedit.

548 3744 740 3801 Minor
761 3750 951 3800 autem
977 3744 1354 3803 conceditura
1378 3748 1599 3805 Molina
1627 3751 1644 3805 l
1674 3768 1728 3824 p.
1758 3752 1900 3826 disp.

557 3826 637 3891 19,
663 3833 773 3882 art.
799 3828 853 3892 5,
884 3826 1087 3899 αι’-φῶ,
1116 3828 1353 3906 membro
1383 3830 1466 3895 10,
1494 3829 1591 3885 ubi
1612 3833 1750 3888 satis
1774 3850 1906 3892 con-

545 3910 847 3980 sequenter
875 3906 943 3963 ad
966 3922 1069 3962 sua
1091 3908 1375 3981 principia
1402 3908 1577 3977 docet,
1598 3911 1746 3983 quod
1775 3915 1906 3972 licet

546 3991 663 4045 tota
689 3988 897 4045 entitas
917 3992 1070 4043 actus
1090 3990 1546 4059 supernaturalis
1573 3992 1648 4046 sit
1674 3992 1905 4051 effectus

548 4066 1083 4139 praedestinationiS,
1137 4072 1194 4123 et
1231 4069 1429 4141 gratiae
1453 4092 1468 4134 ;
1518 4069 1904 4130 nihilominus

546 4154 713 4220 prout
756 4147 1010 4221 procedit
1048 4165 1080 4204 a
1132 4148 1315 4205 libero
1360 4148 1625 4216 arbitrio,
1672 4168 1790 4209 non
1818 4159 1904 4211 est

541 4231 770 4287 effectus
818 4228 1355 4303 praedestinationiS,
1406 4237 1463 4288 et
1518 4234 1737 4307 gratiae,
1801 4236 1903 4293 sed

540 4310 906 4369 soliusliberi
935 4311 1188 4367 arbitrii.
1221 4313 1289 4366 Et
1312 4310 1757 4372 fundamentum
1779 4318 1903 4391 ejus

541 4399 645 4459 est,
676 4394 810 4466 quia
836 4393 1024 4467 gratia
1051 4409 1168 4450 non
1197 4399 1282 4451 est
1308 4399 1423 4452 tota
1451 4396 1597 4453 ratio
1633 4398 1900 4470 proxima

541 4473 750 4548 agendi
779 4474 1140 4547 operationes
1165 4476 1653 4549 supernaturaleS‚
1685 4493 1788 4534 nec
1815 4483 1902 4536 est

543 4556 725 4614 libera
755 4565 817 4613 ut
855 4576 978 4635 quo,
1010 4558 1102 4614 vel
1146 4562 1206 4613 ut
1227 4557 1408 4634 quod;
1445 4557 1542 4615 sed
1572 4558 1715 4632 ipsa,
1740 4564 1796 4617 et
1823 4560 1903 4616 li-

544 4637 743 4695 berum
773 4638 1080 4696 arbitrium
1109 4644 1490 4712 cooperantur
1516 4639 1585 4697 ad
1613 4641 1903 4713 operatio-

540 4734 675 4775 nem
700 4721 1203 4793 supernaturalem
1232 4720 1392 4776 velut
1413 4719 1538 4776 duae
1557 4737 1738 4778 causae
1765 4738 1903 4794 par-

539 4799 705 4857 tiales
736 4844 749 4867 ,
794 4817 867 4858 ex
916 4802 1124 4875 quibus
1173 4801 1361 4874 gratia
1405 4801 1637 4876 attingit
1696 4819 1903 4876 super-

425 4885 430 4889 ’
525 4884 914 4952 turalitatem,
941 4891 997 4943 et
1037 4884 1288 4942 liberum
1330 4883 1641 4942 arbitrium
1670 4887 1903 4962 attingit

525 4961 861 5022 {libertatem
894 4987 905 5021 ε
960 4965 1112 5023 unde
1140 4963 1518 5024 liceteil'ectus
1566 4965 1636 5022 ab
1659 4971 1902 5041 utroque

2050 510 2335 585 principio
2357 511 2693 584 dependeat,
2724 512 3110 570 nihilominus
3136 518 3303 586 prout
3328 519 3415 568 est

2050 593 2119 650 ab
2148 610 2282 659 un0‚
2311 610 2427 650 non
2453 600 2536 651 est
2584 594 2653 652 ab
2680 595 2813 660 alio,
2843 599 2905 650 ut
2933 599 3085 667 patet
3127 596 3191 651 in
3212 610 3417 651 exem-

2048 674 2142 745 plo
2186 673 2434 731 duorum
2477 675 2834 747 portantium
2903 674 3156 747 lapidem
3225 689 3415 746 nuper

2049 753 2247 825 posito.
2280 757 2414 817 Quae
2440 753 2703 811 doctrina
2746 759 2831 811 est
2872 753 3041 811 valde
3085 755 3415 811 communis

2047 833 2194 905 apud
2220 833 2299 888 Ad
2312 834 2613 891 versarios.
2637 836 2787 909 Ergo
2809 834 3026 890 auxilia
3050 833 3121 891 ab
3149 835 3290 907 ipsis
3316 834 3414 890 ad·
3468 906 3472 909 .

2047 914 2241 980 missa,
2276 913 2404 970 licet
2430 913 2680 971 influant
2709 915 2771 970 in
2818 914 3182 987 operationes
3201 929 3411 986 super-

2047 995 2358 1059 naturales»,
2409 994 2795 1050 nihilominus
2856 1010 2974 1051 non
3014 997 3151 1049 sunt
3202 1009 3408 1051 earum

2045 1091 2247 1136 causat.
2284 1078 2448 1146 prout
2477 1090 2509 1130 a
2529 1081 2723 1130 nostra
2750 1074 3044 1131 voluntate
3067 1073 3403 1146 procedunt.

2130 1156 2247 1210 174.
2295 1153 2684 1211 confirmatur
2710 1154 2958 1211 secundo
2991 1175 3004 1209 ε
3034 1169 3169 1209 nam
3198 1155 3403 1211 Conci·
3419 1159 3603 1203 Πυθὴν
3638 1179 3639 1190 ¹

2047 1227 2195 1290 lium
2235 1236 2474 1292 damnat
2495 1240 2827 1301 asserentes,
2870 1236 3047 1292 Deum
3092 1235 3155 1290 in
3180 1236 3405 1308 negotio
3440 1211 3594 1302 ‘afflig
3638 1237 3639 1240 ’

2039 1315 2464 1389 justificationis
2491 1321 2790 1388 expectare
2833 1314 3009 1371 bonas
3054 1316 3398 1378 voluntates.

2046 1411 2118 1452 ne
2156 1399 2354 1470 gratia}
2399 1394 2752 1470 adjutorium
2799 1395 3068 1452 humanm
3117 1396 3402 1452 voluntati

2043 1476 2423 1549 subjiciatur,
2473 1482 2534 1532 ut
2576 1481 2798 1534 constat
2848 1492 2918 1533 ex
2974 1492 3193 1533 canone
3236 1478 3272 1533 6
3311 1493 3404 1533 sev·

2044 1560 2240 1632 quenti
2276 1582 2289 1614 ε
2312 1560 2381 1616 δι’
2406 1561 2530 1638 quis
2551 1561 2879 1622 humilitati,
2904 1566 2952 1613 et
2975 1558 3281 1614 obedientias
3306 1560 3406 1614 hu-

2045 1658 2217 1701 manae
2255 1641 2534 1712 subjunyit
2570 1642 2762 1710 ‚qratiw
2800 1642 3163 1712 adjutorium,
3213 1656 3308 1694 nec
3345 1648 3405 1694 ut

2043 1721 2358 1789 obedientes,
2409 1729 2457 1775 et
2508 1723 2740 1777 humiles
2775 1724 2969 1785 εἰηιιιε,
3015 1723 3189 1794 ipsius
3211 1722 3403 1790 qratia}

2043 1802 2244 1858 donum
2263 1819 2372 1858 esse
2394 1793 2882 1866 consentil,'r·esistit
2899 1801 3154 1874 Apostolo
3174 1802 3404 1857 dicenti:

2044 1881 2194 1956 Quid
2211 1883 2374 1939 habes
2396 1884 2537 1960 quod
2578 1901 2685 1938 non
2713 1884 2969 1957 accepisti
2993 1883 3024 1937 ?
3058 1883 3123 1936 Et
3148 1879 3293 1939 ratio
3321 1887 3406 1939 est

2043 1963 2179 2018 satis
2204 1962 2497 2035 perspicua
2524 1987 2536 2028 ;
2585 1980 2718 2020 nam
2750 1964 2852 2020 hoc
2881 1964 3020 2037 ipso,
3052 1961 3201 2036 quod
3222 1963 3405 2036 gratia

2043 2061 2160 2102 non
2186 2044 2297 2101 sibi
2321 2044 2628 2119 subjungat
2649 2047 3003 2103 voluntatem
3027 2043 3406 2111 creatam,sed

2016 2126 2153 2198 ¹ipsi
2197 2126 2385 2198 potius
2434 2125 2730 2193 subdatur,
2781 2132 2978 2183 manet
3022 2126 3166 2182 Deus
3193 2125 3406 2181 tamin

2042 2212 2189 2263 statu
2231 2207 2636 2272 conditionem,
2675 2224 2846 2280 quam
2878 2208 2939 2264 in
2967 2211 3116 2264 statu
3144 2206 3406 2264 absoluto

2044 2288 2201 2344 velut
2227 2303 2534 2360 suspensus
2569 2303 2742 2361 usque
2763 2288 2830 2344 ad
2855 2287 3402 2346 determinationem

2042 2369 2355 2426 voluntatis
2382 2374 2601 2432 creatae,
2643 2368 2969 2440 explorans,
3002 2375 3057 2425 et
3103 2372 3405 2440 expectans

2043 2447 2110 2504 ad
2134 2464 2305 2520 quam
2347 2455 2567 2520 partem
2595 2465 2654 2504 se
2680 2448 3123 2515 determinabit;
3167 2453 3223 2504 et
3270 2453 3406 2504 tunc

2043 2530 2163 2602 ipse
2182 2530 2377 2585 statim
2400 2530 2661 2596 occurrit,
2687 2536 2742 2587 et
2762 2547 3036 2587 concursu
3059 2532 3406 2586 simuttaneo

2041 2608 2320 2665 coinssuit.
2380 2608 2542 2665 Unde
2595 2609 2932 2674 necessariO,
2987 2627 3050 2666 ac
3102 2616 3305 2665 mutuo
3343 2624 3408 2664 se

2043 2689 2166 2744 istae
2190 2688 2530 2745 assertiones
2557 2689 2903 2745 comitantur
2936 2707 2948 2740 :
2982 2690 3130 2747 Deus
3155 2696 3405 2761 eaepectat

2042 2770 2350 2824 voluntates
2365 2776 2600 2835 nostras,
2620 2778 2680 2824 ut
2700 2787 2735 2824 a
2753 2777 2970 2843 peccato
2989 2771 3403 2844 parneium-,1⁴:12

2043 2847 2248 2908 Grati&
2294 2851 2637 2922 adjutorium
2676 2851 2926 2907 humans:
2971 2851 3268 2916 indum-iz,
3320 2852 3404 2905 uel

2040 2931 2390 3004 dispositioni
2414 2932 2783 3003 subjunqitur.
2815 2932 2982 3004 Atqui
3014 2932 3212 2989 omnia
3234 2932 3409 2988 auxi-

2042 3013 2120 3068 lia
2150 3028 2220 3069 ex
2264 3029 2324 3069 se
2372 3012 2787 3079 indifferentia,
2829 3014 3021 3086 qualia
3062 3012 3402 3069 Adversarii

2040 3092 2374 3159 concedunt,
2397 3092 2722 3150 subduntur
2742 3093 3106 3167 dispositioni
3136 3094 3404 3150 volunta—

2043 3175 2114 3230 tis
2138 3183 2343 3233 creatae
2372 3199 2384 3231 :
2413 3192 2548 3250 ergo
2574 3192 2671 3248 per
2699 3176 2818 3243 illa,
2850 3178 2941 3232 vel
2970 3192 3039 3233 ex
3067 3176 3123 3231 vi
3143 3176 3396 3232 'illorum

2040 3256 2215 3312 vitari
2244 3258 2459 3330 nequit,
2505 3257 2647 3330 quin
2680 3260 2825 3314 Deus
2851 3262 3104 3330 expectet
3125 3258 3405 3315 volunta-

2042 3343 2123 3395 tes
2149 3343 2389 3407 nostras‚
2442 3345 2503 3394 ut
2533 3356 2842 3413 purgemur
2889 3356 2921 3395 a
2952 3345 3210 3412 peccat03
3254 3341 3406 3413 quod

2041 3423 2234 3476 tamen
2256 3418 2491 3476 damnat
2508 3420 2844 3475 Concilium.
2877 3419 3158 3476 Probatur
3182 3420 3403 3477 minor:

2040 3504 2161 3555 tum
2190 3499 2323 3571 quia
2345 3499 2562 3555 auxilia
2591 3498 2983 3557 indifferentia
3003 3497 3406 3557 determinan-

2039 3585 2134 3635 tur
2206 3596 2306 3653 per
2352 3579 2662 3635 voluntatis
2716 3586 2916 3636 creata}
2960 3578 3397 3637 determinatio-

2041 3679 2194 3721 nem.
2221 3667 2277 3718 et
2327 3662 2513 3734 ipsam
2543 3678 2659 3718 non
2687 3661 3096 3724 determinant,
3129 3662 3223 3717 vel
3253 3679 3405 3734 prae-

2040 3749 2275 3802 movent
2331 3743 2401 3800 ad
2444 3759 2618 3799 unam
2675 3749 2925 3815 partem,
2966 3749 3026 3799 ut
3065 3741 3401 3801 Adversarii

2038 3831 2365 3884 constanter
2387 3825 2590 3883 docent
2617 3847 2628 3880 :
2652 3841 2787 3899 ergo
2808 3824 3132 3882 subduntur
3154 3824 3409 3899 disposi-

2040 3908 2183 3964 tioni
2233 3906 2543 3963 voluntatis
2582 3912 2800 3962 creatae.
2852 3908 2998 3961 Tum
3046 3905 3242 3971 etiam,
3267 3909 3408 3978 quia

2040 3989 2185 4044 Deus
2245 4002 2617 4060 praeparans,
2675 3987 2765 4043 vel
2814 3984 3119 4043 conserens
3176 3987 3402 4043 auxilia

2038 4064 2264 4126 tantum
2316 4067 2724 4132 indifferentia,
2777 4084 2895 4124 non
2937 4066 3187 4123 intendit
3232 4067 3406 4125 abso-

2038 4151 2173 4215 lute,
2223 4156 2280 4207 et
2323 4149 2619 4206 efficaciter
2657 4164 2999 4206 concurrere
3053 4164 3152 4221 per
3199 4148 3304 4205 illa
3334 4150 3405 4206 ad

2036 4246 2375 4287 consensum
2430 4236 2710 4293 nostrum,
2783 4229 2894 4284 nisi
2949 4228 3073 4301 ipsa
3130 4230 3406 4287 voluntas

2037 4318 2224 4370 creata
2267 4313 2536 4375 voluerit.
2586 4318 2641 4368 et
2682 4313 2785 4367 hac
2823 4310 3150 4368 conditione
3190 4328 3405 4384 suppo-

2036 4395 2145 4452 sita
2179 4415 2191 4450 ε
2232 4393 2329 4451 sed
2355 4393 2606 4451 conditio
2628 4410 2661 4449 a
2705 4410 2817 4466 qua
2843 4392 3122 4465 dependet
3147 4390 3400 4456 effectus,

2038 4492 2153 4533 non
2202 4473 2464 4531 subditur
2510 4474 2750 4537 effectui,
2797 4472 2895 4529 sed
2940 4473 3128 4544 potius
3173 4473 3267 4529 hic
3308 4474 3401 4530 illi

2035 4556 2354 4633 subjicitur,
2406 4574 2536 4615 cum
2603 4556 2795 4614 omnis
2835 4554 3215 4628 dependentia
3264 4555 3409 4611 sub-

2030 4640 2202 4714 jectio
2249 4639 2510 4713 quaedam
2534 4638 2609 4694 sit
2640 4660 2654 4694 ε
2697 4655 2834 4714 ergo
2878 4636 3099 4693 auxilia
3123 4651 3195 4692 ex
3217 4652 3277 4693 se
3304 4637 3408 4702 in-

2036 4722 2370 4782 differentia
2418 4737 2535 4778 non
2556 4719 2868 4794 subjiciunt
2893 4718 3002 4775 sibi
3045 4719 3441 4778 voluntatem.

2035 4809 2308 4872 creatam,
2340 4801 2438 4859 sed
2466 4803 2650 4875 magis
2675 4800 2861 4857 eidem
2883 4799 3229 4857 subduntur.
3256 4801 3406 4855 Tum

2035 4884 2303 4958 denique,
2352 4884 2488 4958 quia
2533 4885 2625 4939 vel
2674 4884 2958 4939 auxilium
2989 4884 3155 4954 prout
3202 4898 3231 4937 a
3293 4882 3410 4938 Deo

2035 4966 2404 5032 descenden5‚
2441 4965 2613 5023 habet
2659 4967 3014 5022 voluntatem
3044 4969 3298 5021 creatam
3320 4963 3408 5098 ᾖξε

3286 5060 3331 5098 si
3384 5064 3405 5102 ι
