3647 5753
23 1240 210 1286 Prhnuui

22 1293 201 1334 corolla·

49 1340 178 1385 rium.

21 3297 187 3339 Secun-

40 3344 159 3388 dum.

10 4584 216 4630 l'crtium.

1395 414 1578 470 DISP.
1618 414 1716 481 vl,
1758 413 2012 482 DUB.,1.

243 588 404 652 tum;
435 590 490 642 et
513 586 591 642 ita
619 586 815 659 nequit
852 601 974 642 esse
1008 586 1318 659 praemium
1362 586 1607 644 merito-

246 682 377 723 rum
422 665 553 724 filii.
593 666 701 725 Sed
740 666 811 724 de
850 667 941 724 his
976 668 1149 724 latins
1186 666 1606 742 disputabimus

246 749 387 807 locis
413 750 619 818 citatis,
639 756 695 808 et
710 750 866 808 int'ra
892 769 928 806 a
956 768 1108 808 nain.
1147 751 1271 807 104.

856 917 888 984 ς
927 915 994 970 v.

422 1073 773 1133 consectaria
788 1075 1135 1148 praecedentis
1159 1073 1432 1130 doctrinas.

318 1233 410 1288 21.
442 1233 525 1286 Ex
547 1231 713 1287 dictis
736 1231 981 1288 infertur
1004 1229 1467 1304 primo,gratiam
1491 1227 1605 1300 pri·

243 1328 400 1369 mam
441 1312 792 1370 habitualem
829 1328 947 1370 non
992 1310 1192 1367 cadere
1212 1309 1282 1367 de
1305 1309 1467 1375 facte,
1502 1325 1606 1365 nec

242 1394 442 1452 cadere
469 1395 751 1450 divinitus
779 1409 940 1467 posse
988 1390 1094 1448 sub
1124 1392 1329 1450 merito
1356 1406 1604 1464 congruo

239 1492 476 1550 operum
500 1481 623 1550 post
642 1491 769 1531 eam
791 1473 1282 1547 subsequentium.
1314 1469 1602 1536 Quoniam

240 1557 312 1615 de
362 1559 589 1615 ratione
632 1558 830 1613 meriti
878 1558 943 1612 in
976 1555 1295 1620 communi,
1323 1559 1379 1610 et
1425 1568 1604 1625 praes-

240 1640 523 1698 cindendo
570 1657 603 1696 a
644 1639 877 1695 merito-
899 1638 969 1696 de
994 1654 1263 1713 congruo,
1291 1641 1347 1694 et
1372 1634 1442 1691 de
1462 1650 1602 1691 con-

239 1721 414 1797 digno
439 1727 542 1786 est,
588 1719 737 1793 quod
766 1720 941 1793 possit
982 1719 1325 1793 simpliciter
1372 1720 1602 1772 antece-

239 1805 375 1861 dere
402 1804 726 1877 praemium,
776 1807 832 1859 et
857 1801 1007 1876 quod
1056 1803 1174 1860 haec
1209 1798 1601 1858 antecedentia

242 1885 350 1958 ipsi
374 1900 491 1942 non
521 1888 796 1957 repugnet
829 1904 842 1939 ε
872 1899 1007 1957 ergo
1033 1882 1180 1939 sicut
1206 1881 1276 1940 ob
1314 1881 1461 1937 hanc
1503 1893 1600 1934 ra-

240 1968 455 2024 tionem
498 1966 775 2039 implicat,
808 1964 956 2038 quod
982 1981 1155 2038 opera
1182 1962 1547 2038 procedentia
1568 1977 1600 2018 a

237 2052 424 2125 gratia
445 2048 724 2106 habituali
753 2048 919 2103 illam
943 2046 1011 2104 de
1032 2046 1316 2122 condigno
1339 2059 1601 2102 merean-

240 2137 352 2198 tur,
386 2131 467 2187 ita
515 2134 794 2204 repugnat
819 2129 968 2202 quod
999 2127 1266 2201 praedicta
1310 2143 1484 2200 opera
1510 2131 1598 2181 ta-

238 2213 353 2268 lem
381 2212 628 2286 gratiam
658 2215 990 2266 mereantur
1015 2208 1086 2266 de
1125 2224 1398 2283 congruo.
1440 2209 1600 2262 Patet

235 2291 659 2365 consequentia,
705 2291 843 2364 quia
886 2291 1033 2347 sicut
1075 2289 1454 2365 condignitas,
1497 2303 1597 2343 seu

237 2374 401 2429 valor
425 2373 615 2446 operis
642 2369 943 2427 derivatur
985 2387 1017 2426 a
1061 2371 1245 2444 gratia
1289 2367 1592 2433 habituali,

236 2459 296 2509 ut
323 2450 746 2509 declaravimus
784 2451 926 2523 dis-p.
978 2451 1031 2517 3,
1071 2450 1201 2506 dub.
1240 2452 1286 2516 l,
1332 2449 1413 2505 ita
1459 2462 1599 2504 con-

234 2534 452 2610 gruitas
481 2533 714 2605 proprie
742 2535 967 2605 accepta
1013 2529 1291 2586 fundatur
1339 2531 1402 2586 in
1448 2545 1599 2602 prae·

234 2617 384 2674 dicta
410 2617 614 2691 gratia,
667 2622 727 2671 ut
770 2614 1143 2687 exposuimus
1187 2614 1329 2687 disp.
1360 2616 1416 2679 2,
1464 2613 1592 2669 dub.

235 2704 414 2766 unico,
444 2704 475 2770 g
503 2700 556 2756 3.
586 2697 750 2755 Unde
776 2696 858 2762 fit,
893 2697 1143 2769 primam
1164 2694 1414 2770 gratiam
1438 2694 1597 2751 habi·

232 2783 444 2840 tualem
476 2780 601 2836 dari
627 2795 859 2851 prorsus
883 2777 1082 2852 gratiS,
1111 2782 1167 2834 et
1195 2773 1597 2847 independen-

232 2871 319 2922 ter
357 2880 392 2920 a
438 2861 692 2927 meritis;
722 2858 858 2932 quia
900 2873 1001 2915 nec
1040 2856 1242 2915 cadere
1270 2862 1450 2930 potest
1489 2855 1595 2913 sub

234 2946 443 3002 merito
469 2958 709 3016 operum
743 2956 871 2998 eam
900 2938 1375 3005 antecedentium,
1406 2941 1468 2992 ut
1493 2954 1595 2992 su-

234 3044 338 3100 pra
390 3026 697 3083 statuimus
735 3026 766 3093 5
820 3024 866 3088 1,
900 3038 1001 3079 nec
1049 3015 1252 3079 cadere
1296 3022 1452 3076 valet
1488 3019 1593 3075 sub

233 3108 441 3164 merito
469 3119 707 3179 operum
733 3101 1229 3175 subsequentium,
1262 3104 1324 3156 ut
1352 3100 1415 3156 in
1444 3115 1594 3173 prae—

231 3191 380 3248 senti
409 3190 782 3246 affirmamus.

304 3274 399 3327 2-2.
443 3271 696 3327 Infertur
750 3266 1030 3330 seeundo,
1081 3261 1378 3320 neminem
1433 3277 1595 3334 posse

233 3354 447 3410 mereri
482 3354 575 3409 vel
620 3351 691 3406 de
736 3346 1035 3420 condigno,
1087 3346 1178 3401 vel
1227 3342 1298 3399 de
1341 3359 1593 3418 congruo

232 3449 397 3489 suam
426 3430 918 3507 justificationem,
947 3431 1003 3482 et
1030 3424 1431 3482 remissionem
1463 3439 1593 3497 pec-

232 3514 361 3569 cati.
406 3513 691 3577 Quoniam
714 3506 1045 3583 justificatio
1088 3511 1172 3561 est
1209 3504 1437 3561 effectus
1480 3505 1595 3575 pri-

232 3597 453 3652 marius
502 3593 703 3669 gratiae
740 3588 1183 3655 sanctificantis;
1225 3592 1282 3643 et
1329 3586 1593 3643 remissio

230 3679 410 3751 culpae
437 3686 521 3735 est
547 3676 777 3734 effectus
801 3670 1175 3730 secundarius
1220 3669 1381 3724 illius
1415 3689 1427 3724 ε
1457 3684 1593 3743 ergo

232 3765 292 3820 ut
318 3758 446 3831 quis
475 3762 658 3831 posset
684 3753 898 3811 mereri
927 3753 1018 3809 vel
1062 3750 1132 3806 de
1169 3749 1471 3823 condign0,
1500 3749 1592 3805 vel

230 3840 301 3898 de
328 3855 578 3914 congruo
599 3852 764 3893 suam
783 3832 1266 3909 justificationem,
1301 3835 1355 3887 et
1383 3830 1593 3887 remis-

231 3924 471 3988 sionem,
516 3937 657 3992 opus
702 3924 825 3976 erat
863 3915 1012 3990 quod
1042 3918 1227 3986 posset
1255 3912 1471 3969 mereri
1500 3912 1590 3968 vel

231 4005 302 4061 de
322 4002 624 4070 condigno,
656 4000 748 4057 vel
775 3998 845 4055 de
871 4012 1089 4071 conguo
1112 3993 1443 4068 praedictam
1463 4008 1593 4064 gra-

234 4087 374 4143 tiam
411 4083 550 4141 :sed
579 4081 938 4155 impossibile
976 4085 1079 4144 est,
1109 4075 1260 4149 quod
1300 4076 1471 4131 homo
1497 4075 1591 4131 vel

230 4168 301 4226 de
343 4164 648 4239 condignO,
696 4164 785 4220 vel
842 4161 913 4218 de
966 4174 1218 4234 congruo
1258 4154 1590 4229 hujusmodi

229 4248 475 4323 gratiam
514 4250 817 4311 mereatur,
846 4248 907 4298 ut
935 4241 1197 4314 proxime
1217 4237 1547 4294 dicebamus
1573 4257 1587 4292 ε

229 4344 365 4403 ergo
389 4325 745 4400 impossibile
765 4330 868 4391 est,
901 4320 1049 4395 quod
1072 4321 1165 4377 vel
1193 4320 1263 4375 de
1282 4316 1588 4390 condigno,

230 4410 321 4465 vel
344 4407 413 4465 de
434 4423 685 4480 congruo
707 4410 997 4463 mereatur
1027 4398 1511 4476 justificationem,
1536 4402 1592 4454 et

235 4489 639 4546 remissionem
670 4486 900 4560 peccati.

304 4571 398 4625 23.
427 4564 678 4625 infertur
706 4566 893 4631 tertio,
923 4564 1176 4638 primum
1198 4564 1396 4636 gratiae
1424 4560 1593 4617 auxi-

234 4653 380 4708 lium
417 4666 532 4707 non
570 4665 731 4724 posse
757 4647 956 4705 cadere
983 4644 1087 4700 sub
1127 4644 1335 4701 merito
1376 4642 1584 4715 operis,

230 4730 381 4805 quod
428 4730 762 4787 immediate
808 4727 877 4785 ab
904 4727 1026 4799 ipso
1056 4725 1273 4782 auxilio
1315 4722 1584 4795 procedit.

231 4814 515 4880 Quoniam
546 4812 880 4885 praedictum
925 4825 1065 4881 opus
1093 4806 1366 4880 supponit
1392 4820 1590 4862 essen-

228 4897 446 4955 tialiter
478 4895 623 4952 illud
652 4894 939 4951 auxilium
974 4913 987 4948 z
1016 4908 1152 4967 ergo
1172 4891 1317 4946 sicut
1338 4886 1409 4945 ob
1444 4887 1591 4943 hanc

232 4981 519 5037 rationem
551 4995 710 5051 opus,
736 4974 886 5049 quod
913 4972 1191 5047 dependet
1212 4988 1243 5028 a
1270 4969 1460 5045 gratia
1484 4969 1591 5025 ha-

230 5059 457 5129 bituali,
492 5057 689 5131 nequit
714 5058 876 5114 illam
923 5053 1260 5130 promereri,
1321 5051 1411 5106 ita
1448 5066 1590 5124 opus

2970 440 2975 444 ·
2995 418 3106 474 807

1739 584 2094 652 immediate,
2124 590 2182 643 et
2213 602 2255 642 a
2282 586 2473 659 primo
2502 586 2723 644 auxilio
2749 585 3096 659 dependens,

1738 672 1796 725 et
1837 667 2145 741 procedens
2189 667 2452 742 nequibit
2498 668 2567 725 ad
2618 684 2752 726 eum
2795 669 3102 742 anticipate

1738 750 1996 807 dandum
2012 750 2600 809 extendi.Praesertim
2618 769 2746 810 cum
2765 751 3101 827 praedictum

1739 847 1881 904 opus
1909 848 2026 889 non
2053 837 2333 905 supponat
2358 833 2421 888 in
2442 831 2691 905 subJecto
2717 834 2965 908 gratiam
2993 833 3101 890 ha-

1739 911 2036 979 bitualem,
2066 913 2166 969 sed
2210 914 2398 971 solum
2439 915 2657 971 actuale
2683 914 2990 981 auxilium,
3038 930 3100 972 ac

1736 992 1983 1049 subinde
2027 999 2217 1051 careat
2264 993 2560 1068 dignitate,
2617 1001 2674 1052 et
2717 995 3094 1069 congruitate,

1736 1091 1864 1150 quae
1893 1074 1965 1132 ad
1992 1075 2275 1133 rationem
2306 1075 2502 1132 meriti
2527 1075 2922 1149 requiruntur.

1810 1156 1904 1211 24.
1937 1155 2189 1213 Infertur
2215 1160 2437 1229 quarto,
2471 1172 2589 1213 non
2631 1157 2933 1231 implicare
2955 1172 3098 1214 con-
3134 1175 3264 1228 Quar-

1738 1233 2160 1302 tradictionem,
2184 1237 2389 1292 saltem
2412 1252 2484 1292 ex
2512 1237 2570 1293 vi
2594 1237 2798 1294 motivi
2824 1238 3098 1295 hactenus
3161 1230 3258 1269 tum.

1736 1317 1995 1390 expensi,
2038 1317 2187 1391 quod
2230 1317 2485 1390 primum
2546 1317 2832 1375 auxilium
2881 1321 3099 1378 actuale

1737 1397 1898 1454 cadat
1941 1398 2048 1454 sub
2096 1398 2305 1455 merito
2353 1414 2610 1471 operum,
2653 1416 2777 1472 quae
2830 1406 3020 1473 postea
3067 1419 3100 1458 a

1735 1478 1921 1552 gratia
1965 1477 2249 1535 habituali
2280 1478 2612 1551 procedunt.
2659 1482 2802 1535 Nam
2847 1479 2975 1537 ideo
3002 1497 3099 1538 re-

1738 1564 1953 1633 pugnat
2014 1560 2262 1634 gratiam
2312 1557 2666 1617 habitualem
2731 1559 2933 1617 cadere
2989 1561 3096 1618 sub

1735 1643 1949 1699 merito
2000 1655 2241 1715 operum
2290 1641 2359 1698 ad
2411 1658 2540 1699 eam
2597 1644 3091 1716 consequentium,

1734 1723 1870 1795 quia
1888 1729 1973 1780 est
1994 1722 2347 1795 principium
2375 1722 2679 1780 essentiale
2699 1724 2916 1791 meriti,
2941 1731 2998 1783 et
3023 1725 3094 1783 ad

1734 1804 1924 1877 ipsum
1942 1803 2324 1860 essentialiter
2341 1803 2820 1876 praesupponitur,
2842 1811 2904 1861 ut
2917 1822 3092 1879 supra

1732 1885 2156 1942 declaravimus
2216 1906 2229 1940 ε
2283 1885 2435 1957 atqui
2503 1885 2787 1941 auxilium
2852 1887 3090 1951 actuale.

1733 1965 1884 2040 quod
1908 1965 2098 2039 primo
2124 1964 2437 2031 confertur,
2471 1981 2589 2022 non
2628 1971 2712 2021 est
2740 1965 3091 2039 principium

1733 2047 2039 2105 essentiale
2066 2047 2428 2113 meritorum,
2454 2062 2581 2120 quae
2609 2063 2640 2103 a
2666 2047 2852 2122 gratia
2878 2050 3095 2105 sancti-

1732 2125 1941 2183 ficante
1964 2126 2274 2199 procedunt
2295 2150 2308 2193 ;
2333 2132 2515 2200 posset
2537 2126 2746 2200 quippe
2767 2126 3094 2201 hujusmodi

1731 2207 1918 2281 gratia
1943 2205 2144 2263 eodem
2174 2206 2342 2263 modo
2370 2205 2439 2263 ad
2482 2206 2822 2263 merendum
2860 2223 3095 2265 concur-

1733 2304 1882 2352 rere,
1916 2289 2049 2344 licet
2094 2288 2324 2344 nullum
2367 2287 2653 2344 auxilium
2703 2289 2921 2344 actuale
2961 2297 3094 2347 ante

1732 2370 1919 2444 ipsam
1947 2376 2204 2444 tempore
2241 2369 2620 2442 praecessisset
2666 2391 2679 2424 z
2726 2385 2862 2445 ergo
2890 2371 3093 2445 hujus-

1731 2451 1891 2508 modi
1919 2451 2205 2508 auxilium
2234 2454 2413 2523 potest
2439 2450 2722 2506 divinitus
2760 2450 2961 2508 cadere
2987 2452 3093 2508 sub

1731 2533 1941 2590 merito
1962 2548 2202 2605 operum
2233 2532 2659 2605 procedentium
2690 2548 2720 2587 a
2760 2532 2948 2606 gratia
2988 2533 3091 2590 ha—

1733 2613 1961 2670 bituali.
1988 2615 2101 2670 Hoc
2123 2619 2318 2669 tamen
2338 2613 2754 2670 consectarium
2776 2611 3095 2670 extenden-

1730 2693 1869 2750 dum
1913 2710 2030 2750 non
2057 2698 2142 2750 est
2169 2692 2238 2749 ad
2269 2694 2372 2749 illa
2411 2693 2633 2749 auxilia
2674 2694 2939 2760 actualia,
2971 2711 3096 2767 quoe

1728 2792 1860 2832 cum
1887 2775 2074 2850 gratia
2109 2773 2499 2831 sanctificante
2547 2773 2617 2830 ad
2664 2790 2805 2846 opus
2850 2775 3095 2833 merito-

1730 2856 1886 2914 rium
1934 2862 2302 2922 concurrunt,
2335 2854 2654 2932 cujusmodi
2694 2861 2779 2914 est
2804 2857 3092 2915 auxilium

1731 2937 1962 3011 physice
2017 2952 2375 3010 praemovens
2422 2935 2492 2992 ad
2544 2936 2735 3010 operis
2799 2938 3091 2996 meritorii

1727 3018 2102 3081 elicientiam,
2128 3018 2263 3090 quia
2292 3016 2563 3089 praedicta
2589 3016 2807 3074 auxilia
2834 3019 3009 3074 etiam
3031 3035 3092 3076 se

1727 3105 1928 3155 tenent
1947 3114 2019 3154 ex
2042 3104 2201 3170 parte
2231 3098 2502 3170 principii
2525 3098 2911 3155 essentialiter
2938 3115 3092 3171 prae-

1729 3177 1991 3251 requisiti
2021 3177 2091 3234 ad
2117 3177 2395 3234 meritum
2425 3198 2437 3232 :
2469 3176 2620 3233 unde
2648 3178 2712 3233 in
2753 3178 2836 3234 eis
2876 3180 3095 3237 militat

1727 3259 1928 3316 eadem
1952 3257 2118 3322 ratio,
2146 3258 2293 3313 acin
2314 3257 2501 3331 gratia
2526 3257 2938 3315 sanctificante.
2957 3262 3094 3317 Res·

1728 3338 2101 3413 tringendum
2129 3354 2265 3413 ergo
2292 3345 2374 3395 est
2395 3341 2810 3397 consectarium
2841 3340 2911 3396 ad
2933 3343 3093 3399 auxi·

1727 3420 1808 3475 lia
1849 3425 2105 3492 tempore
2151 3417 2562 3491 praecedentia;
2608 3419 2715 3477 ista
2762 3421 2922 3477 enim
2971 3439 3089 3481 non

1729 3499 2228 3574 praerequiruntur
2266 3500 2651 3557 essentialiter
2691 3500 2760 3558 ad
2790 3503 3085 3571 meritum,

1724 3580 1825 3638 sed
1854 3580 1987 3635 huic
2016 3595 2249 3651 prorsus
2276 3579 2496 3646 accidit,
2529 3581 2679 3654 quod
2708 3583 2847 3639 talia
2871 3584 3089 3640 auxilia

1727 3660 1907 3734 priuS,
1933 3660 2032 3725 ,vel
2061 3665 2251 3738 postea
2278 3660 2668 3717 conferantur.

1800 3740 1908 3798 Sed
1924 3739 2073 3796 dices
2095 3761 2107 3794 ε
2125 3741 2541 3798 consectarium
2564 3742 2667 3799 hoc
2681 3744 2944 3815 componi
2971 3760 3089 3801 non

1728 3827 1911 3894 potest
1940 3836 2069 3878 cum
2097 3820 2200 3887 eis,
2252 3825 2430 3893 quae§
2475 3825 2511 3877 2
2561 3838 2630 3879 ex
2677 3826 2738 3879 D.
2773 3827 3090 3899 Augustino

1726 3909 1926 3961 contra
1971 3904 2459 3978 semipelagianos
2517 3906 2897 3978 expendimus
2948 3929 2961 3963 :
3008 3906 3089 3963 ibi

1725 3983 1889 4040 enim
1918 3983 2335 4040 affirmavimus
2369 3984 2427 4040 S.
2456 3986 2754 4042 Doctorem
2781 3987 3089 4044 exclusisse

1725 4080 1901 4121 omne
1923 4065 2197 4122 meritum
2228 4071 2480 4138 respectu
2506 4065 2708 4138 primae
2729 4068 2948 4141 gratiae,
2971 4085 3088 4126 non

1725 4149 1916 4205 solum
1967 4147 2304 4221 praecedenS,
2351 4146 2448 4204 sed
2494 4147 2670 4204 etiam
2713 4150 2973 4206 futurum
2989 4175 3004 4219 ;
3033 4158 3090 4208 et

1725 4246 1845 4287 non
1890 4232 2077 4287 solum
2124 4229 2438 4287 secundum
2466 4229 2650 4303 legem
2698 4229 3082 4303 ordinariam,

1724 4312 1822 4369 sed
1851 4313 2026 4368 etiam
2053 4311 2368 4369 secundum
2396 4313 2712 4385 potentiam
2741 4314 3085 4372 absolutam:

1725 4409 1863 4467 ergo
1933 4393 2408 4466 inconsequenter
2472 4391 2835 4451 admittimus
2860 4439 2873 4461 ,
2936 4396 3086 4468 quod

1726 4474 1920 4547 prima
1941 4472 2128 4546 gratia
2156 4472 2447 4530 auxilians
2488 4475 2663 4545 possit
2689 4473 2972 4532 divinitus
2991 4492 3089 4533 ca-

1726 4554 1863 4611 dere
1883 4552 1989 4609 sub
2016 4553 2225 4610 merito
2247 4569 2486 4626 operum
2511 4554 2860 4612 futurorum.

1800 4639 1913 4691 Nec
1943 4634 2197 4707 proderit
2224 4633 2432 4703 dicere,
2464 4635 2612 4709 quod
2641 4639 2705 4693 D.
2734 4638 3086 4712 Augustinus

1725 4716 1981 4789 loquitur
2024 4715 2095 4772 de
2140 4716 2325 4791 gratia
2370 4716 2673 4784 habituali,
2724 4723 2780 4774 et
2829 4720 3087 4777 sanctifi-

1724 4802 1906 4854 cante.
1934 4800 2079 4853 Nam
2101 4802 2300 4856 contra
2320 4803 2406 4855 est
2432 4819 2444 4855 ε
2475 4803 2597 4855 tum
2627 4798 2776 4872 quod
2800 4802 3085 4876 praecipua

1724 4878 2032 4954 Augustini
2074 4877 2404 4952 disceptatio
2444 4897 2573 4937 cum
2601 4881 3078 4951 Massiliensibus,

1724 4965 1780 5019 et
1830 4960 2151 5034 pelagianis
2196 4960 2435 5019 illorum
2482 4962 2720 5020 ducibus
2765 4970 2891 5020 erat
2934 4966 3086 5023 circa

1722 5046 1970 5120 gratiam
1993 5044 2287 5112 actualem,
2317 5050 2376 5099 ut
2395 5046 2532 5102 satis
2553 5062 2835 5120 superque
2863 5055 3082 5106 constat

3129 3759 3214 3853 ⁰32,

3239 3770 3277 3803 c-
