3647 5753
505 437 588 523 *28
1114 466 1119 472 ¹
1518 433 1611 486 DE
1650 420 1923 486 GRATIA
1968 425 2310 483 EFFICACI.

521 612 581 667 in
626 627 749 669 esse
795 612 923 668 talis
968 610 1330 669 constituitur
1357 624 1457 681 per
1479 607 1874 665 habitudinem

520 691 589 746 ad
651 689 931 756 effectum,
988 694 1045 746 et
1076 691 1238 764 juxta
1277 689 1437 745 illius
1478 688 1872 762 exigentiam:

516 788 652 847 ergo
703 772 752 826 si
781 772 1037 845 operatio
1062 772 1259 846 gratiae
1283 769 1734 842 correspondens
1759 784 1877 825 non

520 852 746 931 resp-icit
799 852 1088 908 naturales
1150 848 1549 923 dispositiones
1607 848 1873 923 subjecti,

520 950 626 1023 nec
655 932 726 989 ab
764 935 849 991 eis
874 932 1174 1007 dependet,
1190 933 1343 990 idem
1370 932 1440 989 de
1464 932 1649 1007 gralia
1675 931 1738 987 in
1758 944 1880 986 esse

520 1013 794 1087 principii
842 1013 973 1069 talis
1024 1011 1372 1084 operationis
1422 1009 1726 1068 dicendum
1771 1014 1873 1065 est.

521 1095 633 1222 {fer
671 1092 819 1164 quod
842 1098 992 1165 patet
1012 1092 1082 1148 ad
1108 1092 1435 1166 exemplum
1465 1090 1702 1148 actionis
1730 1088 1881 1145 vita-

549 1183 615 1222 is.

327 1256 486 1348 ittejscdt-
599 1239 990 1297 confirmatur
1036 1239 1105 1296 ad
1151 1239 1448 1297 hominem
1493 1242 1691 1296 contra
1734 1239 1882 1293 Vas-

338 1318 467 1398 ὴᾞιῗί,
526 1337 703 1393 quez:
749 1338 882 1378 nam
911 1337 982 1379 ex
1019 1339 1104 1388 eo,
1145 1320 1293 1394 quod
1332 1322 1518 1377 virtus
1547 1322 1883 1392 supernatu-

349 1416 456 1448 neni.
531 1403 673 1459 ralis
700 1404 1078 1477 conjungatur
1115 1419 1247 1459 cum
1269 1402 1591 1476 perfectiori
1633 1399 1883 1473 potentia

529 1485 800 1551 naturali,
835 1500 950 1542 non
966 1484 1030 1540 fit
1070 1486 1252 1559 major
1279 1486 1340 1540 in
1366 1500 1487 1541 esse
1506 1483 1754 1551 virtutiS,
1780 1497 1884 1538 nec

529 1566 844 1637 completur
866 1565 928 1621 in
957 1563 1159 1622 ordine
1196 1564 1266 1621 ad
1296 1562 1721 1638 producendum
1751 1577 1885 1635 per-

530 1647 824 1703 fectiorem
847 1647 1236 1719 operationem
1266 1662 1414 1719 :qua
1441 1647 1662 1703 ratione
1686 1645 1885 1700 lumen

527 1726 728 1799 gloriae
750 1730 811 1782 ut
830 1731 1071 1800 quatuor
1102 1727 1585 1784 communicatum
1626 1724 1886 1780 intellec-

529 1806 614 1867 tui
662 1807 917 1881 angelico
946 1821 1061 1863 non
1105 1807 1255 1879 parit
1283 1806 1680 1879 perfectiorem
1707 1803 1887 1860 visio-

528 1901 662 1942 nem
694 1887 810 1953 Dei,
843 1902 1015 1960 quam
1061 1885 1213 1943 idem
1253 1887 1451 1942 lumen
1495 1884 1886 1942 communica-

529 1972 652 2021 tum
684 1966 996 2023 intellectui
1026 1966 1298 2029 humano,
1326 1969 1389 2020 ut
1412 1964 1569 2022 docet
1590 1963 1888 2037 praedictus

530 2047 752 2104 Author
788 2050 831 2113 l,
846 2055 995 2122 pant.
1014 2048 1155 2123 disp.
1176 2051 1268 2115 47,
1290 2050 1482 2121 cap.7,
1502 2053 1558 2104 et
1573 2045 1748 2103 tradit
1764 2050 1888 2102 An-

529 2130 743 2203 gelicus
761 2132 959 2187 Doctor
982 2132 998 2185 l
1022 2138 1172 2205 part.
1195 2137 1373 2208 quaest.
1393 2131 1475 2198 12,
1502 2136 1611 2185 art.
1630 2129 1685 2194 6,
1717 2135 1766 2183 et
1788 2127 1885 2183 zib.

526 2220 716 2268 contra
738 2220 917 2283 pentes
942 2231 1062 2286 cap.
1094 2214 1183 2270 58.
1216 2214 1387 2287 Cujus
1427 2211 1573 2269 ratio
1609 2214 1712 2276 est,
1744 2225 1889 2282 quo-

528 2298 689 2354 niam
725 2301 879 2351 actus
910 2294 1366 2368 supernaturalis
1389 2308 1504 2350 non
1532 2306 1890 2349 commensu-

530 2383 828 2432 raturcum
843 2373 1092 2446 potentia
1110 2372 1623 2432 naturali.sedcum
1639 2370 1890 2444 potentia

530 2455 897 2514 obedientiali
913 2457 1132 2512 elevata
1146 2470 1245 2528 per
1263 2454 1761 2526 supernaturalem
1773 2451 1830 2507 vi
1841 2467 1891 2506 r-

529 2542 733 2592 tutem.
766 2536 913 2609 Ergo
937 2535 1122 2609 gratia
1150 2549 1266 2590 non
1283 2532 1452 2589 habet
1473 2548 1595 2589 esse
1614 2547 1885 2605 congrua,

532 2632 636 2674 nec
673 2615 1057 2681 constituitur,
1085 2614 1175 2670 vel
1203 2614 1521 2684 completur
1564 2612 1626 2667 in
1669 2610 1891 2668 ratione

537 2696 807 2770 principii
860 2695 975 2768 apti
1024 2693 1094 2752 ad
1142 2691 1505 2749 inferendam
1559 2690 1889 2764 praedictam

535 2777 927 2850 operationem
975 2791 1076 2849 per
1144 2773 1673 2845 attemperationem
1719 2770 1888 2828 liberi

537 2859 765 2917 arbitrii
794 2857 864 2916 ad
909 2858 1094 2932 ipsam
1115 2882 1128 2925 ;
1151 2856 1249 2914 sed
1279 2854 1511 2913 aliunde
1549 2854 1719 2912 habet
1744 2855 1892 2912 hanc

534 2942 967 3016 congruitatem,
1000 2944 1056 2997 et
1093 2931 1418 2997 efficaciam.

320 3049 510 3092 sumunda
609 3026 701 3079 42.
712 3021 1096 3096 Respondebis
1108 3019 1623 3094 secundo,gratiam
1634 3017 1745 3076 dici
1760 3033 1892 3076 con·

333 3108 506 3191 '‘gfflss·
535 3119 759 3177 gruam,
791 3103 912 3158 sive
932 3101 1208 3158 efficacem
1232 3117 1331 3173 per
1354 3098 1887 3172 attemperationem

537 3184 608 3241 ad
637 3184 884 3241 liberum
925 3182 1253 3248 arbitrium,
1280 3197 1396 3238 non
1417 3181 1550 3254 quia
1576 3178 1892 3253 dependeat

538 3283 571 3323 a
599 3265 780 3323 libero
808 3265 1048 3322 arbitrio
1086 3263 1196 3320 sibi
1219 3266 1591 3336 attemperato
1618 3268 1889 3335 tanquam
1937 3310 1946 3320 .

539 3366 571 3405 a
585 3363 773 3414 causa;
790 3345 886 3404 sed
896 3346 1027 3419 quia
1040 3343 1347 3401 arbitrium
1357 3360 1478 3401 esse
1487 3343 1684 3418 gratiae
1694 3340 1892 3399 attem-

540 3432 799 3503 peratum
822 3433 904 3483 est
921 3425 1188 3490 conditio,
1207 3429 1272 3480 ut
1301 3425 1485 3499 gratia
1516 3424 1738 3481 dicatur
1768 3423 1892 3480 effi-

536 3526 660 3575 cax,
680 3513 733 3565 et
748 3523 1019 3582 congrua.
1039 3507 1244 3578 Exquo
1260 3511 1452 3562 tamen
1475 3521 1590 3562 non
1611 3504 1886 3577 sequitur,

534 3590 683 3666 quod
712 3591 895 3665 gratia
923 3589 1173 3662 aliquam
1216 3587 1640 3661 perfectionem,
1673 3588 1765 3643 vel
1791 3601 1891 3641 su·-

486 3719 489 3722 .
537 3671 1071 3747 pernaturalitatem
1087 3668 1349 3725 desumat
1368 3684 1401 3725 a
1428 3666 1612 3725 libero
1626 3667 1886 3733 arbitriO,

535 3755 632 3813 sed
674 3760 895 3811 tantum
924 3751 1070 3826 quod
1105 3755 1369 3823 exposcat
1416 3750 1579 3806 illam
1607 3748 1893 3807 conditio-

539 3853 693 3905 nem,
738 3843 793 3892 et
851 3834 1143 3908 propriam
1184 3832 1309 3888 vim
1361 3832 1606 3905 explicet
1653 3831 1715 3887 in
1766 3836 1890 3887 actu

532 3916 796 3975 secundo.

328 4003 511 4049 nerent·
611 3994 888 4047 Caeterum
930 3989 1034 4045 hoc
1083 3987 1358 4060 effugium
1400 3986 1564 4042 facile
1607 4000 1679 4042 ex
1729 3984 1893 4041 dictis

372 4060 452 4096 ω’·
538 4071 922 4145 praecluditur.
954 4070 1101 4123 Tum
1128 4067 1261 4140 quia
1288 4066 1336 4120 si
1365 4066 1467 4122 illa
1496 4066 1894 4136 attemperatio

535 4157 683 4209 esset
703 4151 972 4214 conditi0,
989 4154 1049 4203 ut
1067 4146 1252 4222 gratia
1273 4145 1657 4210 fieretessicax,
1691 4145 1753 4200 in
1775 4161 1894 4202 om-

541 4234 712 4291 nibus
743 4234 839 4308 qui
888 4230 1088 4289 eadem
1127 4227 1599 4301 attemperatione
1623 4226 1888 4301 gaudent,

533 4315 726 4373 efficax
750 4312 1083 4373 redderetur
1114 4308 1299 4384 3quod
1329 4314 1519 4366 tamen
1542 4307 1750 4365 falsum
1772 4322 1895 4365 esse

534 4399 749 4454 evincit
767 4395 1097 4467 exemplum
1119 4391 1495 4466 Angelorum,
1517 4389 1716 4462 quod§
1751 4407 1893 4463 prae-

534 4479 644 4534 ced.
699 4477 1100 4550 explicuimus,
1159 4474 1307 4528 Tum
1353 4471 1546 4539 etiam,
1610 4470 1744 4543 quia
1790 4469 1894 4526 hoc

536 4557 678 4629 ipso,
711 4555 858 4629 quod
879 4553 1134 4627 operatio
1148 4550 1606 4624 supernaturalis
1629 4565 1746 4607 non
1768 4564 1894 4605 res—

535 4638 707 4711 piciat
752 4634 1200 4708 dispositionem,
1254 4636 1316 4687 et*
1361 4629 1891 4703 attemperationem

534 4718 880 4782 naturalem,
902 4722 1174 4788 tanquam
1192 4712 1541 4785 principium
1560 4734 1576 4778 ;
1598 4710 1695 4768 sed
1710 4710 1892 4766 solam

533 4799 899 4872 capacitatem
922 4794 1366 4853 obedientialem
1395 4797 1458 4848 ut
1481 4793 1763 4849 elevatam
1793 4805 1892 4863 per

532 4879 799 4955 gratiam,
844 4877 1098 4949 sequitur
1153 4873 1301 4948 quod
1347 4872 1746 4948 dispositiones
1785 4885 1894 4927 na·

536 4960 751 5017 turales
777 4973 835 5014 se
856 4955 1101 5013 habeant
1141 4955 1382 5013 omnino
1411 4969 1511 5027 per
1539 4950 1795 5010 accidens
1822 4949 1893 5007 ad

535 5039 905 5100 inferendum
949 5036 1282 5111 praedictum
1329 5034 1590 5093 effectum
1634 5055 1647 5091 :
1696 5032 1795 5091 sed
1828 5048 1895 5090 ea

2008 622 2131 680 quae
2152 621 2213 662 se
2233 602 2442 660 habent
2471 616 2571 675 per
2598 597 2873 660 accidens,
2901 594 3190 666 nequeunt
3227 604 3378 645 con-

2009 684 2254 743 siderari
2301 689 2573 755 tanquam
2630 675 2882 735 conditio
2935 688 3036 746 per
3078 687 3184 727 se:
3231 684 3377 742 ergo

2010 766 2194 842 gratia
2234 764 2297 819 in
2316 777 2438 820 esse
2455 773 2733 834 congruae,
2762 762 2818 814 et
2838 752 3076 811 efficacis
3114 749 3186 806 ad
3223 748 3379 804 infe-

2013 846 2258 903 rendum
2283 842 2779 917 supernaturalem
2822 836 3104 900 effectum,
3130 846 3249 889 non
3270 828 3379 886 de-

2014 926 2220 1001 pendet
2242 924 2311 981 ab
2333 921 2805 995 attemperatione
2845 913 3097 977 arbitrii,
3124 911 3215 968 vel
3237 916 3377 966 tan—

2013 1025 2182 1082 quam
2230 1024 2263 1064 a
2303 1021 2486 1069 causa,
2530 1003 2623 1059 vel
2651 1007 2925 1073 tanquam
2966 1012 2998 1052 a
3041 991 3379 1051 conditione

2015 1106 2117 1164 per
2188 1103 2246 1144 se
2314 1085 2586 1159 requisita
2637 1104 2651 1140 z
2710 1087 2768 1139 et
2852 1094 2948 1154 per
3017 1088 3380 1145 consequens

2015 1168 2248 1228 aliunde
2269 1166 2437 1225 habet
2476 1165 2623 1221 hanc
2642 1161 3079 1236 congruitatem,
3109 1159 3168 1211 et
3185 1151 3380 1209 effica-

2015 1251 2182 1308 ciam.
2214 1250 2361 1304 Tum
2390 1252 2680 1320 praeterea.
2707 1257 2844 1299 nam
2883 1239 3009 1295 ideo
3046 1234 3233 1310 gratia
3274 1248 3381 1287 su-

2018 1332 2403 1406 pernaturalis
2425 1330 2488 1385 in
2514 1344 2637 1386 esse
2662 1322 2992 1381 sufficientis
3015 1334 3134 1375 non
3154 1315 3382 1389 depen-

2016 1413 2110 1471 det
2161 1430 2195 1471 a
2233 1410 2487 1469 naturali
2546 1406 2920 1480 dispositione
2966 1400 3222 1474 subjecti,
3276 1411 3389 1453 nec

2017 1501 2290 1569 tanquam
2331 1509 2364 1549 a
2409 1488 2595 1558 causa‘,
2628 1506 2731 1547 nec
2770 1493 3044 1559 tanquam
3072 1499 3106 1538 a
3130 1480 3386 1553 disposi-

2018 1577 2193 1641 tione,
2237 1574 2373 1647 quia
2429 1588 2551 1630 esse
2605 1568 2978 1626 sufficientem
3024 1566 3111 1620 est
3147 1558 3388 1632 aliquod

2020 1656 2387 1734 praedicatum
2439 1650 2877 1726 supernaturale
2914 1650 2992 1717 (et
3025 1645 3129 1701 hac
3155 1642 3392 1699 ratione

2019 1740 2215 1796 lumen
2254 1736 2454 1813 gloriae
2506 1738 2567 1790 ut
2603 1735 2848 1806 quatuor
2886 1724 3386 1785 communicatum

2020 1819 2249 1894 Angelo,
2261 1832 2381 1874 non
2402 1814 2466 1869 fit
2491 1812 2678 1887 magis
2700 1808 3003 1872 sufficiens,
3022 1820 3196 1878 quam
3224 1800 3387 1858 idem

2021 1902 2220 1957 lumen
2240 1900 2512 1956 collatum
2542 1892 2766 1951 homini
2800 1911 2813 1947 :
2843 1905 2946 1946 nec
2983 1903 3056 1944 ex
3099 1886 3204 1941 hac
3243 1882 3392 1939 sub-

2015 1984 2293 2056 jectorum
2317 1979 2590 2035 varietate
2612 1974 2870 2031 variatur
2890 1973 2954 2027 in
2985 1969 3206 2025 ratione
3232 1964 3393 2021 sussi-

2021 2063 2282 2134 cientis):
2329 2058 2485 2131 atqui
2568 2055 2816 2130 gratiam
2875 2047 3388 2124 supernaturalem

2020 2159 2141 2202 esse
2202 2154 2532 2215 congruam.
2576 2142 2631 2194 et
2676 2135 2976 2197 efficacem,
3025 2134 3109 2187 est
3150 2126 3388 2200 aliquod

2024 2222 2388 2297 praedicatum
2409 2215 2863 2290 supernaturale,
2896 2217 2956 2267 ut
2976 2226 3046 2267 ex
3070 2224 3132 2265 se
3159 2207 3343 2279 liquet
3376 2228 3390 2262 :

2022 2320 2156 2378 ergo
2211 2301 2398 2378 gratia
2444 2299 2506 2354 in
2545 2312 2667 2354 esse
2723 2307 3005 2368 congruae,
3050 2293 3107 2346 et
3143 2286 3390 2344 efficacis

2023 2402 2141 2443 non
2199 2380 2478 2455 dependet
2517 2378 2588 2436 ab
2616 2373 3092 2447 attemperatione
3129 2367 3384 2431 arbitrii,

2023 2481 2127 2522 nec
2147 2470 2418 2535 tanquam
2446 2476 2477 2516 a
2500 2474 2685 2523 causa,
2719 2472 2822 2512 nec
2841 2460 3112 2524 tanquam
3139 2464 3171 2505 a
3192 2446 3393 2505 condi·

2024 2547 2218 2611 tione;
2260 2548 2318 2599 et
2341 2542 2750 2613 consequenter
2796 2550 2915 2591 non
2963 2528 3393 2588 diversificatur

2024 2628 2086 2682 in
2106 2640 2228 2682 esse
2253 2637 2515 2696 congrum
2547 2618 2619 2676 ob
2664 2616 2856 2673 varias
2883 2610 3394 2683 attemperationes

2023 2720 2244 2772 eorum,
2268 2701 2474 2775 quibus
2492 2697 2802 2760 confertur,
2828 2693 2925 2751 sed
2949 2689 3183 2748 aliunde
3211 2687 3394 2745 habet

2023 2801 2186 2842 suam
2211 2782 2641 2857 congruitatem,
2681 2783 2737 2834 et
2761 2773 3088 2832 efficaciam.
3113 2771 3259 2825 Tum
3288 2767 3392 2825 de·

2024 2867 2216 2941 nique,
2258 2864 2393 2937 quia
2436 2861 2529 2918 vel
2580 2857 2782 2935 gratia,
2817 2860 2878 2911 ut
2918 2849 3391 2926 praeintelligitur

2025 2949 2091 3007 ad
2132 2945 2662 3020 attemperationem
2711 2936 2957 3003 arbitrii,
2986 2933 3155 2991 habet
3204 2949 3274 2990 ex
3300 2948 3391 2996 se,

2023 3035 2079 3086 et
2103 3029 2165 3084 in
2191 3043 2252 3084 se
2269 3025 2570 3084 efficaciam
2594 3020 2663 3078 ad
2699 3016 3057 3074 inferendam
3102 3010 3398 3070 infallibi-

2024 3109 2156 3165 liter
2172 3106 2565 3179 operationem
2583 3096 3101 3172 supernaturalem,
3121 3094 3212 3149 vel
3229 3106 3350 3147 non
3367 3095 3400 3148 ’ἓ

2024 3189 2081 3244 Si
2132 3189 2388 3262 primum
2418 3206 2430 3241 ε
2461 3199 2596 3259 ergo
2622 3180 2866 3239 efficacia
2905 3178 3008 3233 illa
3034 3182 3118 3232 est
3143 3172 3397 3231 omnino

2025 3265 2420 3342 independens
2466 3263 2537 3321 ab
2591 3260 2819 3318 arbitrii
2874 3254 3393 3327 attemperatione;

2025 3354 2190 3422 atque
2217 3347 2344 3405 ideo
2377 3345 2501 3401 sive
2537 3340 2867 3399 conferatur
2900 3335 3142 3393 arbitrio
3179 3337 3396 3388 attem-

2026 3436 2240 3504 perato,
2285 3428 2407 3484 sive
2454 3423 2784 3482 conferatur
2832 3434 2947 3476 non
2994 3419 3392 3487 attemperate,

2024 3509 2286 3567 eflectum
2362 3502 2754 3561 infallibiliter
2825 3499 3025 3572 pariet.
3072 3496 3131 3551 Si
3181 3508 3398 3550 secun—

2024 3588 2163 3645 dum
2199 3610 2211 3644 ε
2235 3603 2369 3661 ergo
2390 3585 2634 3643 efficacia
2655 3581 2855 3656 gratiae
2875 3574 3153 3651 dependet
3178 3572 3250 3629 ab
3300 3579 3398 3628 at-

2025 3670 2436 3745 temperatione
2482 3663 2729 3730 arbitrii‚
2763 3676 2880 3718 non
2920 3660 3105 3716 solum
3149 3654 3333 3711 velut.
3359 3669 3397 3709 a

2025 3750 2369 3815 conditione,
2394 3763 2599 3805 verum
2626 3745 2804 3803 etiam
2834 3748 3105 3815 tanquam
3133 3755 3166 3796 a
3193 3753 3389 3804 causa,

2023 3834 2116 3890 vel
2162 3832 2375 3887 virtute
2404 3845 2503 3902 per
2522 3842 2696 3901 quam
2718 3826 3055 3896 completur,
3081 3825 3137 3877 et
3181 3819 3243 3873 in
3266 3834 3396 3875 esse

2025 3912 2260 3970 efficacis
2320 3910 2525 3965 ultimo
2571 3905 2952 3964 constituitur.
3003 3898 3160 3966 Quod
3207 3897 3398 3971 magis

2026 3990 2235 4050 accedit
2256 3989 2323 4047 ad
2347 3993 2619 4054 mentem,
2650 3990 2707 4041 et
2729 3983 3110 4040 intentionem
3153 3977 3395 4049 Vasquii

2026 4073 2162 4131 locis
2200 4071 2405 4136 citatis,
2457 4072 2518 4124 ut
2557 4069 2731 4124 lector
2772 4061 2924 4119 haud
2968 4062 3204 4118 obscure
3231 4072 3395 4114 reco-

2024 4158 2272 4228 gnoscet.
2321 4149 2428 4207 Sed
2479 4163 2651 4221 quam
2694 4146 2903 4214 falsum
2946 4143 3039 4209 sit,
3077 4143 3296 4198 constat
3319 4153 3394 4195 ex

2026 4249 2209 4306 nuper
2235 4231 2419 4287 dictis.

2099 4305 2431 4379 Explicatur
2452 4300 2702 4374 amplius
2720 4298 2809 4355 vis
2828 4297 3002 4353 totius
3024 4292 3349 4367 argumenti
3369 4315 3386 4358 ;
3427 4326 3586 4376 ¹¹1th-

2026 4402 2162 4442 nam
2183 4384 2431 4460 gratiam
2451 4397 2574 4439 esse
2591 4379 2871 4437 efficacem
2896 4391 3014 4433 non
3034 4372 3295 4431 consistit
3322 4372 3386 4427 in
3453 4378 3580 4440 naun*

2024 4484 2107 4536 ec,
2136 4465 2287 4540 quod
2325 4469 2448 4521 actu
2500 4462 2676 4519 simul
2717 4475 2845 4516 cum
2907 4455 3091 4513 libero
3142 4453 3386 4510 arbitrio
3402 4423 3581 4475 ampliu.-

2024 4547 2246 4613 efficiat,
2277 4544 2421 4602 alias
2446 4541 2690 4600 efficacia
2716 4537 2917 4614 gratiae
2945 4551 3062 4592 non
3091 4534 3387 4608 praeintel-

2026 4628 2302 4702 ligeretur
2364 4622 2435 4680 ad
2460 4621 2745 4683 effectum,
2777 4616 2875 4674 sed
2918 4615 2988 4672 ab
3030 4615 3152 4687 ipso
3178 4618 3388 4669 eventu

2025 4707 2440 4772 desumeretur,
2471 4707 2532 4756 ut
2552 4698 2758 4756 asserit
2775 4696 2997 4753 Molina
3017 4693 3139 4748 dub.
3162 4693 3388 4765 pra-ced.

2026 4790 2394 4861 impugnatus
2449 4805 2461 4839 ε
2509 4779 2659 4854 quod
2702 4781 2954 4850 vasquez
3006 4772 3292 4845 reprobat,
3336 4779 3393 4829 et

2028 4886 2130 4945 pro
2170 4866 2395 4924 viribus
2409 4865 2593 4921 vitare
2615 4860 2838 4935 satagit,
2862 4862 2927 4914 ut
2954 4858 3016 4913 in
3044 4855 3253 4912 limine
3279 4854 3395 4911 hu-

2021 4951 2115 5025 jus
2141 4946 2304 5004 dubii
2337 4942 2793 5003 observavimus
2818 4936 2925 4994 Sed
2956 4934 3215 4993 consistit
3241 4949 3394 5005 prae·

2026 5029 2176 5087 dicta
2200 5025 2444 5086 efficacia
2491 5024 2555 5080 in
2595 5021 2787 5093 aliquo
2816 5016 3118 5092 praedicato
3162 5019 3393 5150 anitece-

3258 5096 3382 5152 enti
