3647 5753
550 399 661 455 276
1147 477 1154 492 ἱ
1578 396 1671 449 DE
1714 394 1960 450 CAL'SIS
2000 394 2313 450 GRATIAS.

333 579 522 622 *renium
634 573 716 628 15.
762 572 1065 646 Colligitur
1112 570 1299 636 tertio,
1331 569 1555 627 nullam
1582 573 1906 626 creaturam

341 627 524 721 ἝᾎἏΙΫ
552 666 712 724 posse
729 651 951 708 efficere
987 651 1389 725 principaliter
1411 648 1643 723 physice
1671 649 1760 705 vel
1789 647 1907 706 mi-

548 729 777 786 nimum
817 730 1104 787 auxilium
1149 730 1348 804 gratiae
1389 727 1756 795 sufficientis,
1807 733 1905 784 aut

545 811 801 880 efficaciS,
844 813 1133 885 supposito
1182 810 1332 885 quod
1385 809 1715 884 hujusmodi
1745 810 1907 866 auxi—

549 891 693 947 lium
738 908 853 948 non
881 893 1151 950 consistat
1180 890 1506 948 formaliter
1534 890 1598 945 in
1619 888 1836 945 actibus
1874 905 1907 945 a

546 978 806 1032 creatura
858 974 1107 1041 elicitis;
1153 972 1343 1030 sedin
1389 970 1663 1044 qualitate
1702 970 1899 1039 fluida,

544 1069 671 1125 quae
694 1054 782 1110 vel
811 1053 905 1112 det
923 1055 1079 1111 vires
1117 1053 1187 1110 ad
1217 1057 1371 1109 actus
1410 1053 1898 1124 supernaturales,

545 1134 638 1190 vel
684 1135 837 1191 vires
861 1151 1003 1207 quas
1049 1134 1337 1207 supponit,
1372 1132 1635 1206 praebeat,
1689 1138 1902 1190 etcum

544 1214 814 1271 exercitio
842 1214 1233 1271 infallibiliter
1259 1214 1586 1289 conjungat,
1609 1218 1672 1268 ut
1709 1212 1904 1271 decla-

549 1296 809 1352 ravimus
834 1297 979 1369 disp.
1002 1297 1054 1361 5,
1069 1295 1195 1350 dub.
1228 1297 1264 1349 2
1289 1302 1339 1350 ct
1364 1294 1505 1367 disp.
1534 1297 1590 1361 7,
1615 1293 1745 1348 dub.
1767 1296 1821 1350 4.
1843 1293 1902 1350 Si

544 1376 702 1432 enim
728 1376 873 1433 ratio
918 1375 1121 1432 auxilii
1152 1376 1213 1430 in
1242 1373 1457 1431 actibus
1503 1373 1903 1430 indeliberatis

543 1458 842 1524 consistat,
898 1464 959 1513 ut
999 1457 1236 1531 quidam
1289 1456 1510 1524 volunt,
1551 1455 1902 1529 consequens

537 1540 671 1605 erit,
696 1540 842 1613 quod
857 1541 1002 1596 sicut
1021 1545 1281 1595 creatura
1300 1544 1384 1594 est
1409 1554 1576 1594 causa
1605 1539 1902 1611 principa-

544 1621 616 1676 lis
644 1619 874 1694 physica
917 1619 1316 1693 praedictorum
1344 1622 1592 1684 actuum,
1619 1618 1698 1674 ita
1722 1619 1898 1675 etiam

540 1704 687 1757 esset
710 1716 877 1756 causa
900 1700 1237 1773 principalis
1275 1695 1501 1756 auxilii.
1533 1698 1693 1764 Quod
1718 1699 1767 1754 si
1795 1699 1900 1755 ab-

536 1779 780 1836 surdum
829 1785 1079 1853 apparet,
1128 1779 1278 1852 quod
1325 1784 1587 1836 creatura
1633 1776 1744 1834 sibi
1787 1769 1898 1852 ipsi

543 1859 853 1917 fabricetur
875 1860 1109 1927 auxilia,
1135 1874 1205 1915 ex
1229 1860 1334 1916 hoc
1361 1861 1485 1932 ipso
1510 1859 1894 1928 convincitur,

541 1940 690 2014 quod
720 1942 866 1998 ratio
901 1941 1104 1997 auxilii
1131 1940 1482 2005 sufficientis,
1534 1940 1624 1996 vel
1660 1939 1898 1996 efficacis

541 2038 660 2080 non
692 2022 961 2081 consistat
989 2020 1310 2078 formaliter
1339 2021 1401 2075 in
1449 2018 1666 2076 actibus
1691 2020 1899 2077 elicitis

538 2120 572 2161 a
617 2107 896 2161 creatura.
937 2099 1045 2157 Sed
1086 2101 1377 2174 supposita
1427 2116 1566 2157 vera
1613 2099 1892 2167 doctrina,

532 2201 710 2258 quam
740 2184 877 2240 locis
896 2182 1083 2238 citatis
1107 2181 1412 2238 statuimus
1446 2180 1596 2237 circa
1621 2179 1899 2238 conditio-

540 2284 695 2333 nem,
742 2271 799 2322 et
847 2263 1224 2338 quidditatem
1285 2264 1492 2320 auxilii
1518 2306 1532 2330 ,
1576 2263 1898 2322 ostenditur

535 2344 960 2417 consequentia,
1009 2348 1066 2399 et
1093 2342 1304 2399 veritas
1325 2343 1494 2417 hujus
1514 2344 1850 2400 consectarii
1880 2365 1895 2400 ε

539 2434 661 2483 tum
707 2427 840 2500 quia
869 2424 1138 2498 praedicta
1181 2425 1402 2481 auxilia
1447 2424 1798 2483 ordinantur
1826 2426 1897 2482 ad

537 2506 1031 2569 introducendam,
1074 2504 1549 2574 conservandam,
1594 2511 1649 2562 et
1678 2522 1897 2579 augen-

531 2588 668 2644 dam
695 2586 940 2659 gratiam
969 2606 980 2640 :
1010 2583 1109 2640 sed
1135 2586 1290 2641 solus
1332 2584 1433 2641 ille
1470 2590 1649 2657 potest
1671 2587 1895 2658 princi-

539 2668 743 2740 paliter
789 2663 1169 2729 introducere,
1201 2680 1560 2730 conservare,
1587 2670 1643 2721 et
1678 2682 1887 2740 augere

529 2747 800 2820 gratiam,
862 2746 959 2818 qui
1021 2750 1200 2816 potest
1265 2745 1430 2800 illam
1492 2744 1895 2818 principaliter

540 2823 849 2898 producere
878 2842 890 2878 ε
941 2838 1075 2897 ergo
1127 2828 1273 2879 cum‘
1301 2824 1457 2881 solus
1501 2826 1648 2883 Deus
1705 2826 1896 2883 valeat

526 2905 754 2963 efficere
818 2904 1215 2978 principaliter
1263 2904 1510 2977 gratiam
1541 2929 1556 2973 ;
1615 2906 1889 2979 sequitur,

531 2989 683 3063 quod
702 2989 857 3045 solus
880 2990 1024 3043 Deus
1043 2988 1232 3044 valeat
1258 2987 1476 3044 efficere
1492 2987 1894 3061 principaliter

535 3069 862 3145 hujusmodi
905 3070 1136 3126 auxilia.
1169 3071 1315 3125 Tum
1349 3070 1545 3137 etiam,
1571 3072 1704 3143 quia
1730 3072 1779 3127 si
1805 3072 1894 3128 lo-

525 3167 780 3224 quamur
819 3149 889 3207 de
916 3150 1133 3206 auxilio
1178 3150 1405 3215 efficaci,
1430 3152 1586 3208 solus
1612 3152 1715 3209 ille
1743 3153 1895 3209 valet

535 3231 723 3304 ipsum
753 3230 1149 3304 principaliter
1187 3230 1426 3297 efficere,
1457 3232 1559 3304 qui
1588 3229 1758 3288 habet
1780 3232 1893 3288 hu·-

535 3326 842 3367 manorum
858 3308 1524 3382 cordium,qu0,quand0,
1538 3315 1595 3368 et
1607 3311 1893 3384 quomodo

530 3392 796 3460 voluerit,
828 3392 1296 3448 inclinandorum
1320 3391 1659 3458 absolutam,
1701 3399 1759 3450 et
1795 3394 1893 3450 in-

530 3474 836 3531 fallibilem
887 3480 1238 3545 potestatem,
1272 3479 1331 3529 ut
1352 3490 1424 3531 ex
1453 3476 1524 3531 D.
1543 3476 1780 3548 August.
1806 3492 1893 3534 os-

530 3553 820 3613 tendimus
846 3555 990 3627 diep.
1007 3555 1345 3627 praeced.dub
1367 3555 1402 3608 3
1424 3561 1473 3609 et
1493 3558 1549 3611 4.
1571 3554 1735 3612 Unde
1755 3572 1890 3612 cum

531 3638 774 3708 potestas
800 3634 939 3690 adeo
960 3650 1168 3707 magna
1193 3635 1267 3690 sit
1287 3634 1469 3690 solius
1497 3628 1617 3703 Dei,
1643 3633 1707 3690 fit
1741 3634 1890 3707 quod

519 3716 682 3772 solus
723 3718 872 3771 Deus
918 3715 1093 3787 possit
1122 3714 1433 3787 producere
1483 3715 1891 3788 principaliter

527 3794 811 3852 auxilium
828 3794 1043 3851 efficax.
1064 3795 1122 3851 Si
1141 3810 1279 3853 vero
1292 3812 1485 3854 sermo
1505 3794 1605 3851 fiat
1631 3795 1701 3852 de
1728 3796 1892 3852 auxi-

508 3876 609 3941 ‚lio
634 3874 954 3940 sufficienti,
978 3891 1108 3931 cum
1139 3874 1288 3931 istud
1308 3878 1589 3949 suppleat,
1621 3881 1719 3932 aut
1738 3892 1891 3933 com·

530 3958 682 4031 pleat
724 3955 1004 4013 defectum
1036 3956 1319 4013 virtutum
1350 3958 1887 4030 supernaturalium

529 4037 594 4094 in
615 4036 820 4094 ordine
840 4037 932 4093 vel
972 4035 1042 4091 ad
1063 4037 1309 4109 speciem
1356 4044 1526 4105 actus,
1552 4038 1645 4094 vel
1673 4037 1744 4094 ad
1765 4039 1890 4112 ejus

529 4116 935 4181 intensionem,
962 4115 1365 4182 actualitatem,
1397 4122 1454 4173 et
1492 4117 1882 4182 existentiam,

517 4200 747 4268 oportet
778 4192 926 4266 quod
950 4192 1281 4265 praedictum
1323 4195 1610 4275 auxilium
1647 4194 1888 4253 reduca-

528 4281 622 4332 tur
649 4275 719 4332 ad
746 4274 1212 4347 supernaturales
1233 4276 1473 4334 virtutes
1503 4301 1518 4335 ι
1547 4277 1699 4334 unde
1721 4277 1791 4334 ab
1818 4294 1887 4336 eo

525 4356 713 4413 solum
764 4356 972 4428 poterit
1022 4354 1418 4429 principaliter
1463 4358 1736 4430 produci,
1781 4359 1883 4431 qui

529 4435 825 4509 praedictas
870 4438 1112 4495 virtutes
1134 4443 1315 4509 potest
1338 4438 1557 4495 efficere
1585 4440 1883 4512 principa-

532 4517 666 4573 liter
697 4540 710 4572 :
741 4517 835 4573 hic
860 4523 1049 4575 autem
1078 4523 1163 4575 est
1198 4518 1354 4576 solus
1381 4519 1546 4586 Deus,
1582 4524 1641 4574 ut
1660 4522 1885 4575 constat

519 4611 596 4654 ex
623 4596 804 4653 dictis.

2516 569 2799 625 DUBIUM
2840 570 2911 624 11.

2210 739 2408 798 Utrum
2422 744 2611 813 qratia
2629 742 2728 813 fiat
2748 758 2847 815 per
2873 744 3215 798 creationem.

2111 907 2358 965 Dubium
2388 910 2491 968 hoc
2517 916 2603 968 est
2627 908 2914 983 appendix
2944 908 3395 983 praecedentis,et

2033 987 2171 1058 quia
2196 994 2319 1061 post
2348 989 2613 1045 notitiam
2634 1003 2816 1045 causae
2844 988 3244 1061 principaliter
3267 1004 3396 1062 pro—

2034 1069 2292 1126 ducentis
2323 1070 2571 1143 gratiam
2592 1068 2837 1127 succedit
2860 1069 3063 1125 notitia
3101 1067 3257 1126 modi
3281 1085 3393 1141 quo

2035 1150 2117 1217 fit,
2151 1154 2208 1205 et
2252 1150 2387 1221 quia
2418 1150 2609 1222 plures
2647 1166 2720 1207 ex
2764 1150 3031 1223 Antiquis
3074 1149 3392 1222 probarunt

2031 1229 2278 1305 gratiam
2301 1244 2334 1284 a
2364 1230 2526 1285 nulla
2546 1235 2809 1286 creatura
2824 1245 2984 1302 posse
2995 1229 3394 1302 principaliter
3438 1237 3445 1244 ‘

2033 1311 2179 1376 fieri,
2210 1312 2344 1383 quia
2388 1311 2811 1378 existimarunt,
2859 1314 3108 1387 gratiam
3157 1310 3390 1385 produci

2034 1407 2135 1464 per
2174 1390 2541 1457 creationem,
2587 1407 2715 1464 quae
2735 1393 2922 1448 solum
2950 1398 3033 1448 est
3056 1408 3089 1448 a
3135 1395 3249 1449 Deo
3273 1391 3393 1448 sal-

2031 1477 2147 1528 tem
2169 1472 2314 1527 sicut
2339 1487 2371 1527 a
2396 1487 2564 1528 causa
2593 1472 2918 1545 principali.
2953 1474 3065 1529 Pro
3085 1471 3392 1529 difficulta-

2032 1551 2104 1607 tis
2119 1557 2309 1608 autem
2340 1552 2686 1610 resolutione
2712 1552 2825 1609 duo
2847 1551 3103 1609 breviter
3130 1569 3391 1627 praesup-

2032 1631 2294 1704 ponenda
2319 1637 2471 1688 sunt.
2498 1633 2764 1690 Primum
2791 1633 2888 1702 sit,
2925 1632 3166 1689 dubium
3192 1649 3392 1706 proce—

2029 1712 2165 1769 dere
2202 1712 2273 1770 de
2317 1715 2679 1771 connaturali
2724 1715 2925 1789 gratias
2973 1714 3344 1788 productione
3371 1758 3385 1780 ,

2029 1792 2152 1849 sive
2172 1791 2244 1850 de
2271 1792 2441 1850 modo
2469 1794 2879 1867 productionis,
2911 1811 3081 1867 quem
3105 1796 3227 1868 ipsa
3251 1810 3392 1852 con-

2030 1873 2375 1929 naturaliter
2395 1872 2506 1929 sibi
2537 1874 2801 1931 vendicat
2827 1899 2840 1942 ;
2883 1874 3160 1948 quidquid
3187 1876 3279 1943 sit,
3314 1891 3389 1932 an

2031 1968 2132 2025 per
2179 1951 2441 2008 divinam
2471 1954 2783 2025 potentiam
2828 1956 3000 2011 aliter
3048 1955 3223 2027 possit
3250 1971 3387 2028 pro-

2028 2030 2175 2089 duci.
2192 2032 2535 2098 Secundum,
2563 2036 2934 2100 creationem,
2951 2041 3007 2092 et
3027 2034 3386 2093 eductionem

2030 2114 2093 2169 in
2143 2130 2210 2171 eo
2252 2115 2535 2187 praecipue
2586 2115 2865 2191 distingui
2896 2160 2909 2182 ‚
2972 2116 3122 2189 quod
3173 2119 3386 2176 creatio

2030 2196 2259 2251 nullum
2307 2210 2409 2268 per
2448 2212 2509 2252 se
2555 2197 2825 2268 supponit
2862 2193 3195 2270 subJ'ectum,
3242 2198 3390 2270 quod

2029 2285 2374 2337 transmutet
2404 2303 2416 2347 ;
2448 2279 2885 2352 ρᾱιιοιὶοβυῑεω
2914 2279 3186 2352 supponit
3207 2295 3310 2351 per
3329 2296 3391 2337 se

2026 2359 2365 2433 subjectum,
2395 2361 2651 2434 illudque
2675 2376 2773 2433 per
2799 2375 2859 2416 se
2881 2358 3165 2432 loquendo
3191 2364 3387 2416 trans·

2029 2447 2232 2499 mutat:
2255 2450 2312 2500 et
2338 2445 2601 2516 quamvis
2625 2443 2799 2516 possit
2821 2441 2889 2498 ab
2905 2441 3176 2499 exercitio
3193 2447 3388 2499 trans-

2026 2524 2290 2581 mutandi
2319 2526 2597 2597 separari,
2629 2539 2855 2597 semper
2886 2529 3075 2580 tamen
3102 2529 3383 2596 quantum

2026 2610 2109 2659 est
2146 2621 2218 2660 ex
2242 2619 2322 2669 se,
2347 2611 2431 2660 est
2453 2612 2573 2662 actu
2600 2604 3061 2669 transmutativa,
3095 2609 3156 2658 ut
3182 2602 3386 2660 docent

2028 2687 2096 2740 N.
2129 2686 2409 2757 Complut.
2466 2689 2526 2741 in
2554 2687 2647 2742 lib.
2675 2685 2893 2757 Phys-ic.
2924 2685 3064 2757 disp.
3108 2684 3163 2749 4,
3197 2688 3591 2761 qu232‚comptm.

2026 2766 2211 2831 3,cum
2234 2765 2449 2821 duabus
2473 2783 2613 2843 seqq.
2648 2767 2747 2821 His
2771 2765 3076 2838 suppositis

2647 2971 2761 3039 §1-

2024 3128 2298 3187 Resolutt'o
2311 3116 2658 3203 difficultatis
2675 3147 2747 3183 ex
2765 3122 3029 3183 sententia
3051 3126 3118 3183 D.
3146 3126 3375 3185 Thom.-n.

2106 3304 2187 3368 16.
2237 3300 2546 3359 Dicendum
2573 3308 2675 3369 est,
2700 3301 2945 3377 gratiam
2978 3318 3101 3387 non¹
3123 3301 3249 3360 fieri
3275 3317 3374 3376 per
3402 3341 3584 3385 conetu-

2023 3383 2390 3449 creationem,
2419 3383 2517 3440 sed
2554 3400 2654 3456 per
2690 3382 3074 3440 eductionem.
3121 3382 3379 3451 Secunda
3442 3390 3529 3433 sio.

2023 3463 2355 3521 assertionis
2420 3479 2554 3535 pars
2615 3462 2914 3519 evidenter
2976 3462 3235 3535 sequitur
3306 3477 3377 3518 ex

2024 3544 2229 3616 prima,
2261 3544 2395 3617 quia
2424 3543 2575 3599 inter
2622 3542 2759 3607 hoc,
2808 3542 2957 3616 quod
3003 3548 3087 3598 est
3128 3542 3375 3598 formam

2022 3624 2276 3697 aliquam
2302 3624 2507 3691 creari,
2540 3623 2632 3679 vel
2673 3622 2855 3689 educi,
2891 3640 3006 3680 non
3054 3623 3221 3679 datur
3248 3637 3372 3678 me-

2019 3704 2203 3761 dium.
2232 3707 2544 3778 Utramque
2572 3721 2708 3762 vero
2737 3710 2962 3777 partem·
2999 3704 3156 3762 docet
3186 3710 3379 3778 aperte

2020 3788 2084 3842 D.
2123 3786 2326 3842 Thom.
2375 3792 2437 3841 ut
2473 3786 2668 3843 statim
2717 3783 3061 3842 videbimus.
3109 3785 3378 3859 Idemque

2018 3866 2402 3952 com-muniter
2448 3872 2680 3923 tuentur
2731 3882 2931 3924 omnes
2951 3866 3221 3940 Theologi
3250 3882 3378 3924 mo-

2018 3947 2208 4016 derni,
2248 3954 2364 4004 tam
2394 3948 2565 4014 intra,
2594 3965 2767 4020 quam
2809 3955 2972 4005 extra
3012 3948 3276 4005 Scholam
3305 3951 3370 4005 D.

2018 4028 2221 4085 Thom.
2267 4027 2419 4085 unde
2446 4027 2800 4100 superfluum
2828 4034 2912 4084 est
2935 4028 3069 4084 illos
3098 4027 3161 4084 in
3191 4030 3374 4101 parti·
3416 4073 3456 4114 D
3475 4074 3559 4117 ,m

2017 4108 2198 4164 culari
2247 4107 2484 4164 referre.
2520 4107 2838 4164 videantur
2866 4112 3059 4163 tamen
3088 4108 3280 4164 Curiel
3313 4109 3373 4167 in
3408 4103 3569 4166 carnal

2019 4187 2301 4259 praisenti,
2328 4194 2437 4242 art.
2478 4188 2523 4251 l,
2554 4186 2680 4242 dub.
2709 4187 2762 4251 3,
2795 4188 2901 4256 92,
2933 4187 3127 4242 Zumel
3151 4186 3277 4243 dub.
3310 4189 3367 4258 3,
3405 4170 3559 4264 {omffl

2017 4271 2198 4325 Gonet
2221 4267 2362 4340 disp.
2394 4269 2447 4333 4,
2473 4275 2585 4323 art.
2610 4270 2664 4333 2,
2690 4269 2902 4324 Suarez
2930 4267 3024 4324 tib.
3055 4270 3110 4335 8,
3143 4287 3266 4343 cap.
3312 4273 3366 4336 2,
3389 4272 3572 4362 {m

2016 4349 2280 4406 Valentia
2304 4350 2445 4422 disp.
2475 4352 2529 4416 8,
2564 4368 2616 4427 q.
2647 4352 2701 4416 4,
2720 4359 2914 4425 punct.
2941 4352 2997 4418 2,
3022 4356 3078 4407 et
3099 4353 3168 4407 N.
3200 4353 3374 4409 Com-
3387 4349 3591 4422 comum]

2018 4428 2160 4502 plut.
2191 4429 2301 4484 loco
2329 4429 2425 4484 cit.
2456 4438 2635 4507 quaest.
2662 4430 2717 4485 5.

2090 4509 2373 4566 Probatur
2423 4511 2612 4583 primo
2664 4511 3010 4568 authoritate
3054 4513 3116 4567 D.
3164 4513 3599 4581 Thom.pr01„mr

2015 4605 2153 4646 nam
2192 4588 2348 4645 infra
2437 4599 2582 4647 uoest.
2642 4592 2781 4657 113,
2831 4599 2941 4646 art.
2972 4592 3046 4656 9,
3098 4591 3363 4666 inquirit,
3386 4588 3597 4631 *Ἀθ-Τὴ-

2013 4674 2209 4726 utrum
2231 4669 2373 4742 justi
2419 4671 2565 4728 catio
2593 4672 2761 4745 impii
2792 4673 2867 4728 sit
2889 4673 3212 4729 maximum
3235 4690 3376 4748 opus

2014 4752 2159 4809 Dei?
2198 4753 2268 4808 Et
2316 4753 2590 4819 resolvit,
2639 4753 2788 4828 quod
2815 4754 2863 4810 si
2894 4752 3256 4811 attendamus
3303 4754 3373 4812 ad

2015 4850 2139 4890 rem
2180 4833 2388 4891 factam
2416 4877 2429 4901 ,
2471 4833 2807 4909 justificatio
2831 4842 2916 4892 est
2955 4853 3097 4909 opus
3144 4837 3368 4911 maJus,

2012 4930 2185 4986 quam
2223 4915 2451 4982 coelum,
2483 4922 2539 4973 et
2567 4921 2759 4985 terra5
2809 4918 2941 4989 quia
2988 4916 3052 4973 in
3093 4916 3375 4989 justifica-

2012 4994 2172 5052 tione
2194 4995 2524 5067 producitur
2544 4996 2748 5072 gratia,
2769 5001 2989 5069 quaeest
3005 4996 3196 5054 forma
3211 4998 3371 5064 coe10,

3321 5083 3378 5134 et
