3647 5753
1247 412 1425 470 DISP.
1471 415 1593 483 vn,
1640 418 1803 479 DUB.
1854 425 1947 483 IV.

183 592 210 619 a
254 571 398 643 egit,
449 574 627 630 corda
667 579 869 645 tenuit,
915 580 1085 639 corda
1123 586 1323 651 movit,
1354 602 1560 661 eosque

180 676 205 706 ι(
253 655 665 713 voluntatibus
705 674 927 729 eorum,
976 680 1116 736 quas
1160 667 1282 740 ipse
1327 670 1390 725 in
1439 672 1559 727 illis

174 842 200 869 a
247 836 417 894 reges
468 821 537 877 in
583 827 736 879 terra
775 827 921 882 Deus
965 830 1327 898 constituere,
1373 837 1557 911 magis

174 924 199 951 a
245 899 422 958 habet
454 903 522 958 in
554 911 824 976 potestate
861 910 1184 970 voluntates
1225 916 1550 987 hominum,

180 1001 205 1031 α
248 998 431 1053 quam
462 983 578 1056 ipsi
616 1003 766 1052 suaS,
793 989 921 1060 quis
949 991 1096 1048 alius
1130 994 1281 1063 facit,
1315 1002 1552 1056 utsalu-

181 1085 206 1113 «ι
251 1062 376 1119 bris
403 1066 484 1121 sit
507 1070 810 1140 correptio,
835 1077 892 1127 et
913 1070 1009 1129 fiat
1035 1076 1096 1130 in
1117 1081 1364 1153 correpti
1388 1081 1555 1139 corde

183 1169 207 1199 α
251 1148 569 1220 correptio,
605 1156 662 1205 ut
687 1153 900 1209 coelesti
940 1159 1318 1218 constituatur
1359 1163 1422 1219 in
1459 1181 1554 1221 re-

183 1251 204 1277 a
247 1229 406 1301 gno?
450 1250 477 1280 »
528 1233 657 1287 Non
698 1234 880 1304 potuit
907 1239 1259 1311 Augustinus
1302 1244 1553 1316 amplius

171 1324 494 1383 exagerare
539 1315 658 1368 vim
700 1315 1074 1376 intrinsecam
1099 1324 1373 1380 motionis
1394 1324 1551 1381 divi-

155 1405 278 1463 Xnae,
304 1408 486 1462 quam
512 1394 820 1451 asserendo
849 1399 1027 1455 Deum
1053 1417 1153 1473 per
1178 1403 1342 1460 illam
1367 1407 1550 1480 magis

172 1472 486 1542 possidere,
520 1481 580 1530 et
620 1476 831 1533 habere
875 1479 986 1536 sibi
1032 1481 1309 1557 subjectas
1356 1488 1548 1544 homi-

177 1568 314 1608 num
343 1542 701 1624 voluntates,
745 1576 917 1632 quam
953 1562 1063 1635 ipsi
1105 1565 1371 1624 habeant.
1405 1572 1547 1626 Cum

173 1640 363 1690 tamen
380 1636 554 1708 juxta
587 1639 964 1698 Adversarios
992 1647 1312 1717 oppositum
1348 1648 1548 1708 debeat

168 1713 448 1772 affirmari
470 1740 484 1783 ;
518 1734 652 1773 cum
675 1717 884 1786 dicant,
911 1725 1091 1780 Deum
1115 1742 1232 1784 non
1261 1745 1423 1801 posse
1449 1732 1549 1788 ho-

171 1795 388 1852 minem
432 1798 506 1854 ad
548 1800 701 1871 quod
743 1803 990 1858 voluerit
1034 1815 1384 1876 convertere,
1431 1812 1543 1868 nisi

147 1876 411 1947 quando,
432 1884 491 1935 et
509 1879 606 1935 ubi
630 1882 985 1954 explorando
1014 1889 1326 1957 praa-scierit
1355 1892 1542 1965 ipsum

171 1973 228 2012 se
270 1957 805 2019 determinaturum
853 1965 922 2020 ad
970 1971 1440 2039 conversionem3
1487 1981 1544 2030 et

175 2037 291 2108 ipse
334 2054 592 2112 semper,
635 2046 690 2096 et
740 2041 949 2116 ubique
990 2045 1048 2100 id
1093 2054 1292 2119 potest,
1332 2049 1396 2107 si‘
1421 2055 1542 2111 sola

175 2120 351 2191 gratia
381 2120 713 2192 potentiali,
746 2129 802 2179 et
829 2125 1184 2185 indifferenti
1215 2129 1535 2206 adjuvetur.

112 2217 140 2246 r·
249 2200 371 2255 133.
404 2202 653 2272 Insuper
673 2201 826 2259 idem
854 2206 1136 2280 significat
1162 2211 1454 2283 Scriptura
1478 2215 1539 2270 in

112 2266 162 2347 ἓ,
175 2277 254 2333 eis
276 2281 429 2345 lociS,
450 2282 512 2336 in
528 2282 741 2353 quibus
757 2288 959 2343 asserit
974 2291 1153 2345 Deum
1171 2307 1422 2360 movere,
1441 2296 1540 2351 in-

113 2370 134 2391 *
175 2359 403 2425 clinare,
439 2363 778 2431 immutare,
805 2371 857 2422 et
886 2376 1220 2427 convertere
1239 2372 1409 2430 corda
1432 2376 1539 2432 ho-

112 2438 116 2443 ’
176 2440 392 2495 minum
411 2466 424 2501 z
441 2459 574 2514 quae
600 2444 911 2503 innumera
927 2457 1079 2515 sunt,
1103 2456 1161 2506 ut
1178 2452 1531 2523 Proverb.21,

176 2519 287 2577 tob.
320 2525 402 2592 12,
443 2527 490 2589 1,
525 2526 737 2596 Reyum
776 2530 839 2583 lO
859 2534 915 2586 et
937 2532 1074 2588 alibi
1096 2550 1264 2607 soepe.
1289 2537 1537 2595 Illustris

113 2600 157 2653 5
175 2608 251 2657 est
276 2604 428 2660 locus
450 2604 680 2662 Esther.
714 2609 777 2662 15
806 2608 902 2665 ubi
933 2611 1003 2668 de
1027 2617 1273 2673 Assuero
1300 2616 1528 2687 dicitur,

175 2683 312 2754 quod
339 2701 469 2740 cum
519 2688 800 2744 elevasset
852 2691 1073 2758 faciem,
1125 2701 1180 2751 et
1202 2696 1534 2755 ardentibus

178 2767 344 2820 oculis
390 2766 657 2824 furorem
687 2772 928 2841 pectoris
973 2774 1296 2847 indicasset,
1335 2782 1534 2855 regina

175 2850 396 2912 corruit,
417 2856 474 2907 et
485 2856 754 2909 convertit
765 2852 913 2911 Deus
933 2874 1023 2912 cor
1041 2862 1182 2929 reyis
1202 2862 1261 2916 in
1275 2881 1534 2920 mansue-

179 2931 441 2986 tudinem:
467 2951 648 3006 quam
677 2938 990 3008 motionem
1027 2941 1306 3000 efficacem
1332 2945 1526 3014 fuisse,

179 3019 335 3062 nemo
360 3009 569 3080 estqui
599 3009 837 3067 dubitet.
873 3015 1072 3082 Porro,
1099 3016 1252 3074 unde
1267 3018 1532 3077 habuerit

177 3085 464 3145 efficaciam
490 3090 682 3157 illam,
716 3108 789 3148 an
817 3109 888 3149 ex
929 3094 1303 3168 dispositione
1357 3104 1522 3177 regis,

179 3167 256 3221 vel
287 3184 354 3224 ex
385 3170 753 3241 praescientia
797 3172 976 3231 futuri
1024 3184 1263 3234 eventus
1282 3203 1295 3247 ;
1321 3196 1396 3237 an
1425 3200 1525 3255 po-

179 3246 275 3301 tius
290 3265 355 3304 ex
370 3251 589 3306 virtute
603 3253 699 3308 Dei
719 3257 1194 3332 moventi5,cujus
1212 3261 1525 3334 imperium

181 3327 269 3384 illa
291 3332 464 3388 motio
493 3335 892 3408 participabat,
923 3344 978 3395 et
1000 3339 1308 3410 deferebat,
1335 3344 1525 3403 decla-

113 3425 147 3464 3-
181 3416 258 3464 rat
280 3420 420 3469 recte
446 3417 510 3472 D.
541 3419 895 3490 Augustinus
924 3421 1017 3477 lib.
1069 3423 1133 3479 de
1149 3427 1353 3493 qratia.
1376 3435 1425 3483 et
1449 3430 1525 3484 ti-

176 3491 283 3546 bero
300 3494 550 3562 arbiiriO,
574 3515 694 3569 cap.
723 3501 813 3564 21,
850 3499 944 3556 ubi
999 3504 1077 3559 ait
1110 3526 1122 3559 ι
1167 3503 1346 3563 Videte
1390 3512 1524 3585 quid

175 3577 447 3650 Scriptura
474 3581 662 3635 dicat:
688 3580 768 3638 Et
807 3585 1045 3642 intuitus
1087 3605 1210 3644 eam
1254 3597 1522 3668 tanquam

175 3657 356 3729 impetu
401 3662 807 3732 indiynationis
855 3683 979 3733 suar,
1023 3675 1073 3723 et
1118 3673 1305 3727 timuit
1328 3677 1519 3745 reqina

179 3740 259 3803 (en
281 3743 500 3810 qualem
523 3746 614 3800 vel
639 3748 935 3818 temporis,
969 3751 1063 3805 vel
1092 3753 1241 3826 regis
1267 3753 1518 3827 disposi-

181 3819 412 3895 tionem),
456 3834 505 3880 ct
532 3832 800 3884 convertit
833 3823 997 3897 Deus,
1028 3840 1079 3887 et
1106 3839 1397 3894 transtulit
1423 3842 1517 3895 in-
1559 3865 1564 3868 ·

182 3900 525 3969 diqnationem
550 3912 671 3982 ejus
691 3913 752 3966 in
780 3912 1082 3972 lenitatem.
1106 3915 1390 3991 Scriptum
1439 3929 1516 3978 est

183 3981 230 4032 ἐπ
239 3987 526 4052 proverbiis
539 3988 858 4047 Salomonis
877 3993 1069 4050 :Sicut
1095 3998 1325 4070 impetus
1338 4017 1509 4077 aquas,-

183 4064 248 4117 sic
267 4083 347 4120 cor
365 4072 503 4139 regis
527 4070 698 4144 (quod
729 4072 1047 4133 liberrimae
1070 4082 1360 4148 potestatis
1386 4100 1514 4140 cen·

182 4151 357 4218 setur,)
384 4154 442 4205 in
479 4171 652 4209 manu
693 4154 834 4211 Det:
879 4176 1212 4237 quocumque
1253 4164 1505 4233 voluerit,

184 4226 438 4287 inclinabit
459 4235 617 4292 ittud.
643 4238 712 4290 Et
735 4242 856 4310 post
884 4240 1137 4312 plurima
1158 4245 1504 4316 testimonia,

183 4321 289 4376 quae
315 4310 387 4366 ibi
425 4324 857 4385 commemorat,
889 4319 1078 4392 inquit
1110 4342 1123 4377 ε
1152 4321 1278 4390 His,
1320 4333 1370 4380 et
1417 4335 1510 4382 ta-

187 4387 305 4444 libus
323 4398 639 4452 testimoniis
662 4399 985 4458 divinorum
1008 4403 1363 4480 eloquiorum,
1396 4429 1510 4487 quat

185 4473 344 4526 omnia
362 4493 775 4535 commemorare
794 4482 960 4537 nimis
981 4484 1200 4555 lonqum
1219 4496 1314 4557 est,
1344 4495 1501 4563 satis,

186 4562 421 4686 ffimum
486 4561 742 4615 existimo
772 4604 786 4628 ,
834 4565 1227 4638 manifestatur
1289 4578 1507 4644 operari

287 4650 335 4687 m
353 4637 410 4689 in
434 4639 683 4695 cordibus
700 4641 984 4700 hominum
1022 4646 1097 4700 ad
1122 4648 1506 4711 inclinandum

186 4707 435 4772 hominum
452 4720 760 4777 voluntates
794 4740 1125 4804 quocumque
1163 4730 1411 4790 voluerit.
1445 4736 1503 4791 Si

189 4801 424 4862 operatur
444 4799 514 4856 ad
532 4802 1154 4875 inclinandum,movet
1172 4816 1505 4874 anteceden-

189 4872 261 4924 ter
289 4894 301 4928 ε
326 4881 376 4931 et
400 4879 446 4934 si
470 4879 712 4939 inclinat
732 4901 1086 4961 quocumque
1111 4893 1258 4960 vult,
1287 4894 1503 4956 frustra

189 4946 387 5022 dicitur,
415 4961 560 5030 quod
606 4971 862 5036 expectat
889 4969 1228 5039 occasioneS,
1257 4980 1316 5031 et
1352 4981 1502 5033 tem-

192 5043 278 5099 pus
303 5046 514 5096 :movet
557 5042 735 5117 igitur
777 5046 1072 5108 efficaciter
1118 5066 1190 5108 ex
1225 5070 1306 5112 se.
1338 5058 1503 5117 Unde

312 5114 578 5183 Salmant.
610 5124 774 5185 Cura.
806 5130 1030 5204 theolog.
1059 5141 1189 5193 tom.
1222 5134 1291 5197 X.

2981 475 3055 528 89

1692 597 1981 656 concludit
2028 607 2416 682 Augustinus:
2445 620 2593 693 Quid
2626 632 2828 689 mirum
2865 648 2959 704 est,
3005 647 3055 699 si

1687 691 1784 746 per
1809 678 2089 753 Spiritum
2115 701 2367 753 sanctum
2391 714 2651 773 operatur
2703 715 2757 766 in
2802 721 3053 778 cordibus

1688 758 1976 851 electorum
2002 784 2225 829 suorum
2253 776 2411 846 bona,
2459 790 2553 861 qui
2580 804 2832 863 operatus
2859 810 2954 868 est,
2992 814 3054 860 ut

1690 857 1811 930 ipsa
1840 847 2003 902 corda
2031 862 2200 908 essent
2220 874 2291 911 ca:
2316 863 2481 919 malis
2498 867 2655 927 bona.
2686 878 2761 931 Ac
2782 880 2830 933 si
2859 881 3009 940 dicat
3036 908 3048 940 :

1688 924 1746 975 Sl
1770 925 1916 1015 Deus
1941 935 2116 999 potest
2144 939 2297 1024 mala
2342 945 2531 1009 corda,
2566 955 2883 1025 cujusmodi
2927 973 3050 1021 erat

1682 1418 1951 1481 operetur
1971 1399 2268 1479 efficaciter
2285 1425 2453 1497 bona,
2474 1450 2597 1505 quze
2622 1442 2739 1495 vult
2759 1448 2783 1497 ἱ)

1756 1495 1913 1556 Quod
1944 1498 2126 1559 adhuc
2153 1512 2450 1581 urgentius
2480 1522 2689 1587 premit
2721 1526 2777 1580 e'n
2806 1530 2895 1585 tib.
2929 1534 2944 1585 1
2980 1534 3043 1588 cle
3073 1561 3120 1606 1),
3128 1563 3227 1617 Aug.

1675 1575 1862 1640 qratia
1889 1575 2100 1655 Christi
2137 1594 2327 1643 contra
2350 1591 2654 1665 Pelayium‚
2682 1623 2801 1677 cap.
2822 1612 2912 1676 24,
2945 1611 3039 1668 ubi

1680 1654 1790 1710 ait:
1817 1657 1953 1728 Quis
1982 1672 2166 1723 autem
2189 1687 2295 1726 non
2324 1677 2503 1733 videat
2527 1684 2695 1740 multo
2730 1695 2907 1760 nmyis
2931 1712 3040 1750 esse

1680 1737 2111 1807 indiynationem
2138 1768 2172 1804 a
2201 1760 2478 1814 contrario
2510 1764 2566 1817 in
2607 1766 2880 1828 lenitatem
2907 1794 3039 1832 con-

1677 1828 1897 1897 vertere,
1930 1828 2093 1902 atque
2120 1838 2439 1908 transferre,
2486 1862 2651 1920 quaen
2702 1872 2793 1907 cor
2845 1870 3038 1915 neutra

1675 1902 1959 1972 affectione
1975 1924 2422 1986 praeoccupatum,
2455 1927 2546 1978 sed
2569 1929 2708 1985 inter
2752 1942 3040 2018 utrumque

1675 1983 1912 2040 medium
1961 1988 2021 2042 in
2060 1991 2279 2069 aliquid
2306 1999 2630 2063 declinare?
2660 2011 2863 2081 Lcgyant
2889 2036 3031 2089 ωηο,

1672 2068 1721 2115 et
1748 2065 2078 2137 intelliyant,
2127 2076 2467 2150 intueantur,
2518 2096 2681 2165 atque
2727 2096 3030 2171 fateantur,

1672 2162 1780 2201 non
1807 2149 1933 2218 (eye,
1961 2159 2122 2229 atque
2160 2158 2413 2218 doctrina
2442 2184 2770 2229 consonante
2796 2182 3036 2249 forinse-

1672 2246 1782 2293 cus,
1808 2233 1901 2286 sed
1939 2235 2175 2304 interna,
2209 2250 2370 2321 atque
2409 2255 2637 2322 occulta,
2680 2262 2941 2327 mirabili,
2970 2285 3035 2322 uc

1673 2309 1941 2381 ineffabili
1962 2323 2219 2387 potestate
2244 2332 2462 2395 operari
2503 2331 2673 2390 Deum
2704 2340 2759 2393 in
2789 2344 3040 2401 cordibus

1668 2390 1971 2459 hominum,
2004 2414 2111 2452 non
2138 2402 2313 2458 solum
2337 2424 2494 2464 veras
2530 2418 2899 2492 ret-elationes,
2945 2430 3038 2481 sed

1667 2472 1834 2526 etiam
1861 2473 2030 2531 bonas
2069 2480 2389 2543 voluntates.
2440 2489 2669 2550 Desinat
2708 2502 2890 2579 itaque
2908 2506 3033 2575 jam

1667 2552 1927 2623 Pelayt‘us
1953 2564 2001 2611 et
2027 2562 2282 2632 seipsum,
2314 2576 2364 2622 et
2410 2572 2554 2629 alios
2597 2580 2792 2649 fallere
2839 2596 3031 2644 contra

1671 2632 1772 2688 Dei
1788 2639 2035 2704 {qratiam
2057 2641 2412 2714 disputando,
2430 2652 2558 2710 Non
2573 2671 2792 2732 propter
2808 2666 3032 2724 illorum

1666 2717 1838 2771 trium
1887 2736 2076 2786 unum,
2126 2725 2185 2778 ist
2232 2736 2308 2783 cst
2348 2744 2569 2807 propter
2612 2746 3032 2812 possibilitatem

1664 2794 1809 2850 bonae
1829 2799 2150 2870 voluntati&
2169 2813 2334 2883 atque
2355 2818 2529 2886 operis
2545 2837 2562 2882 ‚·
2581 2822 2852 2883 sedetiam
2868 2847 3032 2906 prop·

1664 2884 1748 2931 ter
1797 2880 2164 2952 voluntatem,
2212 2896 2376 2967 atque
2422 2905 2787 2970 operate-'onem
2833 2910 3029 2968 bonam

1661 2974 1787 3027 crya
1809 2976 1908 3014 nos
1929 2967 2115 3031 qratia
2152 2968 2250 3022 Dei
2265 2975 2612 3041 proetlicancla
2641 2992 2735 3039 est.
2763 2987 2888 3045 Non
2912 2993 3028 3048 ideo

1662 3044 1879 3094 tantum
1895 3042 2236 3113 adjutorium
2261 3051 2460 3111 divinat
2476 3064 2668 3128 {yrtztioe
2690 3074 3026 3128 commende—

1660 3126 1770 3185 tur,
1812 3123 1945 3197 quia
1968 3126 2387 3195 possibilitatem
2414 3139 2647 3209 adjuvat
2688 3153 3018 3209 naturalem.

1660 3201 1769 3256 Ubi
1800 3209 2005 3274 praeter
2032 3206 2382 3281 adjutorium
2409 3221 2707 3292 sufficiens,
2732 3227 2889 3302 ‘quod
2918 3235 3021 3290 ad—

1651 3282 1814 3355 juvat
1843 3283 1997 3340 vires
2018 3294 2257 3357 naturae,
2291 3302 2347 3350 et
2368 3309 2578 3368 praeter
2597 3309 2845 3378 gratiam
2876 3317 3021 3371 exci-

1657 3369 1894 3430 tantem,
1929 3383 2052 3439 quae
2092 3369 2368 3444 importat
2411 3396 2573 3439 veras
2619 3392 3014 3466 revelationeS,

1654 3445 1918 3516 exposcit·
1957 3449 2308 3522 Augustinus
2350 3457 2683 3524 distinctum
2714 3475 3013 3542 auxilium,

1652 3523 1801 3596 quod
1833 3541 1948 3582 non
1971 3530 2159 3586 solum
2185 3543 2411 3606 praestet
2438 3547 2890 3613 possibilitatem.
2919 3573 3013 3611 seu

1651 3603 2072 3675 sufficientiam,
2098 3627 2197 3668 seu
2231 3615 2402 3685 vireS,
2429 3626 2485 3676 et
2511 3627 2659 3694 quod
2686 3644 2798 3685 non
2826 3635 3013 3690 solum

1652 3685 1867 3741 revelet
1895 3702 2118 3756 verum,
2151 3685 2246 3747 sed
2292 3698 2440 3766 quod
2485 3702 2714 3764 interna
2743 3716 3015 3781 potestate

1649 3771 1920 3838 operetur
1939 3768 2119 3826 bonas
2144 3774 2479 3837 voluntates.
2501 3784 2559 3838 Id
2589 3796 2777 3846 autem
2797 3795 3012 3852 salvari

1648 3846 1877 3918 nequit,
1923 3848 2035 3903 nisi
2086 3850 2458 3915 admittamus
2499 3867 2781 3927 auxilium
2842 3890 2914 3931 ex
2952 3895 3012 3935 se

1646 3925 1842 3982 efficax
1894 3949 1907 3982 ε
1955 3929 2069 3985 alia
2118 3933 2326 4007 quippe
2367 3940 2459 3995 vel
2507 3956 2779 4015 praestant
2824 3957 3006 4013 solam

1645 4006 2062 4077 sufficientiam,
2094 4013 2185 4092 vel
2223 4032 2340 4073 non
2367 4033 2678 4093 operantur
2716 4049 2844 4090 cum
2889 4040 3003 4094 mi-

1647 4087 1815 4145 rabili
1841 4097 2111 4162 potestate
2134 4118 2149 4162 ς
2173 4097 2271 4153 sed
2298 4103 2486 4160 solum
2530 4108 2737 4167 habent
2779 4116 3003 4175 infalli-

1643 4169 1821 4226 bilem
1850 4187 1979 4227 cum
2021 4174 2217 4232 effectu
2266 4187 2680 4247 connexionem
2724 4211 2791 4251 ex
2827 4215 3004 4270 praes-

1642 4251 1875 4319 cientia‚
1897 4254 1987 4310 vel
2004 4270 2074 4310 ex
2089 4261 2482 4331 suppositione
2498 4268 2675 4340 ipsius
2697 4291 3004 4338 consensus

1641 4348 1674 4387 a
1693 4339 1953 4390 creatura
1981 4334 2189 4408 absque
2204 4345 2480 4402 anteriori
2522 4350 3001 4419 determinatione

1639 4412 1838 4469 eliciti.
1871 4415 1935 4470 In
1962 4432 2073 4488 quo
2098 4434 2222 4489 quae
2248 4428 2488 4494 potestas
2509 4432 2997 4497 elucet?Tandem

1638 4492 1790 4549 idem
1839 4495 1896 4550 S.
1951 4498 2154 4554 Doctor
2206 4502 2541 4572 praedictum
2601 4516 2993 4578 testimonium

1638 4589 1848 4647 urgens
1880 4575 1970 4632 tib.
2014 4577 2031 4631 l
2076 4587 2267 4636 contra
2310 4585 2452 4644 duas
2495 4594 2651 4662 epist.
2702 4596 2986 4668 l'elaqt‘an.

1635 4671 1755 4725 cap.
1788 4656 1879 4720 20,
1913 4656 2100 4729 inquit
2133 4680 2146 4714 ε
2190 4663 2337 4719 Deus
2380 4685 2472 4725 cor
2499 4675 2656 4743 reyt'S,
2699 4687 2993 4757 antequam

1635 4737 1887 4792 mulieris
1929 4755 2227 4797 sermonem
2258 4755 2529 4818 poscentis
2571 4758 2827 4828 aredis-set,
2861 4782 2994 4820 con—

1634 4819 1813 4885 vertit,
1846 4824 1896 4872 et
1914 4823 2202 4877 transtulit
2219 4826 2288 4881 ab
2309 4829 2683 4901 indiynatione
2710 4842 2769 4895 in
2792 4842 2993 4902 lenita-

1633 4905 1774 4968 tem;
1800 4900 1900 4955 hoc
1917 4908 2012 4967 est,
2038 4904 2102 4958 de
2126 4907 2407 4966 voluntate
2434 4914 2657 4976 laedendi
2676 4924 2751 4976 act
2794 4929 2992 4985 volun-

1633 4987 1798 5035 tatem
1841 4982 2086 5054 favendi,
2133 4991 2425 5049 secundum
2476 4999 2617 5055 illud
2640 5003 2893 5076 Apostoli
2918 5015 2994 5066 ad

1631 5061 1842 5136 Philip.
1868 5065 1932 5121 2:
1959 5064 2107 5122 Deus
2130 5079 2208 5125 est
2230 5075 2377 5131 enim
2401 5082 2498 5155 qui
2525 5093 2780 5155 operatur
2804 5092 2864 5144 in
2884 5109 2984 5148 vo-

2812 5193 2829 5225 t
