3647 5753
533 470 647 524 444
1497 458 1589 511 DE
1627 456 2212 562 JJJSTIFICATIONE
2252 456 2452 510 IMPII.

533 637 701 693 muni
751 634 858 690 sub
905 634 1131 690 ratione
1176 620 1395 704 propi-ii
1442 628 1754 693 ordinare,
1823 626 1896 684 ad

534 719 687 795 quod
734 717 939 773 sufficit
1004 716 1128 788 ipsa
1184 719 1391 769 natura
1448 711 1761 768 secundum
1811 725 1892 766 se.

531 799 917 867 Quamobrem
961 797 1032 853 ad
1080 793 1373 868 praedictos
1414 791 1612 859 Fidei,
1664 799 1720 850 et
1766 790 1897 864 Spei

531 890 689 941 actus
711 880 1026 950 ,secundum
1056 874 1358 951 praedicata
1388 877 1717 942 essentialia
1756 890 1890 931 con-

504 1017 508 1020 .
530 964 810 1021 sideratos
831 962 1033 1017 sufficit
1060 960 1245 1015 virtus
1274 957 1538 1030 proxima
1558 961 1897 1028 supernatu-

533 1047 674 1102 ralis
700 1046 954 1109 actualiS,
989 1043 1081 1099 vel
1103 1040 1433 1107 habitualiS,
1460 1032 1515 1096 et
1539 1039 1895 1111 principium

533 1128 784 1184 radicale
831 1126 1046 1182 habens
1094 1122 1409 1196 potentiam
1451 1120 1895 1178 obedientialem

531 1208 604 1265 ad
630 1225 726 1265 eos
752 1204 1084 1264 eliciendos

331 1301 466 1346 Nota.
604 1291 735 1346 208.
770 1287 1052 1349 DiximuS,
1077 1285 1372 1339 secundum
1394 1283 1692 1356 praedicam
1714 1298 1896 1337 essen-

531 1370 696 1427 tialia
727 1386 747 1436 ;
789 1367 925 1440 quia
984 1364 1238 1437 praedicti
1293 1369 1448 1419 actus
1487 1368 1550 1418 ut
1603 1362 1768 1419 relati
1823 1360 1895 1417 ad

530 1455 715 1510 Deum
762 1450 1035 1504 ultimum
1065 1446 1240 1503 finem
1290 1462 1462 1518 super
1489 1444 1689 1501 omnia
1715 1442 1896 1500 dilec-

528 1539 674 1599 tum,
707 1529 1026 1588 necessario
1056 1529 1347 1600 postulant
1384 1526 1633 1600 gratiam
1679 1524 1895 1580 sancti-

524 1612 794 1670 ficantem
826 1656 838 1677 ‚
889 1625 1013 1682 quae
1070 1613 1153 1664 est
1215 1607 1469 1679 primum
1543 1605 1893 1679 principium

524 1693 807 1766 praedictae
829 1689 1147 1747 relationis,
1176 1689 1244 1741 Et
1271 1686 1398 1743 ideo
1420 1687 1555 1744 licet
1578 1686 1753 1742 homo
1774 1684 1895 1741 des-

525 1776 728 1832 titutus
774 1772 876 1829 tali
927 1771 1114 1845 gratia
1142 1770 1318 1842 possit
1371 1769 1604 1825 credere
1651 1771 1785 1833 De0,
1839 1771 1895 1821 et

523 1854 759 1912 credere
810 1856 1008 1918 Deum,
1055 1850 1205 1923 quod
1237 1850 1485 1922 pertinet
1536 1848 1607 1904 ad
1646 1848 1892 1920 speciem

527 1943 683 1993 actus
709 1934 841 1990 fidei
869 1958 881 1999 ;
915 1934 1113 2004 nequit
1136 1936 1331 1988 tamen
1353 1931 1589 1987 credere
1610 1930 1674 1985 in
1688 1931 1889 1985 Deum:

528 2032 673 2073 nam·
697 2017 754 2090 ly
786 2017 845 2069 in
872 2013 1066 2077 Deum,
1094 2010 1325 2067 denotat
1354 2012 1534 2066 Deum
1572 2013 1745 2081 super
1764 2024 1892 2064 om-

527 2096 628 2152 nia
654 2094 926 2152 dilectum
972 2107 1093 2148 esse
1136 2090 1409 2145 ultimum
1433 2088 1610 2145 finem
1637 2087 1891 2160 praedicti

524 2182 681 2233 actus
713 2201 727 2244 ;
776 2173 925 2248 quod
990 2171 1201 2244 absque
1256 2171 1442 2243 gratia
1502 2168 1891 2225 sanctificante

328 2271 385 2314 D.
403 2270 509 2315 Tho.
526 2255 726 2313 haberi
756 2270 873 2311 non
897 2256 1094 2324 potest,
1124 2256 1185 2306 ut
1213 2249 1373 2306 docet
1394 2253 1457 2305 D.
1491 2249 1885 2326 Thom.quaest.

418 2330 421 2333 Δ
521 2338 615 2403 28,
646 2338 710 2391 dc
750 2334 915 2393 Verit.
947 2340 1055 2387 art.
1088 2332 1143 2393 6.
1172 2330 1263 2385 his
1294 2329 1489 2386 verbis
1518 2350 1531 2384 x
1561 2327 1885 2394 Dicendum,

522 2415 667 2491 quod
690 2415 810 2468 licet
849 2412 1058 2467 credere
1101 2408 1231 2475 Dee,
1258 2410 1343 2463 vel
1372 2408 1567 2472 Deum,
1591 2409 1762 2481 possit
1782 2423 1893 2462 csse

520 2497 638 2550 sinc
674 2496 900 2565 justitia
930 2512 949 2559 ;
976 2499 1159 2545 tamen
1205 2491 1412 2545 credere
1442 2491 1502 2543 in
1528 2487 1722 2553 Deum,
1749 2488 1892 2564 quod

518 2581 782 2637 estwactus
821 2573 950 2644 fidei
976 2572 1243 2643 sor-malm,
1290 2571 1406 2623 sine
1424 2569 1630 2638 qratia,
1656 2568 1742 2623 vel
1758 2570 1890 2639 jus-

520 2658 650 2711 titia
670 2671 779 2709 csse
806 2671 914 2707 non
952 2659 1145 2724 potest.
1177 2654 1319 2705 Cum
1351 2655 1545 2705 tamen
1573 2665 1639 2704 ea
1667 2648 1890 2704 forma-

520 2734 603 2789 tio
626 2732 779 2796 fidei,
808 2736 865 2786 et
886 2732 945 2804 ly
976 2733 1035 2784 in
1069 2733 1239 2783 Deum
1283 2728 1510 2792 credere,
1536 2744 1708 2800 super
1731 2725 1891 2781 hahi-

522 2819 633 2879 ωε,
660 2817 717 2867 et
738 2815 893 2865 actus
927 2809 1172 2882 speciem
1203 2808 1392 2863 solum
1416 2805 1628 2862 addant
1655 2806 1890 2873 relatio-

524 2909 658 2950 nem
688 2891 756 2947 ad
794 2893 972 2957 Deum
1001 2888 1106 2944 sub
1155 2888 1377 2944 ratione
1419 2888 1612 2943 ultimi
1640 2886 1795 2953 finis,
1828 2893 1890 2942 ut

523 2970 871 3046 significavit
923 2970 1075 3026 idem
1118 2972 1175 3024 S.
1231 2971 1386 3024 Doct.
1435 2971 1489 3034 2,
1523 2972 1576 3035 2,
1622 2970 1883 3047 quaest.2,

523 3060 633 3108 art.
660 3054 714 3117 2,
742 3052 802 3104 in
822 3068 967 3122 corp.
1002 3049 1099 3105 ubi
1123 3049 1203 3105 ait
1230 3070 1243 3103 ε
1272 3047 1341 3104 Si
1369 3065 1492 3104 vero
1521 3049 1890 3105 consideretur

523 3135 683 3188 tertio
710 3131 865 3185 modo
913 3132 1171 3202 objectum
1211 3129 1354 3199 fidei,
1404 3130 1703 3185 secuudum
1746 3128 1891 3208 quod

526 3213 828 3268 intellectus
863 3217 938 3264 est
965 3217 1143 3265 molus
1170 3227 1206 3263 a
1232 3207 1533 3275 voluntate,
1559 3213 1638 3266 sic
1662 3212 1890 3283 ponitur

525 3287 684 3350 actus
728 3293 856 3357 fidei
883 3292 1090 3346 credere
1129 3293 1189 3345 in
1237 3288 1433 3345 Deum.
1498 3290 1712 3348 Veritas
1741 3293 1886 3346 enim

520 3379 711 3449 prima
754 3375 828 3429 ad
874 3375 1206 3429 voluntalem
1267 3374 1503 3444 refertur
1529 3415 1542 3438 ,
1592 3374 1889 3429 secundum

527 3459 670 3533 quod
696 3457 853 3513 habet
877 3457 1148 3510 rationem
1174 3457 1320 3527 finis.
1347 3459 1533 3519 Quam
1562 3454 1887 3512 doctrinam

309 3558 488 3652 ss
526 3539 830 3677 rasa
858 3538 1440 3673 warrens-,5322
1466 3537 1539 3672 2²52
1567 3545 1812 3675 2555„
1827 3544 1886 3673 ἕ

388 3657 391 3666 -
492 3639 502 3649 ·
581 3639 648 3675 ac
677 3663 690 3675 .
798 3662 811 3685 ,
858 3638 917 3672 m
1113 3662 1125 3673 .
1457 3667 1462 3671 .
1496 3659 1499 3662 2
1789 3662 1801 3675 .
1869 3662 1881 3685 ,

526 3717 698 3772 super
722 3701 823 3755 illa
848 3697 1021 3754 verba
1048 3719 1060 3752 :
1094 3697 1349 3754 Credenti
1400 3699 1461 3751 in
1480 3714 1621 3764 eum,
1649 3700 1887 3774 quijus-

526 3784 699 3854 tificat
728 3782 960 3852 impium
980 3797 1000 3845 ,·
1020 3779 1241 3835 etBeda
1275 3782 1334 3834 in
1355 3797 1475 3852 cap.
1494 3781 1529 3834 2
1549 3779 1759 3844 Jacobs,
1789 3780 1886 3835 ubi

525 3861 747 3928 docent,
774 3858 921 3932 quod
948 3857 1178 3915 credere
1201 3860 1263 3914 in
1286 3862 1464 3915 Deum
1487 3861 1881 3926 convenithis,

524 3943 624 4014 qui
677 3944 857 3996 Deum
887 3944 1102 3994 amant.
1157 3937 1320 3994 Unde
1364 3940 1547 4014 magis
1583 3939 1886 3996 roboratur

525 4021 787 4079 doctrina
828 4035 1000 4090 supra
1028 4017 1237 4074 tradita
1262 4043 1274 4084 ς
1308 4035 1445 4074 nam
1472 4020 1518 4074 si
1550 4025 1703 4075 actus
1724 4019 1880 4087 fidei,

526 4107 590 4157 ut
642 4099 1066 4156 accidentaliter
1116 4099 1350 4155 vestitus
1399 4115 1466 4155 eo
1516 4107 1767 4171 iespectu
1814 4102 1884 4157 ad

523 4182 705 4237 Deum
731 4178 1002 4233 ultimum
1056 4177 1232 4233 finem
1262 4193 1433 4248 super
1478 4179 1677 4235 omnia
1705 4179 1885 4237 dilec-

520 4265 665 4328 tum,
712 4258 909 4328 nequit
935 4255 1061 4311 dari
1109 4257 1235 4312 sine
1257 4256 1444 4329 gratia
1485 4256 1880 4330 justificante;

518 4343 703 4400 multo
731 4341 927 4394 minus
957 4355 1122 4394 amor
1143 4337 1457 4403 charitatiS,
1490 4339 1580 4394 cui
1602 4343 1883 4399 essentia-

519 4423 593 4480 lis
612 4428 697 4478 est
719 4422 819 4477 ille
847 4420 1005 4486 ord0,
1035 4420 1240 4493 poterit
1273 4420 1404 4475 elici
1428 4420 1880 4493 independenter

519 4519 550 4559 a
575 4503 675 4558 tali
720 4503 922 4575 gratia.
971 4503 1038 4555 Et
1064 4499 1212 4572 quod
1240 4498 1310 4556 de
1338 4499 1428 4555 his
1477 4500 1693 4557 actibus
1720 4502 1879 4560 dixi-

514 4600 663 4650 muS,
697 4583 1100 4655 applicandum
1129 4586 1214 4637 est
1254 4583 1435 4638 motui
1465 4579 1797 4652 attritioniS,
1823 4593 1881 4644 et

516 4665 650 4722 aliis
689 4662 906 4719 actibus
946 4661 1467 4734 imperfectioribus
1498 4705 1511 4728 ,
1555 4664 1653 4737 qui
1695 4665 1759 4721 in
1811 4684 1879 4725 ea

513 4746 887 4820 responsione
932 4744 1366 4818 expenduntur;
1418 4745 1551 4818 quia
1581 4763 1750 4805 nemo
1776 4766 1877 4808 ρο-

511 4842 737 4883 rumex
782 4825 967 4897 specie
1005 4840 1107 4880 sua
1152 4826 1435 4882 convertit
1482 4826 1779 4885 hominem
1804 4831 1875 4887 ad

510 4909 694 4964 Deum
728 4905 997 4960 ultimum
1021 4903 1220 4962 finem.

336 3819 467 3862 Beda.

2622 633 2653 698 g
2694 629 2790 682 vl.

2279 788 2642 846 praecluditur
2667 788 2911 866 quendam
2934 768 3140 844 evasio.

2101 953 2230 1008 209.
2257 951 2442 1008 Aliter
2462 956 2768 1009 occurrunt
2792 950 3002 1007 rationi
3027 953 3237 1006 nostrae
3253 948 3389 1021 qui-
3427 945 3548 1037 *329

2028 1032 2163 1090 dam
2188 1051 2259 1091 ex
2278 1033 2673 1100 Adversariis3
2701 1031 3017 1089 concedunt
3031 1031 3190 1089 enim
3221 1026 3404 1087 illam
3422 1045 3536 1097 giam

2028 1116 2312 1182 evincere,
2338 1113 2488 1187 quod
2515 1114 2866 1186 principium
2893 1111 3143 1169 radicale
3171 1112 3389 1169 amoris

2028 1195 2486 1268 supernaturalis
2514 1194 2613 1251 Dei
2660 1210 2833 1266 super
2857 1193 3058 1249 omnia
3082 1191 3287 1250 debeat
3325 1193 3388 1249 in

2027 1276 2214 1348 seipso
2242 1275 2452 1340 fulciri,
2483 1279 2537 1331 et
2563 1273 2780 1330 elevari
2811 1289 2911 1345 per
2940 1273 3196 1347 aliquam
3243 1289 3388 1346 qua-

2029 1356 2252 1413 litatem
2273 1356 2795 1429 supernaturalem,
2821 1371 2945 1426 quae
2970 1354 3045 1409 sit
3068 1353 3235 1411 radix
3251 1369 3389 1426 prae-

2028 1436 2163 1493 dicti
2193 1437 2410 1493 amoris
2439 1460 2453 1502 ;
2485 1441 2547 1491 ut
2570 1437 2651 1492 sic
2677 1434 2846 1491 detur
2871 1434 3064 1492 debita
3093 1435 3391 1507 proportio

2029 1518 2182 1574 inter
2229 1518 2579 1590 principium
2638 1515 2902 1582 radicale,
2946 1522 3003 1573 et
3056 1516 3387 1587 proximum

2029 1599 2244 1654 amoris
2270 1622 2283 1665 ;
2308 1604 2366 1654 et
2412 1604 2472 1653 ut
2511 1597 2863 1670 principium
2896 1596 3144 1654 radicale
3182 1595 3386 1653 habeat

2028 1681 2304 1737 virtutem
2331 1678 2703 1736 sufficientem
2727 1678 2798 1735 ad
2824 1679 3245 1753 subjiciendum
3267 1681 3387 1737 Deo

2028 1760 2133 1817 fini
2162 1760 2586 1834 supernaturali
2609 1765 2828 1825 cuncta,
2855 1776 2981 1832 quae
2996 1765 3132 1815 sunt
3160 1760 3224 1816 in
3246 1777 3382 1834 pro·

2031 1841 2156 1913 prio
2196 1841 2519 1913 supposito.
2558 1840 2765 1895 Dicunt
2805 1846 3019 1905 tamen,
3044 1838 3195 1912 quod
3238 1841 3390 1897 sicut

2026 1920 2270 1993 qualitas
2300 1926 2522 1992 recepta
2549 1920 2611 1975 in
2634 1919 2919 1992 principio
2959 1921 3230 1992 ⁴proxime
3249 1936 3386 1994 ope-

2028 1999 2546 2073 rativoaliquando
2582 2004 2665 2056 est
2710 1999 3040 2067 habitualiS,
3072 2006 3127 2058 et
3154 2016 3390 2073 perma-

2026 2096 2172 2137 nens
2205 2105 2219 2147 ;
2245 2079 2553 2152 aliquando
2573 2096 2712 2136 vero
2732 2080 3040 2145 transienS,
3088 2087 3143 2138 et
3171 2081 3386 2139 fluida:
3410 2104 3413 2107 *
3617 2096 3626 2131 Ι

2026 2161 2104 2217 ita
2146 2162 2389 2233 qualitas
2436 2166 2655 2233 recepta
2698 2160 2761 2214 in
2803 2161 3090 2234 principio
3145 2161 3385 2219 radicali

2025 2245 2206 2313 potest
2254 2241 2506 2297 conferri
2549 2246 2977 2312 permanenter,
3015 2247 3072 2298 et
3109 2241 3213 2300 hoc
3244 2259 3385 2301 con-

2022 2324 2196 2397 tingit
2239 2324 2310 2380 de
2358 2325 2478 2395 lege
2529 2322 2868 2390 ordinaria;
2905 2328 2961 2379 et
2988 2329 3166 2396 potest
3205 2326 3383 2382 etiam

2022 2406 2438 2462 communicari
2479 2422 2581 2478 per
2608 2405 2844 2462 modum
2872 2407 3250 2469 transeuntis.
3286 2407 3384 2464 id-

2022 2503 2131 2558 que
2158 2486 2411 2543 accidere
2439 2487 2590 2543 valet
2608 2486 2678 2542 de
2701 2487 2951 2558 potentia
2975 2486 3074 2542 Dei
3097 2486 3377 2545 absoluta.

2024 2566 2190 2624 Unde
2213 2568 2343 2623 licet
2365 2582 2527 2622 amor
2542 2567 2642 2622 Dei
2663 2566 3124 2638 supernaturalis
3139 2575 3388 2640 nequeat

2023 2649 2154 2704 elici
2207 2648 2419 2721 absque
2447 2649 2729 2720 principio
2759 2647 2997 2704 radicali
3032 2656 3386 2721 supernatu-

2026 2728 2151 2795 rali,
2194 2728 2287 2784 vel
2312 2728 2865 2800 supernaturalizato
2895 2743 2995 2800 per
3037 2730 3385 2802 qualitatem

2023 2806 2245 2864 ordinis
2265 2806 2451 2863 divini
2479 2829 2492 2871 ;
2517 2807 2760 2863 minime
2800 2813 2995 2864 tamen
3022 2808 3160 2865 hinc
3179 2810 3386 2883 sequi-

2022 2894 2136 2956 tur,
2169 2888 2317 2961 quod
2359 2888 2684 2964 hujusmodi
2733 2888 2980 2946 radicale
3027 2890 3388 2963 principium

2022 2968 2224 3026 debeat
2267 2986 2388 3027 esse
2425 2970 2611 3044 gratia
2637 2968 2986 3036 habitualis;
3026 2971 3126 3028 sed
3154 2972 3382 3040 sufficit,

2021 3049 2170 3122 quod
2211 3052 2285 3105 sit
2305 3052 2552 3123 qualitas
2598 3049 2774 3106 fluida
2824 3050 2893 3106 ad
2924 3052 3108 3108 instar
3152 3068 3381 3119 earum,

2022 3146 2146 3201 quae
2166 3129 2228 3184 in
2259 3131 2527 3203 potentiis
2550 3131 2923 3203 recipiuntur.
2945 3135 3126 3196 Quam
3154 3148 3388 3206 respon-

2022 3210 2245 3266 sionem
2300 3210 2572 3283 approbat
2626 3215 2858 3268 Arauxo
2882 3215 2936 3279 2,
2968 3215 3024 3279 2,
3069 3221 3253 3289 quaest.
3283 3216 3379 3277 23.
3413 3223 3594 3268 Aramo.

2022 3298 2135 3346 art.
2178 3293 2232 3355 2,
2277 3292 2406 3348 dub.
2447 3295 2502 3358 2,
2536 3294 2596 3347 in
2621 3310 2760 3366 resp.
2793 3293 2868 3347 ad
2915 3294 2934 3348 l
2980 3300 3028 3347 et
3056 3294 3111 3360 2,
3143 3294 3385 3349 secundae

2020 3373 2307 3428 sentcntiae.

2096 3452 2203 3509 Sed
2226 3453 2342 3511 haec
2384 3454 2594 3511 solutio
2616 3452 2732 3511 non
2758 3455 3035 3511 satisfacit
3068 3459 3381 3529 :quoniam
3422 3469 3579 3511 Everti-

2024 3535 2082 3591 id
2128 3534 2279 3607 quod
2327 3537 2599 3609 recipitur
2640 3536 2972 3594 immediate
3002 3538 3065 3593 in
3092 3541 3383 3613 principio
3447 3524 3528 3561 ω’·

2024 3615 2260 3672 radicali
2309 3618 2541 3683 amoris,
2574 3634 2781 3690 nempe
2808 3618 2868 3673 in
2892 3617 3213 3677 substantia
3246 3621 3382 3677 ani-

2023 3714 2163 3764 mae,
2208 3700 2300 3755 vel
2351 3705 2573 3756 natura}
2614 3701 2997 3767 intellectivae,
3047 3701 3215 3759 debet
3258 3719 3386 3760 esse

2020 3778 2404 3837 determinate
2437 3781 2623 3855 gratia
2660 3781 3022 3839 sanctificans
3049 3804 3061 3837 z
3085 3799 3221 3857 ergo
3240 3784 3290 3839 si
3311 3782 3386 3839 ad

2021 3862 2371 3918 eliciendum
2418 3879 2676 3919 amorem
2720 3865 3220 3937 supernaturalem
3241 3866 3386 3922 cha·

2022 3945 2230 4011 ritati5‚
2301 3951 2505 4017 praeter
2550 3945 2934 4003 elevationem
2987 3952 3272 4019 receptam
3316 3949 3385 4004 in

2001 4028 2314 4083 »voluntate
2361 4026 2675 4099 requiritur
2728 4027 2842 4083 alia
2887 4028 3134 4100 qualitas
3161 4034 3389 4101 recepta

2020 4106 2354 4164 immediate
2413 4109 2475 4163 in
2526 4107 2812 4179 principio
2853 4108 3109 4175 radicali,
3164 4109 3386 4183 liquido

2020 4189 2288 4254 infertur,
2323 4204 2441 4245 non
2469 4205 2628 4261 posse
2677 4190 2807 4246 elici
2867 4206 3124 4247 amorem
3175 4208 3385 4264 super-

2022 4273 2345 4326 naturalem
2412 4271 2749 4336 charitatiS,
2815 4271 2928 4326 nisi
2987 4271 3381 4344 dependenter

2018 4367 2051 4405 a
2077 4351 2262 4424 gratia
2299 4351 2731 4418 sanctificante;
2775 4351 2924 4423 quod
2975 4354 3114 4409 satis
3164 4360 3249 4411 est
3303 4353 3379 4410 ad

2015 4431 2320 4487 veritatem
2348 4438 2556 4488 nostrae
2595 4432 2952 4489 assertionis¹
2997 4435 3367 4507 Consequen-

2015 4511 2096 4567 tia
2122 4517 2292 4585 patet.
2338 4514 2413 4567 Et
2438 4511 2774 4569 antecedens
2813 4513 3102 4580 suadetur,
3128 4514 3265 4586 quia
3312 4514 3375 4571 id
3431 4546 3564 4591 Runa

2014 4590 2164 4662 quod
2225 4591 2498 4663 recipitur
2559 4591 2892 4648 immediate
2945 4593 3006 4648 in
3053 4592 3579 4655 substantiammns

2014 4670 2243 4736 animae,
2273 4687 2390 4727 nou
2404 4670 2708 4728 ordinatur
2724 4688 2824 4744 per
2842 4687 2903 4728 se
2925 4673 3115 4744 primo
3136 4672 3207 4728 ad
3232 4653 3596 4745 ope-'fgssssf‘

2015 4753 2319 4820 rationem,
2364 4752 2462 4809 sed
2491 4751 2561 4809 ad
2589 4769 2729 4817 esse,
2762 4753 2884 4809 sive
2924 4752 2994 4809 ad
3040 4754 3369 4811 communi·
3387 4745 3574 4789 &¹⁰³²

2012 4833 2261 4890 candum
2318 4834 2547 4901 animae,
2593 4841 2654 4890 ut
2679 4835 2755 4890 sit
2794 4835 2858 4892 in
2888 4834 3079 4907 aliquo
3113 4835 3320 4893 ordine
3354 4805 3584 4902 ιιῗίξίιῗῖεἷ

2011 4913 2109 4971 sed
2153 4930 2272 4971 non
2298 4920 2479 4988 potest
2505 4915 2766 4972 ordinari
2795 4914 2865 4971 ad
2912 4930 3048 4995 esse·
3078 4917 3364 4983 naturale,
3387 4898 3588 4986 ἷξῗιὲξξζ

2009 4996 2135 5054 sive
2177 4996 2249 5053 ad
2289 4995 2752 5054 constituendum
2794 4997 3049 5054 animam
3072 4997 3136 5053 in
3163 4997 3376 5056 ordine

2011 5078 2267 5134 naturali
2316 5102 2328 5134 ι
2372 5094 2509 5153 ergo
2561 5076 2868 5136 ordinatur
2919 5094 3020 5151 per
3062 5093 3124 5134 se
3174 5079 3373 5152 primo

3289 5159 3363 5216 ad
