3647 5753
305 2966 464 3022 ContJr·

288 3018 291 3021 '
312 3019 457 3059 mano.

317 4933 427 4991 Effu-

309 4992 436 5035 grum.

504 428 616 482 736
1454 437 1546 491 DE
1586 435 1910 491 INFLUXU
1950 434 2403 493 CHARITATIS.

500 597 676 655 homo
713 600 892 657 vitam
946 606 1223 660 aeternam
1271 625 1286 662 t
1326 621 1462 680 ergo
1507 622 1618 679 quo
1666 607 1862 678 plures

493 679 717 736 fuerint
758 681 821 737 in
860 682 1115 755 quolibet
1152 691 1277 742 actu
1318 688 1617 746 meritorio
1658 689 1863 763 hujus-

496 761 654 819 modi
677 762 907 837 graduS,
940 781 1007 823 eo
1027 767 1164 825 vitae
1185 774 1416 827 aeternae
1438 771 1531 844 plu
1541 788 1630 829 res
1648 770 1862 846 gradus

497 858 599 915 per
621 843 791 901 illum
810 848 1255 918 promerebitur.
1278 853 1409 910 Haec
1432 853 1712 927 posterior
1731 868 1862 909 con·

495 926 793 997 sequentia
813 926 1041 985 videtur
1059 933 1219 1005 sequi
1249 949 1321 991 ex
1350 934 1531 1007 priori
1554 958 1568 1002 ;
1598 951 1737 992 nam
1760 934 1859 991 ubi

499 1007 775 1065 meritum
803 1014 888 1066 est
912 1012 1225 1072 secundum
1252 1018 1463 1091 gradus
1490 1017 1781 1086 bonitatis,
1805 1023 1863 1075 et

500 1105 700 1146 omnes
737 1092 948 1166 gradus
981 1102 1116 1152 sunt
1156 1099 1461 1168 meritorii,
1498 1102 1624 1174 plus
1663 1101 1859 1157 meriti

500 1172 946 1244 coi-respondere
997 1175 1160 1235 debet
1216 1180 1499 1253 pluribus,
1544 1187 1600 1238 et
1662 1182 1861 1239 minus

500 1252 880 1322 paucioribus.
916 1256 1085 1315 Prior
1111 1259 1287 1317 etiam
1313 1263 1571 1335 sequitur
1596 1277 1668 1319 ex
1696 1266 1860 1319 ante-

495 1329 737 1398 cedenti,
762 1336 1038 1406 quoniam
1067 1344 1220 1395 actus
1245 1341 1560 1399 secundum
1586 1347 1770 1399 totum
1799 1342 1860 1400 id

495 1411 665 1468 habet
684 1428 807 1471 esse
829 1418 1182 1488 meritorius,
1207 1422 1357 1495 quod
1379 1424 1442 1481 in
1462 1440 1528 1482 eo
1558 1424 1861 1497 participat

498 1490 805 1551 formalem
849 1497 1131 1556 rationem
1173 1503 1456 1571 merendi,
1487 1509 1544 1561 et
1574 1520 1641 1560 ea
1669 1503 1860 1561 infor-

498 1579 694 1631 matur
726 1598 738 1632 :
780 1593 916 1653 ergo
954 1581 1003 1637 si
1043 1583 1357 1641 secundum
1399 1602 1600 1644 omnes
1649 1586 1860 1660 gradus

497 1654 789 1742 bonitatiS,
823 1659 921 1732 qui
965 1660 1026 1716 in
1062 1663 1185 1736 ipso
1210 1671 1361 1734 sunt,
1396 1668 1698 1741 participat
1722 1684 1860 1744 gra-

499 1740 660 1802 tiam,
686 1743 742 1794 et
769 1739 1128 1809 charitatem,
1161 1763 1286 1819 quas
1311 1753 1445 1803 sunt
1473 1749 1619 1806 ratio
1648 1749 1860 1807 forma-

499 1816 571 1871 lis
598 1818 813 1885 meriti,
846 1825 900 1876 et
927 1823 1239 1882 secundum
1282 1844 1481 1885 omnes
1508 1829 1629 1885 illis
1670 1830 1857 1886 infor-

497 1903 707 1964 matur,
743 1915 860 1956 non
901 1905 1108 1973 poterit
1149 1924 1264 1965 non
1302 1909 1616 1966 secundum
1656 1927 1858 1969 omnes

493 1993 617 2035 esse
638 1981 991 2040 meritorius.
1007 1989 1361 2047 Antecedens
1380 2007 1519 2048 vero
1547 1991 1817 2064 probatur
1840 2012 1854 2047 ε

494 2064 616 2115 tum
653 2061 787 2133 quia
814 2063 877 2119 in
905 2071 1050 2136 actu,
1082 2085 1253 2140 quem
1288 2072 1473 2145 justus
1499 2088 1568 2129 ex
1609 2073 1858 2146 imperio

493 2137 789 2198 charitatis
841 2146 1016 2214 elicit,
1059 2149 1210 2205 nihil
1255 2148 1527 2208 bonitatis
1565 2158 1651 2210 est
1694 2169 1850 2211 mor·

497 2224 680 2288 tuum,
708 2229 805 2279 aut
826 2225 1079 2286 informe
1111 2252 1123 2286 :
1154 2246 1288 2305 ergo
1310 2232 1373 2288 in
1400 2232 1504 2288 illo
1524 2249 1724 2291 omnes
1752 2234 1857 2293 bo-

495 2303 694 2360 nitatis
718 2308 930 2380 gradus
972 2312 1196 2378 vivunt,
1228 2320 1283 2370 et
1311 2315 1704 2372 informantur
1736 2317 1856 2374 vita

492 2387 692 2459 gratiae
718 2395 773 2444 et
798 2392 1113 2450 charitatis.
1152 2396 1299 2450 Tum
1328 2397 1524 2462 etiam,
1556 2398 1691 2471 quia
1717 2399 1858 2454 cha-

495 2467 636 2524 ritas
665 2469 957 2541 imperans
985 2476 1154 2531 illum
1184 2483 1387 2545 actum,
1414 2483 1592 2536 totum
1621 2479 1769 2552 quod
1792 2481 1855 2536 in

494 2549 618 2620 ipso
643 2556 745 2615 est,
778 2557 943 2625 atque
964 2556 1104 2614 adeo
1125 2573 1326 2614 omnes
1351 2559 1562 2633 gradus
1584 2560 1856 2618 bonitatis

497 2629 658 2686 illius
681 2631 856 2689 refert
877 2635 940 2692 in
962 2639 1131 2696 suu'm
1154 2637 1332 2697 finem
1368 2661 1380 2696 :
1408 2642 1507 2698 sed
1550 2641 1754 2699 referri
1784 2642 1855 2700 ad

496 2711 825 2783 hujusmodi
869 2715 1065 2783 finem,
1091 2725 1177 2776 est
1214 2721 1541 2779 formaliter
1578 2724 1856 2781 charitate

500 2792 829 2862 informari,
860 2803 918 2854 et
949 2801 1134 2872 gratia
1159 2818 1172 2852 :
1204 2819 1404 2859 omnes
1430 2817 1566 2879 ergo
1594 2803 1854 2879 praedicti

499 2872 710 2948 gradus
740 2893 840 2950 per
869 2880 1000 2936 illas
1027 2881 1442 2940 informantur.

575 2956 962 3017 confirmatur
995 2984 1008 3018 ε
1036 2965 1308 3036 quoniam
1340 2964 1565 3024 bonitas
1590 2970 1850 3036 moralis,

498 3053 622 3111 quae
640 3045 813 3097 estex
841 3043 973 3099 aliis
994 3044 1303 3103 virtutibus
1331 3047 1393 3103 in
1424 3048 1639 3104 actibus
1667 3050 1856 3124 impe-

500 3119 639 3175 ratis
667 3136 697 3177 a
720 3121 1015 3193 charitate,
1044 3141 1161 3183 non
1198 3143 1298 3199 per
1330 3127 1607 3195 accidens,
1632 3130 1731 3187 sed
1753 3147 1856 3204 per

495 3215 557 3255 se
595 3198 766 3257 habet
810 3202 879 3259 ad
923 3206 1198 3263 meritum
1244 3208 1645 3267 vitoe·aeternae
1678 3228 1856 3287 :ergo

496 3279 559 3334 in
582 3279 701 3335 illis
722 3282 835 3338 erit
856 3287 1042 3360 majus
1058 3288 1353 3356 meritum,
1368 3290 1430 3347 in
1451 3290 1658 3363 quibus
1681 3292 1855 3349 fuerit

496 3360 679 3432 major
702 3361 927 3421 bonitas
947 3369 1207 3425 moralis,
1233 3371 1647 3444 Consequentia
1666 3379 1852 3442 tenet3

497 3443 724 3499 namin
754 3445 864 3513 his,
887 3463 1012 3519 quae
1035 3456 1169 3506 sunt
1206 3467 1308 3524 per
1348 3468 1427 3518 se,
1469 3454 1549 3510 sic
1586 3470 1647 3511 se
1686 3455 1856 3512 habet

494 3527 673 3594 mayis
697 3526 771 3580 ad
790 3532 985 3598 maqiS,
1010 3531 1154 3588 sicut
1180 3534 1500 3605 simpliciter
1525 3536 1599 3591 ad
1634 3538 1856 3611 simpli-

494 3606 643 3661 citer.
691 3608 759 3662 Et
798 3610 1134 3669 antecedens
1181 3612 1471 3685 probatur,
1524 3618 1658 3690 quia
1703 3617 1854 3691 quod

495 3700 598 3757 per
623 3702 684 3744 se
713 3695 878 3763 auget
903 3692 1161 3749 valorem
1185 3698 1357 3761 actus,
1392 3712 1491 3769 per
1516 3714 1638 3755 sese
1686 3698 1855 3755 habet

495 3764 566 3821 ad
594 3768 714 3841 eJ‘us
754 3765 1027 3828 meritum
1063 3794 1076 3828 ε
1105 3781 1324 3831 certum
1351 3784 1437 3833 est
1464 3783 1672 3845 autem,
1704 3779 1853 3853 quod

494 3847 718 3906 bonitas
763 3853 1164 3929 cujuscumque
1209 3858 1440 3915 virtutis
1486 3868 1651 3936 auget
1703 3862 1856 3918 hunc

497 3930 788 3999 valorem3
837 3935 1031 3991 valent
1076 3938 1234 3993 enim
1277 3945 1431 3996 actus
1472 3942 1674 4008 nostri,
1719 3942 1854 4015 quia

493 4009 631 4069 boni
671 4020 833 4078 sunt;
880 4023 936 4072 et
980 4020 1183 4093 magis,
1222 4020 1357 4092 quia
1397 4023 1668 4079 meliores
1695 4029 1850 4080 sunt.

492 4093 710 4153 Deinde
730 4095 809 4162 id,
840 4097 990 4170 quod
1009 4106 1093 4156 est
1122 4116 1221 4174 per
1247 4117 1325 4168 se,
1353 4109 1413 4159 ut
1435 4111 1588 4161 actus
1616 4123 1649 4163 a
1670 4100 1854 4163 chari·

403 4236 405 4238 ,
494 4182 607 4234 tate
627 4178 965 4251 imperetur,
995 4178 1093 4254 per
1113 4180 1279 4241 se'est
1299 4186 1369 4242 ad
1391 4188 1668 4244 meritum
1692 4190 1853 4247 illius

494 4266 747 4333 respectu
774 4263 906 4319 vitas
945 4270 1188 4332 aeternae,
1222 4284 1351 4324 cum
1380 4270 1707 4345 hujusmodi
1737 4275 1853 4332 im-

494 4343 720 4414 perium
748 4345 821 4400 sit
849 4345 1289 4407 formalis‘ratio
1316 4352 1480 4409 istius
1507 4356 1703 4413 meriti
1738 4380 1752 4415 :
1781 4357 1853 4415 ad

493 4424 598 4480 hoc
625 4431 814 4482 autem
844 4444 944 4500 per
972 4445 1032 4485 se
1058 4434 1144 4486 est
1170 4429 1393 4490 bonitas
1414 4437 1688 4505 moralis;
1714 4455 1850 4496 nam

493 4505 704 4564 idcirco
749 4515 903 4565 actus
942 4528 976 4568 a
1015 4513 1290 4571 charitate
1335 4516 1673 4590 imperatur,
1716 4522 1852 4593 quia

493 4588 674 4645 bonus
699 4596 810 4653 est;
836 4609 970 4651 nam
1001 4595 1209 4654 idcirco
1229 4604 1313 4655 est
1341 4601 1403 4655 in
1432 4604 1609 4658 Deum
1642 4604 1852 4661 referi-

491 4671 628 4728 bilis
653 4694 667 4730 ε
699 4674 851 4732 unde
872 4683 1026 4733 actus
1054 4695 1170 4736 non
1199 4680 1397 4750 bonus,
1427 4685 1571 4742 sicut
1613 4703 1728 4743 non
1767 4694 1853 4744 est

492 4754 555 4810 in
582 4756 761 4811 Deum
793 4757 1122 4828 referibiliS,
1156 4762 1235 4820 ita
1278 4765 1475 4837 nequit
1502 4783 1535 4823 a
1571 4767 1851 4826 charitate

490 4837 770 4909 imperari
803 4860 816 4895 ε
844 4857 998 4916 erg0,
1023 4849 1126 4902 etc.
1692 4856 1697 4861 '

565 4913 656 4969 35.
701 4914 1088 4987 Respondebis
1133 4919 1279 4977 forte
1319 4921 1390 4978 ad
1443 4931 1849 4997 argumentum

492 4994 752 5067 negando
772 4997 1078 5057 secundam
1107 5006 1592 5076 consequentiam,
1619 5008 1753 5079 quia
1781 5008 1851 5064 li-

489 5084 572 5133 cet
595 5091 795 5133 omnes
816 5080 1027 5155 gradus
1049 5082 1338 5150 bonitatiS‚
1365 5087 1462 5159 qui
1484 5092 1617 5142 sunt
1640 5087 1703 5144 in
1726 5094 1850 5145 actu

1989 605 2311 673 meritori0,
2339 605 2737 664 informentur
2761 604 3057 672 charitate,
3081 607 3252 676 atque
3279 601 3360 658 ita

1989 685 2303 743 secundum
2318 703 2520 744 omnes
2534 687 2668 744 illos
2682 687 2758 742 sit
2771 685 3107 743 meritorius
3121 707 3137 751 ;
3160 687 3359 740 tamen

1992 767 2105 823 nisi
2132 773 2343 824 crescat
2370 768 2640 837 charitas,
2667 785 2794 843 quae
2811 773 2897 826 est
2924 765 3070 824 ratio
3091 762 3362 821 formalis

1992 848 2326 923 augescendi
2349 850 2646 917 meritum,
2680 864 2978 923 nunquam
3001 847 3066 903 in
3086 859 3156 903 eo
3175 845 3360 901 meri-

1991 933 2115 985 tum
2136 936 2453 993 excrescet:
2485 948 2668 1006 neque
2708 932 2819 989 erit
2856 931 2983 1005 plus
3021 927 3093 984 de
3136 927 3364 983 ratione

1992 1013 2187 1069 meriti
2215 1013 2280 1070 in
2306 1014 2577 1072 omnibus
2599 1016 2722 1072 illis
2761 1011 3035 1089 gradibus
3063 1009 3360 1078 bonitatis,

1991 1109 2164 1166 quam
2188 1100 2338 1151 esset
2364 1096 2426 1152 in
2453 1096 2718 1172 singulis,
2749 1096 2799 1152 si
2840 1092 3042 1152 eadem
3079 1090 3363 1150 charitate

1991 1176 2476 1236 informarentur.
2508 1179 2672 1237 Unde
2699 1180 2831 1236 licet
2858 1192 3064 1235 omnes
3090 1175 3365 1233 denomi-

1992 1262 2204 1315 nentur
2230 1261 2541 1329 meritorii,
2575 1278 2693 1319 non
2725 1266 2924 1318 tamen
2952 1273 3054 1332 per
3080 1258 3361 1314 meritum

1992 1338 2185 1412 aliquo
2206 1341 2378 1400 modo
2400 1344 2512 1417 maj
2521 1360 2604 1409 uS,
2626 1348 2722 1399 aut
2736 1341 3072 1398 distinctum
3097 1355 3131 1396 a
3150 1337 3363 1395 merito

1993 1422 2435 1497 uniuscujusque
2456 1444 2469 1480 ι
2486 1425 2631 1481 sicut
2651 1439 2754 1481 nec
2768 1422 3038 1488 charitas,
3058 1436 3171 1495 qua
3185 1435 3366 1476 unus-

1989 1502 2226 1576 quisque
2240 1503 2614 1571 informatur,
2633 1509 2718 1561 est
2733 1503 2926 1577 aliquo
2942 1501 3115 1560 modo
3137 1501 3359 1567 minor,

1990 1584 2083 1640 vel
2120 1583 2389 1642 distincta
2415 1601 2450 1642 a
2476 1586 2773 1653 charitate,
2815 1600 2943 1659 quas
2982 1598 3187 1642 omnes
3227 1582 3367 1639 illos

1988 1663 2290 1723 informat.

2060 1744 2147 1800 Ad
2174 1745 2673 1805 confirmationem
2710 1747 2887 1804 etiam
2927 1745 3158 1803 videtur
3195 1760 3364 1816 posse

1988 1826 2187 1899 negari
2232 1827 2700 1899 consequentiam
2718 1869 2731 1892 ,
2782 1827 2918 1899 quia
2963 1825 3070 1882 etsi
3125 1824 3363 1881 bonitas

1987 1908 2227 1964 moralis
2247 1909 2498 1965 aliarum
2521 1909 2809 1966 virtutum
2832 1925 2949 1967 non
2970 1924 3032 1964 se
3053 1907 3262 1965 habeat
3283 1907 3361 1964 ad

1987 1989 2262 2045 meritum
2306 2006 2407 2062 per
2450 1989 2728 2058 accidens,
2761 1991 2933 2048 habet
2970 2004 3032 2045 se
3057 1993 3259 2046 tamen
3285 1988 3360 2045 ad

1988 2068 2134 2125 illud
2174 2069 2245 2127 de
2271 2071 2582 2139 materiali,
2615 2088 2746 2129 cum
2790 2072 2936 2129 ratio
2964 2069 3235 2128 formalis
3260 2086 3365 2128 so-

1987 2150 2109 2207 lum
2136 2153 2213 2208 sit
2235 2153 2507 2221 charitaS,
2533 2158 2596 2210 ut
2620 2154 2837 2212 dictum
2875 2159 2962 2212 est
2994 2175 3008 2209 z
3038 2150 3192 2210 unde
3218 2153 3364 2226 quia

1986 2233 2216 2291 effectus
2260 2234 2523 2292 formalis
2564 2251 2681 2292 non
2721 2236 2941 2301 crescit,
2980 2235 3096 2290 nisi
3142 2240 3365 2292 crescat

1987 2314 2175 2372 forma
2208 2340 2222 2382 ;
2277 2316 2407 2373 ideo
2457 2317 2832 2388 quantumvis
2876 2320 3091 2372 crescat
3129 2314 3366 2372 bonitas

1987 2398 2227 2453 moralis
2248 2397 2488 2472 alicujus
2516 2403 2689 2463 actuS,
2722 2397 2837 2454 nisi
2867 2401 3143 2470 augeatur
3167 2397 3366 2453 chari-

1987 2479 2092 2541 tas,
2124 2478 2353 2533 nullum
2376 2478 2429 2535 ei
2454 2476 2730 2534 meritum
2759 2481 3047 2535 accrescet.

2062 2557 2155 2613 36.
2185 2556 2293 2613 Sed
2334 2557 2455 2615 haec
2492 2559 2702 2616 solutio
2743 2574 2862 2615 non
2896 2557 3139 2614 omnino
3181 2557 3546 2618 solvitPn-aedu-

1987 2645 2243 2696 nostram
2292 2642 2576 2698 rationem
2612 2661 2625 2697 :
2671 2648 2727 2699 et
2777 2645 2973 2700 contra
3012 2655 3141 2696 eam
3189 2645 3362 2714 urget
3400 2622 3527 2668 ΜΨ·

1987 2722 2196 2795 primo,
2228 2721 2377 2795 quod
2403 2722 2496 2779 ubi
2525 2724 2589 2779 in
2610 2724 2811 2781 eodem
2833 2727 2956 2779 actu
2980 2720 3354 2789 humilitatiS,

1986 2808 2461 2878 v.g.concurrunt
2481 2805 2674 2876 plures
2688 2802 2898 2878 gradus
2917 2801 3210 2867 bonitatiS‚
3234 2815 3358 2857 non

1988 2886 2182 2941 minus
2228 2885 2622 2941 informantur
2667 2901 2868 2942 omnes
2912 2883 3361 2954 (formalissime

1987 2964 2290 3038 loquendo)
2317 2982 2350 3022 a
2370 2965 2558 3022 forma
2579 2965 2894 3032 charitatiS,
2928 2980 3052 3038 quae
3074 2963 3362 3021 informat

1987 3047 2318 3121 praedictum
2348 3052 2553 3114 actum,
2587 3064 2691 3104 nec
2735 3047 2931 3103 minus
2968 3045 3039 3103 de
3072 3062 3142 3103 ea
3169 3062 3362 3103 unus-

1984 3131 2221 3204 quisque
2260 3145 2482 3198 eorum,
2515 3134 2792 3204 tanquam
2821 3147 2851 3187 a
2881 3130 3068 3187 forma
3113 3129 3364 3202 partici-

1987 3217 2099 3285 pat,
2123 3228 2294 3285 quam
2318 3212 2798 3279 informarentur,
2831 3217 2886 3268 et
2915 3210 3357 3284 participarent,

1984 3294 2033 3349 si
2062 3299 2250 3350 essent
2288 3293 2556 3366 separati,
2588 3300 2643 3350 et
2670 3293 2955 3351 distinctis
2981 3291 3187 3350 formis
3214 3292 3362 3349 cha·

1987 3374 2175 3431 ritatis
2191 3390 2349 3446 aeque
2360 3374 2604 3431 intensis
2619 3375 2851 3449 physice
2866 3374 3353 3431 informarentur.

1985 3455 2093 3512 Sed
2122 3456 2184 3511 in
2207 3456 2312 3512 hoe
2339 3471 2468 3511 casu
2509 3455 2635 3528 plus
2663 3455 2860 3514 meriti
2902 3453 3172 3511 omnibus
3200 3470 3364 3527 prae-

1985 3534 2151 3591 dictis
2183 3534 2474 3609 gradibus,
2505 3551 2677 3608 quam
2704 3551 2908 3592 eorum
2947 3534 3195 3608 singulis
3224 3550 3361 3591 cor-

1988 3616 2358 3690 responderet
2381 3640 2395 3683 ;
2452 3622 2508 3673 et
2558 3632 2669 3689 quo
2718 3621 2908 3673 essent
2959 3616 3172 3687 plures,
3229 3615 3363 3689 plus

1984 3715 2186 3757 eorum
2230 3698 2505 3755 meritum
2548 3704 2868 3772 augeretur,
2915 3696 3151 3755 haberet
3191 3699 3360 3755 euim

1987 3785 2118 3837 tunc
2146 3779 2533 3851 unusquisque
2555 3778 2857 3851 proprium
2881 3777 3156 3834 meritum
3183 3794 3217 3834 a
3240 3795 3364 3836 me·

1987 3864 2098 3920 rito
2119 3856 2369 3919 aliorum
2391 3859 2744 3916 distinctum.
2765 3862 2914 3934 Ergo
2934 3860 3112 3916 etiam
3136 3860 3202 3916 in
3222 3877 3359 3917 casu

1985 3950 2180 4002 nostro
2208 3944 2312 4000 hoc
2334 3945 2523 4016 ipsum
2552 3942 2864 4001 habebunt.
2893 3943 3108 4009 Minor,
3136 3948 3192 3999 et
3214 3960 3363 4001 con-

1983 4029 2279 4101 sequentia
2323 4031 2602 4083 constant.
2646 4027 2832 4100 Major
2870 4042 3009 4083 vero
3053 4026 3357 4093 suadetur,

1983 4108 2118 4181 quia
2136 4107 2377 4179 (caeteris
2399 4104 2655 4180 paribus)
2676 4123 2795 4164 non
2817 4106 3013 4162 minus
3034 4123 3240 4164 omnes
3262 4108 3358 4166 illi

1981 4190 2193 4265 gradus
2243 4190 2409 4246 unica
2462 4189 2651 4246 forma
2699 4189 2997 4247 charitatis
3043 4189 3360 4249 informati

1985 4270 2319 4328 referuntur
2346 4270 2416 4326 ad
2444 4269 2623 4327 finem
2657 4269 2974 4337 charitatis,
3009 4286 3113 4327 nec
3151 4272 3362 4329 minus

1983 4353 2130 4410 fiunt
2153 4359 2383 4427 propter
2406 4354 2604 4421 Deum,
2626 4357 2723 4409 aut
2744 4352 3108 4426 participant,
3136 4354 3364 4412 forma-

1983 4435 2204 4492 lissime
2227 4432 2528 4507 loquendo,
2549 4434 2828 4500 valorem,
2847 4438 2903 4490 et
2919 4434 3102 4490 vitam
3124 4436 3356 4509 gratiae,

1981 4533 2153 4591 quam
2181 4517 2230 4572 si
2258 4517 2505 4589 separati
2545 4521 2752 4582 essent,
2783 4520 2840 4572 et
2873 4531 2975 4587 per
3003 4516 3201 4589 plures
3230 4518 3360 4576 for-

1981 4614 2106 4654 mas
2158 4596 2390 4670 physice
2451 4611 2608 4669 aeque
2680 4596 2935 4652 intensas
2983 4611 3015 4652 a
3068 4596 3360 4657 charitate

1982 4679 2459 4746 informarentur,
2494 4682 2554 4731 ut
2574 4692 2646 4733 ex
2670 4692 2731 4734 se
2772 4682 2974 4733 notum
3009 4675 3263 4744 videtur,
3297 4686 3358 4737 et

1980 4761 2230 4819 intuenti
2258 4759 2554 4818 constabit.

2054 4840 2462 4907 confirmatur,
2493 4844 2548 4895 et
2583 4839 2901 4912 explicatur
2948 4839 3161 4914 primo,
3209 4844 3358 4916 quia
3389 4870 3525 4924 ,ΜΝ

1981 4938 2098 4981 non
2124 4927 2235 4979 stat
2261 4921 2510 4994 aliquem
2539 4927 2726 4979 actum
2746 4936 2867 4979 esse
2885 4922 3199 4980 moraliter
3220 4941 3358 4984 me·
3399 4923 3549 5017 ffi-

1981 5007 2207 5073 liorem,
2237 5011 2293 5062 et
2322 5020 2438 5063 non
2467 5005 2775 5063 informari
2815 5021 2882 5063 eo
2910 5005 3051 5078 ips0,
3085 5010 3188 5063 aut
3216 5024 3357 5067 ma-

1978 5088 2084 5163 gis,
2111 5093 2207 5145 aut
2229 5088 2437 5162 majori
2459 5087 2736 5147 charitate
2762 5104 2935 5164 :ergo
2955 5104 3140 5163 neque
3166 5092 3358 5224 etizn}

2223 5190 2226 5195 ’
3166 5171 3260 5224 sta
3309 5187 3328 5224 1
