3647 5753
1381 339 1564 395 DISP.
1607 340 1705 407 111,
1750 340 1917 397 DUB.
1960 342 2058 396 111.

237 522 415 591 potest
442 514 590 588 apud
620 517 688 570 N.
724 515 1011 587 Complut.
1043 516 1103 568 in
1145 512 1240 568 lib.
1270 513 1333 567 cle
1357 518 1601 582 qenerat.

233 599 373 670 disp.
397 598 451 664 2,
479 602 661 674 qucest.
696 596 729 649 8
755 618 770 661 ;
795 610 930 668 ergo
952 610 1024 650 ex
1050 598 1245 650 mente
1267 593 1324 648 S.
1349 591 1606 649 Doctoris

235 683 387 736 actus
414 678 511 751 qui
544 677 749 733 ultimo
776 675 1091 748 disponunt
1133 673 1202 730 ad
1239 671 1607 747 justificatio-

236 776 388 825 nem,
421 759 501 815 ita
524 755 852 830 praecedunt
871 756 1121 830 gratiam
1150 753 1602 812 sanctificantem

236 843 297 898 in
342 856 550 915 genere
607 856 790 897 causae
844 838 1163 895 materialis
1210 836 1597 909 dispositivae,

231 921 380 995 quod
416 921 802 977 nihilominus
830 924 1150 992 sequuntur
1181 922 1303 991 post
1344 917 1509 973 illam
1540 917 1603 972 in

229 1018 437 1078 genere
482 1018 662 1058 causae
706 1000 1026 1057 efficientis
1067 999 1249 1056 'l'ercio
1293 999 1359 1053 D.
1391 998 1596 1053 Thom.

231 1084 434 1141 asserit
477 1083 626 1157 quod
665 1082 808 1137 sicut
854 1081 1115 1153 expulsio
1170 1077 1403 1152 peccati,
1446 1077 1527 1134 ita
1547 1083 1603 1133 et

231 1167 634 1240 dispositiones
674 1162 743 1218 ad
782 1161 1254 1237 justificationem
1283 1163 1602 1232 sequuntur

230 1250 498 1326 gratiam,
534 1245 604 1302 ad
628 1262 800 1319 quam
827 1244 1141 1315 disponunt
1173 1264 1185 1297 :
1216 1240 1314 1298 sed
1336 1240 1602 1315 expulsio

235 1331 440 1405 peccati
467 1330 545 1385 ita
569 1327 831 1401 praecedit
856 1325 1105 1401 gratiam
1135 1325 1198 1380 in
1226 1338 1438 1398 genere
1463 1338 1601 1378 cau-

233 1429 309 1469 sse
335 1412 701 1485 dispositivae,
726 1408 873 1481 quod
898 1407 1287 1464 nihilominus
1307 1404 1496 1479 gratia
1518 1409 1599 1459 est

235 1496 395 1569 prior
421 1493 762 1566 simpliciter
788 1490 1125 1563 expulsione
1149 1488 1377 1562 peccati,
1408 1492 1471 1543 ut
1492 1485 1601 1541 Ad-

233 1569 479 1627 versarii
523 1566 837 1624 concedunt
872 1581 1042 1638 :ergo
1092 1564 1269 1620 etiam
1310 1566 1394 1618 est
1441 1560 1600 1633 prior

231 1649 593 1723 simpliciter,
619 1662 791 1719 quam
815 1651 970 1701 actus
987 1646 1193 1701 ultimo
1223 1641 1292 1699 ad
1316 1641 1599 1716 justifica-

234 1732 449 1787 tionem
472 1729 839 1801 disponentes
866 1749 878 1783 :
906 1726 1001 1783 sed
1032 1742 1099 1782 eo
1125 1725 1266 1797 ipso,
1293 1721 1442 1797 quod
1467 1722 1601 1777 illos

231 1819 386 1870 actus
407 1812 747 1884 simpliciter
770 1808 1065 1882 praecedat,
1100 1808 1264 1862 nulla
1304 1809 1388 1862 est
1430 1804 1594 1870 ratio,

228 1910 329 1950 cur
358 1897 601 1966 nequeat
624 1907 718 1947 eos
740 1890 959 1947 efficere
986 1913 999 1956 ;
1030 1886 1316 1960 siquidem
1345 1884 1600 1941 continet

228 1994 324 2035 eos
344 1993 461 2033 non
490 1976 686 2031 minus
711 1974 973 2046 perfecte,
1006 1987 1181 2044 quam
1209 1986 1303 2026 eos
1338 1967 1599 2024 contine·-

231 2062 317 2114 ret
362 2056 645 2113 auxilium
689 2054 930 2111 fluidum
977 2051 1262 2107 sufficiens
1302 2063 1480 2121 :ergo
1526 2064 1598 2103 ex

231 2140 297 2194 D.
322 2138 523 2195 Thom.
555 2137 841 2192 sententia
878 2134 958 2189 ita
980 2129 1355 2189 asserendum
1377 2132 1480 2183 est.

36 2239 209 2284 >ereum
303 2221 394 2275 57.
442 2217 695 2274 Eandem
728 2208 1598 2272 resolutionem.licetluculen-

35 2290 197 2382 iffi}
231 2302 343 2354 tius
370 2297 661 2362 traditam,
693 2296 859 2351 habet
886 2296 942 2350 S.
977 2296 1126 2350 Doct.
1162 2294 1220 2346 in
1245 2292 1300 2356 4,
1337 2290 1466 2344 disc.
1509 2290 1591 2355 17,

35 2389 196 2447 stimo-
229 2387 412 2454 quaest.
446 2381 493 2443 l,
525 2385 635 2444 art,
667 2380 723 2442 4,
769 2375 863 2431 ubi
906 2376 1220 2451 quoestiunc.
1272 2373 1289 2427 l
1343 2386 1598 2443 praesup-

35 2449 169 2483 ΜΨ·
232 2461 413 2535 ponit,
444 2459 593 2532 quod
632 2457 830 2515 eadem
858 2462 941 2513 est
969 2456 1239 2527 prioritas
1277 2454 1340 2509 in
1385 2466 1598 2526 genere

232 2559 417 2601 causae
440 2541 721 2606 formalis,
748 2544 804 2595 et
824 2539 886 2594 in
911 2553 1120 2611 genere
1140 2552 1320 2593 causae
1340 2534 1596 2591 efficien-

36 2618 37 2667 l
231 2627 324 2682 tis.
358 2626 428 2679 Et
453 2623 661 2681 deinde
691 2625 747 2677 in
761 2623 1070 2699 quaestiunc.
1103 2622 1157 2685 2,
1194 2619 1462 2692 proponit
1493 2633 1596 2674 va-

36 2754 37 2773 ,
229 2708 349 2763 rios
369 2704 597 2762 dicendi
636 2703 835 2760 modos
881 2703 1027 2759 circa
1076 2706 1412 2775 praesentem
1443 2697 1598 2754 dissi-

36 2784 41 2855 ς’
222 2789 519 2845 cultatem.
578 2789 726 2841 Nam
786 2783 1020 2856 quidam
1086 2781 1382 2846 dicebant,
1441 2786 1596 2837 actus

222 2871 594 2944 disponentes
647 2866 717 2924 ad
755 2864 1220 2940 justificationem
1276 2862 1595 2937 praecedere

220 2953 496 3029 gratiam,
526 2957 582 3009 et
609 2966 732 3007 esse
754 2948 1054 3005 informes,
1082 2946 1241 3012 Quod
1271 2947 1393 3020 ipse
1417 2945 1594 3002 refel-

225 3037 314 3103 lit,
366 3057 391 3086 «
434 3034 571 3106 quia
599 3033 773 3088 simul
802 3047 931 3087 cum
959 3031 1160 3105 gratiae
1196 3029 1507 3094 infusione,
1541 3033 1598 3085 et

228 3139 252 3167 (ι
301 3116 364 3172 in
400 3112 806 3189 justificatione
848 3117 931 3168 est
971 3117 1159 3168 motus
1185 3110 1553 3167 contritionis
1576 3134 1592 3178 3

229 3221 255 3247 α
298 3194 396 3252 sed
419 3199 610 3251 motus
633 3192 945 3249 attritionis
970 3191 1237 3264 praecedit
1257 3191 1420 3265 quasi
1446 3207 1597 3263 prae-

229 3300 256 3330 α
302 3276 644 3350 paratorius.
677 3278 790 3330 Nos
819 3280 1010 3330 autern
1054 3289 1209 3329 nunc
1244 3289 1363 3330 non
1405 3272 1596 3345 loqui-

229 3381 257 3412 ιι
302 3375 435 3413 mur
464 3358 534 3414 de
559 3355 984 3430 praeparatoriis
1008 3353 1079 3410 ad
1102 3352 1591 3427 justificationem,

229 3462 257 3492 «
302 3439 398 3494 sed
425 3439 495 3496 de
522 3440 629 3503 his,
662 3453 785 3509 quae
816 3437 1041 3493 intrant
1088 3434 1474 3491 substantiam
1503 3435 1597 3507 ip-

231 3541 259 3569 «
304 3519 443 3573 sius,
488 3539 512 3580 1>
558 3517 674 3572 Alii
729 3521 920 3573 autem
986 3522 1386 3581 asseruerunt,
1446 3515 1596 3586 quod

227 3603 391 3656 actus
417 3600 667 3671 praedicti
689 3604 1019 3672 supponunt
1043 3598 1311 3671 gratiam,
1334 3595 1435 3653 sed
1457 3613 1598 3670 sup-

230 3687 532 3756 ponuntur
589 3681 658 3737 ad
716 3680 1112 3739 remissionem
1163 3680 1366 3752 culpae.
1416 3677 1598 3749 (Quod

229 3764 550 3820 docuerunt
603 3765 669 3826 D,
720 3765 1033 3819 Bonavent.
1080 3763 1140 3815 in
1177 3763 1246 3826 4,
1304 3761 1431 3815 dist.
1497 3760 1592 3827 17,

240 3850 259 3902 1
285 3853 436 3917 parc.
463 3852 573 3899 art.
598 3847 650 3908 2,
679 3850 859 3921 quaest.
881 3846 936 3909 2,
959 3849 1014 3899 et
1034 3841 1358 3900 Alexander
1385 3845 1419 3899 3
1441 3852 1591 3916 part.

226 3947 285 4005 q.
337 3927 430 3990 73,
479 3926 669 3982 memb.
702 3928 783 3995 3.)
829 3924 935 3981 Sed
986 3924 1092 3980 hoc
1128 3924 1303 3980 etiam
1363 3926 1593 3995 refutat,

232 4030 261 4059 a
304 4006 441 4080 quia
470 4005 624 4062 inter
667 4007 864 4080 gratiae
904 4004 1279 4070 infusionem,
1305 4010 1362 4061 et
1389 4007 1598 4063 remis-

227 4112 256 4141 «
304 4091 530 4146 sionem
559 4089 738 4160 culpae
762 4103 878 4145 non
900 4087 1050 4144 cadit
1072 4086 1358 4155 medium;
1384 4094 1599 4162 etprae-

225 4196 253 4225 α
301 4177 457 4227 terea
485 4169 629 4226 sicut
658 4169 728 4226 ad
768 4170 1134 4226 contritionis
1156 4176 1378 4227 motum
1413 4172 1600 4245 requi·

223 4278 251 4308 α
301 4254 473 4319 ritur,
529 4251 677 4324 quod
724 4251 870 4307 adsit
916 4252 1123 4327 gratia,
1155 4251 1234 4308 ita
1275 4254 1423 4325 quod
1452 4254 1598 4310 absit

222 4359 249 4388 α
297 4335 486 4406 culpa.
534 4353 558 4383 ι)
609 4331 769 4388 Unde
791 4332 975 4389 obiter
1004 4333 1181 4403 liquet
1218 4336 1272 4389 S.
1301 4338 1596 4392 Doctorem

219 4429 393 4489 agere
417 4414 487 4470 de
502 4412 686 4487 gratia
707 4412 1123 4477 sanctificante;
1151 4429 1285 4470 nam
1304 4415 1456 4472 inter
1472 4432 1598 4489 gra-

219 4498 367 4553 tiam
424 4494 827 4560 auxiliantem,
869 4501 925 4550 et
973 4495 1373 4553 remissionem
1420 4498 1599 4569 culpae

218 4577 377 4637 cadit
399 4577 677 4642 medium,
708 4592 915 4650 nempe
942 4578 1063 4650 ipsa
1105 4579 1293 4651 gratia
1340 4576 1597 4635 sanctifi-

215 4675 378 4716 cans.
411 4657 669 4714 Tandem
701 4657 805 4712 alii
832 4657 1121 4726 dixerunt,
1152 4660 1400 4733 gratiam
1428 4674 1598 4715 sanc-

218 4737 558 4804 tificantem,
573 4744 630 4794 et
653 4737 1057 4795 remissionem
1072 4755 1137 4794 cu
1155 4741 1171 4793 l
1179 4756 1262 4811 pae
1283 4738 1599 4814 praecedere

214 4820 525 4897 praedictos
567 4826 755 4877 motus
795 4820 1156 4893 simpliciter,
1191 4823 1316 4879 sive
1345 4823 1409 4880 in
1436 4823 1599 4880 omni

209 4916 451 4977 genere.
479 4899 638 4964 Quod
661 4900 839 4957 etiam
863 4901 1065 4973 rejicit,
1119 4922 1143 4953 ι(
1187 4902 1322 4968 quia
1353 4903 1440 4959 illi
1471 4919 1599 4959 mo-

219 5004 249 5035 «
296 4987 389 5039 tus
414 4996 533 5038 non
554 4980 999 5053 requirerentur
1017 4980 1087 5036 ad
1110 4981 1594 5055 justificationem,

371 5062 661 5144 Salmant‘.
700 5061 866 5121 Curs.
899 5064 1124 5135 theoloy.
1160 5071 1291 5121 tom.
1321 5064 1391 5124 X.

35 3819 56 3850 ·.
82 3810 192 3852 Bon.

35 3859 211 3902 texand.

36 4819 49 4844 k

74 4963 99 5002 Ἦ.

2998 342 3109 396 ῐ69

1743 532 1768 563 «
1814 512 1932 568 nisi
1989 511 2240 584 aliquam
2289 512 2677 568 causalitatem
2728 510 3025 578 haberent,
3073 532 3099 561 ι)

1735 593 1951 651 scilicet
1980 599 2235 667 respectu
2276 594 2476 668 gratiae
2513 592 2895 666 justificantiS,
2924 598 2977 648 et
3009 608 3104 648 re-

1736 674 2032 732 missionis
2078 676 2278 749 culpae,
2330 674 2400 732 de
2443 674 2650 748 quibus
2706 676 3015 748 loquimur,
3048 678 3104 730 et

1735 774 1875 830 quas
1898 758 2102 814 asserit
2129 773 2245 814 non
2276 756 2589 829 praecedere
2617 757 2887 813 omnibus
2915 755 3102 813 modis

1735 834 2172 912 dispositionem
2203 837 2455 894 arbitrii.
2488 840 2568 892 Ex
2615 836 2822 908 quibus
2857 837 3098 893 eviden-

1735 924 1822 976 ter
1851 925 2104 992 apparet,
2157 920 2211 972 S.
2257 921 2552 974 Doctorem
2603 916 2915 983 intendere,
2947 916 3097 989 quod

1735 1016 1839 1057 nec
1865 1001 1961 1056 isti
1985 1004 2175 1056 motus
2194 999 2312 1054 sint
2339 997 2791 1070 independentes
2831 1015 2865 1053 a
2910 998 3098 1071 gratia

1732 1082 2140 1149 sanctificante,
2157 1097 2260 1138 nec
2274 1080 2343 1137 ab
2361 1082 2461 1137 illa
2483 1079 2840 1153 dependeant
2857 1080 2917 1134 in
2934 1080 3095 1135 omni

1731 1178 1963 1237 genere,
1996 1162 2094 1218 sed
2136 1162 2322 1234 potius
2364 1178 2492 1218 eam
2540 1164 2603 1217 in
2652 1161 2843 1233 aliquo
2888 1175 3100 1234 genere

1732 1251 1986 1303 causent.
2014 1245 2326 1301 Videamus
2351 1260 2488 1321 ergo
2510 1244 2758 1317 qualiter
2787 1244 2906 1299 haec
2940 1258 3098 1299 com-

1734 1333 1923 1401 ponat.
1958 1349 1983 1381 α
2009 1329 2076 1382 Et
2094 1326 2239 1394 ide0,
2267 1348 2292 1377 n
2328 1326 2534 1399 inquit,
2587 1348 2612 1378 «
2654 1324 2962 1381 dicendum
2991 1328 3092 1391 est,

1738 1432 1764 1463 α
1806 1408 1955 1483 quod
1984 1409 2175 1481 aliquo
2203 1408 2372 1465 modo
2398 1409 2598 1482 gratiae
2631 1408 2865 1474 infusio,
2892 1412 2949 1464 et
2974 1406 3097 1462 cul-

1739 1512 1765 1544 «
1808 1505 1892 1563 pae
1916 1490 2180 1546 remissio
2205 1488 2563 1562 praecedunt;
2591 1489 2784 1561 aliquo
2806 1487 2974 1544 modo
3003 1501 3098 1541 au-

1738 1594 1764 1625 α
1808 1577 1922 1628 tem
1947 1569 2203 1643 praedicti
2228 1578 2415 1626 motus
2442 1591 2454 1624 ε
2478 1568 2627 1641 quod
2650 1575 2802 1641 patet
2822 1587 2890 1626 ex
2913 1569 3098 1626 simili

1738 1674 1765 1705 α
1810 1652 1875 1708 in
1913 1652 2286 1726 generatione
2320 1649 2595 1713 naturali,
2623 1666 2747 1722 qua÷
2780 1657 2864 1707 est
2895 1650 3099 1707 termi-

1738 1757 1764 1789 α
1806 1751 1916 1791 nus
1943 1734 2317 1790 alterationis,
2353 1735 2418 1788 In
2444 1733 2645 1789 eodem
2688 1734 2929 1789 instanti
2980 1738 3100 1789 ter-

1738 1839 1763 1872 «
1805 1817 2067 1874 minatur
2096 1816 2359 1872 alteratio
2387 1814 2458 1871 ad
2486 1814 2942 1887 dispositionem,
2974 1830 3099 1888 quae

1738 1922 1764 1954 α
1804 1904 1891 1957 est
1920 1899 2240 1964 necessitaS,
2275 1904 2329 1955 et
2375 1899 2669 1972 generatio
2698 1897 2767 1953 ad
2797 1898 3047 1954 formam
3082 1920 3094 1952 :

1738 2005 1762 2037 <t
1804 1989 1860 2040 et
1918 1988 2112 2038 tamen
2169 1979 2483 2037 secundum
2541 1980 2808 2037 ordinem
2877 1986 3098 2035 naturae

1737 2088 1763 2118 «
1807 2069 2113 2135 utrumque
2139 2069 2224 2119 est
2252 2063 2410 2134 prius
2439 2061 2638 2118 altero.
2672 2061 2820 2124 Quia
2848 2060 3098 2132 disposi-

1738 2168 1762 2200 α
1799 2146 1897 2210 tio,
1931 2161 2054 2216 quae
2080 2148 2165 2198 est
2193 2143 2516 2207 necessitaS,
2551 2141 2817 2215 praecedit
2846 2142 3096 2198 formam

1735 2249 1760 2280 «
1804 2224 2120 2282 secundum
2169 2223 2436 2281 ordinem
2489 2237 2670 2279 causae
2735 2222 3098 2277 materialis.-

1736 2328 1762 2361 α
1804 2304 1902 2363 sed
1949 2306 2137 2362 forma
2181 2310 2265 2361 est
2305 2304 2465 2376 prior
2491 2301 2807 2360 secundum
2831 2302 3097 2359 ordinem

1736 2410 1762 2441 «
1804 2402 1985 2443 causae
2009 2386 2293 2443 formalis.
2325 2388 2395 2440 Et
2419 2384 2735 2441 secundum
2778 2384 2927 2439 hunc
2969 2399 3097 2440 mo-

1735 2490 1762 2521 «
1803 2467 1942 2523 dum
1975 2468 2079 2524 illa
2105 2467 2353 2540 qualitas
2393 2472 2789 2523 consummata
2811 2470 2897 2521 est
2922 2465 3096 2521 etiam

1736 2574 1762 2604 α
1803 2550 2031 2608 effectus
2059 2550 2320 2607 formalis
2344 2549 2543 2607 formae
2568 2547 2982 2612 substantialis,
3015 2562 3098 2604 se-

1736 2656 1761 2688 «
1801 2633 2056 2691 cundum
2110 2633 2258 2708 quod
2309 2633 2498 2690 forma
2560 2630 2955 2688 substantialis
3013 2636 3096 2687 est

1736 2736 1762 2769 (t
1802 2731 1971 2771 causa
2013 2714 2474 2771 accidentalium.
2527 2716 2596 2768 Et
2640 2710 2770 2770 ideo
2815 2727 2945 2769 cum
2999 2711 3094 2766 isti

1734 2817 1761 2849 α
1804 2801 2012 2864 motus,
2038 2796 2290 2868 quisunt
2314 2796 2377 2851 in
2406 2796 2530 2868 ipsa
2547 2792 2954 2869 justificatione
2979 2792 3094 2850 im-

1735 2899 1760 2932 «
1804 2879 1906 2950 pii,
1933 2879 2052 2934 sint
2072 2876 2234 2950 quasi
2256 2876 2553 2950 dispositio
2576 2878 2783 2932 ultima
2805 2873 2873 2930 ad
2894 2873 3095 2947 gratiae

1734 2979 1760 3012 α
1802 2957 2221 3030 susceptionem
2250 2974 2352 3014 suo
2380 2956 2569 3025 modo,
2613 2953 2941 3029 praecedunt
2961 2953 3092 3024 qui-

1732 3062 1758 3093 «
1802 3039 1934 3097 dem
1963 3042 2026 3096 in
2050 3041 2143 3097 via
2165 3056 2346 3097 causae
2368 3039 2705 3100 materialis,
2721 3036 2818 3093 sed
2840 3051 2973 3108 sequ
2984 3051 3093 3090 un-

1732 3143 1759 3174 α
1804 3125 1898 3176 tur
1929 3121 1991 3177 in
2019 3121 2116 3177 via
2141 3135 2323 3177 causae
2350 3118 2630 3175 formalis,
2664 3121 2733 3172 Et
2772 3115 2900 3172 ideo
2942 3114 3093 3169 nihil

1734 3222 1760 3255 «
1805 3199 2071 3275 prohihet
2116 3217 2238 3258 esse
2280 3200 2575 3265 formatos,
2601 3198 2737 3271 quia
2765 3197 2870 3252 hoc
2895 3193 2965 3250 ad
2997 3210 3092 3249 ra-

1736 3305 1762 3337 «
1804 3281 2042 3346 tionem,
2093 3287 2149 3338 et
2196 3280 2600 3354 perfectionem
2641 3293 2763 3335 esse
2827 3273 3089 3331 formalis

1736 3384 1761 3416 ιι
1803 3362 2068 3435 pertinet.
2117 3382 2142 3413 »

1802 3445 1894 3499 58.
1928 3445 1993 3513 In
2013 3459 2125 3516 quo
2148 3441 2475 3511 testimonio
2499 3440 2664 3512 plura
2686 3442 2921 3511 possunt
2944 3450 3088 3508 pon·
3104 3453 3300 3505 Apermu·

1728 3522 1945 3580 derari.
1982 3523 2191 3589 Prim0,
2224 3525 2277 3579 S.
2327 3524 2528 3579 Doctor
2572 3520 2844 3577 refellens
2881 3535 3086 3575 secun-
3105 3506 3287 3598 ’ὃῗὲῗᾶζ

1729 3604 1869 3661 dum
1897 3602 2123 3660 dicendi
2171 3602 2407 3660 modum
2437 3603 2657 3668 asserit,
2689 3600 2837 3673 quod
2865 3600 2934 3656 ad
2957 3616 3089 3657 mo-

1732 3691 1853 3743 tum
1882 3685 2243 3742 contritionis
2263 3684 2408 3741 sicut
2435 3683 2750 3756 acquiritur
2777 3682 2979 3755 gratia,
3008 3682 3087 3737 ita

1730 3772 1785 3824 et
1806 3759 2066 3824 absentia
2086 3766 2489 3839 culpae,utique
2510 3781 2580 3822 ex
2609 3770 2767 3837 parte
2790 3763 3081 3835 principii,

1731 3854 1793 3904 ut
1836 3850 2124 3906 Authores
2165 3848 2324 3904 illius
2376 3848 2674 3904 sententiae
2720 3845 3086 3902 asserebant:

1730 3930 1887 4004 atqui
1920 3931 1969 3987 si
1999 3936 2187 3988 motus
2214 3930 2575 3987 contritionis
2604 3945 2722 3986 non
2765 3926 3094 4000 procederet

1731 4028 1763 4068 a
1788 4011 1977 4086 gratia
2003 4009 2408 4077 sanctificante,
2443 4025 2560 4069 non
2588 4008 2980 4082 requireretur
3021 4004 3090 4060 ad

1729 4093 1853 4166 ejus
1875 4092 2232 4150 elicientium
2259 4089 2517 4147 absentia
2544 4092 2724 4162 culpae
2749 4114 2761 4155 ;
2806 4085 3092 4161 siquidem

1732 4173 1851 4229 haec
1877 4172 2143 4229 absentia
2169 4188 2285 4228 non
2331 4177 2414 4228 est
2439 4170 2667 4227 effectus
2693 4170 2890 4243 gratias
2924 4165 3091 4222 auxi-

1732 4255 1951 4320 liantis„
1985 4253 2083 4311 sed
2118 4251 2524 4327 justificantis:
2567 4257 2734 4324 atque
2781 4249 2907 4305 ideo
2947 4249 3092 4302 sicut

1731 4337 2020 4393 auxilium
2048 4341 2132 4393 est
2158 4336 2400 4393 omnino
2423 4332 2814 4406 independens
2836 4348 2869 4388 a
2894 4330 3090 4388 remis-

1730 4418 1894 4475 sione
1934 4418 2163 4490 peccati,
2199 4417 2277 4472 ita
2321 4416 2495 4472 etiam
2523 4420 2668 4471 esset
2695 4410 3088 4485 independens

1732 4503 1921 4556 motus
1962 4496 2347 4561 contritioniS,
2396 4495 2447 4549 si
2491 4495 2669 4550 semel
2721 4508 2840 4549 non
2878 4510 2910 4549 a
2951 4508 3086 4566 gra-

1731 4579 1831 4645 tia,
1878 4577 1979 4634 sed
2026 4577 2096 4634 ab
2148 4577 2249 4634 illo
2296 4575 2514 4632 auxilio
2560 4574 2889 4640 eliceretur;
2939 4571 3092 4628 unde

1732 4657 1994 4715 inefficax
2042 4657 2189 4714 foret
2236 4657 2382 4714 ratio
2426 4658 2490 4711 D:
2541 4655 2820 4711 Thomae:
2862 4671 2998 4728 ergo
3025 4669 3094 4709 ex

1730 4739 2188 4813 ejus‘sententia
2239 4743 2426 4794 motus
2472 4736 2831 4794 contritionis
2871 4754 2903 4792 a
2961 4751 3097 4810 gra-

1731 4821 1815 4877 tia
1846 4817 2238 4877 sanctificante
2266 4816 2535 4892 procedit.
2579 4816 2846 4884 Secundo,
2866 4819 2923 4872 S.
2957 4819 3101 4873 Doc-

1733 4909 1827 4961 tor
1860 4901 2122 4976 parificat
2150 4908 2409 4958 mutuam
2445 4901 2836 4958 causalitatem
2875 4915 3099 4965 eorum,

1734 5000 1863 5058 quae
1895 4984 1961 5043 in
1993 4984 2236 5074 instanti
2266 4981 2693 5060 justificationis
2732 4984 3102 5048 concurrunt,

2874 5064 2948 5121 37
