3647 5753
100 2722 156 2763 D.
179 2718 287 2763 Tho.

1488 348 1665 405 msP.
1709 350 1752 414 1,
1799 347 1967 405 DUB.
2009 350 2130 406 v11.
3062 356 3175 412 699

312 533 437 576 non
486 520 720 589 habent,
749 527 812 577 ut
853 521 1103 578 intuenti
1155 520 1455 578 constabit.
1500 523 1689 579 Semel

317 607 510 657 autem
535 601 596 658 in
626 606 739 660 Deo
765 605 1071 660 constituta
1099 604 1202 660 hac
1221 603 1461 678 justitia,
1487 618 1559 659 ex
1586 604 1690 660 illa

312 682 671 757 dispensabit
691 683 863 756 justis
897 686 1164 760 gloriam,
1197 686 1421 759 ipsique
1466 685 1689 742 ratione

312 782 556 822 snorum
578 768 922 836 meritorum
942 767 1342 841 habebuntjus
1359 767 1596 841 justitiae
1617 767 1687 824 ad

317 850 505 912 illam,
560 854 619 904 ut
673 865 788 906 non
829 849 1068 908 obscure
1113 849 1413 907 deducitur
1465 866 1536 907 ex
1570 849 1686 907 -illo

318 930 449 986 lsai.
482 930 517 984 9
545 951 559 984 ε
583 928 936 986 Loetabuntur
976 949 1162 986 coram
1189 938 1255 997 tc,
1287 932 1429 986 sicut
1469 932 1566 1008 qui
1594 931 1686 985 lae-

314 1019 513 1066 tantur
541 1012 601 1066 in
633 1029 816 1078 messe,
850 1014 934 1067 uei
959 1014 1215 1069 exultant
1254 1015 1484 1068 victores
1522 1018 1685 1085 capta

312 1094 522 1166 praeda.
550 1096 768 1169 quando
788 1096 1046 1151 dividunt
1085 1096 1281 1168 spolia.
1314 1099 1461 1151 Nam
1501 1094 1685 1167 spolia

319 1175 635 1232 victoribus
680 1193 749 1233 ex
802 1178 1027 1250 justitia
1094 1177 1465 1234 distributiva
1529 1177 1684 1233 divi-

317 1256 563 1388 dussiilde
590 1331 659 1388 ad
685 1332 1078 1406 probationem
1100 1333 1348 1390 minoris
1375 1331 1682 1390 dicendum

316 1419 426 1479 est,
451 1413 601 1487 quod
643 1415 771 1471 licet
797 1414 1052 1472 debitum
1081 1432 1151 1473 ex
1172 1416 1395 1490 justitia
1420 1432 1683 1473 commu-

322 1497 501 1553 tativa
524 1496 777 1553 includat
812 1498 1325 1569 imperfectionem,
1348 1504 1404 1554 at
1423 1497 1682 1554 debitum

318 1592 393 1633 ex
419 1576 542 1634 sola
568 1576 937 1634 distributiva
967 1583 1145 1650 potest
1185 1577 1254 1634 ab
1302 1577 1684 1653 imperfectio-

322 1656 495 1713 nibus
523 1655 761 1725 absolvi,
788 1664 843 1715 et
889 1660 970 1714 ita
998 1664 1178 1730 potest
1201 1662 1314 1717 Deo
1342 1665 1677 1731 competere.

322 1739 391 1791 Et
414 1738 560 1794 ratio
587 1737 939 1810 disparitatis
986 1739 1139 1795 inter
1183 1745 1488 1812 utrumque
1517 1740 1683 1798 debi-

314 1823 443 1874 tum
470 1823 574 1884 est,
604 1819 753 1890 quod
782 1817 1037 1874 debitum
1060 1835 1129 1875 ex
1146 1819 1372 1894 justitia
1416 1837 1682 1878 commu-

316 1901 495 1958 tativa
521 1900 674 1956 ducit
699 1907 890 1957 ortum
920 1917 991 1957 ex
1019 1902 1275 1974 acceptis,
1307 1907 1364 1958 et
1400 1902 1482 1959 ita
1526 1919 1683 1961 cons-

314 1983 474 2039 tituit
504 1981 822 2039 debitorem
850 1981 1271 2056 dependentem
1316 1999 1348 2040 a
1369 2001 1472 2043 suo
1493 1984 1684 2043 credi-

316 2069 441 2120 tore
468 2084 481 2118 :
513 2068 568 2118 at
595 2062 855 2119 debitum
879 2081 951 2120 ex
967 2066 1089 2120 sola
1111 2063 1479 2121 distributiva
1505 2071 1683 2138 potest

316 2143 461 2199 oriri
485 2159 554 2199 ex
580 2145 698 2201 sola
729 2143 1041 2208 voluntate,
1058 2149 1113 2200 et
1129 2142 1475 2202 liberalitate
1503 2145 1683 2218 ipsius

319 2223 742 2290 distribuentis,
797 2225 895 2297 qui
939 2225 1123 2281 voluit
1163 2224 1313 2282 bona
1361 2242 1480 2293 sua,
1540 2227 1682 2284 alias

324 2305 579 2376 prepria,
611 2312 665 2361 et
695 2321 811 2362 non
851 2303 1056 2372 debita,
1091 2307 1425 2363 communia
1469 2306 1675 2373 facere,

318 2393 376 2440 et
401 2401 467 2440 ea
510 2386 759 2442 aliorum
789 2384 1013 2442 meritis
1057 2402 1361 2457 exponere,
1406 2391 1462 2443 et
1491 2395 1682 2460 postea

318 2467 566 2541 singulis
603 2483 703 2538 pro
761 2468 1199 2541 uniuscujusque
1239 2470 1465 2539 merito,
1491 2474 1548 2527 et
1592 2470 1681 2527 la-

318 2546 457 2604 bore
480 2546 827 2604 distribuere
860 2570 871 2603 :
899 2548 959 2603 in
1000 2566 1128 2621 quo,
1188 2556 1250 2606 ut
1298 2556 1465 2624 patet,
1519 2552 1681 2608 nulla

321 2626 611 2684 clauditur
658 2628 1030 2700 imperfectio.
1082 2632 1520 2705 Desumiturque
1566 2632 1682 2689 haec

324 2710 534 2767 solutio
554 2725 625 2766 ex
648 2713 711 2766 D.
737 2711 940 2768 Thom.
967 2714 1027 2767 in
1053 2714 1107 2778 2,
1134 2713 1263 2769 dist.
1287 2715 1378 2779 27,
1404 2722 1590 2792 qua-st.
1630 2717 1675 2780 l,

321 2797 437 2846 art.
460 2792 495 2845 3
517 2793 577 2845 in
627 2792 892 2847 solutione
936 2793 1009 2847 ad
1034 2794 1089 2858 4,
1121 2792 1220 2849 ubi
1248 2794 1329 2849 sic
1373 2794 1491 2850 ait:
1524 2818 1550 2848 α
1579 2796 1681 2852 Di-

327 2895 352 2924 α
395 2872 661 2937 cendum,
712 2872 860 2946 quod
907 2873 968 2929 in
1007 2874 1227 2947 justitia
1273 2876 1682 2933 commutativa

325 2974 350 3006 «
400 2955 520 3021 ille,
553 2955 700 3029 apud
752 2972 922 3029 quem
962 2957 1089 3028 quis
1134 2963 1408 3023 meretur,
1441 2958 1681 3015 efficitur

321 3057 348 3087 «
392 3034 617 3093 debitor
639 3036 711 3101 ei,
738 3038 837 3109 qui
867 3041 1139 3104 meretur,
1174 3044 1237 3092 ut
1264 3043 1416 3111 patet
1445 3040 1507 3095 in
1534 3038 1674 3104 illis,

317 3141 342 3170 α
387 3121 484 3192 qui
511 3110 870 3193 operationes
896 3136 1026 3176 suas
1075 3122 1261 3176 locant
1288 3121 1348 3176 in
1377 3122 1680 3178 servitium

317 3222 341 3253 α
391 3204 642 3261 aliorum
676 3203 890 3260 :sedin
918 3202 1140 3276 justitia
1168 3202 1535 3260 distributiva
1564 3220 1680 3262 non

318 3305 344 3337 α
392 3287 708 3358 requiritur
734 3285 879 3341 ratio
905 3283 1084 3340 debiti
1119 3300 1189 3341 ex
1216 3292 1375 3358 parte
1409 3286 1550 3359 ejus,
1580 3286 1679 3359 qui

320 3388 346 3420 ς.
390 3367 729 3431 distribuit;
776 3371 956 3439 potest
1007 3367 1165 3423 enim
1220 3384 1292 3424 ex
1339 3367 1682 3425 liberalitate

323 3471 349 3501 α
393 3450 587 3521 aliqua
613 3448 977 3516 distribuere,
1007 3449 1068 3504 in
1089 3465 1335 3520 quorum
1354 3454 1547 3506 tamen
1569 3449 1682 3505 dis-

324 3550 348 3579 α
394 3529 711 3586 tributione
751 3530 972 3603 justitia
1017 3530 1307 3604 exigitur,
1364 3523 1680 3588 secundum

324 3632 349 3665 α
393 3610 542 3682 quod
569 3610 833 3674 diversis,
862 3618 1025 3681 prout
1070 3627 1269 3668 eorum
1317 3611 1528 3685 gradus
1554 3614 1681 3670 exi-

325 3711 351 3742 «
392 3690 495 3763 git,
529 3689 1341 3762 proportionabilitertribuit.
1390 3712 1444 3754 »v

394 3771 485 3825 58.
532 3772 645 3826 Nec
672 3768 844 3837 obest,
873 3769 920 3825 si
950 3786 1168 3843 urgeaS,
1196 3770 1345 3844 quod
1366 3771 1416 3828 si
1443 3774 1589 3829 Deus
1610 3787 1681 3829 ex

317 3850 441 3906 sola
467 3844 837 3906 distributiva
886 3849 1174 3922 dispensat
1214 3851 1383 3923 justis
1419 3853 1675 3924 praemia,

319 3948 438 3990 non
460 3933 717 3988 salvatur
746 3932 807 3988 in
854 3948 1054 3988 eorum
1103 3933 1373 4004 operibus
1415 3932 1682 3990 formalis

318 4013 467 4069 ratio
513 4012 741 4077 meriti,
786 4028 957 4084 quam
998 4025 1120 4068 esse
1172 4012 1429 4068 diximus
1468 4014 1563 4087 jus
1609 4012 1681 4070 ad

317 4097 627 4169 praemium
655 4110 723 4151 ex
742 4094 962 4168 justitia
989 4095 1426 4152 commutativa.

392 4182 520 4237 Non
541 4179 733 4250 itaque
761 4177 865 4234 hoc
891 4176 1047 4233 obest
1074 4198 1085 4232 :
1114 4183 1238 4233 tum
1286 4179 1423 4250 quia
1450 4183 1681 4252 propte-

316 4276 415 4317 rea
437 4275 556 4316 non
580 4258 834 4316 absolute
861 4256 1075 4314 dictum
1100 4264 1200 4325 est,
1228 4257 1298 4314 de
1321 4259 1543 4316 ratione
1555 4274 1681 4314 me-

314 4341 415 4397 riti
443 4355 565 4397 esse
589 4341 679 4415 jus
700 4339 938 4413 Justitiae
964 4340 1388 4396 commutativae
1411 4363 1426 4407 ;
1449 4338 1549 4396 sed
1577 4339 1681 4395 ad-

308 4420 500 4495 ditum
524 4422 650 4489 fuit,
673 4422 767 4479 ubi
781 4436 1140 4477 remunerans
1154 4421 1328 4493 suerit
1350 4438 1535 4496 capax
1550 4421 1681 4477 talis

303 4504 554 4575 justitiae.
606 4502 716 4558 Ubi
766 4518 904 4559 vero
961 4515 1342 4558 remunerans
1396 4501 1680 4574 praedictae

308 4584 546 4659 justitiae
572 4600 748 4657 capax
796 4598 914 4641 non
942 4582 1135 4647 fuerit,
1163 4580 1275 4636 dici
1324 4583 1533 4653 poterit
1554 4599 1682 4640 me-

316 4667 431 4723 rita
450 4667 638 4724 solum
662 4665 933 4723 inducere
957 4663 1214 4720 debitum
1231 4679 1301 4720 ex
1317 4665 1537 4738 justitia
1561 4665 1681 4722 dis-

314 4746 616 4805 tributiva.
673 4750 822 4803 Tum
868 4746 1065 4811 etiam,
1110 4744 1246 4818 quia
1287 4762 1418 4802 cum
1459 4746 1682 4819 justitia

315 4830 417 4887 Dei
443 4829 519 4885 sit
539 4826 789 4893 infinita,
811 4827 892 4885 ita
911 4832 995 4884 est
1017 4826 1342 4883 formaliter
1355 4827 1546 4882 solum
1569 4826 1683 4883 dis-

313 4909 615 4975 tributiva,
647 4914 711 4965 ut
729 4909 1058 4966 eminenter
1084 4907 1372 4965 contineat
1397 4907 1682 4981 quidquid

313 4996 400 5047 ast
425 4991 488 5048 in
522 4989 748 5068 justitia
776 4993 978 5046 nostra
1016 4988 1427 5044 commutativa
1451 5011 1466 5055 ;
1489 4993 1548 5045 et
1598 4987 1683 5045 ita

1820 528 2000 596 potest
2014 522 2195 582 officia
2216 525 2513 600 utriusque
2527 527 2780 601 justitiae,
2802 527 3034 585 seclusis
3060 528 3178 584 im-

1821 603 2267 676 perfectionibus
2307 622 2588 672 exercere,
2619 613 2676 664 et
2702 608 2997 681 utriusque
3043 624 3178 678 mu÷

1820 686 2056 743 neribus
2097 688 2441 755 satisfacere,
2467 691 2600 747 acsi
2655 696 2801 748 esset
2851 690 3178 747 formaliter

1819 771 2078 839 utraque.
2107 766 2271 825 Unde
2301 770 2506 841 poterit
2527 770 2871 828 sufficienter
2903 784 3180 827 remune-

1820 863 1952 904 rare
1979 848 2186 904 merita
2233 856 2444 918 nostra,
2476 852 2742 923 quamvis
2771 852 2895 925 ipsa
2918 852 3038 906 vim
3069 850 3176 906 ha-

1819 925 1989 984 beant
2029 927 2335 985 inducendi
2390 930 2798 1005 obligationem
2846 948 2916 989 ex
2950 931 3174 1006 justitia

1815 1011 2241 1078 commutativa,
2266 1019 2322 1069 et
2360 1012 2430 1069 de
2456 1013 2600 1070 sacto
2624 1015 2787 1071 illam
2813 1014 3165 1080 inducerent,
3274 1076 3278 1081 ,

1815 1091 1865 1146 si
1889 1094 2035 1148 Deus
2056 1099 2201 1150 esset
2215 1110 2389 1166 capax
2412 1094 2734 1153 formaliter
2759 1094 3038 1168 praedictae
3055 1095 3173 1169 jus-

1815 1172 1974 1229 titiae.
2010 1176 2120 1230 Per
2140 1174 2289 1248 quod
2318 1177 2432 1233 alia
2472 1175 2725 1250 objectio,
2751 1194 2861 1249 qua
2905 1178 3020 1233 haec
3042 1193 3172 1250 pos-

1813 1260 1900 1312 set
1924 1256 2137 1330 urgeri,
2170 1264 2365 1313 manet
2391 1259 2594 1315 soluta.

1888 1338 1983 1393 59.
2025 1338 2218 1395 Tertio
2244 1337 2316 1394 ad
2366 1340 2740 1413 objectionem
2773 1339 3167 1412 respondetur,
3201 1343 3363 1403 Tertip,

1814 1419 2026 1476 merita
2049 1415 2245 1476 nostra
2271 1419 2334 1474 in
2365 1420 2568 1477 ordine
2597 1420 2666 1477 ad
2713 1423 2891 1476 Deum
2933 1419 3172 1476 deficere
3185 1398 3389 1486 ‘sssss'e'ffl‘

1813 1514 1885 1557 ex
1908 1500 2010 1555 hac
2031 1504 2190 1573 parte
2224 1516 2255 1556 a
2286 1500 2536 1573 propria,
2567 1506 2624 1557 et
2667 1501 2920 1574 rigorosa
2950 1502 3174 1558 ratione
3235 1501 3257 1534 ⁵
3276 1500 3318 1534 ⁰·

1815 1579 2011 1637 meriti
2034 1603 2047 1646 ς
2078 1579 2213 1652 quia
2239 1578 2430 1636 deficit
2451 1581 2603 1637 inter
2620 1596 2740 1645 nos,
2757 1586 2814 1638 et
2843 1583 3020 1637 Deum
3047 1598 3175 1654 pro-

1815 1660 1960 1733 pria,
1992 1665 2049 1716 et
2075 1659 2338 1717 formalis
2369 1661 2515 1717 ratio
2537 1659 2774 1734 justitia}
2801 1662 3172 1717 commutati-

1812 1758 1921 1812 vae,
1950 1747 2009 1798 ut
2036 1743 2173 1799 satis
2219 1743 2373 1808 clare
2409 1742 2600 1800 docuit
2640 1744 2702 1798 D.
2736 1743 2941 1799 Thom.
2969 1746 3028 1798 in
3074 1744 3365 1799 boensi-110.

1812 1831 1926 1879 art.
1949 1822 2048 1879 ubi
2097 1829 2391 1896 postquam
2414 1823 2578 1889 dixit,
2603 1822 2753 1894 quod
2779 1823 3017 1881 reddere
3035 1841 3175 1898 prae·

1813 1905 2000 1961 mium
2033 1919 2134 1977 pro
2167 1904 2390 1961 meritis
2415 1910 2498 1961 est
2520 1920 2661 1975 opus
2684 1905 2937 1978 justitias,
2972 1905 3129 1962 addit
3156 1927 3170 1962 t

1820 2007 1846 2039 α
1889 1986 1958 2040 Et
1980 1990 2208 2059 propter
2230 1984 2334 2041 hoc
2375 1983 2437 2040 in
2466 1985 2572 2053 his,
2602 1986 2662 2041 in
2685 1985 2891 2057 quibus
2916 1991 3001 2042 est
3026 1987 3173 2042 sim-

1820 2087 1847 2118 «
1892 2065 2113 2138 pliciter
2128 2065 2366 2139 justum,
2391 2071 2474 2120 est
2501 2066 2675 2122 etiam
2703 2066 3045 2137 simpliciter
3076 2082 3174 2122 ra-

1820 2170 1846 2201 α
1889 2149 1968 2204 tio
1984 2147 2198 2203 meriti.
2231 2148 2295 2203 In
2323 2146 2529 2219 quibus
2545 2154 2735 2203 autem
2758 2147 3172 2204 estsecundum

1817 2250 1844 2282 α
1886 2227 2021 2301 quid
2049 2228 2288 2301 justum,
2321 2232 2375 2283 et
2424 2244 2538 2285 non
2585 2228 2943 2300 simpliciter,
2979 2229 3041 2283 in
3083 2227 3174 2283 his

1819 2331 1845 2363 α
1886 2309 2061 2366 etiam
2089 2325 2205 2366 non
2232 2308 2574 2381 simpliciter
2620 2314 2702 2365 est
2756 2310 2903 2366 ratio
2950 2309 3168 2374 meriti,

1819 2412 1846 2443 α
1886 2389 1984 2446 sed
2009 2388 2323 2446 secundum
2351 2389 2508 2462 quid,
2540 2396 2643 2446 etc.
2680 2411 2704 2441 »
2742 2390 2800 2444 Si
2857 2406 2991 2463 ergo
3020 2390 3175 2446 inter

1814 2474 2013 2537 Deum,
2045 2477 2101 2527 et
2129 2487 2232 2528 nos
2258 2471 2445 2527 solum
2493 2477 2578 2527 est
2599 2472 2825 2545 justitia
2853 2470 3173 2527 secundum

1810 2553 1969 2626 quid,
2000 2554 2146 2611 sicut
2174 2558 2257 2609 est
2286 2554 2441 2609 inter
2471 2559 2711 2624 patrem,
2745 2559 2800 2609 et
2828 2552 3036 2617 filium,
3068 2551 3177 2610 do-

1812 2636 2045 2692 minum
2085 2641 2140 2692 et
2164 2651 2417 2699 servum,
2448 2642 2508 2691 ut
2548 2634 2739 2692 subdit
2767 2638 2913 2709 Ang.
2946 2637 3170 2700 Doctor,

1811 2734 2161 2792 consequens
2188 2723 2292 2784 est,
2321 2723 2379 2773 ut
2407 2718 2681 2774 meritum
2714 2724 2975 2775 nostrum
3025 2718 3174 2791 apud

1811 2801 2011 2867 Deum,
2038 2807 2318 2873 quantum
2348 2808 2431 2858 est
2476 2817 2546 2858 ex
2576 2808 2735 2875 parte
2769 2819 2884 2859 suae
2933 2804 3177 2860 rationis

1812 2880 2092 2947 formaliS,
2122 2884 2370 2956 proprie,
2388 2890 2443 2939 et
2473 2883 2724 2958 rigorose
2747 2884 3028 2958 loquendo
3058 2900 3181 2944 non

1809 2956 1886 3011 sit
1912 2958 2187 3012 meritum
2216 2958 2579 3030 simpliciter.

1888 3037 2169 3105 DiximuS,
2203 3045 2471 3115 quantum
2497 3046 2573 3093 est
2598 3057 2669 3093 ex
2685 3047 2843 3111 parte
2862 3057 2969 3095 suco
2994 3042 3178 3094 ratio-

1810 3120 1901 3174 nis
1920 3119 2177 3190 formalis
2198 3120 2365 3192 ;quia
2387 3119 2458 3175 ob
2475 3120 2650 3174 aliam
2672 3122 2954 3176 rationem
2983 3121 3173 3177 solum

1813 3200 2088 3255 meritum
2117 3198 2264 3273 apud
2289 3202 2484 3265 Deum,
2509 3205 2566 3255 et
2600 3216 2714 3256 non
2738 3203 3169 3272 qualecumque,

1812 3278 1909 3336 sed
1931 3281 2387 3351 supernaturale,
2420 3286 2476 3336 et
2501 3281 2838 3354 gratuitum,
2873 3280 2984 3336 dici
3007 3281 3174 3339 debet

1811 3364 2085 3419 meritum
2121 3361 2482 3434 simpliciter.
2533 3363 2698 3417 Ratio
2726 3378 2864 3419 vero
2890 3368 2992 3429 est,
3024 3363 3176 3437 quod

1811 3458 1941 3498 cum
1972 3442 2248 3499 meritum
2293 3442 2367 3497 sit
2395 3443 2488 3516 J‘us
2517 3441 2585 3498 ad
2618 3444 2939 3514 praemium,
2966 3459 3037 3499 ex
3065 3443 3174 3499 du-

1815 3525 1946 3597 plici
1974 3524 2155 3597 capite
2178 3528 2356 3596 potest
2392 3526 2716 3597 provenire,
2748 3525 2897 3597 quod
2950 3525 3171 3598 aliquid

1812 3606 2033 3664 dicatur
2059 3605 2333 3661 meritum
2379 3606 2761 3678 simpliciter:
2792 3606 2883 3662 vel
2906 3606 3040 3678 quia
3086 3612 3173 3662 est

1811 3689 2152 3761 simpliciter
2185 3689 2296 3762 jus,
2337 3695 2502 3761 atque
2540 3688 2679 3745 adeo
2723 3705 2795 3745 ex
2837 3689 3089 3762 propria,
3117 3694 3175 3747 et

1813 3770 2048 3828 formali
2085 3770 2309 3843 justitia
2353 3769 2591 3826 debetur
2618 3769 2670 3825 ei
2702 3770 3004 3842 praemium
3029 3769 3174 3839 (sive

1814 3853 2119 3924 praemium
2148 3850 2297 3924 quod
2343 3849 2600 3915 debetur,
2633 3851 2706 3906 sit
2755 3851 3079 3924 praemium,
3118 3855 3176 3905 et

1813 3931 2030 3991 bonum
2051 3934 2412 4007 simpliciter,
2440 3936 2607 4006 quale
2635 3939 2719 3989 est
2746 3933 3043 3989 dumtaxat
3073 3931 3177 3990 bo-

1814 4030 1957 4070 num
1995 4016 2457 4086 supernaturale,
2496 4018 2552 4071 et
2597 4019 2879 4070 aeternum
2908 4037 2920 4079 ;
2947 4014 3070 4068 sive
3103 4013 3180 4067 sit

1813 4096 2136 4168 praemium,
2154 4102 2207 4153 et
2230 4096 2445 4153 bonum
2468 4097 2655 4153 solum
2678 4095 2990 4151 secundum
3014 4094 3175 4169 quid,

1815 4182 1875 4232 ut
1896 4182 2030 4233 sunt
2059 4176 2207 4234 bona
2233 4178 2431 4234 omnia
2474 4178 2835 4249 temporalia)
2869 4176 2998 4231 :vel
3044 4176 3181 4248 quia

1812 4263 1898 4314 est
1913 4258 2006 4332 jus
2035 4257 2105 4314 ad
2127 4258 2450 4330 praemium,
2484 4256 2631 4330 quod
2659 4262 2743 4313 est
2790 4255 3004 4311 bonum
3032 4255 3181 4311 sim-

1816 4340 2060 4415 pliciter,
2086 4340 2207 4398 sive
2228 4341 2322 4414 J‘us
2344 4340 2535 4413 ipsum
2578 4340 2651 4395 sit
2673 4340 2785 4395 tale
2812 4337 3175 4409 simpliciter,

1813 4425 1982 4493 atque
2011 4418 2149 4476 adeo
2179 4435 2250 4476 ex
2279 4421 2532 4493 propria,
2564 4425 2619 4476 et
2654 4418 2886 4476 formali
2912 4418 3134 4492 justitia
3162 4441 3176 4485 ;

1812 4502 1937 4558 sive
1962 4499 2038 4555 sit
2066 4505 2289 4556 tantum
2314 4503 2406 4574 jus
2426 4500 2739 4557 secundum
2768 4496 2925 4571 quid.
2960 4502 3181 4563 Quam-

1811 4583 1904 4640 vis
1940 4583 2120 4657 igitur
2144 4581 2326 4653 priori
2349 4580 2518 4639 modo
2545 4597 2615 4637 ex
2662 4582 2754 4637 his
2775 4583 2964 4637 solum
2995 4582 3180 4637 meri-

1812 4670 1936 4720 tum
1967 4664 2119 4719 inter
2140 4663 2402 4719 homines
2421 4663 2496 4718 sit
2519 4665 2630 4718 tate
2652 4663 2994 4735 simpliciter
3016 4664 3181 4735 ;quia

1814 4747 1919 4804 hoc
1938 4745 2128 4802 solum
2165 4749 2345 4817 potest
2369 4760 2490 4801 esse
2532 4745 2624 4817 jus
2651 4743 2919 4816 propriae,
2946 4749 3002 4799 et
3047 4760 3183 4816 per-

1815 4827 1972 4883 fectae
2013 4825 2251 4900 justitiae
2279 4830 2372 4880 :at
2420 4824 2725 4896 posteriori
2776 4824 2947 4880 modo
2990 4826 3180 4881 solum

1811 4906 2088 4963 meritum
2127 4903 2275 4978 apud
2304 4907 2482 4960 Deum
2535 4901 2703 4959 debet
2749 4901 2862 4958 dici
2904 4904 3183 4961 meritum

1810 4985 2176 5060 simpliciter,
2200 4985 2335 5057 quia
2362 4985 2417 5041 ei
2438 4982 2736 5039 dumtaxat
2757 4981 3000 5039 debetur
3028 4999 3184 5055 prae-
