3647 5753
1426 423 1607 478 DISP.
1651 422 1693 487 1,
1738 421 1905 477 DUB.
1955 421 2051 477 IV.
3040 428 3156 485 685

281 594 720 672 beatitudinem,
748 609 921 668 quam
945 594 1008 650 in
1030 594 1134 652 hac
1160 591 1279 651 vita
1304 592 1647 667 promeruit,

277 691 522 748 eamque
530 678 652 752 jam
668 675 1092 750 quodammodo
1108 677 1313 750 incipit
1329 673 1619 748 possidere
1636 695 1650 731 ε

276 763 338 815 et
361 758 442 815 ita
465 763 648 815 status
674 758 806 823 vias,
832 757 929 831 qui
958 757 1022 813 in
1050 758 1414 831 separatione
1437 757 1653 814 animm

283 856 317 897 a
344 855 582 911 corpore
608 838 832 906 finitur,
856 836 1087 893 etiamsi
1114 838 1314 895 anima
1343 839 1407 895 in
1442 852 1655 911 purga-

282 922 434 979 torio
472 921 817 990 detineatur,
853 935 969 978 non
1004 919 1248 978 omnino
1287 919 1493 977 finitur
1520 923 1654 976 ante

283 1004 626 1081 terminum.

889 1167 919 1235 g
962 1166 1056 1221 111.

376 1331 717 1407 Proponitur
749 1334 994 1405 oppos-ita
1034 1331 1321 1394 sententia,
1366 1335 1416 1383 et
1446 1328 1565 1400 ejus

533 1434 540 1437 “
637 1429 964 1492 arqumenta
990 1419 1306 1476 diluuntur.

79 1601 253 1654 opinio
366 1587 457 1644 34.
484 1588 703 1653 Beatos,
723 1591 779 1643 et
793 1585 1100 1643 existentes
1111 1588 1272 1641 extra
1287 1597 1656 1640 communem

81 1655 263 1747 cssffim'
295 1672 451 1728 viam
494 1688 655 1745 posse
681 1669 751 1726 de
779 1671 901 1744 lege
941 1668 1242 1726 ordinaria
1269 1665 1505 1731 mereri,
1538 1665 1660 1720 sal-

293 1759 412 1810 tem
460 1751 690 1825 aliquod
737 1750 1042 1824 praemium
1088 1747 1454 1813 accidentale,
1497 1745 1660 1803 docet

93 1850 241 1902 vam.
295 1838 462 1908 Vasq.
493 1837 591 1890 cit.
617 1834 758 1906 disp.
801 1836 932 1898 214,
964 1851 1084 1906 cap.
1135 1835 1191 1901 4,
1235 1836 1292 1887 et
1330 1830 1505 1887 refert
1554 1843 1658 1901 pro

51 1897 400 1991 Affiffiss‘ffbac
424 1918 711 1975 sententia
735 1913 1154 1981 Alexandrum,
1181 1916 1502 1971 Bonavent.
1533 1911 1659 1967 Sco·

57 1998 261 2091 ffiffilffd
293 2008 436 2067 tum,
468 2001 1030 2065 Altissiodorensem,
1076 1999 1196 2055 imo
1240 2002 1297 2054 et
1345 1998 1406 2051 D.
1448 1994 1653 2050 Thom.

266 2078 351 2139 'in
377 2085 432 2153 2,
450 2084 579 2142 dise.
599 2086 654 2151 5,
679 2090 860 2162 quaest.
881 2086 936 2149 2,
962 2089 1075 2137 art.
1100 2082 1155 2147 2,
1179 2081 1315 2136 etin
1334 2079 1389 2143 4,
1409 2077 1540 2133 dist.
1561 2078 1655 2143 50,

289 2173 471 2243 quaest.
496 2167 551 2231 2,
582 2171 691 2222 art.
728 2167 772 2230 l,
806 2166 1120 2242 quaestt'unc.
1147 2162 1202 2227 6,
1238 2157 1336 2214 ubi
1363 2157 1523 2216 docet
1544 2160 1659 2213 An-

289 2248 447 2321 gelos
486 2249 550 2304 in
577 2248 718 2305 coelo
745 2250 1056 2305 existentes
1083 2244 1298 2301 mereri
1348 2242 1656 2316 praemium

292 2329 637 2386 accidentale
666 2346 765 2402 per
791 2345 964 2401 opera
1011 2328 1324 2395 charitatis„
1355 2342 1482 2399 quae
1524 2340 1659 2398 erga

293 2427 398 2470 nos
424 2418 724 2469 exercent:
751 2411 898 2485 quod
921 2414 1096 2470 etiam
1119 2413 1310 2470 docuit
1329 2410 1399 2467 de
1426 2410 1658 2467 anima-

293 2493 402 2549 bus
427 2493 802 2551 existentibus
830 2496 893 2550 in
931 2496 1263 2570 purgatorio
1290 2498 1350 2551 in
1384 2497 1565 2554 eodem
1598 2495 1652 2560 4,

291 2576 422 2630 dist.
453 2576 545 2640 21,
590 2582 768 2651 quoest.
824 2577 868 2642 l,
914 2583 1028 2632 art.
1070 2577 1105 2631 3
1155 2576 1229 2631 ad
1255 2578 1309 2631 4.
1356 2579 1659 2636 Damnatis

296 2657 435 2712 item
462 2653 716 2711 concedit
741 2660 913 2713 citata
952 2658 1345 2731 quaestiuncula
1372 2660 1427 2725 6,
1461 2659 1659 2717 deme-

299 2737 477 2793 ritum
525 2742 778 2809 respectu
806 2738 1047 2811 alicujus
1076 2753 1255 2810 poenae
1278 2738 1653 2805 secundariae,

295 2827 352 2879 et
367 2817 731 2876 accidentalis
747 2836 921 2895 usque
936 2820 1003 2876 ad
1022 2819 1176 2876 diem
1192 2821 1214 2894 j
1223 2820 1419 2878 udicii.
1445 2822 1658 2881 Eadem

297 2904 445 2961 ratio
459 2910 543 2959 est
562 2903 632 2961 de
647 2905 855 2961 merito
878 2904 939 2959 in
964 2902 1162 2969 beatiS,
1195 2920 1256 2960 ac
1282 2903 1352 2960 de
1379 2903 1660 2963 demerito

65 3012 264 3058 mimum
298 2986 362 3042 in
387 2985 696 3044 damnatis
730 2988 1029 3056 Potestque
1072 2985 1189 3041 haec
1225 2985 1515 3042 sententia
1562 3003 1660 3045 ra-

68 3073 264 3159 nssffii'ffl
297 3070 454 3127 tione
481 3066 713 3142 probari
748 3087 761 3121 ε
793 3066 1002 3138 primo,
1033 3065 1310 3137 quoniam
1348 3066 1497 3123 beati
1526 3074 1660 3125 sunt

225 3145 234 3155 ⁴
271 3144 481 3210 'adhuc
501 3152 562 3207 in
577 3154 725 3206 statu
743 3146 1074 3221 acquirendi
1101 3148 1404 3220 praemium
1428 3150 1660 3223 aliquod

297 3233 662 3298 accidentale,
714 3232 833 3288 imo
887 3235 1121 3303 possunt
1167 3230 1299 3286 aliis
1345 3230 1661 3303 impetrare

295 3315 544 3392 gloriam
566 3315 775 3370 animae
794 3313 1183 3378 essentialem,
1206 3317 1263 3369 et
1277 3312 1388 3368 sibi
1411 3314 1660 3386 gloriam

297 3397 554 3469 corporis
599 3417 613 3452 ε
656 3401 711 3451 et
751 3395 895 3450 alias
946 3397 1214 3450 exercent
1260 3395 1455 3466 plures
1507 3402 1662 3454 actus

301 3484 533 3547 liberos,
583 3485 640 3537 et
685 3479 996 3552 condignos
1035 3479 1125 3534 his
1173 3482 1432 3550 praemiis
1470 3502 1483 3538 ε
1526 3497 1663 3557 ergo

305 3570 538 3638 possunt
567 3564 669 3620 illa
691 3561 923 3620 mereri.

98 3655 272 3710 Duplex
379 3647 768 3705 confirmatur
796 3649 1004 3720 primo,
1031 3647 1166 3719 quia
1193 3664 1310 3704 non
1344 3649 1526 3722 magis
1556 3664 1663 3706 ne-

107 3706 264 3801 g'fflds
304 3732 584 3791 cessarius
613 3735 698 3787 est
724 3738 901 3788 status
934 3731 1043 3787 viae
1069 3729 1138 3786 ad
1167 3730 1462 3799 meritum,
1488 3749 1662 3806 quam

306 3815 379 3873 ad
397 3814 844 3873 satisfactionem
862 3836 874 3870 ε
892 3814 989 3871 sed
1011 3814 1223 3871 animae
1244 3813 1308 3870 in
1333 3816 1666 3889 purgatorio

303 3899 617 3958 existentes
644 3897 1000 3953 satisfaciunt
1024 3913 1127 3970 pro
1155 3898 1395 3970 peccatis
1421 3900 1665 3956 veniali-

307 3984 413 4040 bus
441 3982 504 4038 in
527 3981 630 4039 hac
653 3982 770 4037 vita
788 3981 1126 4044 commissis,
1141 3985 1201 4036 et
1222 3996 1338 4037 non
1365 3980 1622 4039 dimissis
1647 4004 1661 4039 ε

302 4081 440 4141 ergo
466 4069 699 4138 possunt
724 4064 899 4119 etiam
923 4063 1161 4119 mereri.
1655 4091 1658 4092 ν

380 4146 768 4206 Confirmatur
806 4145 1074 4213 secundo,
1115 4145 1250 4218 quia
1295 4146 1555 4204 damnati
1601 4149 1666 4205 in

305 4230 577 4290 omnibus
605 4229 720 4287 fere
740 4228 858 4285 suis
880 4227 1097 4285 actibus
1115 4227 1367 4302 quotidie
1395 4234 1623 4302 peccant
1650 4250 1664 4286 t

305 4328 441 4388 ergo
491 4309 745 4385 quotidie
796 4316 1094 4367 merentur
1140 4325 1351 4367 novam
1411 4326 1663 4383 poenam.

308 4395 447 4457 Quis
467 4394 627 4451 enim
650 4391 815 4459 dicet,
833 4394 863 4445 J
869 4391 1043 4448 udam
1066 4394 1244 4448 Deum
1268 4390 1669 4464 blaspheman-

310 4482 426 4536 tem
455 4494 573 4534 non
596 4475 809 4533 mereri
834 4473 1030 4547 puniri
1058 4474 1130 4531 ob
1159 4474 1309 4530 istud
1332 4480 1620 4548 peccatum
1641 4477 1669 4532 ?

385 4561 666 4616 Caeterum
705 4555 890 4630 quoad
931 4556 1336 4614 authoritatem
1364 4560 1426 4612 D.
1459 4557 1664 4614 Thom.

310 4655 383 4697 ex
407 4639 548 4697 locis
576 4653 680 4711 pro
708 4637 897 4710 prima
924 4636 1288 4694 conclusione
1327 4636 1515 4693 citatis
1541 4651 1671 4692 ma·-

308 4720 518 4778 nil'este
544 4717 804 4783 habetur,
837 4717 1006 4774 illum
1036 4734 1266 4791 negasse
1290 4733 1463 4774 omne
1488 4733 1671 4790 genus

309 4802 509 4861 meriti
526 4800 757 4875 proprie
773 4799 908 4856 dicti
924 4800 1298 4857 existentibus
1312 4805 1474 4857 extra
1488 4800 1665 4867 viam,

304 4885 489 4944 ‘etiam
516 4883 580 4939 in
608 4881 812 4939 ordine
852 4880 927 4937 ad·
954 4881 1257 4954 praemium
1302 4878 1666 4947 accidentale,

313 4973 378 5025 ut
404 4965 617 5043 legenti
645 4966 749 5022 illa
774 4964 1010 5040 patebit.
1039 4967 1188 5021 Nam
1227 4963 1298 5022 de
1334 4962 1588 5039 Angelis,
1618 4969 1674 5023 et

308 5051 496 5113 beatis
534 5054 627 5109 cit.
668 5059 851 5130 quaest.
889 5053 977 5119 62,
1032 5052 1049 5107 l
1096 5056 1245 5124 part.
1275 5057 1388 5109 art.
1417 5049 1470 5117 9,
1504 5050 1564 5104 in
1585 5066 1674 5107 so-

84 4569 282 4663 &3221

1787 594 1992 650 latione
2037 595 2112 651 ad
2156 595 2210 659 3,
2265 610 2396 650 cum
2450 593 2708 661 dixisset,
2752 595 2901 667 quod
2947 612 3153 653 eorum

1786 677 2063 752 gaudium
2088 682 2266 752 potest
2293 679 2489 753 augeri
2518 695 2696 750 usque
2718 679 2787 735 ad
2815 680 2968 737 diem
2994 681 3158 754 judi-

1788 759 1879 823 cii,
1910 766 1966 819 et
1991 759 2142 834 quod
2184 760 2289 817 hoc
2317 761 2565 833 pertinet
2595 761 2663 817 ad
2708 762 3017 835 praemium
3058 779 3157 820 ac-

1788 840 2090 906 cidentale,
2122 839 2354 897 subdit:
2389 860 2416 892 «
2449 840 2613 899 Unde
2650 843 2887 915 quidam
2932 843 3155 913 dicunt,

1796 945 1822 977 α
1862 922 2013 997 quod
2038 927 2318 996 quantum
2348 922 2420 979 ad
2462 924 2765 995 praemium
2808 923 3158 984 accidentale

1795 1026 1821 1059 «
1865 1007 2042 1063 etiam
2070 1005 2282 1062 mereri
2308 1011 2567 1079 possunt;
2597 1006 2695 1063 sed
2725 1010 2935 1064 melius
2962 1014 3061 1077 est,
3092 1018 3160 1068 ut

1796 1112 1825 1144 α
1865 1087 2102 1157 dicatur,
2132 1089 2282 1163 quod
2310 1093 2472 1148 nullo
2511 1091 2681 1150 modo
2710 1094 2918 1167 aliquis
2960 1095 3161 1153 beatus

1797 1193 1826 1225 α
1867 1170 2082 1227 mereri
2124 1176 2322 1244 potest,
2365 1173 2479 1228 nisi
2519 1174 2596 1229 sit
2639 1174 2818 1232 simul
2864 1175 3069 1244 viator,
3099 1184 3161 1237 et

1737 1300 1740 1303 Α
1795 1275 1823 1307 α
1865 1253 2689 1326 comprehensor.Praedictum
2706 1258 2865 1315 enim
2881 1260 3159 1333 gaudium

1796 1358 1823 1391 α
1868 1338 2050 1408 magis
2076 1338 2382 1411 acquirunt
2406 1355 2477 1395 ex
2504 1341 2719 1398 virtute
2759 1341 3156 1411 beatitudinis,

1796 1437 1823 1469 α
1867 1434 2039 1490 quam
2083 1417 2227 1476 illud
2275 1425 2628 1479 mereantur.
2665 1442 2690 1475 »
2739 1427 2817 1481 De
2852 1425 3161 1482 animabus

1790 1499 2172 1556 existentibus
2200 1502 2263 1556 in
2307 1504 2639 1578 purgatorio
2681 1503 2740 1560 id
2782 1506 2971 1578 ipsum
2999 1505 3164 1566 docet

1790 1580 1856 1637 de
1906 1584 2051 1639 malo
2096 1590 2278 1659 quaest.
2321 1588 2377 1653 7,
2426 1593 2536 1643 art.
2576 1589 2633 1643 ll
2678 1587 2752 1642 ad
2790 1590 2844 1652 6,
2890 1594 2945 1645 et
2986 1591 3048 1645 in
3096 1591 3156 1655 4,

1790 1664 1921 1720 dist.
1987 1668 2070 1734 17,
2121 1675 2302 1741 quaest.
2364 1672 2418 1737 2,
2483 1679 2592 1727 art.
2648 1673 2702 1738 4,
2754 1673 3069 1748 queastiunc.
3123 1673 3162 1728 3

1792 1747 1868 1803 ad
1905 1749 1962 1813 7,
2018 1749 2177 1822 cujus
2227 1749 2404 1806 verba
2442 1753 2637 1809 statim
2694 1754 3029 1812 referemus.
3090 1756 3165 1809 Et

1793 1827 1949 1885 idem
1973 1834 2128 1887 tenet
2147 1829 2217 1887 de
2237 1829 2527 1888 damnatis
2549 1833 2611 1888 in
2640 1834 2846 1892 ordine
2872 1835 2942 1891 ad
2970 1835 3164 1892 deme-

1796 1913 1975 1969 ritum
1998 1916 2169 1969 citata
2192 1921 2373 1991 quaml.
2409 1915 2490 1981 13,
2515 1933 2588 1970 ca>
2612 1918 2667 1983 2,
2699 1919 2754 1983 2,
2785 1925 2896 1974 art.
2922 1920 2958 1972 4
2984 1919 3059 1973 ad
3098 1921 3155 1983 2.

1793 1993 1989 2051 dicens
2028 1995 2179 2062 illos,
2235 1997 2609 2068 quantumvis
2659 2002 2840 2054 Deum
2889 1997 3163 2072 blasphe-

1793 2083 1975 2145 ment,
2007 2094 2125 2135 non
2160 2078 2468 2144 demereri,
2517 2078 2615 2136 sed
2655 2096 2855 2137 eorum
2899 2082 3077 2147 mala,
3106 2087 3166 2140 et

1795 2163 2019 2231 peccata
2071 2160 2361 2232 pertinere
2415 2161 2601 2233 potius
2648 2160 2719 2217 ad
2765 2161 3164 2218 damnationis

1795 2256 2049 2313 poenam.
2080 2243 2268 2304 Quare
2289 2241 2360 2297 ad
2385 2243 2718 2299 testimonia
2746 2243 2809 2298 in
2837 2241 3167 2316 oppositum

1794 2322 2036 2380 adducta
2056 2323 2361 2381 dicendum
2383 2331 2466 2381 est
2487 2326 2579 2382 vel
2602 2329 2749 2399 Ang.
2768 2328 3067 2381 Doctorem
3090 2341 3160 2382 ea

1796 2405 2159 2480 postmodum
2204 2411 2554 2473 retractasse,
2587 2409 2679 2464 vel
2710 2407 2772 2462 in
2800 2406 2884 2463 eis
2907 2406 3064 2477 loqui
3090 2406 3165 2464 de

1795 2487 2005 2543 merito
2051 2487 2371 2560 improprie
2421 2487 2588 2556 dicto,
2636 2494 2805 2561 prout
2842 2492 2927 2544 est
2976 2486 3155 2554 idem,

1794 2568 1945 2643 quod
1973 2569 2320 2642 impetratiO,
2353 2570 2444 2625 vel
2465 2571 2855 2643 consequutiO.
3307 2591 3313 2598 ·

1870 2651 1956 2705 Ex
1982 2651 2073 2706 his
2100 2650 2238 2707 locis
2264 2649 2505 2707 habetur
2531 2653 2708 2708 etiam
2737 2651 2947 2709 solutio
2977 2650 3367 2748 ratio-Bevu-

1796 2730 1888 2786 nis
1906 2731 2150 2788 inductae
2171 2732 2233 2787 in
2253 2735 2578 2806 oppositum
2596 2759 2608 2801 ;
2630 2750 2765 2791 nam
2780 2739 2963 2791 totum
2987 2732 3154 2800 illud,
3202 2705 3335 2807 2232!

1794 2815 1945 2889 quod
1971 2815 2120 2872 beati
2162 2816 2349 2873 denuo
2379 2824 2615 2890 possunt
2641 2819 2956 2892 acquirere,
2989 2821 3052 2872 ut
3077 2821 3164 2873 est
3192 2808 3357 2849 mm*

1793 2897 2071 2972 gaudium
2126 2899 2493 2965 accidentale,
2537 2905 2593 2955 et
2643 2901 2831 2973 gloria
2882 2899 3161 2972 corporis,

1794 2978 2035 3036 debetur
2055 2981 2138 3038 eis
2161 2983 2385 3039 ratione
2409 2982 2620 3055 prioris
2642 2983 2859 3045 meriti,
2885 2998 2998 3053 quo
3020 2980 3163 3037 dum

1794 3066 1984 3119 essent
2029 3061 2292 3126 viatores,
2348 3065 2691 3119 meruerunt
2743 3061 3166 3121 beatitudinem

1794 3145 2161 3203 essentialem
2197 3165 2210 3199 ε
2238 3159 2309 3200 ex
2329 3160 2440 3217 quo
2480 3146 2656 3200 etiam
2683 3144 2768 3200 eis
2808 3143 3066 3208 debetur,
3099 3147 3167 3197 ut

1796 3227 1937 3284 dum
1977 3232 2146 3284 orant
2194 3243 2296 3299 pro
2341 3227 2526 3297 nobis,
2558 3226 2978 3292 exaudiantur;
3029 3229 3171 3282 sunt

1796 3311 1958 3368 enim
1986 3310 2185 3366 omnia
2225 3310 2346 3366 haec
2371 3311 2531 3381 quasi
2571 3310 3078 3381 complementum,
3110 3312 3167 3364 et

1795 3393 2173 3451 corollarium
2224 3406 2572 3465 consequens
2624 3392 2789 3447 illam
2853 3388 3165 3446 beatitudi-

1799 3491 1954 3542 nem,
1987 3480 2042 3531 et
2069 3474 2147 3529 ita
2189 3487 2306 3528 non
2335 3471 2597 3546 indigent
2630 3488 2779 3529 novo
2808 3471 3031 3533 merito,
3061 3469 3162 3528 sed

1797 3557 2008 3615 cadunt
2034 3554 2140 3611 sub
2166 3556 2375 3612 merito
2396 3553 2577 3625 ipsius
2598 3552 2996 3611 beatitudinis,

1874 3639 1960 3695 Ad
1989 3638 2240 3712 primam
2269 3635 2771 3694 confirmationem
2808 3636 2891 3692 sic
2918 3651 3161 3709 respon-
3199 3651 3359 3696 Primae

1799 3723 1894 3781 det
1920 3725 1985 3779 D.
2030 3721 2238 3776 Thom.
2280 3719 2402 3774 loco
2447 3717 2617 3774 citato
2661 3733 2732 3773 ex
2784 3719 2839 3785 4,
2884 3717 3016 3774 dist.
3053 3721 3159 3775 17:
3193 3702 3371 3794 ,ζξῇίὲῖἰ

1805 3826 1831 3858 α
1875 3799 2209 3868 Dicendum,
2235 3797 2384 3871 quod
2409 3813 2575 3869 pcena
2602 3797 2725 3863 illa,
2751 3814 2923 3871 quam
2953 3799 3164 3871 animae
3193 3799 3366 3844 sausat.

1807 3909 1834 3941 α
1875 3887 1940 3942 in
1969 3880 2299 3957 purgatorio
2325 3878 2631 3945 sustinent,
2665 3895 2785 3935 non
2820 3885 2998 3952 potest
3026 3897 3166 3953 pro-

1807 3989 1835 4021 «
1878 3964 2002 4039 prie
2026 3962 2140 4018 dici
2167 3959 2494 4025 satisfactio,
2523 3956 2661 4032 'quia
2687 3960 2997 4018 satisfactio
3024 3978 3168 4034 opus

1808 4074 1836 4106 α
1876 4047 2245 4108 meritorium
2275 4044 2624 4117 requireret:
2659 4043 2758 4101 sed
2797 4047 2955 4119 largo
2996 4042 3169 4101 modo

1806 4153 1833 4185 α
1877 4131 2087 4189 dicitur
2114 4126 2423 4184 satisfactio
2444 4124 2649 4182 debitae
2673 4141 2852 4197 poenae
2872 4125 3111 4184 solutio:
3133 4147 3161 4178 n

1803 4214 2035 4290 proprie
2062 4209 2222 4268 enirn
2251 4208 2462 4266 animae
2489 4208 2607 4265 illae
2635 4225 2753 4266 non
2779 4208 3162 4278 satisfaciunt,

1802 4298 1902 4357 sed
1922 4293 2382 4368 satispatiuntur.

1880 4383 1948 4436 Et
1988 4378 2057 4436 ad
2085 4375 2395 4434 secundam
2423 4373 2923 4433 confirmationem
2949 4375 3388 4449 optimeseeunqa

1804 4462 2079 4521 satisfacit
2125 4465 2270 4535 Ang.
2320 4462 2541 4516 Doctor.
2591 4460 2702 4514 loco
2748 4462 2840 4516 cil.
2884 4477 2956 4515 ex
2993 4462 3048 4526 2,
3109 4447 3367 4532 2,⁰⁰⁴2³,¹,¹,.'f¹'

1805 4553 1991 4626 quast.
2028 4547 2111 4611 13,
2142 4544 2356 4608 dicens,
2395 4566 2421 4596 α
2449 4541 2598 4616 quod
2626 4544 2859 4608 mereri,
2892 4548 2948 4599 et
2967 4542 3168 4601 derne-

1810 4654 1838 4688 «
1882 4632 2018 4697 reri,
2042 4628 2334 4703 pertinent
2355 4625 2424 4682 ad
2445 4630 2654 4682 statum
2679 4627 2807 4685 viae.
2833 4627 2998 4686 Unde
3018 4628 3172 4687 bona

1811 4737 1838 4768 α
1887 4715 1950 4771 in
1976 4711 2297 4770 viatoribus
2323 4715 2458 4766 sunt
2496 4710 2815 4777 meritoria,
2850 4713 3004 4769 mala
3032 4727 3173 4769 vero

1811 4817 1839 4851 α
1881 4793 2251 4853 demeritoria
2278 4813 2291 4848 :
2318 4792 2379 4848 in
2409 4791 2589 4849 beatis
2630 4795 2821 4850 autem
2861 4792 3012 4851 bona
3053 4809 3176 4851 non

1814 4899 1841 4932 α
1881 4883 2016 4935 sunt
2043 4875 2360 4941 meritoria,
2394 4874 2490 4932 sed
2529 4873 2820 4947 pertinent
2860 4875 2930 4932 ad
2969 4892 3175 4934 eornm

1814 4985 1842 5021 α
1882 4960 2253 5021 beatitudinis
2274 4957 2611 5033 praemium3
2636 4964 2692 5029 et
2719 4959 2992 5016 similiter
3013 4961 3174 5017 mala

1814 5071 1841 5103 α
1884 5049 1947 5104 in
1987 5045 2275 5104 damnatis
2320 5061 2437 5103 non
2482 5048 2617 5100 sunt
2644 5041 3038 5110 demeritoria,
3068 5041 3173 5100 sed
