3647 5753
536 426 646 481 840
694 507 695 512 Ἰ
1580 419 1674 474 DE
1715 415 2024 472 PRAEMIO
2062 414 2342 470 MERITI.

537 596 794 671 quandiu
822 595 927 652 sub
954 600 1103 652 statu
1131 591 1591 650 mortificationis
1616 590 1889 648 existunt.

538 679 685 733 Tum
714 677 911 742 etiam,
937 674 1072 747 quia
1091 674 1142 729 si
1172 676 1318 730 Deus
1340 678 1476 729 tunc
1502 675 1758 745 protunc
1780 666 1896 724 affi-

536 761 761 814 ceretur
789 756 859 813 ad
886 756 1114 820 merita,
1147 755 1266 811 haec
1286 769 1405 810 non
1432 756 1619 810 essent
1639 746 1895 807 mortifi-

536 843 677 906 cata,
728 838 824 896 sed
875 848 1110 911 prorsus
1154 839 1322 899 viva;
1363 833 1648 907 siquidem
1688 846 1891 889 eorum

537 921 659 978 vita
699 921 937 977 actualis
974 923 1272 976 exercetur
1299 933 1401 990 per
1430 913 1807 973 allicientium
1836 915 1893 968 et

534 1003 971 1059 conversionem
996 999 1354 1072 praemiantis
1375 995 1444 1054 ad
1465 1011 1544 1053 se.
1570 997 1717 1050 Tum
1741 1007 1891 1066 prae-

533 1088 709 1150 terea,
725 1084 860 1156 quia
876 1085 1151 1139 meritum
1168 1095 1286 1137 non
1301 1083 1493 1136 movet
1508 1077 1570 1132 in
1586 1074 1885 1137 abstracto,

535 1169 589 1222 et
612 1163 905 1236 praecisive
927 1178 959 1218 a
981 1165 1260 1226 merente3
1291 1158 1389 1215 sed
1410 1161 1473 1213 ut
1492 1155 1601 1229 ipsi
1616 1154 1891 1228 conjunc-

534 1251 678 1312 tum,
723 1250 779 1302 et
818 1242 887 1301 ab
914 1259 982 1300 eo
1012 1241 1359 1315 participans
1383 1253 1551 1294 suum
1579 1237 1839 1292 valorem
1873 1253 1886 1289 :

534 1333 701 1401 atque
741 1325 871 1384 ideo
895 1326 1041 1381 sicut
1080 1326 1229 1380 Deus
1256 1336 1372 1379 non
1414 1318 1656 1377 afficitur
1684 1316 1753 1372 ad
1779 1317 1889 1373 ho-

529 1409 751 1465 minem
788 1424 892 1481 pro
919 1413 1175 1479 tempore
1201 1405 1412 1476 lapsus,
1446 1403 1525 1458 ita
1552 1413 1735 1473 neque
1762 1397 1888 1454 affi-

527 1493 678 1548 citur
719 1489 789 1547 ad
834 1491 957 1564 ejus
995 1488 1224 1545 merita.
1257 1488 1406 1542 Tum
1447 1483 1711 1555 denique,
1752 1480 1887 1554 quia

512 1573 671 1629 'sicut
721 1570 793 1628 ob
840 1570 1174 1642 proximum
1214 1567 1499 1623 motivum
1529 1561 1887 1635 impossibile

524 1656 627 1718 est,
658 1649 809 1723 quod
831 1652 979 1706 Deus
1008 1650 1198 1723 primo
1228 1647 1503 1704 afficiatur
1527 1642 1598 1699 ad
1618 1658 1758 1714 opus
1782 1640 1886 1697 eli-

521 1733 698 1790 citum
749 1730 821 1788 ab
866 1730 1106 1788 homine
1147 1732 1454 1802 peccatore,
1497 1730 1771 1797 tanquam
1813 1720 1883 1778 ad

522 1815 801 1872 meritum
827 1812 899 1870 de
924 1811 1226 1885 condign0,
1260 1808 1357 1865 sed
1390 1823 1491 1881 per
1519 1807 1680 1879 prius
1718 1802 1885 1860 debet

526 1896 799 1971 intelligi,
843 1893 993 1967 quod
1021 1892 1194 1948 homo
1228 1887 1594 1965 dignificetur
1621 1901 1721 1960 per
1747 1900 1883 1959 gra-

523 1977 669 2033 tiam
710 1998 723 2031 :
766 1976 843 2032 ita
887 1975 1184 2048 repugnat,
1228 1969 1378 2044 quod
1426 1971 1572 2025 Deus
1611 1967 1882 2024 continuo

529 2059 807 2116 afficiatur
853 2057 922 2114 ad
963 2072 1136 2128 opera
1182 2053 1438 2111 hominis
1478 2051 1588 2115 hic,
1632 2054 1690 2106 et
1728 2064 1882 2106 nunc

526 2143 823 2200 existentis
845 2142 908 2197 in
932 2145 1187 2214 peccat03
1210 2136 1309 2194 sed
1332 2140 1394 2191 ut
1421 2132 1685 2207 praedicta
1705 2147 1880 2205 opera

525 2226 716 2284 denuo
761 2229 1048 2291 moveant,
1099 2228 1156 2279 et
1207 2221 1568 2291 acceptentur
1614 2214 1684 2272 ad
1725 2231 1880 2287 prae-

521 2309 729 2369 mium.
761 2323 903 2380 opus
928 2311 1033 2373 est,
1064 2303 1213 2379 quod
1253 2304 1426 2360 homo
1466 2300 1627 2374 prius
1656 2297 1878 2354 intelli-

520 2397 688 2466 gatur
711 2390 1005 2446 restitutus
1032 2388 1102 2444 ad
1128 2387 1394 2461 gratiam.

308 2472 507 2520 nii-uitur
594 2471 761 2528 Unde
788 2468 937 2542 quod
964 2468 1174 2526 dicitur
1202 2467 1272 2525 de
1293 2467 1637 2524 meritorum
1664 2463 1803 2531 vita,
1821 2465 1879 2519 et

310 2531 492 2618 ἓῖἒιῗὲἷι
524 2554 586 2609 in
626 2555 709 2612 eis
750 2552 1162 2626 complacentia
1201 2557 1458 2623 tempore
1496 2548 1729 2614 decreti,
1781 2550 1879 2603 aut

342 2630 458 2667 '¹¹¹³’
521 2652 623 2708 per
646 2639 962 2706 respectum
993 2633 1061 2689 ad
1086 2631 1418 2706 praedictum
1440 2636 1683 2704 tempuS,
1703 2632 1787 2684 est
1805 2626 1877 2683 de

523 2733 587 2773 re
611 2732 730 2773 non
749 2720 1132 2788 supponente;
1157 2729 1291 2769 nam
1314 2713 1362 2767 si
1379 2713 1556 2768 semel
1575 2713 1869 2783 repugnat,

519 2798 670 2871 quod
700 2797 984 2869 reparatio
1027 2801 1151 2868 post
1190 2797 1415 2867 lapsum
1454 2795 1528 2849 sit
1569 2792 1874 2865 praemium

520 2881 583 2935 in
628 2879 1009 2952 exequutione
1055 2876 1327 2933 collatum
1377 2881 1608 2949 propter
1665 2872 1875 2930 merita

517 2968 651 3019 ante
678 2964 903 3034 lapsum
921 2961 1084 3024 facta,
1107 2965 1167 3015 ut
1182 2959 1469 3032 hucusque
1484 2956 1841 3016 ostendimus
1856 2979 1870 3024 ;

518 3045 736 3118 pariter
758 3041 1115 3117 repugnabit,
1135 3040 1284 3112 quod
1306 3042 1420 3097 tale
1442 3039 1747 3112 praemium
1770 3038 1876 3094 ali-

514 3141 625 3200 quo
652 3129 908 3196 tempore
949 3122 1291 3179 decernatur
1316 3143 1329 3177 ι
1362 3126 1528 3193 atque
1554 3117 1682 3175 ideo
1709 3117 1876 3176 debet

517 3205 716 3280 negari
738 3204 1117 3277 suppositum.
1144 3206 1386 3261 Possunt
1415 3202 1532 3258 haec
1552 3201 1750 3258 omnia
1771 3200 1875 3257 de-

516 3288 728 3344 clarari
755 3288 1020 3361 exemplo
1059 3302 1238 3343 causac
1276 3284 1503 3351 finalis;
1548 3300 1685 3341 nam
1724 3283 1774 3340 si
1802 3283 1874 3341 ab

522 3362 836 3418 intrinseco
865 3367 1209 3435 repugnaret
1235 3359 1425 3418 media
1454 3358 1721 3417 mandari
1748 3374 1875 3415 exe·

520 3444 784 3516 quntioni
831 3448 1063 3515 propter
1112 3443 1362 3515 aliquem
1409 3440 1605 3507 finem,
1658 3441 1874 3514 pariter

524 3531 886 3600 repugnaret,
916 3524 1066 3598 quod
1105 3526 1244 3582 talia
1291 3523 1483 3581 media
1521 3525 1873 3598 eligerentur

520 3617 751 3684 propter
774 3609 946 3666 talem
970 3606 1166 3673 finem,
1196 3608 1318 3664 sive
1345 3610 1421 3678 (et
1442 3607 1505 3663 in
1527 3606 1680 3664 idem
1705 3605 1873 3677 redit)

517 3689 666 3763 quod
693 3687 830 3746 finis
868 3691 1126 3745 moveret
1152 3686 1223 3743 ad
1261 3687 1599 3744 electionem
1647 3686 1873 3743 medio—

521 3787 671 3829 rum.
704 3773 772 3826 Et
816 3769 1089 3825 similiter
1127 3767 1291 3835 illud,
1335 3767 1484 3840 quod
1526 3768 1590 3823 in
1616 3783 1872 3839 exequu-

519 3854 673 3910 tione
713 3852 1031 3909 necessario
1069 3851 1340 3923 supponit
1378 3850 1693 3908 carentiam
1730 3849 1871 3906 alli-

518 3934 743 3990 cientiae
772 3935 833 3989 in
851 3932 1046 3996 finem,
1066 3932 1188 3987 sive
1208 3930 1355 4003 quod
1377 3930 1562 3987 tinisa
1585 3929 1872 3988 movendo

514 4014 771 4078 cessavit,
829 4011 1074 4067 minime
1120 4012 1273 4068 valet
1320 4010 1530 4068 habere
1585 4011 1868 4067 rationem

514 4094 715 4163 medii,
732 4094 823 4151 vel
838 4093 1021 4158 electi,
1032 4093 1121 4148 vel
1137 4095 1402 4165 exequuti
1422 4098 1654 4166 propter
1670 4091 1865 4160 finem,

513 4181 572 4232 ut
612 4176 762 4232 satis‘
777 4190 848 4230 ex
884 4189 944 4230 se
969 4177 1210 4229 constat.
1238 4174 1513 4230 Meritum
1555 4178 1744 4230 autem
1788 4172 1869 4228 ita

510 4252 1080 4329 proportionabiliter
1096 4259 1288 4310 movet
1302 4254 1371 4311 ad
1390 4254 1870 4326 praemium,sicut

511 4337 647 4394 finis
675 4336 744 4394 ad
766 4336 975 4394 media.
1009 4338 1156 4409 Ergo
1182 4336 1539 4410 impossibile
1564 4342 1666 4403 ost,
1699 4342 1763 4391 ut
1789 4336 1869 4392 il—

513 4420 613 4476 lud
653 4417 859 4475 habeat
902 4416 1183 4472 rationem
1228 4416 1476 4489 praemii,
1510 4418 1601 4473 vel
1629 4415 1864 4486 decreti,

514 4501 605 4557 vel
646 4499 934 4572 exequuti,
966 4495 1117 4569 quod
1157 4498 1477 4554 necessario
1521 4498 1584 4553 in
1612 4513 1870 4572 exequu-

512 4584 664 4641 tione
698 4582 967 4654 supponit
1005 4580 1325 4638 carentiam
1352 4581 1609 4638 efficaciae
1636 4583 1700 4638 in
1740 4599 1869 4640 me·

510 4668 640 4733 rito,
671 4670 902 4741 ejusque
930 4681 962 4720 a
990 4680 1158 4721 move
1215 4664 1284 4721 do
1310 4666 1763 4738 suspensionem.
1797 4668 1868 4721 Et

510 4754 614 4809 hoc
640 4750 811 4808 modo
838 4766 898 4808 se
937 4748 1107 4806 habet
1181 4748 1435 4821 eparatio
1476 4754 1599 4821 post
1640 4750 1864 4822 lapsum

508 4832 578 4890 ad
607 4833 754 4892 bona
782 4848 955 4905 opera
976 4836 1098 4889 autc
1141 4847 1366 4904 tapsum
1388 4830 1597 4887 elicita.

2617 585 2650 652 g
2685 582 2782 636 111.

2329 732 2544 790 Ultima
2598 729 2754 786 dubii
2803 729 3086 785 resolutio.

2096 853 2190 907 71.
2242 848 2560 906 Dicendum
2612 853 2696 904 est
2737 844 2942 911 tertio,
2992 844 3213 919 justum
3271 858 3389 900 non
3418 836 3550 929 {3²5

2025 947 2185 1004 posse
2212 931 2428 989 mereri
2450 930 2520 987 de
2541 945 2789 1003 congruo
2811 928 3240 1001 reparationem
3266 931 3392 999 post
3450 936 3504 978 aa

2025 1013 2269 1085 lapsum,
2303 1009 2586 1083 loquendo
2625 1009 2696 1066 de
2722 1009 2931 1066 merito
2965 1023 3220 1081 congruo
3250 1024 3390 1080 pro-

2024 1093 2149 1165 prie
2170 1093 2341 1149 dicto.
2367 1093 2449 1147 lta
2473 1093 2535 1146 D.
2557 1088 2763 1146 Thom.
2787 1089 2850 1146 in
2868 1087 3161 1162 praesenti,
3186 1094 3301 1142 art.
3325 1091 3382 1154 7,
3418 1082 3534 1124 ¹³³2
3577 1095 3600 1166 ᾗ

2022 1174 2121 1231 ubi
2164 1174 2244 1231 ait
2274 1194 2287 1229 ε
2316 1171 2641 1237 Dicendum,
2674 1170 2817 1247 quod
2854 1167 3044 1224 nullus
3079 1176 3253 1241 potest
3279 1169 3392 1225 sibi·
3579 1175 3586 1184 “

2019 1257 2217 1312 mereri
2260 1254 2664 1326 reparationem
2707 1259 2826 1324 post
2853 1251 3072 1324 lapsum
3096 1252 3386 1322 futurum,
3573 1203 3620 1284 f*

2019 1356 2115 1393 nec
2140 1338 2335 1392 merito
2375 1334 2646 1404 condiyni,
2677 1350 2772 1388 nec
2797 1334 2990 1387 merito
3030 1334 3286 1402 conyrui.
3318 1334 3387 1388 Et

2019 1419 2269 1492 denique
2308 1417 2390 1473 ita
2428 1413 2714 1474 concludit
2750 1429 2955 1487 corpus
2994 1414 3224 1469 articuli
3262 1435 3278 1468 ε
3307 1413 3386 1471 Et
3613 1425 3620 1460 τ

2019 1503 2138 1558 ideo
2182 1503 2336 1557 nullo
2381 1500 2538 1555 modo
2578 1499 2785 1575 aliquis
2819 1503 2992 1571 potest
3039 1497 3146 1553 sibi
3184 1501 3386 1553 mereri

2016 1587 2419 1658 reparationem
2454 1589 2576 1656 post
2604 1581 2854 1654 lapsum.
2907 1580 2977 1634 Et
3021 1581 3082 1635 in
3132 1598 3381 1654 respons.

2015 1669 2100 1725 ad
2128 1672 2184 1735 2,
2232 1668 2358 1725 ait:
2407 1665 2726 1732 Dicendum,
2778 1663 2920 1740 quod
2963 1664 3172 1737 aliquis
3206 1671 3382 1736 potest

2014 1753 2179 1808 alteri
2215 1753 2414 1806 mereri
2449 1767 2522 1805 ea)
2559 1764 2794 1818 oonyruo
2825 1747 3070 1819 primam
3105 1749 3378 1816 qratiam,

2013 1836 2150 1913 quia
2187 1849 2298 1888 non
2323 1838 2401 1887 est
2439 1831 2518 1887 ibi
2559 1829 3024 1901 impedimentum,
3068 1828 3269 1881 saltem
3310 1844 3382 1881 a

2007 1923 2168 1989 parte
2207 1915 2481 1979 merentia,
2525 1912 2670 1990 quod
2702 1911 2984 1966 invenitur
3008 1909 3140 1963 dum
3166 1906 3381 1985 aliquis

2006 2003 2131 2070 post
2156 1998 2412 2051 meritum
2433 1995 2625 2064 ,qratiae
2650 2010 2686 2048 a
2702 1993 2930 2063 justitia
2955 1990 3171 2064 recedit.
3206 1989 3378 2046 Unde
3511 2053 3514 2056 Δ

2012 2077 2092 2133 sic
2115 2075 2317 2134 docent
2343 2074 2731 2131 communiter
2752 2071 3063 2128 Thomistae
3091 2070 3228 2126 locis
3255 2050 3547 2143 Iul-m
3611 2123 3620 2134 ,

2011 2174 2172 2216 mero
2222 2160 2295 2214 66
2352 2157 2565 2220 relatis,
2597 2154 2885 2221 AlbertuS‚
2928 2158 2986 2210 et
3022 2154 3273 2218 AlensiS,
3317 2150 3554 2241 “iffi

2010 2240 2343 2297 Altisiodor.
2369 2238 2604 2304 ibidem,
2637 2234 2965 2294 Coninchus
2985 2235 3111 2300 2,2,
3136 2234 3286 2308 disp.
3311 2237 3368 2302 8,
3386 2249 3550 2291 coma
3597 2275 3610 2302 ,

2011 2340 2162 2379 num.
2189 2324 2293 2379 ult.
2319 2327 2375 2379 et
2401 2322 2503 2378 alii
2528 2321 2741 2394 plureS.

2085 2404 2551 2461 Fundamentum
2595 2406 2681 2458 est
2728 2398 2895 2466 illud,
2926 2397 3075 2473 quod
3118 2396 3372 2454 secundo
3411 2404 3540 2494 m
3617 2395 3620 2446 1

2010 2486 2131 2543 loco
2147 2503 2251 2560 pro
2274 2486 2587 2543 assertione
2605 2484 2944 2558 praecedenti
2962 2481 3363 2555 expendimus„
3406 2509 3542 2545 m

2008 2571 2064 2623 et
2084 2574 2264 2641 potest
2284 2567 2417 2623 huic
2436 2567 2516 2622 ita
2538 2565 2846 2637 applicari3
2872 2580 3008 2620 nam
3032 2564 3162 2619 licet
3183 2563 3369 2619 meri-
3446 2550 3508 2595 ¹²⁵²

2009 2653 2131 2704 tum
2171 2647 2243 2705 de
2281 2663 2534 2722 congruo
2570 2647 2804 2718 proprie
2843 2644 3059 2701 dictum
3102 2660 3218 2700 nou
3245 2644 3367 2699 im·-

2010 2735 2194 2804 portet
2230 2732 2487 2787 valorem
2529 2729 2806 2801 aequalem
2846 2727 3103 2801 praemio,
3135 2742 3238 2782 nec
3273 2726 3367 2801 jus

2005 2812 2218 2868 strictae
2258 2812 2497 2886 justitias
2546 2809 2616 2866 ad
2671 2809 2818 2866 illud
2864 2806 3362 2882 consequendum;

2006 2896 2281 2968 importat
2304 2900 2498 2951 tamen
2520 2894 2615 2967 jus
2636 2891 2940 2949 amicabile
2961 2892 3359 2956 intrinsecum,

2006 2977 2311 3035 fundatum
2342 2993 2459 3035 non
2483 2978 2546 3034 in
2570 2978 2693 3034 sola
2714 2975 3037 3032 extrinseca
3062 2975 3161 3033 Dei
3190 2974 3362 3030 mise-

2008 3059 2274 3126 ricordia,
2306 3057 2406 3116 sed
2445 3058 2621 3114 etiam
2649 3058 2713 3113 in
2751 3056 3032 3131 dignitate
3067 3056 3356 3116 merentis.

2005 3143 2128 3198 sive
2167 3142 2229 3197 in
2270 3141 2391 3214 ejus
2430 3138 2685 3196 amicitia
2726 3155 2856 3201 cum
2901 3139 3258 3211 praemiante,
3303 3143 3362 3192 ut

2004 3223 2376 3297 exposuimus
2394 3222 2536 3295 disp.
2562 3223 2617 3286 2,
2642 3220 2771 3276 dub.
2797 3222 2979 3276 unico,
3012 3223 3150 3285 Quae
3170 3220 3356 3276 omnia

2003 3308 2151 3365 sicut
2174 3304 2552 3379 requiruntur
2575 3302 2645 3360 ad
2675 3304 2925 3377 primam
2956 3303 3213 3377 praedicti
3232 3317 3356 3359 me-

2007 3391 2109 3447 riti
2155 3389 2528 3455 elicientiam,
2573 3388 2655 3444 ita
2697 3388 3080 3460 requiruntur
3130 3386 3200 3444 ad
3242 3388 3360 3461 ejus

2004 3473 2497 3531 continuationem
2538 3487 2716 3544 usque
2756 3469 2827 3526 ad
2856 3472 3359 3543 consequutionem

2006 3553 2252 3627 praemii,
2275 3557 2337 3609 ut
2363 3554 2536 3624 liquet
2560 3568 2630 3609 ex
2657 3550 2824 3606 dictis
2845 3552 3113 3624 §praeced
3137 3553 3362 3607 Constat

2005 3640 2214 3699 autem,
2240 3632 2391 3707 quod
2415 3636 2691 3691 meritum
2720 3632 2790 3689 de
2816 3648 3071 3706 congruo
3096 3633 3166 3690 ad
3195 3649 3358 3706 repa·

2005 3717 2290 3773 rationem
2318 3720 2442 3788 post
2480 3717 2704 3789 lapsum
2744 3715 3019 3787 importat
3047 3714 3117 3771 ab
3147 3715 3363 3771 intrin-

2002 3814 2128 3856 seco
2164 3796 2602 3871 suspensionem
2629 3797 2719 3851 sui
2751 3812 2853 3868 per
2881 3796 3072 3868 ipsum
3115 3798 3356 3869 lapsum,

2002 3884 2059 3937 et
2078 3879 2227 3953 quod
2256 3895 2487 3937 merens
2511 3878 2675 3935 cadat
2714 3893 2748 3934 a
2774 3877 3025 3950 pristina
3065 3877 3360 3953 dignitate,

2002 3966 2058 4017 et
2109 3961 2370 4018 amicitia
2414 3977 2543 4017 cum
2587 3962 2719 4024 Deo,
2769 3958 2978 4032 quibus
3029 3959 3364 4032 praedictum

2002 4043 2280 4099 meritum
2321 4042 2618 4098 innititur.
2651 4044 2803 4115 Ergo
2843 4040 2972 4097 fieri
3001 4057 3118 4098 non
3163 4046 3361 4113 potest,

2000 4123 2149 4198 quod
2161 4125 2347 4199 justus
2369 4128 2664 4180 mereatur
2687 4122 2757 4178 de
2778 4138 3030 4198 congruo
3059 4122 3365 4194 reparatio-

2001 4222 2137 4263 nem
2162 4211 2286 4279 post
2314 4205 2559 4278 lapsum.

2076 4284 2467 4344 confirmatur
2495 4285 2705 4359 primo,
2745 4286 2878 4358 quia
2909 4289 3188 4359 repugnat
3224 4298 3368 4340 con-
3401 4283 3550 4374 {32}

2001 4368 2142 4426 terri
2174 4384 2274 4440 per
2301 4366 2540 4433 modum
2567 4366 2810 4439 praemii,
2853 4365 3004 4439 quod
3037 4364 3109 4422 ab
3158 4365 3368 4421 intrin—
3411 4382 3552 4435 pria:-

1999 4468 2123 4510 seco
2148 4449 2421 4523 supponit
2455 4448 2775 4506 absentiam
2798 4448 2997 4505 meriti
3032 4469 3045 4503 :
3073 4447 3173 4505 sed
3200 4463 3369 4519 repa·
3617 4452 3620 4483 ⁴

2002 4535 2149 4591 ratio
2179 4537 2301 4606 post
2353 4533 2580 4605 lapsum
2609 4529 2679 4587 ab
2734 4531 3051 4588 intrinseco
3097 4532 3372 4605 supponit

1999 4614 2319 4673 absentiam
2342 4613 2559 4679 meriti,
2579 4613 2725 4669 sicut
2745 4618 2799 4669 et
2814 4609 3135 4668 absentiam
3147 4612 3368 4686 gratiae.

1998 4699 2086 4756 cui
2151 4697 2427 4754 meritum
2490 4695 2768 4751 innititur
2813 4715 2826 4749 ε
2888 4710 3025 4767 ergo
3090 4700 3373 4766 repugnat

1998 4781 2424 4854 reparationem
2474 4782 2597 4851 post
2638 4780 2862 4852 lapsum
2903 4795 3227 4853 comparari
3266 4797 3371 4853 per

1997 4863 2234 4922 modum
2291 4862 2517 4936 praemii
2586 4859 2656 4917 ad
2710 4862 2920 4919 merita
2962 4863 3365 4936 praecedentia,

1995 4947 2118 5004 sive
2138 4945 2441 5019 condigna,
2473 4944 2596 5002 sive
2616 4960 2886 5020 congrua.

2072 5027 2464 5087 confirmatur
2483 5026 2752 5094 secundo,
2776 5029 2912 5102 quia
2934 5033 3214 5104 repugnat
3231 5018 3586 5086 ἱίεεϊίὃθωῑῑὲξ
3619 5034 3620 5041 ’

2829 5111 3368 5169 remunerationem
