3647 5753
494 390 604 446 832
702 437 714 452 2

493 560 666 618 modo
718 560 882 618 dictis
901 584 915 628 ;
968 566 1024 618 et
1075 566 1275 633 cuncta
1321 561 1605 634 exempla,
1655 559 1865 633 quibus

495 641 819 711 roboratur,
852 642 1173 699 doctrinam
1214 649 1469 700 nostram
1518 641 1776 709 firmant,
1808 648 1865 699 et

495 725 557 781 in
590 723 967 781 Adversarios
997 725 1379 798 retorquenda
1405 732 1558 782 sunt.
1590 728 1738 781 Nam
1767 740 1864 781 ca-

495 806 586 862 lor
612 804 718 860 sub
749 806 970 862 ratione
992 807 1209 863 ultimae
1230 806 1625 880 dispositionis
1652 805 1724 863 ad
1752 806 1865 863 for-

495 901 652 942 mam
695 887 865 959 ignis,
893 887 1023 945 licet
1044 903 1161 944 non
1189 889 1263 943 sit
1291 890 1352 945 in
1374 906 1495 947 esse
1516 887 1665 947 entis
1692 887 1860 943 subs·

494 968 694 1032 tantia,
710 972 793 1023 est
810 973 1002 1026 tamen
1020 969 1340 1026 substantia
1365 971 1427 1026 in
1456 985 1576 1027 esse
1598 967 1858 1036 termini,

492 1057 547 1106 et
571 1049 975 1122 producibilis;
1004 1052 1140 1124 quia
1161 1051 1265 1107 sub
1289 1052 1390 1107 illa
1417 1053 1636 1109 ratione
1667 1052 1864 1124 nequit

493 1131 896 1204 principaliter
933 1133 1157 1206 attingi,
1192 1132 1306 1188 nisi
1335 1131 1405 1188 ab
1445 1150 1511 1191 eo
1554 1133 1857 1207 principio,

491 1212 641 1285 quod
696 1213 958 1286 producit
1005 1213 1405 1287 principaliter
1455 1213 1860 1271 substantiam.

491 1295 775 1351 Similiter
792 1295 1092 1351 materiale
1110 1295 1316 1367 peccati
1336 1301 1634 1369 sumptum
1658 1297 1721 1352 in
1740 1312 1864 1354 esse
1911 1363 1916 1366 .

492 1376 876 1445 fundamenti,
907 1379 1173 1451 quamvis
1202 1393 1318 1434 non
1346 1377 1420 1432 sit
1443 1378 1782 1446 formaliter,
1807 1384 1864 1436 et

491 1461 650 1515 velut
680 1461 741 1516 in
770 1477 890 1518 esse
919 1461 1004 1516 rei
1046 1465 1353 1533 peccatum,
1385 1467 1469 1517 est
1496 1468 1689 1519 tamen
1731 1479 1864 1536 pec—

489 1546 680 1597 catum
711 1542 771 1597 in
793 1559 916 1599 esse
937 1542 1197 1602 termini:
1224 1559 1360 1599 nam
1381 1543 1536 1599 solus
1560 1544 1660 1601 ille
1684 1550 1864 1618 potest

491 1638 704 1696 ponere
726 1624 1025 1681 materiale
1049 1625 1255 1696 peccati
1280 1625 1341 1681 in
1357 1641 1478 1681 esse
1495 1624 1862 1683 fundamenti

490 1704 747 1769 malitiae,
773 1707 871 1777 qui
895 1707 1182 1763 malitiam
1205 1707 1480 1776 continet,
1501 1713 1555 1764 et
1578 1707 1856 1781 producit.

491 1786 717 1842 Pariter
743 1789 1009 1860 quamvis
1036 1793 1189 1844 actus
1232 1790 1439 1860 peccati
1479 1805 1598 1846 non
1624 1788 1697 1844 sit
1738 1789 1862 1845 for-

492 1869 725 1925 maliter
765 1870 999 1936 offensa,
1032 1870 1165 1943 quia
1207 1877 1399 1928 tamen
1448 1872 1612 1928 illam
1660 1871 1857 1938 infert,

491 1951 646 2016 solus
693 1951 994 2010 ille-valet
1036 1968 1284 2025 peccare,
1335 1952 1432 2025 qui
1488 1953 1640 2008 valet
1680 1956 1861 2009 Deum

490 2032 797 2091 offendere.
833 2033 998 2091 Unde
1040 2040 1220 2108 potest
1261 2036 1534 2092 resoluti‘o
1576 2041 1770 2092 nostra
1798 2035 1862 2092 in

491 2113 642 2170 hunc
693 2114 928 2170 modum
982 2116 1346 2182 confirmari;
1402 2135 1537 2175 nam
1591 2118 1687 2191 qui
1743 2132 1862 2173 non

494 2202 672 2270 potest
694 2198 1091 2270 principaliter
1109 2200 1420 2272 producere
1440 2202 1687 2258 formam
1704 2198 1864 2256 subs·

492 2280 813 2345 tantialem,
861 2282 1058 2355 nequit
1113 2284 1512 2356 principaliter
1551 2284 1863 2358 producere

491 2359 761 2425 calorem,
797 2367 857 2417 ut
894 2368 976 2417 est
1019 2363 1223 2419 ultima
1263 2363 1561 2437 dispositio
1602 2364 1672 2421 ad
1714 2379 1864 2438 prae—

491 2437 702 2495 dictam
727 2440 1004 2500 formam:
1028 2448 1083 2498 et
1106 2445 1252 2499 Deus
1272 2446 1370 2518 qui
1396 2461 1512 2502 non
1537 2450 1716 2517 potest
1737 2460 1862 2500 cau-

490 2538 619 2579 sare
673 2522 916 2580 i'ormale
968 2527 1239 2594 malitiae,
1294 2529 1492 2601 nequit
1552 2528 1863 2602 producere

492 2602 937 2661 fundamentum
988 2608 1227 2665 malitiae
1273 2610 1336 2665 in
1388 2609 1612 2665 ratione
1654 2609 1864 2666 funda-

492 2690 673 2744 menti
699 2709 709 2748 ;
738 2694 793 2743 et
829 2691 925 2760 qui
971 2707 1086 2747 non
1136 2699 1317 2765 potest
1356 2710 1589 2750 causare
1624 2710 1861 2767 gravem

490 2769 768 2827 offensam
819 2771 938 2836 Dei,
980 2775 1178 2845 nequit
1221 2792 1456 2833 causare
1502 2782 1688 2832 actum
1734 2793 1863 2848 pec-

489 2853 621 2919 cati,
648 2857 709 2908 ut
737 2854 911 2910 talem
940 2852 1218 2914 offensam
1248 2858 1425 2919 insert
1452 2880 1464 2914 ε
1488 2873 1622 2932 ergo
1647 2860 1863 2931 pariter

489 2938 586 3012 qui
641 2953 757 2993 non
806 2938 958 2994 valet
1003 2954 1237 2998 causare
1285 2942 1582 2999 meritorie
1625 2942 1695 3000 de
1723 2959 1864 3001 con-

490 3018 665 3093 digno
696 3020 1098 3078 remissionem
1139 3022 1370 3079 offensae
1400 3040 1500 3097 per
1540 3041 1680 3097 opus
1708 3024 1863 3083 adae-

489 3118 674 3175 quans
716 3103 974 3161 valorem
1019 3104 1300 3178 praedictae
1330 3107 1712 3175 remissionis,
1746 3124 1863 3166 non

493 3184 699 3256 poterit
728 3199 962 3241 causare
999 3186 1297 3244 meritorie
1325 3186 1394 3242 de
1419 3187 1702 3263 condigno
1726 3206 1864 3263 gra-

493 3266 654 3333 tiam,
688 3270 749 3320 ut
789 3265 967 3322 infert
1007 3267 1408 3325 remissionem
1457 3269 1706 3337 offensae,
1740 3273 1864 3329 sive

493 3351 555 3401 ut
583 3347 755 3403 talem
793 3348 1192 3407 remissionem
1236 3348 1456 3406 fundat.
1491 3353 1602 3409 Nec
1629 3360 1865 3427 apparet

494 3426 847 3499 disparitatis
870 3429 1035 3494 ratio,
1062 3445 1184 3502 quae
1213 3446 1329 3487 non
1350 3430 1425 3485 sit
1446 3432 1795 3492 voluntaria.

282 3521 482 3624 Qnurassqum
569 3510 661 3565 60.
694 3510 969 3584 Arguitur
991 3517 1211 3583 quart0,
1244 3516 1300 3568 et
1320 3511 1495 3566 simul
1521 3512 1864 3590 impugnan-

282 3624 479 3668 mentum.

497 3598 592 3648 tur
640 3592 1042 3665 responsiones
1094 3594 1368 3651 hactenus
1413 3594 1667 3661 traditae;
1725 3613 1862 3653 nam

497 3674 628 3730 licet
654 3689 724 3730 ex
763 3673 844 3730 eis
887 3671 1182 3738 habeatur,
1217 3673 1365 3748 quod
1413 3690 1556 3746 pura
1601 3682 1864 3733 creatura

496 3752 613 3812 non
664 3755 835 3828 possit
876 3755 946 3814 de
996 3756 1283 3831 condigno
1330 3758 1541 3813 mereri
1586 3757 1862 3830 peccatori

492 3838 762 3913 gratiam,
795 3844 856 3894 ut
885 3838 1106 3907 fundat,
1147 3844 1203 3896 et
1237 3839 1417 3896 infert
1463 3840 1861 3897 remissionem

493 3920 744 3988 offensae,
772 3938 888 3978 non
918 3927 1111 3979 tamen
1134 3922 1338 3980 habetu
1351 3939 1395 3989 r,
1428 3923 1575 3996 quod
1601 3939 1716 3980 non
1741 3940 1864 3995 pos-

493 4002 568 4057 sit
596 4002 807 4059 mereri
854 4002 1184 4075 praedictam
1224 4003 1492 4078 gratiam,
1526 4008 1588 4058 ut
1623 4002 1866 4060 mundat

494 4084 793 4140 hominem
826 4099 858 4139 a
886 4086 1109 4141 macula
1138 4084 1364 4158 peccati,
1392 4092 1448 4141 et
1475 4086 1615 4142 alias
1637 4083 1866 4159 specifi—

492 4168 677 4224 cative
703 4167 948 4223 destruit
972 4166 1251 4225 offensam
1285 4189 1297 4223 :
1326 4168 1424 4226 sed
1453 4169 1559 4227 hoc
1585 4169 1865 4244 posterius

492 4248 715 4317 sufficit,
749 4255 811 4305 ut
837 4247 1181 4316 verificetur,
1213 4250 1362 4323 quod
1400 4255 1691 4308 mereatur
1727 4267 1864 4326 gra-

494 4332 635 4388 tiam
667 4335 727 4387 ut
756 4331 1034 4404 peccatori
1063 4332 1333 4402 dandam,
1365 4333 1649 4407 siquidem
1678 4333 1866 4409 gratia

494 4418 556 4467 nt
606 4411 901 4484 expellens
953 4414 1240 4470 maculam
1306 4415 1549 4488 explicat
1600 4413 1863 4471 effectum

493 4492 752 4550 dandum
807 4495 1083 4566 peccatori
1138 4516 1151 4551 z
1201 4510 1337 4570 ergo
1390 4511 1506 4553 non
1562 4500 1859 4569 repugnat,

493 4573 642 4650 quod
690 4575 863 4631 homo
916 4591 1093 4646 purus
1146 4581 1435 4634 mereatur
1494 4577 1743 4653 gratiam
1802 4582 1866 4633 ut

494 4657 771 4732 peccatori
821 4658 1250 4716 conferendam.
1300 4660 1595 4718 Probatur
1635 4660 1861 4734 major;

495 4757 631 4798 nam
674 4740 723 4796 si
764 4739 838 4798 ob
877 4742 1131 4814 aliquam
1175 4743 1458 4800 rationem
1496 4748 1859 4818 repugnaret,

492 4821 642 4896 quod
671 4821 844 4879 homo
870 4829 1190 4881 mereretur
1209 4824 1458 4899 gratiam
1488 4829 1550 4880 ut
1574 4824 1866 4897 expellen-

495 4915 611 4965 tem
640 4909 946 4973 maculam,
975 4923 1092 4964 non
1121 4908 1396 4966 merendo
1415 4908 1581 4965 illam
1607 4911 1668 4962 ut
1686 4904 1865 4963 infert

494 4992 940 5049 destructionem
963 4990 1209 5058 offensae,
1236 4992 1492 5049 maxime
1511 4991 1647 5063 quia
1667 4990 1866 5062 expul-

493 5077 580 5129 sio
627 5074 865 5130 maculae
910 5074 1295 5131 essentialiter
1334 5073 1693 5131 connectitur
1729 5087 1861 5130 cum

1528 389 1618 443 DE
1670 388 1977 444 PRAEMIO
2024 388 2305 444 MERITI.

2001 559 2340 616 remissione
2393 560 2620 617 offensae
2669 583 2683 618 ε
2737 560 2836 617 sed
2901 562 3021 618 haec
3081 559 3240 616 ratio
3298 563 3385 615 est

1998 642 2182 708 nulla,
2213 639 2499 714 siquidem
2541 643 2757 715 optime
2782 642 3050 706 cohaeret,
3081 639 3239 715 quod
3268 639 3382 697 duo

1997 723 2191 797 aliqua
2238 725 2559 780 necessario
2598 730 3035 791 connectantur,
3066 729 3124 781 et
3155 723 3381 780 nihilo·

1995 805 2194 861 minus
2214 821 2398 862 unum
2421 804 2583 862 cadat
2603 805 2708 861 sub
2725 807 2953 872 merito,
2972 810 3030 863 et
3048 821 3167 862 non
3190 804 3375 872 aliud,

1998 891 2059 943 ut
2082 891 2234 960 patet
2261 888 2325 944 in
2350 887 2537 961 gloria
2576 888 2851 960 corporis,
2883 903 3009 959 quae
3051 889 3379 945 necessario

1995 969 2367 1043 conjungitur
2386 969 2586 1042 gloriae
2614 970 2851 1031 animem
2873 973 2930 1024 et
2950 973 3150 1025 tamen
3174 969 3379 1024 Chris-

1995 1054 2086 1104 tus
2114 1065 2231 1105 non
2260 1049 2475 1106 meruit
2516 1049 2766 1122 gloriam
2794 1049 3026 1117 animae,
3058 1056 3114 1106 et
3158 1051 3378 1107 meruit

1993 1130 2242 1205 gloriam
2268 1131 2525 1205 corporis
2549 1152 2561 1186 :
2585 1131 2859 1190 similiter
2878 1134 3129 1190 essentia
3145 1132 3370 1200 divina,

1996 1216 2058 1268 ut
2109 1212 2312 1269 unitur
2365 1214 2683 1271 intellectui
2733 1221 2923 1273 creato
2975 1230 3078 1287 per
3130 1213 3373 1272 modum

1994 1293 2221 1366 speciei,
2262 1310 2380 1352 non
2402 1293 2596 1351 differt
2621 1311 2654 1352 a
2674 1297 2876 1370 seipsa,
2904 1301 2965 1352 ut
3004 1312 3106 1368 per
3130 1294 3374 1352 modum

1993 1376 2202 1448 speciei
2241 1374 2444 1432 fundat
2472 1377 2829 1434 intellectum
2858 1376 3130 1435 divinum
3151 1421 3164 1444 ,
3193 1383 3256 1434 et
3286 1382 3376 1434 ta-

1995 1472 2131 1514 men
2158 1458 2263 1514 sub
2294 1458 2475 1533 priori
2515 1466 2785 1532 conceptu
2814 1458 2965 1517 cadit
2997 1458 3102 1515 sub
3132 1460 3368 1526 merito,

1994 1552 2112 1602 non
2151 1537 2258 1594 sub
2298 1537 2545 1596 secundo
2580 1563 2593 1594 ι
2625 1555 2762 1614 ergo
2800 1546 2936 1607 esto,
2981 1538 3133 1614 quod
3179 1541 3373 1614 gratia

1992 1623 2288 1694 expellens
2331 1623 2617 1679 maculam
2661 1625 2978 1680 necessario
3025 1625 3204 1680 etiam
3236 1624 3372 1682 des-

1994 1708 2145 1758 truat
2192 1703 2468 1761 offensam
2489 1745 2502 1769 ,
2552 1709 2609 1760 et
2660 1702 2809 1776 quod
2861 1704 3177 1761 secundum
3219 1706 3374 1764 hanc

1995 1785 2372 1858 posteriorem
2404 1787 2688 1843 rationem
2731 1791 2974 1858 nequeat
3013 1787 3217 1844 cadere
3263 1787 3374 1845 sub

1994 1867 2205 1923 merito
2231 1865 2302 1923 de
2329 1867 2613 1941 condigno
2636 1883 2791 1940 purae
2815 1874 3122 1932 creaturan
3154 1868 3374 1926 nihilo·

1994 1946 2191 2002 minus
2244 1948 2451 2019 poterit
2495 1946 2602 2003 sub
2650 1948 2751 2004 illo
2797 1949 2999 2006 cadere
3048 1948 3367 2007 secundum

1995 2029 2245 2102 primam
2270 2030 2574 2094 rationem,
2602 2030 2681 2085 ita
2712 2035 2772 2085 ut
2792 2032 3068 2088 meritum
3098 2032 3370 2105 respiciat

1991 2113 2239 2187 gratiam
2263 2117 2325 2168 ut
2347 2112 2483 2170 redu
2493 2113 2763 2186 plicative
2783 2115 3022 2187 expellit
3049 2117 3361 2180 maculam,

1992 2199 2048 2250 et
2077 2200 2244 2265 prout
2267 2209 2328 2250 se
2356 2193 2523 2251 habet
2549 2192 2931 2266 specificative
2959 2194 3029 2251 ad
3062 2196 3368 2253 remissio-

1995 2290 2128 2331 nem
2157 2275 2407 2333 ossensae.

2069 2353 2459 2412 confirmatur
2487 2355 2674 2427 primo
2707 2376 2720 2410 ε
2753 2371 2889 2412 nam
2932 2358 3061 2414 licet
3113 2357 3176 2415 in
3225 2364 3356 2415 actu
3394 2379 3518 2422 cm

1994 2438 2388 2511 peccaminoso
2409 2439 2636 2504 entitas,
2669 2443 2726 2494 et
2776 2439 3004 2495 malitia
3062 2456 3180 2497 non
3232 2441 3362 2498 dis-

1993 2518 2334 2592 tinguantur
2357 2519 2591 2574 realiter
2613 2535 2625 2579 ;
2651 2519 3038 2576 nihilominus
3061 2523 3207 2578 Dens
3226 2539 3361 2594 pro·

1993 2599 2147 2655 ducit
2172 2600 2472 2657 entitatem
2501 2615 2618 2657 non
2647 2600 3012 2673 producendo
3040 2603 3353 2671 malitiam,

1993 2699 2061 2740 eo
2082 2682 2230 2755 quod
2257 2684 2466 2740 entitas
2512 2690 2594 2740 est
2643 2685 2799 2741 intra
2838 2686 3126 2758 sphaeram
3152 2687 3360 2743 activi-

1996 2764 2128 2819 tatis
2154 2761 2387 2828 divinae,
2423 2779 2539 2819 non
2573 2770 2763 2822 autem
2812 2766 3040 2822 malitia
3075 2767 3210 2823 :sed
3254 2783 3360 2824 ex·

1994 2844 2182 2920 pulsio
2209 2844 2446 2902 maculae
2458 2850 2542 2902 est
2563 2846 2719 2904 intra
2739 2847 3027 2921 sphaeram
3048 2848 3363 2906 activitatis

1995 2928 2190 2985 meriti
2214 2928 2284 2984 de
2310 2926 2592 3001 condigno
2647 2946 2804 3001 purae
2850 2935 3145 2996 creaturas,
3176 2932 3361 3005 siqui-

1994 3009 2126 3067 dem
2158 3015 2337 3083 potest
2359 3023 2476 3064 non
2503 3010 2775 3068 excedere
2800 3013 2847 3086 ej
2859 3030 2922 3068 us
2949 3014 3209 3069 valorem
3234 3038 3248 3081 ;
3277 3030 3362 3072 re-

1995 3092 2194 3148 missio
2221 3094 2410 3147 autem
2440 3091 2670 3149 offensas
2695 3098 2779 3149 est
2825 3100 2990 3151 extra
3024 3094 3358 3168 praedictam

1993 3172 2300 3246 sphaeram,
2352 3189 2484 3229 cum
2538 3175 2810 3247 importet
2849 3176 3357 3235 affitimabilitatem

1993 3257 2338 3330 simpliciter
2386 3256 2728 3314 infinitam:
2775 3275 2911 3334 ergo
2957 3261 3164 3332 poterit
3215 3276 3359 3334 pura

1993 3344 2255 3395 creatura
2286 3339 2501 3394 mereri
2554 3337 2624 3395 de
2670 3340 2955 3415 condigno
3004 3341 3250 3415 gratiam
3299 3347 3358 3397 ut

1994 3423 2375 3495 expellentem
2408 3423 2716 3489 maculam,
2748 3424 2888 3497 quin
2917 3440 3045 3481 eam
3069 3430 3361 3481 mereatur

1994 3510 2055 3561 ut
2083 3504 2472 3561 destruentem
2520 3503 2798 3562 offensam
2827 3530 2841 3573 ;
2867 3511 2923 3564 et
2948 3512 3361 3579 consequenter

1993 3605 2064 3646 ex
2091 3604 2177 3655 ec,
2208 3587 2356 3662 quod
2397 3586 2524 3660 quis
2572 3594 2816 3663 nequeat
2858 3589 3071 3647 mereri
3112 3591 3360 3664 gratiam

1996 3677 2056 3727 ut
2099 3668 2378 3744 peccatori
2419 3668 2687 3738 dandam,
2711 3672 2854 3742 quin
2893 3688 3023 3728 eam
3071 3677 3361 3729 mereatur

1995 3760 2058 3810 ut
2076 3755 2465 3827 expellentem
2495 3755 2802 3820 maculam,
2837 3770 2953 3812 non
2982 3762 3130 3813 recte
3172 3755 3359 3812 infer·

1997 3843 2109 3903 tur,
2141 3835 2288 3909 quod
2317 3852 2446 3892 eam
2494 3834 2696 3894 debeat
2729 3838 2941 3894 mereri
2966 3843 3027 3894 ut
3051 3838 3357 3895 destruen-

1995 3924 2111 3976 tem
2139 3917 2439 3974 offensam.

1995 4080 2158 4138 sensa
2188 4086 2429 4152 nequeat
2454 4096 2584 4137 cum
2610 4081 2795 4154 gratia
2823 4081 3107 4154 componi,
3134 4080 3358 4140 nihilo-

1995 4162 2192 4217 minus
2231 4161 2505 4227 carentia,
2538 4167 2595 4218 et
2632 4161 2942 4219 destructio
2981 4163 3209 4220 offensae
3235 4178 3360 4220 non

1995 4249 2080 4301 est
2105 4242 2335 4300 effectus
2365 4241 2629 4300 formalis
2654 4243 2873 4317 gratiae,
2899 4244 2998 4302 sed
3032 4244 3095 4301 fit
3136 4244 3362 4302 forma-

1997 4326 2132 4383 liter
2188 4342 2288 4399 per
2342 4331 2530 4383 actum
2579 4326 2768 4383 divini
2810 4328 3044 4396 amoris,
3073 4345 3185 4401 quo
3211 4329 3364 4385 Deus

1997 4414 2230 4483 pacatur
2277 4409 2575 4481 peccatori,
2625 4414 2683 4464 et
2731 4408 2824 4464 illi
2889 4426 3053 4467 suam
3110 4410 3360 4485 gratiam

1995 4489 2532 4563 communicat,·qui
2576 4496 2732 4546 actus
2779 4491 3043 4563 praecedit
3086 4492 3356 4567 gratiam,

1994 4573 2279 4647 siquidem
2306 4591 2435 4633 eam
2460 4573 2722 4648 producit
2750 4594 2762 4624 τ
2790 4591 2927 4651 ergo
2971 4575 3096 4633 fieri
3127 4575 3356 4649 poterit,

1995 4657 2145 4729 quod
2168 4659 2337 4716 homo
2358 4674 2458 4714 sua
2486 4658 2818 4715 causalitate
2838 4659 3071 4724 morali,
3096 4665 3152 4717 et
3174 4659 3362 4716 meri-

1997 4740 2145 4796 toria
2186 4741 2428 4815 attingat
2459 4739 2729 4814 gratiam,
2756 4756 2873 4798 non
2903 4740 3234 4816 attingendo
3259 4756 3363 4798 re-

1996 4822 2336 4881 missionem
2395 4822 2646 4880 offensae.
2701 4824 2863 4880 Patet
2917 4823 3320 4897 consequentia
3342 4847 3376 4892 3.

1998 4920 2133 4962 nam
2155 4902 2226 4962 ob
2252 4920 2380 4961 eam
2412 4905 2694 4962 rationem
2715 4904 3045 4980 colligimus
3080 4907 3361 4963 meritum

1997 4992 2249 5059 respectu
2273 4986 2474 5061 gratiae
2504 4991 2564 5042 ut
2584 4984 2788 5042 dandae
2828 4987 3102 5059 peccatori
3124 4986 3358 5046 extendi

1997 5068 2069 5127 ad
2121 5069 2523 5128 remissionem
2569 5068 2813 5136 offensae,
2847 5070 2984 5143 quia
3030 5070 3135 5128 illa
3171 5071 3360 5201 ⁸2⁸&

3249 5160 3361 5203 auc

3411 2433 3528 2487 Ψ

3399 2488 3536 2531 snm-

2071 3996 2457 4057 Confirmatur
2477 3997 2724 4056 secundo
2758 4021 2770 4055 :
2799 3970 3073 4072 quoniam
3118 4000 3223 4057 etsi
3262 3999 3552 4065 of-soe-st
3589 3864 3606 4359 l
