3647 5753
321 672 453 715 Idem.

287 1371 478 1423 Capreol.

321 1472 460 1513 Solus.

315 1519 450 1572 cajet.

317 1782 463 1871 {iffi

311 1952 473 1996 Funda-

288 2007 486 2045 utentum.

306 2668 471 2711 concil.

314 2719 464 2775 Araus.

312 2768 470 2823 concil.

289 2816 479 2861 Trident.

287 3060 433 3104 Jacob.
447 3062 486 3102 2.

305 3568 461 3623 contir-

319 3620 458 3658 matio.

507 403 618 459 302
1451 400 1544 454 DE
1581 400 1612 453 J
1618 396 2163 453 USTIFICATIONE
2204 397 2407 453 ΙΜΡΙῙ.

513 592 540 623 τι
585 586 693 625 mae
708 570 930 626 tollitur
959 571 1198 636 macula,
1227 587 1352 643 quae
1366 570 1514 626 nihil
1538 568 1695 627 aliud
1716 573 1860 635 erat,

511 672 537 700 «
581 666 752 721 quam
804 651 1004 724 gratim
1058 652 1322 723 privatio,
1386 673 1410 702 »
1459 653 1530 705 Et
1580 652 1710 706 dist.
1775 650 1858 714 18,
1904 711 1911 719 .

505 736 687 805 quaest.
727 731 773 794 1,
798 737 907 786 art.
950 732 1004 798 2,
1038 734 1352 808 quaestiunc.
1392 734 1437 798 1,
1471 731 1583 787 ait:
1611 753 1636 783 ι(
1667 733 1863 787 Macu—

509 832 534 861 «
583 812 656 877 la,
688 818 968 883 quantum
1014 813 1078 868 in
1104 831 1165 871 se
1203 821 1305 881 est,
1338 831 1454 871 non
1484 814 1643 886 ponit
1671 812 1741 869 de
1769 828 1864 869 es-

508 914 534 943 «
578 891 764 948 sentia
835 909 957 960 sua,
1015 894 1126 950 nisi
1181 897 1565 969 privationem
1634 894 1859 967 gratiam

508 994 533 1023 «
580 971 676 1029 sed
709 974 868 1044 ponit
897 978 958 1028 ut
985 991 1212 1032 causam
1254 975 1606 1033 obstaculum
1630 974 1857 1048 peccati,

508 1074 533 1103 «
578 1052 725 1125 quod
779 1052 962 1109 obstat
1009 1054 1079 1110 ad
1128 1056 1327 1130 gratiae
1380 1056 1782 1130 receptionem.
1832 1075 1858 1106 »

504 1130 772 1206 Idemque
800 1135 999 1207 repetit
1023 1134 1085 1190 in
1108 1136 1240 1191 aliis
1268 1135 1530 1210 pluribus
1558 1137 1712 1202 locis,
1736 1151 1864 1209 quae

503 1214 808 1270 citavimus
846 1224 1006 1272 tract.
1047 1218 1129 1284 13,
1161 1220 1223 1273 in
1247 1220 1530 1275 comment.
1560 1219 1634 1274 ad
1651 1225 1771 1273 art.
1799 1219 1856 1282 2,

505 1301 688 1369 quaest.
736 1296 826 1351 86.
892 1295 1055 1352 Unde
1093 1298 1174 1354 sic
1221 1296 1424 1355 docent
1477 1298 1863 1356 communiter

504 1373 833 1443 Thomistae,
880 1377 1136 1449 Capreol.
1163 1378 1224 1432 in
1244 1379 1297 1440 4.
1324 1380 1467 1453 disp.
1509 1380 1855 1457 l4,quaest.l,

503 1460 670 1514 conci.
712 1457 766 1512 4.
819 1458 981 1513 Sotus
1031 1458 1226 1514 ibidem
1270 1460 1424 1518 dist.'
1465 1462 1545 1528 15,
1587 1468 1767 1538 quaest.
1808 1461 1855 1525 1,

503 1542 613 1607 art.
643 1538 698 1592 2.
751 1537 928 1610 Cajet.
981 1538 1294 1604 ConraduS,
1338 1546 1394 1596 et
1441 1540 1674 1597 Medina
1721 1541 1767 1604 1,
1799 1541 1854 1605 2,

503 1618 683 1705 quast.
740 1619 830 1683 86,
866 1617 960 1673 ubi
998 1621 1172 1677 etiam
1225 1622 1486 1687 Alvarez,
1534 1624 1675 1695 disp.
1735 1622 1855 1684 180.

503 1695 659 1751 idem
702 1697 1002 1770 cajetanus
1045 1708 1226 1777 quaest.
1286 1702 1407 1768 113,
1463 1709 1572 1758 art.
1624 1704 1678 1767 2,
1710 1705 1741 1770 ξ)
1769 1700 1861 1757 Ad

502 1776 849 1832 evidentiam.
877 1780 1057 1835 Gonet
1083 1787 1244 1837 tract.
1276 1782 1340 1835 cle
1354 1784 1611 1853 peccatiS,
1637 1782 1776 1853 disp.
1799 1782 1854 1846 8,

503 1863 611 1912 are.
637 1857 689 1912 3.
718 1855 892 1914 Labat
913 1858 1053 1932 disp.
1091 1862 1146 1930 6,
1190 1861 1315 1918 dub.
1349 1864 1403 1927 8,
1435 1868 1490 1919 et
1518 1863 1618 1919 alii
1643 1862 1854 1934 plures.

575 1939 633 1991 4.
663 1937 946 1994 Probatur
975 1940 1164 2011 primo
1203 1943 1550 2001 authoritate
1574 1943 1772 2009 simul,
1804 1946 1861 2000 et

506 2017 755 2098 ratione;
784 2018 917 2090 quia
944 2026 1230 2092 peccatum
1274 2025 1516 2081 mortale
1543 2023 1854 2091 habituale,

501 2105 779 2169 quatenus
808 2100 937 2167 tale,
988 2107 1072 2157 est
1111 2104 1497 2161 essentialiter
1544 2121 1700 2162 mors
1728 2105 1859 2161 ani-

502 2192 612 2232 mae
646 2198 659 2232 ε
706 2178 802 2235 sed
854 2195 1009 2236 mors
1047 2188 1133 2237 est
1179 2183 1427 2254 privatio
1468 2185 1615 2251 vitae,
1647 2191 1702 2242 et
1742 2184 1859 2241 vita

501 2257 812 2316 habitualis
876 2262 1089 2319 animae
1152 2263 1395 2321 habetur
1447 2282 1548 2338 per
1595 2267 1857 2351 ,gratiam

499 2338 952 2399 sanctificantem
1005 2365 1017 2399 :
1069 2360 1204 2418 ergo
1278 2353 1565 2417 peccatum
1616 2351 1859 2405 mortale

500 2418 792 2476 habituale
836 2423 1101 2480 consistit
1149 2427 1534 2483 essentialiter
1569 2429 1631 2484 in
1661 2429 1860 2501 priva-

501 2501 659 2557 tione
679 2503 878 2575 gratiae
914 2504 1347 2563 sanctificantis,
1391 2509 1605 2576 Minor,
1637 2515 1693 2566 et
1719 2526 1859 2567 con-

502 2583 797 2651 sequentia
822 2589 1101 2641 constant.
1147 2588 1329 2661 Major
1372 2592 1566 2644 autem
1615 2588 1859 2648 habetur

503 2675 573 2715 ex
594 2660 865 2716 Conciliis
891 2665 1147 2721 Arausio.
1178 2667 1244 2733 11,
1277 2684 1397 2739 cap.
1429 2670 1483 2733 2,
1515 2673 1572 2724 et
1590 2662 1852 2730 Trident.

502 2757 628 2795 sess.
661 2742 714 2805 5,
743 2758 866 2798 can.
890 2744 945 2809 2,
979 2742 1076 2800 ubi
1105 2752 1390 2816 peccatum
1419 2748 1702 2822 originale
1722 2751 1859 2809 diei·

506 2822 599 2873 tur
619 2836 766 2875 mors
791 2823 986 2880 animm
1005 2842 1022 2878 :
1047 2828 1103 2879 et
1133 2824 1333 2882 eadem
1360 2832 1445 2883 est
1484 2828 1631 2887 ratio
1670 2847 1857 2904 quan—

507 2903 627 2954 tum
658 2899 725 2954 ad
756 2901 861 2959 hoc
889 2901 959 2960 de
999 2911 1218 2976 peccato
1270 2909 1500 2965 mortali
1543 2914 1851 2982 personali,

503 2984 567 3036 ut
603 2997 803 3039 omnes
830 2985 1100 3061 Theologi
1149 2988 1461 3045 admittunt
1490 3012 1503 3046 :
1546 3008 1658 3065 quo
1684 3010 1855 3051 sensu

501 3061 739 3118 Jacobus
789 3065 851 3121 in
902 3083 1004 3124 sua
1031 3070 1324 3135 canonica,
1376 3089 1496 3144 cap.
1551 3075 1607 3140 2,
1663 3073 1889 3134 dixit:'

503 3139 810 3211 Peccatum,
855 3163 978 3202 cum
1016 3158 1454 3206 consummatum
1479 3153 1671 3224 fuerit,
1693 3171 1857 3224 yene-

502 3232 592 3279 rat
612 3234 836 3283 mortem
851 3247 870 3295 ,·
890 3229 995 3286 hoc
1020 3236 1119 3297 est,
1149 3238 1434 3305 peccatum
1462 3237 1697 3303 actuale,
1724 3254 1855 3294 cum

501 3306 840 3378 gravitatem
905 3311 1246 3384 simpliciter
1316 3315 1564 3389 attingit,
1635 3316 1856 3374 inducit

502 3392 747 3444 mortem
790 3389 1019 3459 animae,
1071 3390 1332 3449 videlicet
1375 3396 1682 3463 maculam,
1732 3399 1857 3456 sive

501 3466 794 3526 habituale
820 3478 1127 3542 peccatum.

576 3549 980 3621 confirmatur,
1032 3553 1167 3626 quia
1209 3553 1710 3614 denominationes
1749 3575 1855 3630 op-

501 3632 694 3704 positae
720 3632 927 3690 debent
968 3652 1001 3692 a
1046 3635 1268 3703 formiS,
1323 3653 1419 3694 seu
1462 3639 1622 3710 quasi
1652 3638 1855 3696 formis

501 3715 774 3786 oppositis
804 3717 1144 3789 provenire:
1177 3720 1331 3791 atqui
1378 3734 1498 3775 esse
1537 3718 1849 3778 habituali-

499 3800 585 3852 ter
610 3803 889 3863 sanctum,
922 3805 977 3856 et
997 3800 1234 3873 justum,
1260 3806 1316 3856 et
1340 3816 1461 3857 esse
1483 3801 1855 3861 habitualiter

497 3876 794 3949 injustum,
826 3882 1193 3946 maculatum,
1237 3887 1294 3938 et
1320 3888 1689 3954 peccatorem,
1719 3890 1854 3940 sunt

497 3953 997 4016 denominationes
1035 3961 1326 4034 oppositas,
1360 3966 1420 4016 ut
1458 3978 1529 4019 ex
1550 3977 1610 4017 se
1631 3963 1850 4035 liquet:

492 4050 630 4109 ergo
675 4037 746 4093 ab
774 4041 1044 4111 oppositis
1073 4039 1294 4106 formis„
1329 4043 1608 4114 autquasi
1647 4043 1853 4101 formis

493 4116 748 4187 petendae
766 4124 901 4174 sunt
926 4140 939 4176 ε
968 4118 1067 4176 sed
1100 4119 1270 4176 homo
1297 4119 1708 4179 denominatur
1723 4124 1851 4196 jus-

493 4202 603 4263 tuS,
629 4203 683 4253 et
729 4203 953 4254 sanctus
996 4198 1382 4269 habitualiter,
1433 4206 1487 4257 et
1516 4202 1852 4262 immediate

493 4293 594 4351 per
619 4280 866 4353 gratiam
906 4279 1373 4348 sanctificantem,
1407 4288 1469 4338 ut
1493 4283 1850 4342 ostendimus

492 4365 652 4415 tract.
702 4360 921 4432 prate-ed.
965 4361 1105 4434 disp.
1175 4364 1229 4430 4,
1286 4363 1412 4420 dub.
1462 4365 1517 4431 2,
1573 4382 1698 4420 cum
1735 4383 1844 4443 seq.

491 4456 627 4515 ergo
670 4441 1080 4500 denominatur
1107 4443 1494 4512 habitualiter,
1534 4452 1590 4504 et
1635 4448 1848 4506 imme-

492 4521 643 4579 diate
666 4530 937 4595 peccator,
963 4530 1019 4581 et
1046 4525 1290 4600 injustus
1317 4543 1418 4600 per
1445 4527 1523 4596 id,
1553 4529 1704 4602 quod
1730 4531 1848 4586 im-

493 4605 742 4664 mediate
762 4608 1073 4679 opponitur
1097 4609 1296 4683 gratiae
1322 4611 1461 4672 :hoc
1480 4617 1670 4668 autem
1695 4612 1846 4668 nihil

491 4688 654 4746 aliud
703 4693 808 4756 est,
838 4706 1011 4762 quam
1038 4692 1291 4766 ejusdem
1334 4694 1535 4767 gratiae
1561 4695 1843 4767 privatio;

489 4772 654 4829 nulla
679 4773 889 4846 quippe
912 4772 1098 4831 forma
1124 4775 1365 4846 positiva
1386 4781 1470 4832 est
1493 4775 1847 4852 excogitabi-

487 4854 579 4919 lis,
624 4869 750 4925 quae
785 4854 984 4926 gratiae
1010 4850 1287 4912 habituali
1322 4854 1653 4911 immediate
1681 4871 1846 4929 repu-

479 4939 618 5006 gnet
642 4949 812 5008 :ergo
834 4940 1120 5007 peccatum
1148 4933 1455 5000 habituale,
1479 4952 1513 4992 a
1531 4952 1644 5009 quo
1669 4935 1844 4994 homo

482 5017 890 5073 denominatur
918 5016 1292 5074 habitualiter
1339 5024 1609 5090 peccator,
1640 5033 1842 5074 essen—

1996 567 2232 632 tialiter,
2260 573 2314 624 et
2342 567 2666 625 formaliter
2684 574 3000 641 sumptum,
3044 569 3107 623 in
3156 568 3354 641 priva-

1995 646 2152 703 tione
2174 648 2374 721 gratiae
2397 648 2804 706 sanctificantis
2829 649 3108 706 consistit.

2068 729 2414 787 5.Probatur
2439 730 2687 787 secundo
2707 730 2904 788 eadem
2922 732 3191 797 asserti03
3220 730 3354 802 quia
3397 764 3527 808 „iud

1996 815 2283 880 peccatum
2312 811 2596 884 originale
2616 811 2871 867 consistit
2891 810 3353 867 essentialiterin
3400 816 3520 858 mou·

1998 889 2322 960 privatione
2345 891 2562 965 gratiae,
2593 891 2716 947 sive
2736 891 2973 964 justitiae
2999 890 3304 964 originalis
3335 913 3349 947 ε
3406 874 3517 907 '‘¹¹¹'‘

1993 985 2129 1044 ergo
2154 978 2440 1043 peccatum
2463 973 2707 1029 mortale
2742 971 3031 1028 habituale
3054 973 3354 1046 personale

1994 1051 2251 1107 consistit
2291 1052 2673 1109 essentialiter
2719 1052 2783 1107 in
2806 1053 3131 1124 privatione
3156 1052 3356 1127 gratiae

1993 1130 2404 1189 sanctificantis
2437 1153 2449 1187 :
2497 1148 2633 1207 ergo
2659 1148 2831 1189 omne
2877 1138 3165 1204 peccatum
3193 1148 3354 1189 mor-

1993 1211 2106 1267 tale
2134 1211 2428 1269 habituale
2467 1212 2531 1269 in
2560 1212 2826 1284 praedicta
2867 1213 3190 1284 privatione
3215 1229 3352 1270 con-

1992 1291 2160 1348 sistit.
2220 1292 2351 1349 Haec
2411 1291 2659 1349 secunda
2716 1294 3121 1364 consequentia
3186 1292 3355 1350 facile
3396 1312 3401 1315 ·

1991 1377 2244 1440 constat;
2287 1372 2422 1446 quia
2458 1389 2631 1430 omne
2659 1380 2944 1446 peccatum
2974 1375 3218 1431 mortale
3245 1374 3351 1431 ha·

1993 1451 2209 1510 bituale
2236 1454 2526 1526 adaequate
2553 1455 2835 1512 dividitur
2863 1457 2925 1511 in
2955 1456 3271 1528 personale,
3298 1463 3353 1513 et

1992 1534 2294 1608 originale.
2354 1536 2554 1592 Prima
2607 1552 2744 1593 vero
2787 1538 3193 1608 consequentia
3217 1553 3352 1593 sua-

1991 1612 2180 1677 detur;
2208 1616 2343 1686 quia
2371 1616 2420 1670 si
2471 1616 2720 1687 privatio
2747 1618 2962 1690 gratiae,
3002 1619 3096 1673 vel
3118 1617 3352 1691 justitiae

1992 1693 2295 1768 originalis
2322 1693 2525 1752 habeat
2547 1695 2821 1768 quidquid
2845 1698 3177 1769 requiritur,
3206 1698 3350 1752 utin

1990 1790 2057 1831 ea
2082 1776 2496 1833 constituamus
2522 1780 2829 1834 essentiam
2858 1779 3065 1850 peccati
3100 1778 3351 1852 origina-

1992 1855 2088 1917 lis;
2120 1857 2337 1926 pariter
2386 1857 2697 1930 privat10ni
2743 1860 2941 1932 gratias
2984 1857 3349 1915 sanctifican-

1993 1934 2065 1990 tis
2092 1935 2241 1992 nihil
2257 1934 2496 2005 deficiet,
2524 1937 2664 1993 utin
2685 1954 2751 1994 ea
2777 1939 3117 1998 collocemus
3140 1939 3347 2011 peccati

1991 2013 2300 2071 habitualis
2347 2018 2666 2088 personalis
2708 2018 3039 2075 essentiam.
3102 2024 3344 2075 Antece-
3362 2030 3575 2071 bausci.

1991 2095 2132 2153 dens
2159 2102 2349 2153 autem
2378 2100 2697 2156 ostenditur
2723 2121 2737 2155 ε
2764 2105 2884 2156 tum
2907 2117 2979 2156 ex
3003 2102 3063 2156 D.
3086 2101 3340 2157 Anselm.

1994 2178 2086 2235 lib.
2118 2178 2182 2233 de
2210 2188 2467 2253 conceptu
2507 2180 2655 2252 Vir-9.
2700 2199 2822 2254 cap.
2869 2180 3082 2245 26,111)1
3112 2182 3299 2254 inquit
3332 2203 3345 2237 ε

1996 2282 2021 2313 «
2066 2262 2364 2318 Peccatum
2393 2263 2677 2336 originale
2703 2262 2861 2319 aliud
2889 2264 3214 2338 intelligere
3241 2280 3347 2320 ne-

1996 2364 2022 2394 «
2063 2359 2208 2415 queo
2236 2344 2298 2399 in
2346 2344 2485 2417 ipsis
2517 2343 2838 2402 infantibus
2867 2361 2965 2417 per
3006 2345 3343 2402 inobedien-

1996 2444 2021 2475 α
2066 2423 2206 2480 tiam
2249 2423 2403 2491 Adae,
2480 2426 2594 2482 nisi
2638 2425 2957 2483 nuditatem
3001 2426 3253 2500 justitiae.
3314 2447 3339 2477 ι)

1990 2506 2137 2560 Tum
2166 2522 2235 2563 ex
2277 2510 2339 2564 D.
2371 2507 2577 2565 Thom.
2638 2510 2683 2574 l,
2713 2510 2764 2576 2,
2811 2517 2992 2583 quaest.
3021 2511 3112 2576 82,
3145 2517 3254 2565 art.
3286 2508 3339 2576 3,
3378 2519 3541 2562 nxrtu,

1991 2584 2088 2640 ubi
2112 2587 2224 2644 ait:
2252 2608 2276 2639 α
2327 2589 2623 2661 Peccatum
2653 2590 2935 2663 originale
2963 2589 3343 2645 materialiter

1994 2686 2021 2718 α
2062 2665 2295 2738 quidem
2348 2673 2433 2723 est
2490 2670 2965 2742 concupiscentia,
3016 2668 3341 2725 formaliter

1994 2767 2020 2798 α
2064 2762 2200 2803 vero
2220 2753 2304 2804 est
2323 2748 2571 2806 defectus
2600 2751 2903 2825 originalis
2933 2751 3185 2824 justitiae.
3214 2771 3239 2801 »
3276 2752 3344 2805 Et

1989 2833 2167 2899 quast.
2199 2827 2234 2883 3
2254 2829 2317 2884 de
2338 2828 2512 2895 Mala,
2544 2837 2651 2887 art.
2701 2834 2756 2897 7,
2803 2830 2992 2904 inquit
3023 2851 3036 2887 :
3064 2852 3089 2883 «
3136 2831 3201 2885 In
3226 2845 3346 2903 pec·
3385 2829 3529 2875 mem.

1994 2928 2020 2958 «
2063 2911 2184 2963 cato
2206 2910 2478 2983 originali
2501 2917 2584 2967 est
2601 2912 2818 2983 aliquid
2842 2913 3102 2979 formale,
3134 2912 3350 2970 scilicet

1994 3010 2019 3040 «
2061 2991 2316 3047 carentia
2362 2993 2664 3067 originalis
2705 2993 2958 3070 justitias.
3002 3016 3028 3046 »
3081 2993 3348 3067 Idemque

1990 3071 2196 3143 repetit
2238 3072 2371 3128 aliis
2420 3075 2555 3131 locis
2581 3092 2705 3148 quae
2745 3076 3008 3133 dedimus
3053 3083 3214 3132 tract.
3256 3078 3340 3140 13,

1987 3151 2127 3225 disp.
2187 3156 2269 3212 16.
2315 3154 2439 3212 dub.
2485 3159 2539 3224 5,
2577 3159 2691 3227 §l
2737 3159 2837 3213 Cui
2885 3157 3250 3214 subscribunt
3277 3161 3340 3214 D.

1988 3232 2302 3290 Bonavent.
2366 3236 2644 3309 Lyranus,
2721 3237 3042 3303 DuranduS,
3110 3241 3339 3306 Suarez,
3359 3241 3549 3330 {330¹}-

1991 3313 2258 3384 vasquez,
2284 3318 2338 3370 et
2366 3316 2489 3383 alii,
2512 3333 2651 3389 quos
2670 3316 2869 3374 eodem
2899 3320 3038 3374 loco.
3068 3336 3218 3374 num.
3237 3320 3331 3374 121
3357 3299 3548 3380 offla.

1987 3390 2310 3449 citavimus,
2342 3395 2489 3451 Tum
2510 3396 2683 3452 etiam
2715 3399 2955 3463 ratione,
2982 3399 3117 3471 quia
3147 3412 3342 3469 pecca·
3356 3389 3562 3490 fffflffl.

1987 3477 2108 3528 tum
2132 3473 2415 3549 originale
2453 3482 2539 3533 est
2562 3477 2698 3549 quid
2740 3479 3120 3535 intrinsecum
3150 3493 3342 3551 pueris

1986 3567 2057 3608 ex
2075 3553 2297 3612 Adamo
2335 3554 2824 3624 descendentibus,
2875 3561 2931 3615 e't
2970 3558 3040 3615 ab
3069 3561 3190 3633 eJ‘us
3214 3574 3344 3631 pec-

1990 3642 2113 3691 cato
2133 3635 2480 3702 derivatum,
2508 3644 2569 3694 ut
2602 3647 2818 3697 constat
2836 3657 2907 3698 ex
2934 3642 3188 3698 Concilio
3208 3642 3342 3697 Tri·
3372 3648 3540 3704 conen.

1986 3713 2141 3772 dent.
2166 3734 2292 3773 sess.
2318 3720 2372 3784 5,
2399 3737 2505 3774 can
2542 3721 2596 3786 3,
2622 3726 2679 3776 et
2704 3737 2829 3776 sess,
2857 3723 2911 3786 6,
2942 3739 3061 3794 cap.
3088 3723 3142 3787 3,
3172 3727 3341 3794 atque
3357 3696 3535 3741 rudem

1986 3794 2114 3852 ideo
2134 3796 2327 3854 differt
2350 3798 2421 3854 ab
2441 3799 2645 3856 Adami
2665 3807 2905 3874 peccato,
2931 3800 3081 3874 quod
3106 3803 3212 3874 ipsi
3233 3802 3342 3858 soli

1984 3875 2365 3935 intrinsecum
2396 3880 2541 3937 fuit:
2571 3880 2668 3938 sed
2691 3881 2796 3938 hoc
2841 3882 3032 3953 pueris
3060 3884 3343 3939 intrinse-

1983 3971 2133 4023 cum,
2165 3958 2319 4015 et‘tib
2345 3959 2565 4018 Adamo
2603 3960 2949 4030 derivatum,
2998 3962 3194 4036 nequit
3221 3978 3343 4020 esse

1986 4037 2200 4112 aliquid
2230 4040 2564 4112 positivum,
2604 4048 2664 4098 ut
2703 4043 2823 4116 J'am
2853 4043 3054 4099 docent
3078 4058 3339 4100 commu-

1984 4120 2136 4177 niter
2163 4121 2451 4197 Theologi,
2476 4139 2617 4196 quos
2655 4125 2961 4182 citavimus
3002 4127 3122 4183 loco
3165 4141 3341 4198 supra

1984 4202 2164 4259 relato
2188 4202 2315 4261 dub.
2341 4205 2376 4258 2
2400 4212 2448 4259 et
2470 4205 2524 4272 3,
2569 4211 2625 4262 et
2667 4207 2757 4262 vel
2784 4223 2854 4263 ex
2890 4223 2956 4264 eo
2976 4207 3115 4263 satis
3138 4206 3338 4279 liquet,

1981 4283 2132 4356 quod
2188 4285 2339 4341 nihil
2387 4286 2697 4359 positivum
2739 4285 2881 4361 fingi
2927 4293 3126 4360 potest,
3190 4286 3340 4360 quod

1980 4363 2235 4420 Adamas
2281 4381 2381 4438 per
2431 4366 2664 4423 unicum
2713 4374 2898 4423 actum
2968 4366 3037 4423 ad
3085 4374 3339 4439 posteros

1982 4443 2322 4510 traduxerit,
2371 4461 2686 4519 eorumque
2731 4446 3079 4514 substantias,
3114 4448 3205 4505 vel
3234 4463 3340 4519 po-

1981 4526 2180 4582 tentiis
2243 4526 2620 4599 impresserit,
2674 4533 2734 4583 ut
2777 4527 3123 4584 discurrenti
3169 4528 3343 4585 facile

1979 4607 2258 4664 constabit
2277 4629 2291 4663 :
2313 4623 2449 4683 ergo
2471 4615 2756 4682 peccatum
2774 4610 3059 4683 originale
3078 4609 3338 4666 consistit

1978 4690 2041 4746 in
2064 4690 2256 4763 aliqua
2280 4691 2604 4762 privatione
2641 4713 2655 4747 ε
2692 4694 2844 4764 atqui
2876 4693 3038 4749 nulla
3065 4693 3182 4749 alia
3210 4693 3334 4765 pri—

1978 4770 2130 4827 vatio
2157 4771 2340 4843 aptior
2362 4772 2643 4846 assignari
2668 4778 2865 4846 potest,
2905 4774 2969 4829 in
3007 4772 3335 4846 quajessen—

1976 4851 2114 4908 tiam
2141 4852 2346 4925 peccati
2369 4852 2672 4927 originalis
2704 4853 3135 4920 constituamus,
3161 4868 3336 4924 quam

1974 4936 2229 4992 carentia
2267 4936 2570 5011 originalis
2592 4937 2860 5009 justitiam
2910 4935 3193 5009 siquidem
3219 4935 3341 4992 haec

1975 5016 2365 5074 immediatius
2404 5018 2511 5091 ipsi
2535 5017 2771 5092 justitiae
2815 5019 3142 5090 opponitur,
3185 5017 3333 5076 etad

3106 5106 3337 5157 caeteras
