3647 5753
237 3975 333 4032 Alia
346 3985 413 4019 ra·

286 4029 361 4070 tto.

447 384 567 439 326
627 430 628 433 γ
1388 378 1482 432 na
1520 375 2101 431 JUSTIFICATIONE
2143 377 2347 432 1MP11.

441 555 797 631 justificatur
824 597 837 619 ,
890 553 1192 610 indefinita
1239 559 1391 617 sunt,
1429 555 1486 607 et
1507 551 1818 623 loquuntur

456 637 526 693 de
554 636 928 692 renovatione
943 633 1208 706 perfecta,
1227 649 1338 706 qua
1350 631 1632 688 efficimur
1668 635 1817 686 tem-

457 719 570 790 pla,
597 715 726 781 filii,
747 721 803 772 et
823 719 1110 771 consortes
1132 713 1252 779 Dei,
1273 718 1335 768 ut
1352 727 1420 769 ea
1444 708 1816 784 perpendenti

454 795 735 855 constabit
777 813 789 849 :
838 801 1003 867 atque
1054 793 1180 851 ideo
1208 794 1299 850 vel
1328 791 1571 866 probant
1597 791 1819 863 perfec-

456 883 597 943 tam,
627 881 682 934 et
710 877 1051 948 completam
1068 872 1536 947 justificationem
1564 871 1692 928 fleri
1717 887 1818 944 per

459 958 707 1014 formam
737 957 1112 1014 intrinsecam
1137 997 1150 1019 ,
1202 956 1295 1010 vel
1338 953 1491 1010 nihil
1519 952 1812 1008 evincunt.

458 1040 543 1094 Ex
569 1053 681 1111 quo
726 1033 934 1093 deinde
970 1033 1084 1102 fiet,
1118 1038 1180 1088 ut
1208 1049 1325 1090 non
1372 1031 1685 1089 habeamus
1714 1047 1816 1104 pa—

459 1119 806 1184 trocinium,
857 1120 914 1173 et
965 1131 1130 1171 arma
1156 1115 1220 1170 in
1248 1114 1542 1187 Scriptura
1581 1110 1653 1169 a‘d
1681 1128 1820 1187 pro-

460 1199 826 1276 pugnandam
872 1198 1197 1255 doctrinam
1244 1195 1574 1253 Tridentini
1620 1201 1818 1252 contra

459 1282 769 1340 haereticos.
806 1281 1016 1354 Quarto
1055 1298 1073 1333 .·
1115 1296 1252 1337 nam
1282 1278 1391 1352 ipsi
1421 1277 1671 1335 haeretici
1699 1293 1818 1335 non

457 1364 773 1421 diffitentur
795 1363 1042 1419 formam
1074 1362 1473 1428 inhaerentem,
1499 1376 1624 1433 quae
1643 1360 1818 1434 justi-

456 1446 586 1504 ficet
623 1444 972 1519 imperfecte,
1006 1449 1062 1500 et
1087 1443 1412 1500 inchoative
1438 1485 1451 1510 ,
1504 1447 1566 1497 ut
1603 1446 1820 1499 constat

273 1540 416 1582 ancer.
457 1544 529 1586 ex
554 1529 768 1583 Bucero
796 1526 858 1581 in
885 1524 1168 1598 colloquio
1213 1523 1614 1596 Ratisponensi
1641 1567 1654 1592 ,
1683 1540 1819 1596 pro-

451 1611 614 1682 posit.
649 1610 694 1673 1,
717 1605 1062 1663 ubi‘cuidam
1087 1604 1447 1678 proponenti,
1476 1603 1675 1661 Fidem
1696 1619 1819 1661 esse

456 1688 693 1745 initium
722 1687 945 1754 salutis,
973 1684 1274 1758 respondet
1300 1705 1314 1740 ε
1342 1705 1369 1737 α
1413 1685 1529 1741 Hoc
1547 1684 1597 1740 si
1640 1684 1819 1741 intel-

456 1791 486 1822 «
531 1769 742 1844 ligatur
763 1767 840 1824 de'
848 1766 1071 1839 justitia
1093 1765 1377 1830 inchoata,
1398 1779 1522 1836 quae
1541 1763 1669 1832 fide,
1692 1780 1812 1836 spe,

359 1870 364 1873 ,
461 1872 486 1903 «
528 1855 586 1907 et
629 1849 944 1913 charitate,
990 1846 1318 1918 caeterisque
1363 1844 1674 1901 virtutibus
1726 1844 1820 1901 hic

457 1952 486 1982 «
529 1927 958 2001 comprehensis
979 1931 1214 1991 constat,
1243 1924 1640 1993 admittimus;
1673 1925 1823 1982 hanc

457 2035 486 2065 «
528 2010 687 2068 enirn
727 2009 1011 2083 justitiam
1057 2006 1307 2064 dicimus
1351 2005 1570 2063 donum
1592 2021 1733 2073 esse,
1765 2012 1822 2063 et

456 2113 486 2144 «
527 2106 736 2148 novam
765 2090 828 2144 in
857 2088 1083 2143 Christo
1110 2094 1433 2145 creaturam
1460 2131 1473 2153 ,
1503 2102 1678 2160 quam
1707 2085 1819 2144 fide

456 2196 487 2227 <r
527 2188 667 2229 sana
705 2170 1082 2246 percipimus,
1128 2168 1493 2242 primamque
1530 2170 1654 2241 ejus
1682 2184 1818 2241 par-

457 2278 486 2308 «
530 2259 643 2311 tem
670 2269 791 2312 esse
817 2251 989 2309 fidem
1013 2252 1228 2324 ipsam;
1259 2266 1388 2306 cum
1418 2264 1602 2322 neque
1623 2264 1819 2306 amare

459 2358 486 2389 α
530 2336 709 2393 Deum
739 2378 751 2404 ,
797 2349 980 2407 neque
1019 2330 1165 2389 hene
1186 2330 1258 2387 de
1282 2347 1350 2388 eo
1375 2346 1609 2404 sperare
1637 2329 1821 2403 possi-

457 2439 487 2468 «
529 2432 697 2481 muS,
745 2415 858 2471 nisi
903 2412 1017 2469 fide
1061 2412 1308 2469 eundem
1352 2411 1815 2486 cognoverimus.

460 2518 487 2549 «
531 2497 690 2553 Hanc
738 2500 934 2550 tamen
963 2492 1312 2549 *inchoatam
1359 2491 1645 2564 justitiam
1700 2507 1818 2548 non

459 2599 486 2630 (ι
528 2592 649 2634 esse
675 2591 823 2642 eam,
856 2591 966 2647 qua
990 2575 1129 2650 justi
1175 2589 1375 2629 sumus
1421 2573 1570 2647 apud
1612 2576 1812 2641 Deum,

348 2722 359 2734 ⁶
394 2702 398 2706 ,
459 2681 488 2713 «
530 2660 611 2716 ita
651 2663 711 2714 ut
757 2661 990 2730 propter
1007 2658 1197 2732 ‚illam
1246 2656 1366 2711 vita
1411 2661 1626 2713 aeterna
1654 2653 1818 2711 nobis

462 2762 488 2793 «
529 2737 803 2796 debeatur
822 2761 837 2805 3
868 2754 997 2794 cum
1025 2753 1111 2794 ex·
1139 2741 1298 2809 parte
1343 2740 1587 2801 tantum,
1619 2739 1675 2791 et
1701 2736 1819 2791 im-

364 2888 368 2892 ·
459 2844 486 2874 «
531 2820 778 2894 perfecta
804 2821 898 2882 sit,
932 2835 1035 2897 nec
1057 2818 1166 2893 legi
1192 2819 1289 2875 Dei
1320 2818 1651 2885 satisfaciat,
1675 2816 1816 2892 dum

459 2926 485 2956 υ.
529 2903 622 2958 hic
645 2900 897 2957 vivimus
921 2899 1080 2957 :ideo
1102 2900 1278 2956 aliam
1307 2901 1371 2957 in
1398 2898 1583 2965 nobiS,
1612 2915 1817 2972 nempe

459 3005 486 3035 «
530 2982 630 3040 Dei
654 2982 940 3055 justitiam
968 2996 1121 3046 esse,
1167 2997 1279 3054 qua
1318 2981 1545 3038 Christo
1572 2980 1817 3038 Domino

459 3085 486 3116 «
527 3060 991 3129 confidamuffiet
1016 3059 1226 3116 fiducia
1264 3060 1466 3116 salutis
1504 3058 1816 3117 confirme-

462 3165 487 3196 «
529 3155 685 3199 mur.
722 3164 746 3194 n
783 3138 1070 3200 Eteodem
1095 3139 1215 3196 fere
1241 3139 1412 3197 modo
1440 3139 1818 3213 loquebantur

454 3223 769 3279 Lutherani
798 3222 863 3278 in
883 3220 1085 3277 libello
1125 3221 1328 3277 Carolo
1367 3223 1435 3289 V,
1476 3220 1816 3294 Imperatori

451 3302 747 3370 exhibit0,
777 3310 888 3359 art.
921 3302 974 3358 5.
1006 3304 1189 3358 Nemo
1233 3305 1423 3358 autem
1454 3299 1686 3368 audebit
1723 3299 1817 3356 di—

452 3398 580 3439 cere
604 3423 617 3447 ,
676 3399 775 3453 per
826 3382 974 3438 hanc
1036 3380 1437 3438 haereticorum
1490 3379 1813 3436 doctrinam

451 3460 719 3519 satisfieri
773 3460 1124 3525 intentioni,
1174 3465 1229 3517 et
1281 3459 1506 3518 decreto
1570 3460 1814 3518 Concilii

453 3541 782 3599 Tridentini
823 3540 1127 3598 asserentis
1155 3540 1388 3597 unicam
1414 3556 1644 3597 causam
1692 3541 1816 3598 for-

452 3623 668 3680 malem
710 3620 1136 3696 justificationis
1177 3637 1299 3678 esse
1333 3620 1619 3695 justitiam
1648 3620 1817 3678 nobis

453 3704 832 3761 inhaerentem
868 3725 881 3759 :
909 3719 1046 3777 ergo
1077 3701 1340 3759 doctrina
1368 3702 1472 3759 illa
1497 3702 1568 3760 de
1588 3703 1815 3776 justitia

453 3783 738 3851 inchoata,
766 3789 822 3841 et
862 3784 1087 3860 justitia
1114 3783 1361 3856 perfecta
1385 3783 1629 3841 omnino
1674 3784 1815 3860 reji-

450 3865 653 3923 cienda
670 3869 778 3923 est.

526 3947 617 4003 38.
665 3944 881 4003 Deinde
935 3943 1222 4017 probatur·
1255 3944 1542 4001 conclusio
1589 3942 1816 4002 ratione

451 4026 752 4100 desumpta
790 4042 861 4083 ex
894 4025 1060 4081 dictis
1085 4027 1116 4094 ς
1145 4022 1481 4096 praecedenti
1509 4066 1522 4091 ,
1567 4041 1694 4098 quae
1721 4024 1814 4082 vel

454 4125 591 4167 vera
613 4124 728 4166 non
757 4112 910 4173 sunt,
939 4105 1202 4162 veihane
1229 4098 1604 4164 assertionem
1643 4107 1815 4165 evin-

451 4198 617 4261 cunt;
647 4190 924 4265 quoniam
971 4188 1197 4255 forma,
1246 4203 1371 4260 quae
1421 4205 1523 4263 per
1565 4191 1814 4265 seipsam

448 4271 766 4331 sanctificat
792 4268 1112 4334 hominem,
1143 4272 1201 4325 et
1219 4269 1455 4342 expellit
1482 4278 1769 4343 peccatum
1794 4315 1808 4339 ,

454 4372 572 4413 non
612 4353 831 4427 indiget
860 4351 976 4408 alio
1003 4351 1201 4408 favore
1222 4352 1324 4420 Dei
1350 4352 1671 4410 extrinseco
1694 4395 1707 4420 ,
1752 4359 1817 4409 ut

451 4436 748 4512 praedictos
762 4435 990 4492 effectus
1005 4435 1417 4491 communicet:
1435 4435 1581 4491 sicut
1602 4435 1808 4502 forma,

449 4534 576 4591 quae
604 4532 704 4590 per
730 4516 977 4589 seipsam
1006 4514 1138 4571 facit
1165 4514 1415 4571 calidum
1443 4557 1456 4582 ,
1496 4519 1554 4572 et
1579 4514 1770 4572 forma
1794 4558 1808 4582 ,

447 4614 575 4672 quae
616 4612 715 4671 per
754 4597 1000 4670 seipsam
1038 4594 1172 4652 facit
1200 4594 1474 4663 lucidum,
1508 4611 1626 4652 non
1654 4595 1815 4652 indi-

448 4683 587 4754 gent
630 4676 846 4744 favore,
878 4676 970 4732 vel
1000 4675 1115 4732 alio
1153 4689 1430 4732 concursu
1452 4676 1773 4734 extrinseco
1795 4720 1808 4743 ,

453 4767 515 4817 ut
555 4758 850 4833 praedictos
887 4756 1117 4813 effectus
1153 4771 1257 4812 suo
1296 4755 1546 4831 subjecto
1593 4758 1816 4830 imper-

453 4841 674 4898 tiantur
708 4860 720 4895 :
751 4835 851 4893 sed
874 4836 1061 4911 gratia
1087 4833 1399 4892 habitualis
1439 4851 1541 4910 per
1566 4837 1814 4912 seipsam

450 4926 509 4979 et
531 4917 848 4977 sanctificat
900 4915 1199 4973 hominem
1218 4958 1233 4983 ,
1275 4920 1332 4972 et
1356 4917 1595 4989 expellit
1620 4933 1816 4991 pecca-

453 5006 578 5057 tum
608 5022 625 5068 ;
652 4998 823 5055 aliter
860 4995 1022 5052 enim
1070 4994 1360 5054 verificari
1401 4995 1613 5068 nequit,
1665 4997 1815 5070 quod

1949 548 2323 608 sanctificatio
2368 550 2661 615 hominis,
2706 555 2763 606 et
2804 547 3065 604 remissio
3104 547 3313 619 peccati

1950 626 2052 684 fiat
2071 645 2171 701 per
2189 630 2435 703 gratiam
2458 630 2908 687 sanctificantem
2933 626 3099 684 nobis
3120 627 3315 684 inhae-
3412 642 3415 643 ’

1952 715 2196 775 rentem,
2228 711 2497 785 velquod
2522 713 2642 768 sint
2680 711 2807 784 ejus
2840 710 3111 775 effectus;
3152 709 3314 783 cujus

1950 791 2272 864 oppositum
2340 793 2461 850 loco
2512 793 2682 849 citato
2721 789 3077 849 ostendimus
3123 809 3137 844 ε
3177 804 3315 864 ergo

1942 872 2135 946 gratia
2178 872 2538 930 sanctificans
2576 878 2663 929 est
2699 872 2891 928 forma
2928 869 3213 927 sufficiens
3241 868 3312 927 ad

1950 952 2461 1011 sanctificationem
2488 955 2745 1011 hominis
2768 998 2781 1022 ,
2824 958 2880 1010 et
2914 952 3313 1009 remissionem

1953 1033 2182 1105 peccati,
2224 1032 2678 1106 independenter
2724 1033 2795 1089 ab
2837 1033 2953 1089 alio
2993 1031 3315 1088 extrinseco

1953 1115 2052 1171 Dei
2077 1114 2294 1181 favore,
2325 1114 2594 1173 distincto
2622 1115 2692 1172 ab
2723 1116 2837 1171 alio
2859 1119 3004 1180 actu,
3033 1128 3145 1186 quo
3166 1115 3343 1195 Deus!

1954 1195 2283 1268 praedictam
2321 1197 2569 1270 gratiam
2613 1196 2914 1270 producit,
2956 1200 3010 1252 et
3050 1209 3314 1251 commu-

1953 1279 2122 1335 nicat.
2757 1274 2765 1281 ”

2027 1360 2414 1418 confirmatur
2454 1362 2681 1435 primo,
2725 1362 2861 1434 quia
2900 1360 3074 1417 homo
3114 1359 3313 1432 nequit

1951 1438 2081 1498 fieri
2101 1448 2328 1498 sanctus
2355 1457 2456 1515 per
2474 1442 2802 1507 essentiam,
2834 1440 2931 1497 sed
2959 1444 3186 1496 tantum
3211 1455 3314 1513 per

1898 1566 1899 1569 η
1953 1520 2472 1596 participationem,
2503 1529 2562 1579 ut
2580 1539 2651 1580 ex
2677 1538 2737 1580 se
2760 1522 2936 1595 liquet
2963 1543 2976 1578 ε
3000 1522 3154 1593 atqui
3176 1536 3315 1596 gra-

1953 1601 2033 1657 tia
2060 1600 2372 1658 habitualis
2409 1609 2493 1659 est
2536 1616 2609 1658 ex
2647 1607 2857 1657 natura
2902 1618 3004 1658 sua
3043 1600 3313 1656 sanctitas

1953 1698 2055 1755 per
2084 1684 2611 1757 participationem,
2655 1700 2752 1741 seu
2802 1683 3162 1757 participatio
3190 1683 3314 1739 for-

1951 1766 2124 1821 malis
2179 1767 2496 1823 sanctitatis
2541 1767 2755 1824 divinae
2785 1809 2798 1832 ,
2845 1772 2907 1821 ut
2956 1764 3317 1823 ostendimus

1951 1851 2112 1901 tract.
2135 1846 2361 1919 praeced,
2390 1847 2530 1919 disp.
2557 1849 2609 1915 4,
2639 1846 2764 1901 dub.
2802 1847 2839 1901 2
2871 1852 2920 1900 et
2951 1845 2986 1899 3
3010 1867 3025 1911 ;
3054 1859 3190 1919 ergo
3216 1859 3318 1916 per

1950 1928 2197 2000 seipsam
2223 1970 2236 1994 ,
2281 1933 2337 1984 et
2363 1927 2819 2001 independenter
2853 1925 2923 1982 ab
2946 1926 3062 1982 alio
3087 1925 3320 1982 extrin-

1950 2026 2075 2067 seco
2104 2009 2299 2068 favore
2336 2009 2650 2068 sanctificat
2689 2009 3012 2066 hominem.
3064 2007 3317 2065 Aliunde

1951 2096 2143 2146 autem
2189 2090 2458 2147 sanctitas
2483 2089 2735 2147 excludit
2760 2089 3047 2145 maculam
3080 2088 3310 2160 peccati,

1954 2179 2014 2228 ut
2033 2172 2290 2229 diximus
2318 2190 2493 2245 supra
2519 2192 2533 2227 z
2556 2187 2692 2245 ergo
2711 2172 2897 2245 gratia
2922 2187 3021 2244 per
3039 2171 3308 2243 seipsam,

1950 2259 2006 2310 et
2032 2254 2160 2310 sine
2188 2270 2337 2311 novo
2365 2254 2560 2311 favore
2589 2258 2878 2326 peccatum
2899 2253 3158 2326 expellit.

2027 2332 2417 2391 confirmatur
2469 2333 2747 2399 secund0‚
2778 2334 2913 2405 quia
2957 2338 3081 2406 post
3125 2336 3312 2388 actum

1953 2417 2168 2489 peccati·
2196 2416 2545 2488 relinquitur
2572 2417 2832 2480 macula,
2881 2431 2980 2471 seu
3023 2418 3313 2488 peccatum

1899 2566 1903 2571 ,
1953 2495 2263 2565 habituale,
2296 2496 2577 2570 adjunctis
2604 2501 2759 2552 reatu
2791 2494 2857 2550 ad
2890 2511 3119 2567 poenam
3144 2498 3314 2551 aeter-
3340 2542 3343 2545 Α

1953 2591 2110 2642 nam,
2140 2581 2197 2633 et
2217 2576 2431 2634 offensa
2455 2576 2680 2649 passiva
2706 2576 2804 2632 Dei
2833 2599 2846 2632 ι
2872 2575 3024 2647 atqui
3048 2575 3165 2631 haec
3184 2589 3315 2630 om-

1952 2659 2050 2715 nia
2097 2658 2444 2716 sufficienter
2487 2659 2869 2715 excluduntur
2896 2675 2996 2732 per
3020 2658 3267 2734 gratiam
3295 2700 3308 2722 ,

1951 2740 2408 2814 independenter
2430 2758 2462 2798 a
2484 2741 2680 2798 favore
2701 2741 2929 2797 diverso
2950 2740 3020 2797 ab
3044 2741 3148 2797 illo
3163 2745 3309 2805 actu,

1947 2822 2044 2895 qui
2071 2823 2320 2898 gratiam
2357 2822 2742 2879 communicat
2780 2841 2792 2878 ε
2822 2837 2958 2895 ergo
2988 2820 3172 2897 gratia
3214 2835 3316 2893 per

1947 2903 2216 2976 seipsam,
2241 2909 2299 2960 et
2317 2903 2445 2960 sine
2468 2919 2619 2960 novo
2646 2902 2843 2970 favore
2868 2901 3072 2958 sufficit
3093 2900 3162 2957 ad
3183 2900 3315 2958 des-

1950 2984 2295 3040 tructionem
2344 2983 2551 3057 peccati
2581 3027 2593 3049 ,
2627 2988 2909 3040 eteorum
2946 2998 3073 3055 quae
3119 2998 3315 3056 pecca-

1949 3068 2072 3118 tum
2123 3064 2583 3124 concomitantur
2611 3062 2745 3120 :sed
2800 3063 2988 3119 forma
3026 3061 3313 3118 sufficiens

1950 3143 2020 3200 ad
2065 3144 2476 3202 destruendum
2520 3152 2808 3218 peccatum
2840 3188 2853 3210 ‚
2896 3142 3100 3201 sufficit
3139 3144 3313 3201 etiam

1950 3223 2021 3281 ad
2046 3225 2520 3282 sanctificandum
2550 3250 2564 3294 ;
2594 3225 2876 3299 siquidem
2919 3223 3254 3283 emundatio
3282 3240 3316 3280 a

1952 3305 2188 3376 peccatis
2213 3309 2297 3361 est
2332 3306 2563 3363 effectus
2584 3304 2902 3361 sanctitatis
2929 3327 2942 3362 :
2968 3320 3104 3379 ergo
3125 3303 3316 3380 gratia

1950 3383 2262 3442 habitualis
2290 3402 2391 3459 per
2415 3387 2683 3460 seipsam,
2713 3391 2770 3444 et
2797 3384 3006 3460 absque
3048 3401 3197 3443 novo
3224 3384 3317 3441 fa-

1950 3480 2088 3521 vore
2115 3464 2285 3522 habet
2304 3465 2677 3530 sanctificare,
2709 3471 2763 3523 et
2790 3467 3079 3540 expellere
3119 3477 3317 3538 pecca-

1950 3551 2091 3601 tum.
2135 3547 2330 3604 Minor
2372 3548 2550 3621 primi
2596 3548 2958 3623 syllogismi,
3004 3548 3205 3620 inqua
3230 3553 3317 3603 est

1948 3626 2269 3692 difficultaS,
2301 3627 2645 3696 ostenditur;
2671 3644 2807 3684 nam
2838 3628 2901 3684 in
2923 3627 3131 3701 primis
3156 3642 3316 3700 quae-

1952 3706 2090 3764 libet
2115 3707 2304 3763 forma
2347 3707 2554 3764 sufficit
2594 3723 2694 3780 per
2739 3708 2988 3781 seipsam
3020 3707 3091 3763 ad
3116 3708 3314 3765 exclu-

1948 3786 2197 3844 dendam
2238 3790 2329 3844 sui
2375 3788 2782 3862 privationem,
2814 3788 2959 3844 sicut
2987 3789 3088 3845 lux
3115 3787 3183 3844 ad
3209 3803 3315 3845 ex·—

1951 3868 2273 3942 pellendam
2297 3869 2597 3927 tenebram
2628 3891 2641 3925 :
2675 3874 2960 3942 peccatum
2983 3875 3174 3928 autem
3203 3869 3313 3925 ha-

1949 3946 2163 4005 bituale
2187 3949 2444 4006 consistit
2491 3950 2556 4005 in
2603 3949 2934 4022 privatione
2981 3949 3216 4022 gratiae,
3249 3951 3345 4003 ut·

1948 4029 2092 4101 disp.
2115 4030 2336 4100 praeced.
2361 4029 2490 4086 dub.
2524 4031 2568 4094 l,
2596 4028 2951 4086 ostendimus
2977 4049 2990 4085 ε
3018 4043 3155 4103 ergo
3173 4043 3312 4101 gra—

1949 4107 2029 4165 tia
2057 4123 2155 4180 per
2179 4123 2241 4164 se
2260 4107 2463 4165 sufficit
2492 4109 2561 4166 ad
2588 4108 2996 4182 expellendum
3020 4113 3311 4181 peccatum
3390 4121 3399 4126 ·

1950 4187 2263 4244 habituale.
2315 4188 2751 4247 Deindereatus
2779 4188 2847 4245 ad
2870 4204 3096 4262 poenam
3142 4193 3313 4245 aeter-

1949 4285 2085 4326 nam
2113 4275 2199 4327 est
2223 4272 2383 4327 velut
2410 4273 2728 4344 proprietas
2754 4286 3102 4344 consequens
3122 4286 3311 4327 essen·

1948 4349 2089 4406 tiam
2120 4351 2326 4425 peccati
2356 4352 2688 4417 habitualis,
2722 4357 2783 4406 ut
2810 4350 3027 4408 ibidem
3054 4350 3310 4407 diximus

1895 4472 1899 4476 .
1948 4448 2004 4487 n.
2024 4432 2059 4485 8
2081 4454 2094 4497 ;
2119 4447 2253 4506 ergo
2272 4432 2448 4489 simul
2470 4449 2601 4489 cum
2623 4449 2690 4490 eo
2709 4432 3021 4505 expellitur
3048 4447 3148 4504 per
3172 4448 3310 4505 gra·-

1949 4510 2111 4567 tiam.
2144 4511 2630 4569 Praesertim'cum
2657 4512 2840 4585 gratia
2869 4511 3084 4568 tribuat
3103 4528 3173 4568 ex
3201 4515 3312 4567 na'-

1948 4597 2077 4649 tura
2097 4609 2201 4649 sua
2217 4594 2310 4668 jus
2338 4594 2408 4651 ad
2438 4594 2618 4650 vitam
2642 4599 2918 4650 aeternam
2944 4638 2957 4659 ,
3004 4599 3066 4648 ut
3104 4593 3314 4650 statui-

1949 4691 2077 4730 mus
2105 4676 2218 4732 !oco
2233 4679 2324 4733 cit.
2351 4683 2608 4732 extract.
2638 4676 2859 4750 prmo-ed.
2892 4692 3021 4732 cum
3048 4692 3159 4749 quo
3181 4678 3314 4750 jure

1950 4770 2068 4811 non
2095 4756 2363 4834 cohaeret„
2387 4759 2592 4813 saltem
2619 4756 2966 4815 naturaliter
3007 4756 3310 4830 loquendo,

1947 4836 2220 4913 obligatio
2247 4839 2532 4897 subeundi
2564 4854 2793 4912 poenam
2829 4842 3126 4894 aeternam.
3156 4841 3319 4896 Tan-

1948 4915 2080 4974 dem
2108 4933 2175 4976 eo
2197 4920 2319 4994 ipso
2344 4962 2357 4985 ,
2404 4919 2552 4993 quod
2582 4923 2727 4977 Deus
2754 4914 3016 4975 infundit
3041 4920 3311 4992 gratiam,

1949 5007 2183 5073 pacatur
2224 5003 2470 5070 homini,
2503 5010 2560 5060 et
2600 5004 2789 5077 ipsum
2820 5001 3047 5075 respicit
3074 5007 3138 5058 ut
3162 5004 3317 5059 ami-

3138 5100 3313 5144 cum:

3351 1371 3513 1417 conflr-

3352 2356 3511 2430 cunco.
