3647 5753
131 4379 252 4425 matio.

1432 422 1609 479 DISP.
1654 422 1775 489 VII,
1818 420 1988 477 DUB.
2031 421 2123 478 lv,

313 588 492 656 potest
533 587 875 659 praedictum
916 592 1203 650 auxilium
1250 593 1567 661 frustrare,
1617 610 1680 651 ac

311 663 604 724 destruere
634 689 648 724 ε
677 685 817 744 ergo
853 671 1181 745 hujusmodi
1226 675 1512 732 auxilium
1560 689 1678 733 nou

312 749 395 800 est
418 746 615 805 efficax
641 749 716 805 ab
756 749 1092 811 intrinseco.
1125 755 1254 812 Haec
1299 756 1504 812 ultima
1547 770 1678 813 con·

312 831 603 901 sequentia
630 831 812 906 liquet
837 849 908 890 ex
937 835 1162 907 prima;
1203 852 1341 893 nam
1387 837 1674 894 auxilium

315 909 668 980 {rusti-abile,
699 919 756 970 et
783 913 1122 974 destruibile
1167 933 1271 991 per
1317 918 1674 977 voluntatem

312 997 577 1059 creatam,
607 993 806 1067 nequit
831 1010 953 1053 esse
978 996 1176 1055 efficax
1221 998 1292 1056 ab
1339 999 1669 1058 intrinseco.

312 1073 662 1131 Antecedens
685 1076 865 1133 etiam
887 1082 970 1135 est
990 1084 1212 1137 certum
1236 1106 1250 1148 ;
1280 1083 1556 1155 quoniam
1578 1098 1674 1155 po·

311 1154 419 1213 sito
444 1156 661 1214 auxilio
687 1157 898 1215 efficaci
919 1159 991 1215 ad
1017 1177 1380 1232 consensum,
1409 1164 1673 1220 voluntas

313 1234 491 1293 libere
510 1238 813 1305 consentit,
848 1244 909 1296 ut
935 1255 1136 1299 omnes
1165 1243 1439 1301 Catholici
1467 1243 1673 1302 docent

312 1324 505 1376 contra
526 1320 866 1390 Lutherum,
910 1324 1239 1392 Calvinum,
1269 1330 1553 1385 eteorum
1578 1343 1670 1385 se·-

310 1416 509 1474 quaces
535 1421 549 1458 :
571 1418 710 1476 ergo
737 1407 920 1476 posito
960 1406 1064 1464 illo
1091 1408 1327 1475 auxilio,
1359 1415 1541 1482 potest
1566 1409 1671 1466 ad-

312 1480 418 1537 huc
436 1481 765 1540 dissentire.
820 1486 1022 1543 Prima
1065 1502 1205 1544 vero
1242 1490 1665 1563 consequentia,

310 1562 500 1635 inqua
544 1567 767 1636 poterat
810 1579 931 1623 esse
981 1567 1298 1635 difficultas,
1348 1570 1666 1643 probatur:

307 1649 431 1701 tum
456 1647 589 1719 quia
617 1647 718 1703 ille
736 1648 835 1720 qui
858 1654 1039 1721 potest
1065 1651 1380 1723 producere
1418 1653 1670 1711 formam

306 1727 833 1800 incompossibilem
853 1746 983 1787 cum
1027 1733 1143 1789 alia
1182 1733 1370 1791 forma
1394 1736 1669 1808 praeexis-

302 1812 481 1873 tente,
515 1811 696 1879 potest
717 1808 971 1868 formam
1026 1814 1485 1885 praeexistentem
1536 1816 1668 1874 des-

303 1892 530 1955 truere;
560 1889 707 1945 sicut
756 1892 854 1964 qui
902 1896 1081 1964 potest
1127 1894 1493 1952 introducere
1543 1897 1669 1954 for-

301 1986 462 2027 mam
491 1971 641 2045 ignis
663 1973 727 2028 in
753 1974 998 2033 materia
1029 1976 1193 2051 ligni,
1240 1983 1419 2050 potest
1445 1994 1511 2036 eo
1541 1981 1665 2053 ipso

300 2049 551 2108 formam
615 2051 758 2126 ligni
803 2069 1172 2127 corrumpere
1203 2057 1337 2114 :sed
1383 2059 1667 2115 auxilium

297 2131 494 2189 efficax
538 2132 611 2188 ad
662 2150 1004 2193 consensum
1064 2144 1151 2194 est
1201 2138 1669 2213 incompossibile

298 2230 428 2270 cum
468 2214 751 2283 dissensu,
787 2217 1074 2276 utdocent
1091 2222 1481 2279 communiter
1508 2224 1668 2281 Tho-

299 2295 507 2350 mistae:
527 2310 668 2370 ergo
701 2295 750 2350 si
779 2299 1070 2369 supposito
1098 2300 1315 2358 auxilio
1360 2301 1567 2360 efficaci
1596 2304 1667 2362 ad

299 2390 663 2443 consensum,
697 2381 879 2449 potest
915 2379 1183 2436 voluntas
1204 2380 1529 2450 dissentire,
1563 2400 1667 2457 po-

299 2460 405 2512 test
430 2455 770 2529 praedictum
794 2458 1087 2516 auxilium
1116 2460 1417 2529 frustrare,
1452 2469 1510 2521 et
1532 2463 1655 2522 des-

301 2542 515 2593 truere'.
546 2538 699 2591 Tum
722 2537 917 2604 etiam,
950 2542 1084 2613 quia
1127 2542 1463 2613 praedictum
1494 2546 1667 2601 auxi-

301 2617 444 2673 lium
463 2618 743 2691 importat
768 2622 1132 2679 essentialem
1163 2624 1567 2682 habitudinem
1596 2628 1666 2684 ad

297 2713 642 2755 consensum
669 2743 682 2767 ,
729 2705 1003 2774 tanquam
1045 2702 1116 2758 ad
1163 2706 1519 2772 terminum,
1571 2710 1665 2765 vel

295 2778 580 2845 effectum,
612 2796 745 2837 cum
764 2797 878 2853 quo
920 2783 1273 2840 connectitur
1302 2787 1623 2844 necessario
1650 2809 1663 2843 ε

297 2860 510 2934 sedqui
539 2866 723 2934 potest
766 2861 1062 2922 destruere
1107 2867 1427 2924 terminum
1478 2885 1666 2926 essen-

301 2941 496 2998 tialem
520 2942 766 3016 alicujus
812 2942 1187 3012 habitudiniS,
1218 2952 1397 3018 potest
1439 2964 1507 3005 eo
1543 2950 1666 3022 ipso

299 3020 594 3081 destruere
647 3025 833 3096 ipsam
887 3024 1329 3084 habitudinem:
1377 3031 1527 3087 sicut
1565 3030 1664 3104 qui

298 3108 475 3174 potest
500 3103 799 3160 destruere
827 3102 1033 3173 filium,
1064 3112 1244 3178 potest
1270 3124 1337 3166 eo
1367 3109 1490 3182 ipso
1531 3109 1665 3167 des-

297 3189 484 3243 truere
539 3186 886 3243 relationem
927 3188 1288 3259 paternitatis
1350 3191 1421 3246 ad
1474 3191 1662 3265 ipsum

297 3268 671 3323 terminatam
696 3291 708 3325 :
738 3283 879 3341 ergo
905 3268 953 3322 si
977 3269 1246 3326 voluntas
1269 3271 1465 3329 affecta
1492 3274 1664 3331 auxi-

296 3345 371 3402 lio
395 3346 609 3403 efficaci
642 3346 715 3402 ad
741 3362 1082 3404 consensum
1105 3354 1285 3420 potest
1312 3351 1498 3409 adhuc
1541 3352 1662 3409 dis·

294 3427 526 3495 sentire,
565 3432 621 3483 et
660 3442 999 3485 consensum
1046 3429 1408 3498 subtrahere,
1453 3434 1663 3506 poterit

297 3507 487 3580 utique
508 3507 849 3580 praedictum
871 3509 1156 3566 auxilium
1171 3511 1485 3571 destruere.
1512 3515 1660 3570 Tum

295 3585 559 3659 denique,
587 3604 725 3645 uam
748 3588 898 3661 quod
941 3590 1080 3645 facit
1132 3598 1285 3647 actus
1331 3598 1475 3660 actu,
1530 3594 1662 3652 lacit

297 3670 545 3739 potentia
592 3667 947 3740 possibiliter
996 3692 1009 3726 ε
1052 3670 1150 3727 sed
1194 3673 1243 3727 si
1286 3675 1550 3731 voluntas
1598 3676 1660 3732 in

297 3749 547 3819 instanti,
576 3750 778 3823 inquo
817 3751 987 3808 habet
1013 3753 1303 3810 auxilium
1344 3755 1542 3812 efficax
1589 3757 1661 3813 ad

294 3844 662 3895 consensum,
688 3830 916 3888 eliceret
943 3830 1286 3900 dissensum,
1318 3834 1664 3903 destrueret,

296 3924 356 3967 ac
376 3910 692 3968 frustraret
715 3913 1045 3985 praedictum
1075 3915 1362 3973 auxilium
1390 3939 1403 3973 ε
1447 3933 1584 3992 ergo
1610 3919 1658 3974 si

297 3989 356 4045 in
388 3991 657 4057 instanti,
689 3992 752 4048 in
777 4010 889 4065 quo
916 3992 1086 4050 habet
1111 3995 1396 4053 auxilium
1424 3997 1494 4055 ad
1520 4012 1660 4054 con-

295 4087 546 4140 sensum,
609 4079 796 4147 potest
843 4075 1168 4142 dissentire,
1228 4080 1437 4151 poterit
1481 4081 1659 4137 etiam

297 4154 633 4225 praedictum
697 4157 982 4214 auxilium
1022 4159 1307 4216 frustrare
1335 4202 1350 4227 ,
1420 4177 1484 4218 ac
1528 4162 1660 4219 des-

300 4237 508 4292 truere.

370 4316 784 4386 confirmatur,
816 4320 951 4392 quia
997 4323 1271 4380 voluntas
1318 4320 1488 4379 habet
1536 4323 1658 4380 vim

297 4397 678 4455 sufficientem
701 4397 770 4455 ad
782 4399 1178 4459 frustrandum
1196 4402 1659 4477 auxilium,quod

295 4476 488 4537 efficax
530 4479 892 4551 appellamus
922 4503 935 4537 t
962 4497 1097 4559 ergo
1125 4489 1305 4557 potest
1326 4484 1473 4541 illud
1501 4484 1658 4541 frus-

296 4563 469 4617 trare.
533 4562 955 4632 Consequentia
990 4568 1159 4636 patet,
1216 4568 1272 4620 et
1322 4564 1658 4623 antecedens

292 4640 564 4698 suadetur
595 4662 610 4697 ε
638 4644 761 4696 tum
782 4642 917 4714 quia
955 4644 1043 4700 vis
1064 4644 1322 4702 restitiva
1349 4647 1658 4703 voluntatis

294 4726 377 4777 est
399 4723 984 4795 syncategorematice
1028 4724 1290 4793 infinita3
1340 4742 1458 4784 non
1495 4727 1656 4785 enirn

294 4798 463 4858 habet
481 4800 810 4856 terminum
831 4800 895 4857 in
921 4803 1237 4862 resistendo
1262 4825 1275 4860 ε
1302 4804 1402 4862 sed
1427 4806 1516 4861 vis
1551 4822 1658 4863 au-

294 4880 421 4936 xilii
444 4881 650 4955 nequit
669 4896 795 4938 esse
813 4883 1025 4957 major,
1052 4901 1184 4941 cum
1207 4900 1324 4942 non
1348 4886 1524 4958 possit
1537 4903 1659 4945 esse

295 4959 568 5027 absolute,
618 4968 681 5017 et
707 4966 1167 5035 categorematice
1217 4963 1451 5023 infinita
1479 4988 1493 5024 ε
1522 4982 1658 5042 ergo

295 5040 561 5099 voluntas
582 5040 765 5099 habet
790 5043 909 5099 vim
947 5043 1318 5103 sufficientem
1359 5046 1430 5103 ad
1484 5047 1658 5105 resis-

3067 414 3173 470 175

1810 592 2047 650 tendum
2077 592 2295 650 auxilio
2315 590 2542 656 efficaci,
2575 594 2631 646 et
2657 589 3072 659 consequenter
3102 582 3173 640 ad

1808 672 1957 729 illud
1986 671 2405 730 frustrandum.
2437 673 2584 727 Tum
2607 670 2803 735 etiam,
2834 668 2971 740 quia
2993 666 3042 722 si
3067 681 3172 722 vo-

1807 755 2001 812 luntas
2023 771 2141 812 non
2163 753 2397 814 haberet
2425 751 2762 829 hujusmodi
2791 751 2966 816 vires,
3000 747 3172 805 cede-

1809 844 1894 894 ret
1921 838 2139 895 auxilio
2187 852 2307 895 non
2350 837 2541 894 solum
2610 831 3023 894 infallibiliter,
3075 827 3171 885 sed

1804 919 1981 976 etiam
2005 919 2341 984 necessario,
2374 923 2432 975 et
2458 931 2574 973 non
2604 913 2820 971 libere:
2851 909 3172 968 necessario

1804 1001 2015 1074 quippe
2040 1000 2266 1058 cederet
2311 999 2502 1063 alicui,
2555 995 2703 1069 quod
2739 999 2897 1053 caret
2943 992 3172 1049 viribus

1803 1081 2217 1140 sufficientibus
2249 1080 2320 1137 ad
2373 1081 2426 1137 ei
2470 1079 2856 1136 resistendum
2904 1096 2916 1130 ε
2968 1089 3169 1131 conse-

1802 1182 1984 1241 quens
2009 1171 2093 1222 est
2114 1162 2446 1229 absurdum,
2471 1160 2759 1235 siquidem
2803 1157 3048 1215 destruit
3091 1156 3169 1212 li—

1803 1244 2087 1304 bertatem
2115 1245 2430 1302 voluntatis
2458 1262 2472 1296 ε
2507 1244 2624 1299 haec
2647 1241 2823 1315 igitur
2845 1236 3017 1294 habet
3042 1237 3167 1293 vim

1802 1327 2176 1386 sufficientem
2205 1324 2277 1382 ad
2303 1322 2699 1381 frustrandum
2747 1318 3033 1378 auxilium
3056 1315 3169 1374 effi-

1802 1428 1926 1470 cax.

1875 1494 2004 1549 252.
2039 1493 2149 1548 Pro
2175 1490 2343 1566 huJ'us
2384 1487 2710 1564 argumenti
2750 1485 3035 1543 solutione
3064 1482 3169 1541 ob-

1801 1590 1968 1633 serva
2010 1572 2222 1649 primo,
2252 1575 2403 1646 quod
2425 1575 2554 1630 licet
2575 1569 2861 1628 auxilium
2883 1565 3077 1624 efficax
3099 1564 3170 1622 ad

1799 1674 2138 1715 consensum
2159 1658 2233 1714 sit
2266 1651 2744 1726 incompossibile‚
2770 1655 2826 1708 et
2862 1648 3170 1721 inconjun-

1799 1739 1976 1815 gibile
2001 1757 2129 1797 cum
2151 1739 2431 1806 dissensu,
2457 1735 2716 1807 implicat
2740 1733 2899 1791 enim
2945 1733 3010 1788 in
3050 1738 3170 1788 ter-

1799 1821 1980 1877 minis
2001 1821 2287 1878 auxilium
2315 1834 2436 1877 esse
2461 1815 2676 1881 efficax,
2701 1820 2757 1871 et
2799 1830 2917 1870 non
2946 1813 3167 1884 assequi

1799 1901 2062 1959 effectum
2086 1924 2100 1967 ;
2128 1899 2411 1975 siquidem
2439 1895 2694 1954 carentia
2714 1894 2943 1951 effectus
2973 1899 3168 1949 osten-

1799 1981 1885 2038 dit
1923 1981 2294 2038 inefficaciam
2341 1977 2549 2036 auxilii
2580 1997 2593 2031 2
2625 1973 3018 2031 nihilominus
3059 1989 3167 2029 au·

1799 2062 2012 2118 xilium
2033 2061 2229 2119 efficax
2255 2059 2325 2117 ad
2353 2071 2715 2122 consensum,
2768 2060 2824 2110 et
2874 2052 3167 2110 dissensus

1801 2157 1919 2198 non
1945 2147 2315 2216 opponuntur
2344 2137 2697 2201 immediate,
2727 2142 2784 2192 et
2804 2135 3035 2198 directe,
3066 2132 3166 2190 sed

1798 2222 1988 2279 solum
2031 2221 2295 2287 mediate,
2333 2226 2389 2277 et
2429 2219 2725 2275 indirecte.
2772 2217 2917 2270 Nam
2970 2219 3165 2269 extre-

1801 2316 1963 2357 mum
1995 2299 2346 2364 immediate,
2377 2304 2434 2356 et
2460 2298 2674 2355 directe
2701 2293 3029 2368 oppositum
3059 2308 3165 2348 au-

1799 2381 1943 2438 xilio
1969 2381 2178 2438 efficaci
2200 2380 2271 2438 ad
2308 2393 2672 2440 consensum,
2702 2390 2818 2432 non
2842 2370 3163 2430 estdissen-

1797 2476 1913 2526 sus,
1946 2460 2043 2517 sed
2070 2465 2154 2517 est
2190 2460 2445 2517 carentia
2492 2456 2746 2531 praedicti
2796 2450 3023 2517 auxilii,
3071 2451 3159 2508 vel

1797 2548 1883 2600 est
1907 2557 2220 2599 concursus
2238 2540 2431 2598 efficax
2479 2539 2550 2596 ad
2603 2535 2904 2594 materiale
2936 2533 3164 2590 dissen-

1797 2638 1918 2677 sus.
1951 2623 2021 2676 Et
2041 2622 2317 2677 similiter
2344 2625 2670 2677 extremum
2712 2613 3066 2678 immediate,
3101 2628 3164 2668 ac

1798 2700 2011 2758 directe
2036 2700 2360 2774 oppositum
2395 2696 2681 2755 dissensui
2730 2711 2847 2752 non
2882 2698 2965 2751 est
2995 2692 3164 2750 auxi-

1799 2781 1944 2837 lium
1972 2781 2169 2838 efficax
2191 2780 2260 2837 ad
2281 2778 2626 2837 consensum
2645 2801 2659 2845 ;
2689 2774 2787 2832 sed
2808 2779 2891 2831 est
2909 2774 3000 2830 vel
3021 2788 3163 2830 con-

3203 1479 3309 1524 ΝΟῐὸ
3330 1482 3369 1526 l·

1796 2879 2015 2930 sensus,
2039 2862 2132 2918 vel
2159 2861 2411 2918 carentia
2467 2858 2798 2916 dissensus:
2829 2853 2981 2930 quod
3019 2853 3195 2921 satis⁴

1795 2959 1868 3000 ex
1889 2943 2028 3017 ipsis
2054 2942 2323 3000 terminis
2346 2943 2542 3015 liquet.
2576 2939 2682 2996 Sed
2702 2938 2840 3011 quia
2869 2936 3156 2993 auxilium

1795 3023 1991 3080 efficax
2013 3022 2080 3079 ad
2108 3037 2451 3079 consensum
2494 3018 2812 3077 necessario
2865 3014 3161 3073 connecti-

1797 3111 1890 3161 tur
1911 3121 2041 3162 cum
2068 3102 2193 3176 ipso
2211 3118 2514 3171 consensu,
2544 3102 2636 3159 cui
2676 3099 3021 3162 dissensum,
3067 3096 3161 3153 vel

1794 3187 2113 3243 carentiam
2165 3200 2472 3242 consensus
2523 3180 2794 3255 conjungi
2837 3180 3164 3251 repugnat:

1797 3273 2096 3341 propterea
2137 3267 2422 3325 auxilium
2461 3264 2657 3322 efficax
2702 3260 2771 3318 ad
2818 3273 3158 3317 consensum

1797 3348 1993 3419 nequit
2013 3347 2299 3422 conjungi,
2331 3347 2421 3402 vel
2440 3342 2704 3416 componi
2729 3357 2859 3397 cum
2872 3339 3154 3405 dissensu,

1793 3426 1917 3483 sive
1944 3444 2076 3484 cum
2113 3426 2368 3484 carentia
2407 3438 2734 3482 consensus.
2765 3423 2836 3475 Et
2885 3420 3162 3475 similiter

1793 3506 1931 3580 quia
1952 3506 2241 3563 dissensus
2269 3505 2590 3563 necessario
2635 3499 2913 3574 dependet
2958 3515 2991 3553 a
3019 3514 3159 3554 con-

1793 3602 1961 3643 cursu
2001 3586 2206 3643 efficaci
2250 3585 2321 3642 ad
2348 3583 2652 3641 materiale
2699 3580 3013 3643 dissensuS,
3061 3578 3154 3634 vel

1793 3670 1997 3725 saltem
2048 3685 2080 3724 a
2118 3667 2372 3724 carentia
2418 3666 2624 3723 auxilii
2668 3663 2737 3720 ad
2791 3675 3152 3726 consensum,

1793 3748 2000 3823 quibus
2016 3748 2302 3805 auxilium
2329 3747 2524 3804 efficax
2546 3746 2617 3802 ad
2642 3759 2986 3802 consensum
3014 3757 3155 3798 con-

1787 3830 1953 3906 jungi
1970 3834 2280 3905 repugnat;
2315 3833 2614 3901 propterea
2661 3827 2957 3883 dissensus
2996 3839 3156 3881 com-

1794 3912 1950 3986 poni,
1981 3916 2037 3969 et
2082 3910 2352 3986 conjungi
2397 3925 2513 3966 non
2553 3911 2707 3967 valet
2750 3925 2880 3965 cum
2935 3904 3155 3963 auxilio

1791 3991 1998 4050 efficaci
2014 3990 2085 4048 ad
2104 4007 2467 4048 consensum.

1785 4124 1792 4127 ,
1868 4075 2088 4146 Exque
2127 4072 2210 4141 fit,
2254 4078 2311 4130 et
2350 4078 2484 4131 nota
2524 4071 2788 4142 secund0,
2832 4069 2979 4144 quod
3023 4084 3152 4125 curn

1790 4171 2099 4213 consensus
2151 4161 2433 4229 supponat
2485 4154 2772 4212 auxilium
2822 4152 3019 4210 efficax
3083 4149 3151 4207 ad

1792 4237 1982 4309 ipsum
2029 4254 2389 4304 consensum,
2440 4243 2496 4295 et
2540 4236 2814 4293 similiter
2859 4233 3153 4290 dissensus

1790 4324 2073 4391 supponat
2092 4335 2432 4377 concursum
2455 4318 2732 4376 efficacem
2761 4316 2832 4375 ad
2854 4314 3154 4371 materiale

1791 4398 2101 4469 dissensus,
2143 4406 2201 4458 et
2228 4400 2374 4457 illud
2401 4400 2686 4457 auxilium
2728 4398 2803 4454 sit
2829 4398 3154 4468 incompos-

1789 4479 1958 4538 sibile
1986 4498 2116 4538 cum
2143 4482 2252 4539 isto
2272 4498 2550 4539 concursu
2578 4501 2591 4536 ε
2618 4479 2778 4552 prius
2805 4478 3154 4552 intelligitur

1791 4563 2174 4637 repugnantia
2213 4564 2368 4621 inter
2406 4562 2552 4620 illud
2581 4560 2885 4626 auxilium,
2917 4565 2973 4617 et
2999 4561 3152 4616 hunc

1788 4660 2148 4713 concursum,
2187 4650 2244 4702 et
2278 4643 2428 4719 quod
2466 4660 2528 4702 se
2572 4650 2774 4701 mutuo
2818 4645 3111 4716 expellant
3133 4666 3148 4711 ;

1787 4743 1961 4800 quam
1996 4727 2355 4801 intelligatur
2398 4727 2779 4800 repugnantia
2821 4726 2974 4782 inter
3012 4741 3151 4782 con—

1787 4824 2044 4874 sensum,
2064 4815 2119 4866 et
2140 4808 2484 4877 dissensum,
2504 4807 2722 4881 etquod
2736 4824 2796 4865 se
2819 4807 3152 4865 immediate

1789 4888 2112 4947 excludant.
2139 4893 2287 4946 Nam
2308 4890 2454 4946 sicut
2474 4906 2779 4947 concursus
2793 4889 2987 4947 efficax
3010 4905 3151 4962 prae·

1788 4968 1936 5026 cedit
1976 4974 2185 5035 actum,
2219 4969 2299 5026 ita
2327 4969 2708 5044 repugnantia
2735 4969 2886 5026 inter
2907 4984 3152 5027 concur-

1790 5065 1887 5106 sus
1919 5049 1989 5106 ad
2018 5054 2173 5106 actus
2199 5050 2485 5123 oppositos
2514 5049 2781 5122 praecedit
2821 5065 3151 5125 repugnan-

3184 4096 3304 4137 ΝΟΜ.
3322 4097 3349 4138 2
