3647 5753
427 494 431 498 ,
479 430 592 487 286
1413 429 1506 484 DE
1545 430 2035 486 CERTITUDINE
2075 432 2390 490 GRATIAE.
2492 482 2495 487 .

485 614 708 671 paucos,
741 599 838 671 qui
877 599 1026 656 circa
1063 599 1167 656 hoc
1193 607 1464 673 punctum
1496 602 1559 657 in
1587 601 1844 659 Concilio

479 679 824 735 Tridentino
851 677 1311 751 disceptaverunt
1336 688 1470 738 ante
1499 682 1678 754 ipsius
1701 684 1846 739 Con-

482 762 606 817 cilii
622 760 1161 820 determinationem
1176 765 1372 820 statim
1395 763 1838 840 subjiciendam.

482 845 607 899 Imo
633 846 689 898 et
717 847 839 914 post
865 843 1105 899 Concilii
1133 844 1424 902 decretum
1452 846 1600 902 hanc
1626 845 1845 903 doctri-

455 918 622 978 ·nam
649 928 956 995 utcumque
979 924 1169 994 tutari,
1198 925 1471 997 variaque
1490 924 1845 1000 subterfugia

483 1017 740 1075 quaerere
766 1001 1126 1069 studuerunt,
1161 1009 1221 1059 ut
1249 1010 1468 1061 constat
1500 1006 1562 1061 in
1591 1004 1844 1062 Ambro-

479 1084 570 1140 sio
597 1085 906 1140 Catharino
935 1084 1103 1158 hujus
1128 1086 1429 1142 sententias
1467 1086 1703 1159 speciali
1741 1102 1844 1158 pa-

481 1169 673 1231 trono,
692 1163 761 1220 de
775 1181 885 1237 quo
908 1166 1171 1222 inferius.
1195 1166 1300 1222 Sed
1327 1167 1700 1239 posteriorem
1723 1166 1842 1222 hae-

484 1244 795 1301 reticorum
842 1247 1215 1303 assertionem
1264 1250 1476 1319 aperte,
1528 1252 1583 1303 et
1629 1245 1845 1305 directe

478 1325 783 1383 damnavit
804 1328 1124 1383 Concilium
1148 1326 1579 1395 Tridentinum,
1600 1329 1843 1385 alteram

478 1407 645 1480 quasi
695 1422 767 1463 ex
816 1407 1047 1480 obliquo
1098 1408 1333 1465 feriens.
1385 1409 1557 1483 Cujus
1601 1407 1845 1481 proinde

484 1502 731 1543 canones
767 1486 1101 1555 referemus,
1133 1487 1338 1561 quibus
1375 1488 1525 1551 nihil
1565 1487 1846 1562 superad-

484 1565 624 1623 dere
650 1582 790 1639 opus
810 1572 895 1623 est
914 1566 984 1623 ad
1002 1573 1208 1625 nostrae
1231 1567 1637 1641 propositionis
1653 1567 1844 1624 firmi-

485 1653 663 1704 tatem
683 1673 697 1717 ;
736 1649 900 1705 illam
930 1651 1089 1706 enim
1119 1655 1311 1724 aperte
1350 1649 1663 1707 diffiniunt.
1696 1653 1843 1707 Nam

279 1727 460 1821 ‚3325
486 1745 703 1787 canone
740 1734 820 1799 12,
854 1731 1040 1805 inquit
1061 1733 1379 1791 Concilium
1406 1754 1420 1789 ε
1450 1729 1521 1790 Si
1540 1736 1663 1813 quis
1681 1734 1846 1788 dixe-

463 1809 582 1879 'rit,
607 1812 766 1883 fidem
784 1814 1178 1885 justificantem
1202 1814 1342 1869 nihil
1366 1814 1524 1869 aliud
1542 1830 1650 1868 esse
1676 1831 1845 1891 quam

484 1892 748 1963 fiduciam
773 1894 972 1949 divinar
996 1894 1379 1950 misericordiae
1398 1902 1623 1967 peccata
1650 1896 1846 1949 remit-

482 1975 649 2027 tentis
689 1980 909 2046 propter
950 1972 1254 2041 Christum,
1298 1975 1385 2031 vel
1423 1992 1544 2030 eam
1581 1974 1846 2046 fiduciam

479 2056 658 2111 solam
683 2072 810 2121 esse,
836 2073 945 2133 qua
975 2058 1372 2130 justificamur,
1411 2060 1708 2112 anathema
1746 2058 1840 2113 sit.

480 2138 552 2191 Et
571 2153 789 2194 canone
825 2139 889 2193 13
915 2160 928 2194 :
956 2137 1027 2195 Si
1051 2141 1175 2216 quis
1198 2139 1425 2206 elimarit,
1456 2141 1608 2194 omni
1633 2139 1846 2194 homini

481 2218 559 2272 ad
575 2220 946 2273 remissionem
965 2226 1310 2291 peccatorum
1330 2219 1732 2295 assequendam
1746 2236 1845 2273 ne-

480 2302 781 2356 cessarium
800 2318 926 2367 esse,
958 2307 1019 2355 ut
1039 2303 1224 2357 credat
1244 2309 1405 2368 certe,
1436 2310 1484 2357 et
1511 2301 1708 2377 absque
1726 2301 1845 2356 ulla

479 2379 817 2435 limitatione
835 2382 1071 2453 propri&
1109 2383 1474 2453 infirmitatis,
1518 2390 1567 2436 et
1595 2381 1846 2453 indispo-

479 2460 721 2525 sitionis,
747 2466 971 2531 peccata
997 2477 1106 2515 esse
1144 2463 1394 2527 remissa,
1425 2462 1722 2516 anathema
1747 2462 1841 2517 sit.

482 2539 555 2592 Et
598 2554 817 2595 canone
853 2542 914 2594 14
943 2560 955 2595 :
987 2538 1055 2597 Si
1092 2542 1217 2618 quis
1250 2541 1459 2597 dioeerit
1497 2542 1769 2596 hominem
1807 2556 1846 2594 a

475 2620 718 2690 peccatis
746 2617 975 2686 absolvi,
1009 2637 1077 2676 ac
1092 2622 1397 2692 justificari
1422 2639 1495 2676 ecc
1519 2638 1597 2686 ee,
1624 2621 1766 2698 quod
1791 2637 1846 2674 se

482 2697 712 2764 absolvi,
742 2717 809 2754 ac
818 2701 1124 2772 justificari
1144 2708 1284 2756 certo
1306 2701 1490 2756 credat
1505 2719 1525 2767 ,·
1544 2707 1642 2756 aut
1663 2703 1846 2756 nemi-

481 2795 605 2834 nem
630 2798 751 2835 vere
795 2799 904 2837 esse
918 2783 1306 2854 justificatum,
1332 2784 1446 2837 nisi
1466 2784 1562 2859 qui
1586 2782 1769 2838 credat
1790 2799 1846 2838 se

481 2876 593 2916 esse
621 2862 1022 2934 justificatum:
1051 2870 1099 2918 et
1138 2864 1243 2919 hac
1267 2863 1387 2919 solu
1411 2862 1515 2936 fide
1539 2862 1845 2919 absolutio-

482 2959 622 3011 nem,
677 2951 728 2999 et
769 2946 1220 3016 justificationem
1265 2947 1488 3019 perfici,
1544 2947 1844 3001 anathema

483 3024 580 3077 sit.

277 3119 462 3175 nanctus
562 3104 665 3158 His
689 3104 998 3176 suppositis
1019 3104 1332 3163 videndum
1355 3110 1626 3179 superest,
1646 3111 1842 3162 utrum

271 3164 450 3259 ‘¹233‘
491 3181 622 3239 licet
666 3183 838 3241 homo
879 3201 996 3242 non
1043 3190 1305 3244 teneatur
1331 3192 1484 3243 certo
1509 3184 1742 3243 credere
1782 3201 1846 3242 se

362 3333 375 3342 ἱ
488 3279 610 3320 esse
632 3266 692 3321 in
712 3271 860 3323 statu
876 3268 1092 3341 gratiae,
1117 3269 1290 3341 possit
1312 3274 1507 3325 tamen
1527 3266 1845 3325 secundum

485 3359 872 3415 communem,
893 3354 949 3404 et
970 3354 1309 3421 praesentem
1325 3349 1524 3423 gratiae
1541 3347 1847 3422 providen-

487 3425 650 3494 tiam,
675 3432 731 3484 et
759 3429 903 3484 citra
927 3429 1189 3501 specialis
1212 3429 1583 3486 revelationis
1610 3429 1847 3502 privile-

483 3507 644 3581 gium
671 3525 1006 3583 cognoscere
1032 3515 1185 3568 certo
1211 3526 1272 3567 se
1300 3509 1510 3567 habere
1544 3511 1793 3586 gratiam
1826 3533 1841 3567 ι

482 3590 608 3647 sive
647 3590 765 3647 haic
799 3591 1078 3649 certitudo
1115 3591 1392 3649 habeatur
1421 3608 1522 3665 per
1549 3591 1722 3649 fidem
1749 3591 1845 3647 di-

484 3670 686 3726 vinam
712 3671 1124 3737 universalem,
1150 3674 1243 3729 vel
1269 3673 1697 3745 particularem,
1725 3672 1846 3728 im-

481 3749 813 3830 mediatam,
840 3752 933 3810 vel
960 3751 1290 3820 mediatam,
1317 3759 1373 3810 et
1396 3753 1471 3809 sit
1499 3768 1752 3825 prorsus,
1780 3769 1845 3810 ac

453 3883 458 3887 .
481 3832 869 3906 metaphysica
890 3832 1224 3890 infallibilis
1251 3854 1264 3889 ε
1288 3835 1412 3890 sive
1433 3831 1641 3889 habeat
1658 3834 1843 3890 solam
1895 3869 1898 3871 ψ

485 3911 964 3970 infallibilitatem
1017 3916 1298 3971 moralem
1356 3913 1718 3985 desumptam
1771 3912 1844 3969 ab

481 3991 858 4064 experientia,
874 3993 1183 4062 effectibus,
1203 4000 1301 4051 aut
1315 3993 1447 4050 aliis
1466 3992 1839 4068 signis.Quod

483 4073 679 4130 tamen
705 4074 942 4147 majoris
968 4076 1248 4132 claritatis
1271 4075 1460 4150 gratia
1496 4078 1722 4148 oportet
1745 4074 1842 4130 di-

482 4155 666 4210 versis
694 4153 1104 4212 assertionibus
1133 4155 1366 4213 resolvi.

1086 4353 1119 4421 g
1160 4352 1229 4408 11.

551 4496 840 4555 Statuitur
885 4516 1036 4567 vera,
1078 4505 1127 4553 et
1166 4497 1435 4555 catholica
1472 4496 1757 4553 sententia.

290 4684 430 4731 Prima
550 4648 610 4703 6.
656 4647 972 4704 Dicendum
1008 4651 1092 4705 est
1131 4646 1341 4720 primo,
1385 4644 1702 4712 hominem,
1740 4657 1838 4700 se-

277 4736 447 4782 concia·
475 4729 631 4786 cluso
655 4729 918 4802 specialis
946 4727 1316 4786 revelationis
1342 4725 1668 4800 privilegio,
1716 4739 1836 4781 non

310 4785 396 4830 ω·
473 4826 637 4882 posse
649 4808 721 4867 de
746 4826 849 4867 sua
864 4809 1087 4885 justitia
1107 4824 1229 4866 esse
1248 4813 1472 4866 certum
1487 4803 1837 4864 certitudine

468 4888 604 4947 fidei
648 4889 862 4947 diviuae
898 4887 1266 4956 universalis,
1309 4893 1407 4945 aut
1441 4886 1830 4960 particularis,

469 4970 838 5038 immediatae,
871 4971 964 5028 vel
1004 4969 1286 5036 mediatae,
1316 4968 1408 5026 cui
1436 4966 1694 5025 absolute
1734 4981 1833 5023 re-

467 5055 682 5124 pugnat
699 5051 929 5108 subesse
953 5050 1187 5107 falsum.
1217 5051 1348 5106 Haec
1372 5047 1661 5106 conclusio
1687 5061 1831 5120 pro-

1978 602 2125 660 cedit
2168 611 2369 662 contra
2408 605 2703 663 haereticos
2743 607 2913 682 hujus
2953 606 3248 680 temporiS,
3280 613 3335 664 et

1977 691 2175 742 contra
2218 687 2590 744 Ambrosium
2640 689 3048 756 Catharinum;
3091 705 3334 762 eamque

1935 800 1943 811 «
1978 771 2213 823 tuentur
2233 769 2619 825 communiter
2640 770 2968 825 scholastici
2991 772 3051 824 in
3086 772 3131 835 l,
3156 769 3210 825 d.
3246 770 3329 835 17,

1976 852 2033 904 et
2051 847 2324 923 Theologi
2345 865 2474 904 cum
2496 852 2560 905 D.
2579 850 2783 907 Thom.
2808 852 2869 904 in
2886 853 3137 924 praesenti
3156 852 3330 916 (ηιξ),
3370 853 3532 896 D·Tl·o.

1976 928 2109 985 Soto
2134 929 2230 985 lib.
2258 931 2294 984 3
2312 930 2377 983 de
2404 937 2610 986 natura
2638 938 2689 986 et
2710 934 2919 1001 qratia,
2952 950 2987 987 a
3013 950 3134 1005 cap.
3171 933 3253 997 10,
3285 937 3334 986 et
3378 904 3510 1004 32:322

1977 1011 2037 1064 in
2057 1010 2310 1082 apoloyia
2337 1010 2599 1067 adversus
2628 1010 2859 1069 Gathar.
2892 1014 3046 1087 Vega
3074 1011 3166 1067 tib.
3199 1014 3235 1067 9
3274 1015 3336 1067 in
3351 1001 3539 1094 {2322}

1985 1088 2226 1147 Trident.
2259 1090 2521 1147 Ruardus
2548 1099 2655 1148 art.
2689 1093 2743 1159 9,
2790 1092 3073 1149 Roiiensis
3100 1100 3213 1148 art.
3254 1094 3332 1159 10,
3352 1100 3530 1193 sapiet.

1977 1171 2288 1244 Stapleton.
2340 1170 2432 1228 lib.
2477 1176 2512 1228 7
2558 1173 2622 1227 de
2650 1174 2942 1245 justificat.
2987 1150 3548 1243 Bellarmin.⁸(⁴3²‡5{{ff·

1979 1249 2075 1306 lib.
2105 1251 2141 1306 3
2166 1251 2230 1306 de
2240 1253 2532 1323 justificat.
2565 1254 2760 1309 Castro
2800 1253 2959 1308 verbo
2992 1256 3203 1323 qratia,
3227 1254 3338 1309 ἠω-
3352 1250 3526 1292 sumz-

1976 1332 2085 1385 resi
2123 1330 2177 1397 3,
2216 1329 2433 1387 Suarez
2474 1331 2567 1387 lib.
2613 1332 2666 1398 9,
2711 1349 2830 1404 cap.
2864 1333 2899 1386 9
2925 1340 2975 1387 et
3000 1333 3105 1387 aiii
3123 1297 3547 1406 pluresfffi‘ff-m’

1979 1413 2231 1484 Eamque
2252 1412 2372 1486 Jam
2396 1412 2621 1485 pridem
2645 1420 2777 1471 ante
2813 1414 3137 1470 Concilium
3172 1401 3545 1490 Trid.⁵'1‘{{,¹{3,f²

1977 1490 2286 1548 docuerant
2336 1491 2658 1550 Academiae
2704 1494 3013 1561 pariensis,
3056 1499 3113 1551 et
3154 1496 3339 1551 Lova-
3377 1495 3514 1539 niens.

1979 1573 2173 1629 nensis
2201 1581 2399 1631 contra
2428 1576 2762 1632 Lutherum.

2066 1647 2347 1706 Probatur
2404 1649 2725 1706 manifestis
2788 1665 2961 1706 sacrae
3025 1649 3332 1723 Scripturae
3351 1657 3557 1716 Probatur

1978 1729 2342 1800 testimoniis,
2401 1747 2537 1788 nam
2594 1730 2942 1787 Ecclesiastis
2993 1732 3029 1785 9
3078 1729 3289 1787 dicitur
3319 1709 3555 1800 2⁰¹35531'·

1980 1809 2123 1867 Sunt
2132 1811 2296 1881 justi,
2321 1820 2483 1891 atque
2501 1814 2787 1885 sapienteS,
2812 1819 2863 1865 et
2882 1829 3044 1884 opera
3068 1829 3255 1867 eorum
3280 1815 3339 1865 in
3353 1805 3518 1899 ςξξξὲξ·

1977 1909 2150 1947 manu
2182 1892 2287 1949 Dei
2325 1912 2342 1948 .·
2385 1900 2437 1948 et
2489 1901 2672 1948 tamen
2713 1896 2877 1948 nescit
2923 1894 3099 1961 homo,
3150 1888 3366 1949 utrum⁸
3505 1888 3516 1898 ’

1977 1991 2180 2040 amore,
2207 1992 2282 2030 an
2296 1976 2419 2031 odio
2438 1977 2637 2045 diynus
2655 1978 2747 2030 sit.
2775 1976 2844 2030 Et
2865 1974 3239 2032 Ecclesiastici
3262 1977 3297 2030 5
3323 1997 3335 2030 :
3377 1982 3519 2040 necte-

1980 2054 2060 2110 De
2096 2056 2401 2127 propitiato
2435 2062 2654 2127 peceato
2698 2055 2816 2109 noli
2859 2072 2968 2109 esse
3012 2056 3130 2109 sine
3169 2032 3558 2125 metu.13,¹{',{¹,{‡ff,‚

1980 2136 2258 2194 Proverb.
2300 2138 2373 2192 30
2400 2158 2413 2192 z
2444 2138 2584 2209 Quis
2616 2143 2788 2209 potest
2827 2138 3020 2201 dicere,
3066 2137 3333 2193 mundum

1977 2224 2053 2271 est
2080 2235 2174 2272 cor·
2198 2233 2396 2282 meum,
2421 2233 2604 2289 purus
2626 2234 2749 2271 sum
2775 2233 2812 2271 a
2832 2217 3093 2289 peccato?
3116 2216 3241 2274 Job.
3268 2217 3334 2270 9:
3398 2228 3496 2271 Job.

1978 2297 2047 2355 Si
2070 2298 2308 2371 simplem
2324 2297 2495 2371 suem,
2521 2299 2619 2353 hoc
2643 2300 2823 2370 ipsum
2845 2297 3116 2367 iquorabit
3144 2299 3335 2352 anima
3349 2277 3459 2319 ΡΨ·
3492 2280 3560 2317 ¹⁸·

1978 2396 2118 2436 mea.
2167 2380 2319 2436 Psal.
2360 2380 2422 2433 18
2469 2400 2481 2434 :
2531 2377 2738 2435 Delicta
2765 2396 2889 2455 quis
2916 2378 3210 2448 intelliyit?
3250 2376 3337 2433 Ab

1978 2461 2202 2515 occultis
2227 2462 2361 2515 meis
2388 2460 2596 2515 munda
2636 2477 2737 2524 me,
2769 2466 2818 2513 et
2845 2458 2913 2514 ab
2953 2460 3152 2514 alienis
3174 2475 3337 2531 parce

1978 2555 2130 2594 servo
2151 2547 2263 2595 tuo.
2300 2542 2317 2594 1
2348 2537 2418 2595 ad
2441 2538 2699 2596 Corinth.
2731 2542 2766 2593 4
2793 2561 2806 2595 ε
2838 2538 3000 2594 Nihil
3024 2539 3165 2594 milii
3188 2548 3417 2594 cons-Ad
3431 2549 3527 2592 cor.

1978 2622 2098 2676 cius
2123 2638 2265 2687 sum,
2298 2621 2390 2677 sed
2414 2638 2523 2676 non
2551 2624 2611 2676 in
2630 2620 2728 2676 hoc
2739 2622 3081 2691 justificatus
3099 2638 3244 2676 sum.
3269 2621 3339 2674 Et

1980 2700 2095 2757 alia
2123 2701 2291 2773 plura
2317 2706 2624 2758 occurrunt
2652 2701 2713 2756 in
2754 2700 2929 2756 sacris
2969 2701 3172 2768 literiS,
3216 2716 3340 2774 quae

1977 2786 2292 2854 congerunt
2317 2781 2599 2837 Authores
2628 2780 2813 2836 relati.
2858 2781 2957 2835 Est
2996 2785 3191 2837 tamen
3235 2781 3342 2836 ad-

1979 2860 2343 2928 vertendum,
2375 2860 2525 2935 quod
2554 2862 2684 2919 licet
2712 2861 2775 2917 in
2801 2860 2884 2917 eis
2912 2860 3207 2918 interdum
3249 2861 3341 2919 lo-

1977 2947 2228 3016 quantur
2255 2959 2528 3016 personae,
2561 2959 2685 3015 quae
2722 2957 2888 2997 suam
2913 2942 3199 3015 ,iustitiam
3239 2959 3343 3016 per

1980 3025 2390 3081 revelationem
2418 3025 2722 3097 specialem
2751 3029 3162 3096 cognoverunt,
3196 3024 3344 3080 sicut

1977 3104 2049 3163 de
2067 3104 2193 3170 Job,
2226 3104 2426 3171 David,
2459 3110 2516 3162 et
2542 3106 2722 3161 Paulo
2748 3120 2923 3177 supra
2943 3101 3230 3172 diximus;
3256 3106 3343 3160 ni-

1978 3188 2303 3245 hilominus
2327 3203 2394 3244 ea
2420 3188 2547 3243 sine
2592 3187 2843 3243 falsitate
2884 3187 3248 3258 protulerunt
3276 3187 3338 3243 in

1980 3283 2224 3340 persona
2274 3272 2612 3324 caeterorum
2659 3266 2968 3325 hominum
3020 3265 3335 3324 secundum

1977 3363 2347 3405 communem
2391 3352 2624 3414 statum,
2677 3353 2734 3403 et
2779 3347 2979 3422 gratiae
3025 3345 3341 3419 providen-

1977 3428 2119 3486 tiam
2148 3451 2161 3485 :
2193 3427 2345 3485 unde
2376 3430 2540 3486 nulla
2579 3434 2663 3485 est
2689 3427 3085 3485 contradictio.
3116 3427 3337 3502 Effugia

1977 3525 2134 3579 vero,
2193 3510 2263 3567 ad
2315 3526 2442 3583 quae
2495 3509 2833 3567 Adversarii
2887 3515 3220 3576 recurrunt,
3278 3513 3339 3563 ut

1979 3588 2155 3646 robur
2184 3591 2391 3648 horum
2415 3590 2881 3647 testimoniorum
2904 3591 3154 3655 elevent,
3190 3603 3338 3661 prae-

1977 3670 2217 3728 cludunt
2243 3671 2366 3729 fuse
2394 3672 2560 3730 relati
2590 3672 2892 3728 Authores.
2925 3669 3031 3727 Sed
3059 3668 3339 3728 efficacius

1978 3750 2434 3827 impugnationis
2453 3769 2635 3828 genus
2660 3757 2744 3808 est
2764 3752 3088 3808 communis
3114 3751 3340 3806 Sancto-

1979 3850 2108 3890 rum
2133 3837 2369 3892 Patrum
2393 3836 2455 3891 in
2479 3851 2649 3891 sensu
2675 3851 2707 3890 a
2730 3833 2896 3891 nobis
2918 3834 3139 3891 intento
3157 3847 3338 3903 expo-

1975 3916 2126 3985 sitio,
2161 3923 2222 3973 ut
2238 3918 2357 3991 J'am
2380 3916 2736 3990 subjicimus,

2051 3995 2438 4054 Confirmatur
2481 4012 2553 4054 ex
2576 3996 2872 4054 communi
2917 3998 3155 4053 Patrum
3200 4009 3336 4052 sen·
3368 4023 3532 4066 conar-

1975 4076 2173 4143 tentia,
2205 4078 2302 4149 qui
2324 4078 2698 4135 assertionem
2722 4082 2979 4133 nostram
3001 4080 3256 4140 tuentur,
3280 4079 3338 4131 et
3352 4078 3553 4166 mgffififss

1975 4157 2304 4214 testimonia
2331 4152 2793 4230 proxime‘allata
2820 4157 2882 4212 in
2922 4156 3121 4214 eodem
3162 4171 3334 4212 sensu
3402 4171 3498 4215 hus.

1973 4237 2447 4313 interpretantur.
2480 4241 2547 4295 D.
2587 4240 2834 4296 Basilius
2868 4241 2928 4293 in
2954 4241 3173 4294 constit.
3202 4237 3333 4297 Μο-
3346 4269 3536 4314 93„st

1972 4318 2133 4375 nack.
2181 4335 2300 4392 cap.
2333 4320 2387 4385 2,
2438 4318 2759 4393 Cyprianus
2801 4335 2965 4373 serm.
3001 4317 3065 4373 de
3106 4318 3436 4411 clesma-gg
3497 4318 3545 4362 ri.

1970 4415 2128 4472 syna,
2160 4400 2448 4474 Chrysost.
2490 4402 2636 4458 hom.
2688 4402 2770 4466 ll,
2813 4400 2888 4455 ad
2914 4401 3091 4456 locum
3132 4399 3324 4468 Pauli,
3362 4396 3552 4461 fimf

1970 4482 2037 4537 D.
2079 4480 2282 4538 Thom.
2312 4485 2370 4538 et
2407 4483 2470 4537 D.
2501 4482 2809 4537 Anselmus
2847 4481 3072 4537 ibidem.
3121 4466 3547 4560 Hiero-Bgfflgg

1970 4578 2131 4636 nym.
2164 4565 2225 4618 in
2266 4560 2485 4619 Daniel.
2514 4565 2569 4629 4,
2602 4562 2671 4620 ad
2700 4563 2805 4620 illa
2831 4560 3027 4629 verba,
3069 4561 3331 4619 Forsitan

1969 4648 2201 4716 iynoscet
2240 4645 2453 4701 delictis
2491 4645 2621 4711 tuis,
2652 4643 2961 4718 Gregorius
3001 4643 3097 4699 tib.
3127 4645 3164 4698 5
3203 4645 3532 4715 Mo-naoeg.

1967 4725 2078 4782 rat.
2120 4742 2241 4798 cap.
2277 4726 2313 4780 6
2338 4732 2391 4780 et
2439 4726 2519 4794 12,
2565 4730 2621 4782 et
2662 4724 2757 4780 lib.
2789 4725 2844 4789 9,
2874 4740 2996 4797 cap.
3055 4725 3119 4780 16
3145 4731 3197 4779 et
3244 4728 3328 4782 17.

1967 4807 2033 4863 D.
2064 4808 2298 4880 August.
2326 4804 2479 4862 PsaI.
2509 4807 2605 4872 41,
2629 4804 2700 4862 ad
2730 4804 2831 4861 illa
2862 4804 3057 4873 verba,
3091 4805 3334 4880 Abyssus
3361 4828 3527 4880 04³3.

1966 4888 2222 4960 abyssum
2249 4889 2468 4942 invocat
2494 4905 2512 4939 .·
2537 4892 2595 4943 et
2620 4886 2714 4944 lib.
2745 4887 2809 4940 de
2832 4888 3055 4959 perfect.
3078 4889 3329 4960 justiti-2,

1959 4976 2082 5043 post
2120 4968 2378 5036 medium,
2409 4972 2467 5024 et
2491 4968 2639 5024 hom.
2664 4968 2756 5033 35,
2784 4984 2856 5022 ex
2882 4967 2977 5024 tib.
3003 4969 3097 5035 50,
3135 4969 3327 5026 homil.

1966 5047 2241 5108 Bernard.
2265 5051 2421 5124 epist.
2453 5049 2525 5104 42
2545 5055 2596 5104 et
2613 5065 2776 5110 serm.
2810 5048 2866 5115 3,
2895 5048 2960 5103 de
2982 5048 3259 5117 Adventu,
3284 5057 3332 5105 et
3348 5073 3541 5116 namn,

3159 5141 3330 5181 serm.
