3647 5753
121 1329 147 1411 ΓΝ

1322 318 1499 374 mse.
1542 274 1662 384 vu,
1706 318 1872 375 nus.
1917 320 2014 402 ιν.-

188 483 404 540 nicani
452 485 617 542 illam
658 489 830 553 clare,
869 495 924 546 et
958 495 1150 563 aperte
1196 491 1567 565 negaverunt,

182 562 460 622 dieentes
489 567 636 623 illud
664 584 696 624 a
721 567 863 626 Sede
903 571 1225 644 Apostolica
1253 587 1371 628 non
1397 570 1573 626 fuisse

180 649 610 722 approbatum,
646 654 798 726 quin
841 654 992 709 ullus
1030 658 1230 710 contra
1258 653 1404 709 hanc
1448 667 1574 709 res-

184 731 550 802 ponsionem
581 734 938 798 reclamaret,
965 734 1055 789 vel
1079 731 1295 807 aliquid
1318 748 1572 805 oppone-

182 815 276 868 ret
328 833 344 868 ε
398 820 462 869 et
510 814 640 871 ideo
684 815 789 871 illa
841 814 1160 872 authoritas
1205 814 1415 871 omissa
1463 813 1571 869 tuit

175 892 351 963 quasi
386 909 515 950 non
546 910 774 970 urgens,
809 911 911 953 nec
930 894 1179 967 amplius
1205 895 1432 952 Jesuitae
1461 894 1567 966 ipsi

178 973 562 1042 institerunt,
596 984 658 1031 ut
686 977 859 1034 refert
884 978 965 1031 Μ.
995 978 1248 1034 Joannes
1269 991 1302 1031 a
1328 977 1382 1030 S.
1414 974 1570 1032 Tho-

178 1073 282 1112 ma
327 1064 507 1112 tract.
549 1059 613 1114 de
669 1058 885 1116 Volunt.
928 1058 1051 1123 Dei,
1095 1059 1241 1131 disp.
1283 1059 1337 1124 5,
1368 1064 1476 1113 art.
1506 1061 1562 1125 6,

176 1156 338 1195 num.
365 1141 426 1196 8.
457 1143 613 1213 Opus
634 1148 823 1214 autem
845 1141 1037 1197 Suarii
1065 1140 1277 1213 prodiit
1298 1145 1421 1212 post
1439 1156 1569 1197 om-

179 1233 286 1274 nes
315 1219 460 1276 illas
480 1227 900 1287 controversas
928 1236 1085 1278 anno
1112 1220 1378 1277 videlicet
1407 1221 1562 1276 1620.

255 1300 348 1355 Ad
373 1302 657 1358 ultimam
679 1301 987 1359 dicendum
1017 1308 1120 1366 est,
1154 1301 1473 1359 doctrinam
1503 1301 1565 1357 in

177 1382 515 1440 Senonensi
566 1386 822 1441 Concilio
863 1384 1151 1452 traditam,
1183 1399 1308 1456 quae
1336 1384 1396 1439 in
1431 1383 1566 1438 Tri-

174 1461 429 1521 dentino
459 1465 832 1537 approbatur,
879 1464 990 1522 tide
1027 1464 1263 1539 dignam
1302 1463 1560 1530 existere,

176 1558 294 1599 non
344 1545 491 1616 quia
524 1561 558 1601 a
585 1545 902 1603 Senonensi
954 1545 1182 1610 tradita,
1214 1543 1312 1601 sed
1357 1544 1491 1616 quia
1532 1558 1564 1598 a

173 1622 538 1680 Tridentino
571 1625 880 1698 approbata
912 1625 1036 1681 fuit.
1070 1627 1350 1681 Caeterum
1392 1627 1566 1679 restat

175 1703 557 1761 Adversarii,
596 1705 909 1770 ostendere,
943 1707 1031 1762 vel
1073 1703 1221 1778 quod
1268 1703 1564 1760 Tridenti-

177 1800 319 1841 num
350 1787 771 1859 approbaverit
801 1786 1209 1843 universaliter
1236 1784 1559 1842 doctrinam

176 1865 558 1932 senonensis
609 1868 769 1940 cujus
821 1881 921 1921 nec
961 1866 1271 1921 minimam
1313 1864 1560 1920 mentio-

179 1961 312 2002 nem
358 1947 536 2013 secit;
588 1949 680 2003 vel
720 1947 868 2020 quod
907 1948 1108 2004 saltem
1159 1944 1561 2019 approbaverit

176 2044 302 2084 eam
326 2036 585 2101 partem,
618 2045 792 2100 quam
820 2029 1052 2085 Molinae
1073 2028 1335 2101 opinioni
1361 2028 1558 2084 favere

176 2108 394 2165 dicunt.
431 2111 505 2165 Et
533 2127 667 2166 cum
708 2109 765 2165 id
806 2107 1185 2175 ostenderint,
1219 2114 1349 2163 tunc
1377 2109 1558 2164 Seno—

181 2190 373 2245 nensis
416 2190 837 2247 authoritatem
871 2189 1168 2260 operosius
1209 2189 1557 2261 interpreta-

177 2268 391 2325 bimur.
428 2268 608 2326 Modo
635 2268 786 2324 dicta
812 2266 1114 2333 sufficiant,
1139 2282 1265 2340 quae
1286 2282 1403 2324 non
1432 2284 1558 2340 pro-

179 2350 419 2405 tulimus
449 2355 518 2404 ut
548 2349 984 2405 venerationem
1010 2347 1276 2420 praedicto
1304 2347 1556 2404 Concilio

178 2429 429 2486 debitam
480 2430 964 2486 detrectaremus:
1012 2428 1111 2485 sed
1160 2444 1232 2484 ne
1279 2427 1556 2484 indirecte

178 2512 597 2569 authoritatem
648 2526 765 2566 non
811 2510 1061 2566 debitam
1113 2510 1380 2581 deinceps
1428 2510 1554 2581 quis

178 2592 548 2658 lormidaret,
566 2608 740 2665 quam
762 2593 1001 2648 Suarius
1023 2591 1240 2647 studuit
1261 2592 1369 2663 ipsi
1385 2593 1554 2647 attri-

177 2672 367 2731 buere.

776 2858 808 2925 ς
852 2855 948 2910 xi.

178 3008 505 3061 Occurritur
553 3006 715 3059 tertio
764 3005 986 3070 motiva,
1030 3003 1183 3079 (pand,
1221 3002 1551 3059 Adversarii

243 3105 314 3141 ex
339 3087 733 3142 convenientia
762 3090 955 3137 nostr-«v
973 3085 1244 3137 sententiae
1262 3102 1383 3139 cum
1408 3083 1549 3141 Cat-

247 3169 390 3234 cino,
414 3175 466 3222 et
496 3165 768 3222 lause-nio
795 3164 1059 3235 formant.

116 3348 152 3379 m
243 3321 369 3377 2:21.
412 3320 687 3377 Tertium
731 3321 1156 3390 argumentum,
1188 3316 1338 3388 quod
1368 3321 1547 3389 potest

116 3447 160 3478 ln.

176 3417 289 3458 esse
314 3404 536 3475 replica
562 3407 762 3457 contra
812 3399 1244 3471 responsionem
1272 3403 1303 3469 g
1333 3416 1546 3470 praece-

176 3480 324 3538 denti
365 3482 593 3547 datam,
642 3481 724 3535 sic
763 3478 1107 3551 proponitur
1147 3477 1217 3534 ab
1257 3478 1543 3536 Adversa-

180 3564 277 3618 riis
307 3587 320 3621 ε
350 3564 647 3628 Quoniam
697 3566 917 3617 certum
963 3564 1068 3625 est,
1119 3560 1426 3616 Calvinum
1481 3563 1541 3617 in

178 3646 275 3702 hac
312 3647 566 3703 materia
612 3659 853 3708 errasse,
902 3644 1164 3716 justeque
1212 3642 1540 3701 damnatio-

180 3743 304 3784 nem
349 3729 414 3784 in
459 3726 813 3783 Tridentino
859 3725 1038 3779 latam
1087 3725 1368 3781 meruisse
1401 3726 1539 3783 :sed

178 3810 446 3865 Calvinus
476 3808 633 3863 nihil
664 3807 727 3861 in
753 3804 857 3861 hac
884 3804 1129 3860 materia
1157 3803 1364 3869 docuit,
1391 3806 1539 3877 quod

178 3887 477 3945 Thomistae
522 3886 856 3943 defensores
881 3884 1084 3957 gratiae
1110 3898 1181 3939 ex
1206 3900 1266 3940 se
1304 3884 1540 3942 efficacis

180 3983 287 4023 non
349 3968 663 4024 admittant
714 3985 728 4019 :
775 3979 912 4037 ergo
964 3963 1275 4019 Thomistae
1338 3963 1536 4021 eodem

181 4062 363 4105 errore
408 4050 818 4111 involvuntur,
864 4050 921 4102 et
946 4044 1133 4101 eidem
1174 4043 1535 4103 damnationi

183 4136 404 4186 manent
423 4127 687 4187 obnoxii.
722 4128 936 4182 Caetera
962 4131 1241 4192 constant,
1267 4131 1322 4182 et
1343 4127 1539 4183 mino-

184 4224 292 4265 rem
331 4212 444 4267 late
504 4207 774 4282 probavit
824 4206 1051 4263 Bastida
1098 4207 1162 4261 in
1225 4222 1538 4281 congrega-

184 4290 325 4347 tione
370 4294 466 4355 44,
524 4304 721 4346 coram
787 4287 968 4344 Paulo
1024 4287 1091 4353 V,
1141 4286 1538 4359 componendo

185 4370 360 4439 plures
376 4368 695 4433 Calvini‚et
716 4366 1145 4422 Thomistarum
1171 4366 1533 4422 assertiones,

188 4470 209 4495 α
247 4451 286 4505 1.
318 4450 620 4505 Auxilium
663 4446 1072 4519 praevenientis
1106 4446 1308 4520 gratias
1342 4452 1427 4502 est
1466 4445 1536 4503 de

188 4552 209 4577 u
243 4546 302 4586 se
325 4531 447 4587 solo
473 4529 673 4586 efficax
696 4525 1152 4599 independenter
1180 4526 1251 4583 ab
1279 4526 1537 4587 humana

186 4632 207 4657 ει
246 4608 526 4674 libertate,
561 4608 640 4662 ita
669 4606 819 4680 quod
846 4606 1100 4663 humana
1127 4606 1392 4662 voluntas
1416 4622 1533 4663 non

187 4708 207 4737 a
246 4692 420 4759 potest
440 4685 594 4742 illud
624 4684 863 4741 reddere
882 4684 1094 4750 efficax,
1126 4685 1218 4741 vel
1248 4684 1527 4742 inefficax.

184 4790 208 4817 α
246 4770 309 4823 11.
353 4768 547 4825 Posita
573 4765 766 4841 gratia
803 4765 901 4822 Dei
940 4765 1010 4822 de
1047 4781 1107 4823 se
1145 4766 1267 4822 sola
1300 4762 1527 4833 efficaci,

184 4871 207 4899 (t
246 4864 358 4906 non
396 4864 706 4923 possumus
735 4862 853 4903 non
878 4847 1044 4915 velle,
1077 4863 1194 4904 non
1234 4863 1533 4920 possumus

188 4952 209 4980 a
246 4927 564 4996 dissentire,
612 4940 736 4984 non
778 4942 1070 4999 possumus
1113 4927 1394 4995 resistere,
1437 4932 1534 4983 aut

2969 326 3060 380 151

1711 510 1737 542 α
1781 489 2083 565 refragari.
2100 493 2195 547 111.
2212 493 2295 548 Ex
2310 492 2412 548 hac
2430 493 2615 567 gratia
2633 499 2784 550 actus
2801 495 2930 552 volu
2941 499 3069 551 nta-

1698 577 1737 621 ·«
1778 569 1853 625 tis
1889 572 2151 644 sequitur
2193 574 2533 639 necessario,
2574 588 2689 629 non
2724 577 2921 646 suapte
2959 589 3066 630 na-

1710 671 1735 701 «
1779 655 1927 718 tura,
1963 649 2062 708 sed
2087 667 2158 708 ex
2183 653 2575 725 suppositione
2608 652 2819 711 decreti
2853 653 3059 719 divini,

1709 751 1736 782 «
1779 731 1873 787 vel
1901 732 2142 788 alterius
2171 732 2557 790 antecedentis
2581 749 2784 790 causae.
2813 735 2906 790 1V.
2930 736 3065 791 Sine

1709 831 1734 861 «
1777 812 1998 869 auxilio
2043 811 2251 869 efficaci
2293 812 2494 887 gratiae
2534 814 2705 870 homo
2744 829 2858 870 non
2888 819 3066 887 potest

1708 913 1734 944 c<
1777 890 1923 949 bene
1972 894 2221 966 operari,
2276 895 2369 951 vel
2429 893 2499 951 ad
2551 898 2730 952 Deum
2783 897 3059 953 converti.

1708 992 1733 1022 α
1774 971 1842 1028 V.
1875 971 2034 1036 Quod
2061 988 2132 1030 ex
2160 972 2380 1030 duobus
2408 974 2743 1030 hominibus
2765 991 2913 1030 unus
2933 992 3063 1033 con·

1706 1073 1732 1105 α
1773 1058 2053 1120 vertatur,
2100 1054 2250 1110 alius
2292 1071 2430 1120 non,
2464 1071 2581 1112 non
2609 1055 2857 1122 aliunde,
2888 1073 3060 1128 quam

1706 1154 1731 1185 α
1772 1149 1844 1190 ex
1865 1133 2252 1206 inaequalitate
2269 1136 2470 1209 gratiae
2490 1141 2592 1192 est.
2619 1138 2713 1191 VI.
2730 1138 2838 1192 Eos
2855 1135 3061 1209 quibus

1706 1234 1731 1264 α
1771 1216 2049 1287 aequalem
2089 1215 2335 1290 gratiam
2364 1215 2611 1288 Spiritus
2629 1222 2856 1272 sanctus
2878 1219 3059 1289 parti-

1705 1315 1730 1345 «
1773 1298 1886 1361 tur,
1903 1297 2199 1368 aequaliter
2220 1297 2468 1352 camilla
2489 1297 2684 1353 conari
2707 1312 2932 1355 necesse
2951 1306 3053 1356 est.

1704 1396 1729 1427 α
1768 1378 1887 1432 Vll.
1921 1376 2183 1433 Oblatam
2223 1377 2471 1451 gratiam
2520 1377 2790 1448 recipere,
2834 1379 2938 1435 hoc
2975 1385 3061 1436 est

1703 1477 1729 1508 «
1770 1464 2085 1530 acceptare,
2157 1475 2273 1516 non
2334 1465 2542 1517 nostrae
2605 1458 2887 1516 facultatis
2951 1468 3053 1518 est.

1702 1559 1728 1588 α
1770 1539 1916 1594 VIII.
1950 1540 2077 1594 Haec
2115 1539 2301 1612 gratia
2329 1541 2410 1596 ita
2453 1540 2809 1598 voluntatem
2832 1541 2964 1616 agit,
2998 1547 3060 1597 ut
3118 1587 3123 1592 .

1702 1639 1726 1669 «ι
1769 1621 2034 1691 quamvis
2048 1622 2317 1678 voluntas
2338 1626 2486 1696 agat,
2508 1622 2893 1679 nihilominus
2915 1623 3059 1680 adae·

1702 1719 1727 1749 ι(
1767 1703 1939 1769 quata
1966 1715 2134 1756 causa
2161 1701 2554 1758 conversionis
2587 1702 2710 1758 sola
2747 1703 2931 1776 gratia
2957 1704 3050 1759 sit.

1700 1798 1725 1829 α
1766 1778 1861 1832 ΙΧ.
1894 1778 2197 1835 Auxilium
2225 1781 2287 1835 in
2309 1795 2421 1853 quo
2449 1781 2706 1837 consistit
2745 1798 3055 1855 persevan-

1699 1878 1725 1908 (ι
1768 1857 1860 1913 tiae
1905 1857 2144 1925 donum,
2187 1867 2274 1916 est
2312 1853 2714 1929 inamissibile,
2761 1861 3057 1935 redditque

1699 1959 1724 1989 α
1768 1938 2067 1996 hominem
2099 1941 2458 1999 immobilem
2488 1942 2551 1997 in
2581 1942 2745 2010 bon0,
2772 1944 3056 2017 indepen-

1698 2039 1723 2068 «
1764 2017 2078 2092 denterque
2104 2037 2136 2077 a
2159 2019 2342 2078 libero
2370 2020 2629 2087 arbitrio,
2656 2023 3055 2081 antecedenter

1697 2120 1723 2150 «
1765 2097 1901 2155 facit
1965 2100 2263 2158 hominem
2331 2117 2713 2174 perseverare.
2777 2105 2843 2158 X.
2908 2106 3054 2160 Deus

1696 2199 1720 2230 α
1763 2183 1979 2237 aeterno
2017 2197 2120 2239 suo
2146 2181 2391 2245 decreto,
2423 2186 2480 2237 et
2506 2181 2829 2238 inevitabili
2852 2199 3053 2241 omnes

1696 2282 1721 2312 «
1763 2267 1986 2317 nostras
2027 2263 2293 2329 actioneS,
2326 2264 2449 2320 sive
2476 2263 2670 2329 bonaS,
2708 2265 2830 2320 sive
2869 2265 3051 2321 malas

1695 2365 1720 2395 «
1764 2342 2102 2415 praedefinit,
2136 2361 2199 2401 ac
2234 2345 2719 2418 praedeterminat.
2769 2348 3052 2403 »Constat

1688 2429 1900 2489 autem,
1964 2440 2167 2481 omnes
2214 2425 2319 2480 has
2371 2424 2788 2497 propositiones
2838 2425 3050 2498 passim

1686 2503 1946 2560 inveniri
1977 2505 2039 2560 in
2065 2504 2294 2576 scriptis
2352 2505 2601 2570 Calvini,
2631 2510 2687 2561 et
2723 2505 3052 2562 Thomista—

1688 2601 1839 2649 rum,
1869 2586 2012 2658 quin
2045 2586 2106 2641 in
2130 2586 2322 2657 aliqua
2344 2585 2658 2642 dissideant
2689 2606 2701 2640 ε
2739 2586 2889 2641 nihil
2914 2599 3050 2661 ergo

1684 2664 1878 2722 docuit
1926 2666 2011 2720 in*
2045 2665 2148 2721 hac
2192 2665 2440 2721 materia
2488 2666 2777 2732 Calvinus,
2826 2665 2975 2739 quod
3015 2683 3049 2723 a

1684 2745 1999 2801 Thomistis
2043 2749 2454 2815 consequenter
2498 2743 2568 2800 ad
2614 2744 2931 2801 doctrinam
2977 2745 3048 2802 de

1680 2824 1867 2899 gratia
1894 2840 1963 2881 ex
1990 2839 2051 2882 se
2076 2823 2283 2881 efficaci
2313 2838 2430 2880 non
2453 2823 2808 2881 admittatur.

1756 2906 2149 2964 confirmatur
2209 2905 2401 2978 primo
2458 2906 2766 2962 evertendo
2818 2907 3044 2963 tacitam
3081 2921 3218 2964 Prima

1684 2988 2150 3060 responsionem3
2180 2985 2456 3059 quoniam
2483 2988 2530 3041 si
2554 2988 2862 3044 Thomistae
2890 3004 3046 3045 asse-

1682 3075 1871 3124 rentes
1889 3070 2133 3140 gratiam
2156 3082 2278 3123 esse
2297 3083 2368 3123 ex
2387 3084 2447 3124 se
2466 3066 2765 3132 efficacem,
2791 3068 3042 3126 vitarent

1680 3149 2072 3207 necessitatem
2102 3147 2445 3216 absolutam,
2472 3154 2530 3205 et
2553 3152 2845 3207 salvarent
2873 3150 3042 3207 liber-

1677 3236 1872 3297 tatem,
1906 3231 2161 3288 maxime
2190 3247 2298 3303 per
2322 3230 2752 3288 distinctionem
2794 3233 3042 3289 necessi-

1679 3313 1809 3368 tatis
1851 3312 2272 3384 consequentiS,
2304 3317 2360 3367 et
2386 3312 2819 3383 consequentiae,
2843 3318 3043 3385 quate-

1676 3407 1785 3446 nus
1836 3391 2035 3447 dicunt
2085 3390 2265 3463 posito
2315 3391 2534 3447 auxilio
2585 3406 2655 3447 ex
2705 3406 2765 3447 se
2809 3391 3035 3458 efficaci,

1674 3474 1832 3545 sequi
1852 3471 2175 3527 necessario
2194 3486 2557 3536 consensum,
2575 3485 2692 3526 non
2710 3472 3041 3528 necessitate

1672 3552 2089 3625 consequentis,
2115 3551 2215 3608 sed
2243 3552 2662 3623 consequentiae
2690 3572 2703 3606 :
2732 3552 2887 3623 atqui
2909 3553 3039 3607 Cal-

1674 3634 1846 3690 vinus
1869 3631 2115 3688 eandem
2138 3631 2568 3687 distinctionem
2592 3629 2845 3687 admittit
2869 3648 3040 3706 :ergo

1672 3730 1801 3769 cum
1830 3717 2048 3768 certum
2072 3712 2168 3777 sit,
2195 3710 2503 3766 Calvinum
2526 3708 2779 3767 docuisse
2800 3712 3039 3768 necessi-

1674 3799 1846 3848 tatem
1869 3790 2190 3847 absolutam
2219 3789 2509 3846 inductam
2534 3805 2635 3862 per
2661 3791 2940 3847 auxilium
2963 3792 3034 3848 ab

1672 3873 1984 3929 intrinseco
2021 3869 2236 3935 efficax,
2260 3870 2516 3942 sequitur
2557 3869 2882 3941 praedictam
2910 3871 3032 3927 dis-

1673 3953 2008 4010 tinctionem
2050 3968 2169 4008 non
2209 3951 2416 4016 vitare,
2449 3951 2591 4023 quin
2638 3952 2920 4008 auxilium
2960 3970 3032 4010 ex

1669 4051 1730 4091 se
1757 4033 1953 4090 efficax
1980 4032 2196 4088 inserat
2235 4030 2687 4096 Calvinisticam,
2719 4037 2774 4087 et
2801 4030 3032 4090 absolu-

1669 4121 1787 4172 tam
1818 4115 2234 4171 necessitatem.
2267 4113 2462 4169 Minor
2488 4118 2704 4169 constat
2742 4128 2814 4170 ex
2842 4114 3031 4171 verbis

1669 4195 1898 4252 Calvini
1947 4195 2041 4251 lib.
2095 4197 2112 4250 1
2163 4195 2336 4249 instit.
2381 4211 2503 4265 cap.
2557 4194 2639 4260 16,
2683 4202 2806 4250 sect.
2851 4195 2905 4261 9,
2932 4195 3027 4252 ubi

1668 4278 1749 4333 ait
1782 4298 1795 4332 z
1833 4297 1858 4328 «
1885 4277 2108 4331 Interea
2127 4272 2277 4346 quod
2296 4273 2495 4329 statuit
2515 4275 2680 4339 Deus,
2704 4274 2786 4329 sic
2806 4289 3029 4334 necesse

1674 4379 1700 4409 α
1739 4360 1827 4413 est
1869 4355 2123 4421 evenire,
2180 4362 2240 4409 ut
2292 4359 2486 4410 tamen
2532 4369 2716 4425 neque
2773 4356 3024 4430 praecise,

1673 4459 1699 4490 «
1742 4450 1928 4507 neque
1985 4440 2184 4507 suapte
2237 4439 2446 4489 natura
2497 4434 2880 4490 necessarium
2930 4436 3023 4495 sit.

1672 4541 1698 4571 α
1740 4516 2086 4587 Exemplum
2133 4515 2198 4570 in
2238 4514 2453 4569 Christi
2494 4510 2714 4570 ossibus
2743 4513 3030 4574 familiare

1671 4620 1697 4650 (ι
1739 4595 2005 4653 occurrit.
2063 4596 2206 4649 Cum
2259 4592 2518 4649 induerit
2569 4607 2772 4664 corpus
2836 4602 3031 4654 nostro

1672 4699 1698 4730 α
1738 4674 1952 4739 simile,
2004 4672 2236 4745 fragilia
2282 4671 2456 4726 fuisse
2498 4670 2620 4742 ejus
2665 4686 2808 4737 ossa,
2858 4690 3028 4733 nemo

1672 4782 1697 4813 α
1738 4772 1915 4813 sanus
1961 4752 2225 4826 negabit;
2274 4768 2399 4825 quae
2438 4756 2635 4807 tamen
2682 4752 2873 4829 frangi
2921 4756 3030 4813 fuit

1672 4864 1696 4893 «
1741 4833 2116 4910 impossibile.
2149 4832 2317 4889 Unde
2343 4833 2572 4888 iterum*
2598 4832 2882 4901 videmus,
2908 4852 3026 4895 non

1672 4943 1698 4973 α
1742 4924 1957 4976 temere
1984 4914 2047 4971 in
2068 4913 2286 4971 Scholis
2308 4912 2574 4969 inventas
2595 4911 2769 4971 fuisse
2794 4914 3027 4975 distinc-

3084 2970 3234 3013 contir-

3085 3019 3224 3063 matio.

3085 4209 3226 4255 calvi-

3092 4269 3186 4305 nus-
