3647 5753
1452 431 1631 488 DISP.
1675 431 1770 497 VI,
1816 430 1984 487 DUB.
2028 432 2071 488 Ι.

885 608 916 676 ς
944 605 1042 661 111.

285 765 522 822 Diversae
574 764 1044 824 Adversariorum
1094 766 1373 820 suasiones
1410 762 1647 836 practu-

73 1003 232 1047 Prima

58 1062 250 1147 ‘235⁰'

40 1413 238 1471 guara.

63 3481 247 3528 Beleni·

121 3538 202 3577 tur.

850 846 1078 903 duntur.

367 1002 449 1058 12.
514 1000 722 1057 Varias
782 1001 1183 1076 responsiones
1250 998 1648 1073 excogitarunt

282 1080 624 1147 adversarii,
677 1086 740 1137 ut
793 1082 969 1140 robur
1022 1080 1266 1139 rationis
1321 1082 1387 1136 D.
1435 1077 1640 1133 Thom.

280 1170 653 1232 enervarent,
685 1179 757 1221 ex
790 1164 998 1239 quibus
1026 1161 1469 1238 principaliores
1513 1163 1647 1213 tan-

279 1250 406 1302 tum
434 1245 784 1315 referemus3
817 1247 1009 1319 plures
1035 1243 1194 1303 enim
1223 1240 1471 1299 minoris
1515 1254 1646 1296 mo-

279 1327 464 1385 menti
485 1332 640 1395 sunt,
662 1331 721 1384 et
741 1331 1032 1400 nequeunt
1059 1322 1292 1389 rationi,
1327 1326 1388 1377 ut
1418 1337 1451 1378 a
1479 1318 1648 1377 nobis

278 1409 605 1483 propositae,
649 1408 950 1482 applicari.
1002 1408 1206 1463 Primo
1247 1407 1457 1460 Suarez
1508 1401 1647 1458 locis

278 1489 438 1547 infra
466 1489 789 1548 referendis
837 1488 1158 1563 respondet,
1190 1487 1439 1562 gratiam
1477 1498 1647 1539 sanc-

277 1569 591 1630 tificantem
620 1588 781 1645 posse
800 1571 1107 1644 dupliciter
1134 1565 1503 1635 considerari,
1533 1569 1647 1623 uno

277 1651 451 1711 modo
477 1658 539 1710 ut
577 1651 771 1710 subest
798 1652 1024 1711 decreto
1053 1651 1154 1709 Dei
1203 1648 1510 1712 intentivo,
1554 1662 1648 1704 se-

277 1731 463 1791 cundo
495 1740 553 1790 ut
578 1731 772 1791 subest
801 1732 1026 1791 decreto
1065 1731 1445 1806 exequutivo-;
1474 1733 1529 1785 et
1555 1743 1655 1784 se-·

278 1815 531 1873 cundum
561 1817 664 1873 hos
711 1814 970 1872 diversos
1016 1820 1217 1881 status,
1250 1812 1345 1869 aut
1394 1812 1648 1869 rationes

281 1913 442 1971 posse
462 1898 623 1956 obire
641 1898 755 1954 duo
776 1898 883 1953 illa
904 1912 1151 1954 munera
1168 1895 1439 1970 principii
1461 1911 1648 1952 essen·

281 1980 436 2036 tialis
465 1981 681 2049 meriti,
726 1984 782 2036 et
809 1978 1033 2051 praemii
1066 1982 1321 2050 respectu
1368 1976 1642 2050 ejusdem.

280 2063 567 2126 Quoniam
627 2064 757 2119 licet
800 2061 987 2135 gratia
1045 2064 1289 2134 nequeat
1332 2056 1647 2115 secundum

280 2142 522 2201 eandem
553 2143 835 2200 rationem
861 2157 984 2199 esse
1025 2139 1403 2215 principium,
1445 2143 1502 2196 et
1527 2143 1648 2193 ter-

282 2224 480 2279 minus
525 2223 743 2289 meriti,
786 2228 846 2278 ut
894 2225 956 2280 D.
1008 2223 1213 2279 Thom.
1269 2221 1332 2276 in
1379 2218 1646 2293 praesenti

284 2304 515 2367 asserit:
564 2304 730 2359 nulla
757 2308 953 2359 tamen
1001 2300 1385 2375 repugnantia
1413 2303 1648 2372 apparet

284 2386 350 2441 in
375 2400 461 2451 eo,
491 2383 639 2456 quod
666 2383 865 2440 eadem
893 2382 1096 2457 gratia,
1133 2386 1194 2436 ut
1215 2379 1405 2437 subest
1424 2378 1648 2435 decreto

286 2465 573 2522 intentivo
599 2466 723 2529 Dei,
754 2465 828 2520 sit
864 2462 1237 2537 principium,
1270 2464 1325 2517 et
1353 2475 1471 2516 non
1499 2474 1648 2532 prae-

285 2547 473 2601 mium
502 2547 725 2605 meriti;
753 2551 810 2602 et
836 2561 868 2602 e
892 2559 1189 2611 converso,
1226 2547 1287 2596 ut
1325 2541 1518 2597 subest
1545 2540 1647 2597 de-

285 2632 437 2684 creto
475 2630 839 2700 exequutivO,
871 2627 947 2681 sit
995 2625 1188 2684 meriti
1234 2624 1561 2695 praemium,
1593 2627 1650 2678 et

284 2725 401 2767 non
430 2709 762 2781 pricipium.
794 2711 934 2782 Ipsae
972 2711 1183 2781 quippe
1211 2705 1428 2763 divinae
1447 2703 1648 2780 gratiae

283 2791 635 2862 acceptiones
663 2805 894 2846 omnem
923 2786 1435 2846 contradictionem
1458 2785 1647 2843 exclu-

281 2870 443 2928 dunt.
481 2870 643 2927 Unde
665 2869 946 2938 videmus,
981 2869 1192 2928 merita
1213 2869 1306 2925 SS.
1338 2870 1449 2924 PP.
1469 2866 1645 2923 fuisse

282 2953 346 3009 in
408 2953 731 3009 intentione
783 2954 1102 3026 posteriora
1153 2950 1379 3008 meritis
1430 2947 1644 3006 Christi

282 3036 535 3102 Domini,
567 3040 849 3092 eteorum
882 3036 1216 3109 praemium;
1252 3039 1310 3090 et
1335 3031 1646 3088 nihilomi-

282 3133 393 3172 nus
421 3117 524 3173 illa
564 3117 626 3172 in
665 3117 1048 3189 exequutione
1076 3118 1491 3188 praecesserunt
1512 3117 1645 3166 tan-

281 3214 454 3270 quam
482 3198 759 3254 meritum
788 3195 857 3253 de
883 3212 1155 3270 congruo,
1202 3200 1264 3250 ut
1307 3192 1445 3249 satis
1484 3206 1647 3247 com-

282 3280 540 3336 muniter
579 3278 783 3336 docent
826 3278 1138 3334 Thomistae
1177 3276 1242 3331 in
1267 3276 1533 3330 Tractatu
1575 3270 1645 3329 de

284 3362 706 3418 lucarnatione.

357 3443 465 3500 Sed
507 3445 621 3499 haec
644 3442 939 3515 responsio
964 3446 1050 3498 est
1076 3439 1445 3507 insufficienS,
1471 3440 1525 3493 et
1550 3452 1645 3493 re-

285 3524 513 3581 fellitur
552 3540 623 3580 ex
666 3522 850 3579 dictis,
882 3524 1030 3579 Tum
1060 3521 1196 3595 quia
1223 3520 1497 3578 meritum
1529 3533 1644 3574 non

284 3609 494 3671 movet,
528 3620 632 3661 nec
659 3604 720 3660 in
747 3620 851 3661 suo
877 3620 1086 3678 genere
1113 3608 1323 3669 causat,
1357 3600 1471 3657 nisi
1495 3615 1645 3672 prae-

287 3687 547 3744 videatur
561 3689 830 3752 existens,
850 3694 947 3742 aut
960 3687 1300 3750 extiturum,
1320 3702 1383 3742 ac
1400 3681 1644 3757 proinde

283 3769 397 3825 nisi
441 3767 825 3842 praevideatur
850 3774 1012 3824 extra
1039 3783 1239 3826 omnes
1264 3784 1396 3823 suas
1422 3780 1638 3830 causas,

280 3858 336 3908 et
378 3851 650 3908 terminet
683 3851 992 3907 scientiam
1042 3850 1320 3917 visionis;
1347 3848 1642 3906 nonenim

280 3940 471 3991 causat
519 3949 619 4006 per
669 3933 905 3990 modum
946 3933 1098 4002 finis,
1130 3934 1290 4007 cujus
1334 3929 1643 3989 causalitas

279 4022 364 4072 est
392 4016 622 4089 praecise
647 4016 854 4080 amari,
885 4022 939 4073 et
969 4015 1192 4072 intendi
1216 4039 1230 4082 3
1255 4014 1352 4072 sed
1382 4029 1482 4087 per
1512 4027 1645 4068 mo-

280 4099 419 4156 dum
458 4117 641 4157 causae
688 4099 989 4156 moraliter
1023 4097 1334 4165 efficientis,
1366 4096 1437 4153 de
1482 4094 1643 4168 cujus

283 4183 508 4241 ratione
551 4188 634 4240 est
679 4183 942 4248 existere,
997 4188 1057 4237 ut
1102 4198 1276 4254 supra
1325 4179 1581 4236 diximus
1627 4199 1639 4233 :

282 4268 436 4326 unde
456 4268 653 4340 nequit
674 4268 765 4325 vel
788 4266 859 4324 ab
886 4265 1285 4340 exequutione,
1314 4265 1404 4320 vel
1428 4280 1461 4320 a
1483 4264 1643 4336 prin·

280 4349 444 4424 cipiis
470 4346 873 4406 essentialibus
916 4345 1320 4421 exequutionis
1366 4345 1642 4417 praescin-

280 4432 432 4491 dere.
451 4435 599 4507 Ergo
624 4439 683 4489 ut
699 4436 844 4489 Deus
868 4432 1143 4489 meritum
1161 4428 1448 4494 decernat,
1464 4434 1518 4485 et
1546 4428 1642 4484 vi-

279 4515 507 4583 deat,ab
539 4517 771 4590 ipsoque
798 4515 867 4573 ad
894 4511 1319 4572 decernendum
1334 4511 1641 4585 praemium

281 4598 592 4664 alliciatur,
640 4597 807 4654 debet
852 4613 953 4670 per
1003 4596 1162 4670 prius
1207 4594 1535 4661 decernere,
1586 4595 1642 4648 et

280 4681 479 4738 videre
500 4679 803 4753 principia,
837 4695 870 4735 a
888 4678 1096 4752 quibus
1122 4676 1400 4733 meritum
1441 4686 1642 4730 essen-

282 4763 498 4821 tialiter
537 4759 836 4835 dependet.
863 4761 1033 4833 Atqui
1072 4759 1261 4835 gratia
1285 4762 1371 4814 est
1417 4755 1640 4830 princi-

284 4848 444 4918 pium
472 4842 853 4902 essentialiter
894 4841 1233 4914 requisitum
1264 4838 1334 4895 ad
1363 4836 1640 4893 meritum

283 4928 353 4986 de
378 4926 679 5000 condigno,
712 4922 967 4996 illudque
991 4923 1177 4989 efficit,
1208 4926 1266 4980 et
1304 4920 1545 4987 valorat,
1580 4924 1639 4974 ut

283 5009 638 5070 ostendimus
684 5007 806 5063 loco
845 5022 1020 5079 supra
1065 5007 1257 5063 citato,
1288 5005 1436 5077 Ergo
1475 4999 1641 5058 debet

286 5089 618 5152 antecedere
644 5086 937 5155 meritum,
972 5104 1087 5145 non
1113 5086 1300 5144 solum
1322 5080 1636 5141 secundum

3028 425 3140 481 799

1775 602 2068 660 decretum
2092 602 2444 660 intentivum
2467 602 2585 667 Dei,
2617 599 2715 658 sed
2737 599 2915 680 etiam
2942 614 3140 656 secun·

1777 682 1916 740 dum
1944 684 2233 741 decretum
2256 681 2691 757 exequutivum.
2719 684 2859 736 Cum
2882 696 2993 753 quo
3020 680 3138 735 mi-

1780 765 1939 822 nime
1965 767 2227 832 cohaeret,
2273 764 2423 839 quod
2463 765 2536 820 sit
2562 765 2683 837 ejus
2711 761 3016 835 praemium
3045 762 3138 817 vel

1701 824 1710 940 Ι
1777 846 1985 904 ordine
2024 847 2385 913 intentionis,
2418 846 2510 903 vel
2557 844 2761 902 ordine
2800 840 3140 915 exequutio-

1779 927 1891 994 niS,
1925 936 1985 984 ut
2006 929 2128 1002 ipse
2147 931 2357 984 Suarez
2381 928 2608 984 fatetur.
2637 927 2747 981 Per
2774 922 2921 997 quod
2945 926 3141 979 manet

1777 1012 2071 1068 exclusum
2098 1010 2429 1087 exemplum
2454 1007 2524 1065 ab
2553 1009 2674 1081 ipso
2695 1009 2936 1064 allatum
2961 1023 2973 1068 ;
2995 1020 3140 1077 quo-

1780 1091 1940 1150 niam
1969 1092 2242 1148 meritum
2267 1090 2477 1146 Christi
2502 1087 2735 1147 Domini
2764 1101 2880 1144 non
2921 1085 3141 1158 depen-

1778 1169 1947 1228 debat
1972 1170 2354 1228 essentialiter
2378 1187 2410 1227 a
2430 1169 2639 1227 merito
2659 1170 2998 1224 Sanctorum
3024 1167 3136 1223 PP.

1779 1258 1877 1309 aut
1915 1268 1947 1309 e
1978 1268 2272 1314 converso.
2305 1249 2400 1308 sed
2445 1249 2829 1307 essentialiter
2856 1246 3140 1319 loquendo

1778 1331 2065 1406 disparata
2098 1349 2159 1389 se
2196 1330 2509 1396 habebant;
2554 1334 2739 1403 posset
2765 1329 2975 1403 quippe
3003 1343 3147 1385 mu->

1779 1419 1876 1472 tuo
1905 1430 2083 1471 unum
2114 1412 2565 1487 independenter
2591 1411 2660 1467 ab
2707 1411 2888 1467 altero
2916 1410 3138 1466 consis—

1779 1501 1917 1552 tere.
1963 1493 2128 1552 Unde
2156 1495 2335 1568 potuit
2360 1492 2585 1563 (saltem
2614 1508 2686 1549 ex
2711 1490 2768 1546 vi
2798 1490 2988 1562 hujus)
3012 1506 3138 1546 me-

1780 1577 1958 1633 ritum
1975 1576 2187 1633 Christi
2205 1581 2265 1630 ut
2290 1572 2618 1647 dependens
2639 1589 2671 1627 a
2693 1572 2812 1627 suis
2835 1571 3138 1644 principiis

1778 1660 2178 1719 essentialibus
2206 1659 2412 1717 merita
2441 1659 2551 1714 PP.
2584 1657 2643 1712 in
2675 1656 2994 1712 intentione
3038 1656 3136 1712 Dei

1779 1742 1971 1814 ipsum
2013 1740 2291 1798 intuentis
2336 1739 2678 1813 simpliciter
2725 1737 2966 1802 anteire,
3017 1742 3072 1793 et
3107 1752 3138 1792 e

1779 1839 2054 1881 converso
2095 1825 2158 1880 in
2199 1822 2428 1879 diverso
2454 1836 2664 1897 genere
2689 1836 2869 1877 causae
2898 1819 3140 1876 merito-

1783 1906 1884 1963 riae
1912 1911 2220 1979 potuerunt
2261 1905 2470 1962 merita
2516 1905 2625 1959 PP.
2662 1909 2721 1958 ut
2758 1900 3137 1973 dependentia

1780 2004 1813 2043 a
1839 1988 1958 2043 suis
1999 1985 2301 2061 principiis
2341 1983 2743 2042 essentialibus
2769 1982 3137 2039 existentiam

1780 2069 1993 2125 Christi
2018 2067 2352 2141 praecedere.

1853 2152 2002 2206 Tum
2030 2151 2224 2219 etiam,
2269 2150 2402 2223 quia
2442 2146 2734 2204 distinctio
2780 2145 2883 2202 illa
2911 2142 3137 2202 ordinis
3177 2162 3302 2253 Eligit

3187 2260 3350 2312 mplius.

1781 2232 2077 2299 intentivi,
2101 2240 2158 2289 et
2183 2232 2463 2290 executivi
2497 2234 2646 2287 recte
2671 2227 2904 2303 quidem
2948 2228 3137 2300 appli-
3159 2269 3182 2303 a

1780 2318 1939 2369 catur
1971 2312 2155 2377 rebus,
2189 2330 2313 2386 quae
2342 2313 2403 2367 iu
2432 2312 2659 2367 diverso
2698 2326 2906 2384 genere
2931 2324 3132 2374 causae,

1779 2392 1973 2451 finalis
2000 2396 2232 2462 scilicet,
2259 2400 2313 2451 et
2338 2393 2651 2457 efficientiS,
2679 2397 2879 2448 mutuo
2899 2407 2958 2446 se
2989 2406 3138 2463 prae-

1779 2474 2019 2542 cedunt;
2062 2481 2119 2533 et
2165 2477 2242 2532 ita
2285 2477 2468 2533 locum
2517 2473 2685 2530 habet
2725 2472 2788 2528 in
2832 2472 3037 2546 gloria,
3083 2478 3139 2529 et

1781 2558 2008 2614 meritis
2042 2579 2054 2613 :
2087 2573 2222 2614 narn
2257 2557 2359 2612 illa
2400 2560 2484 2612 est
2508 2556 2748 2611 istorum
2788 2553 2941 2617 finis,
2976 2558 3031 2610 et
3054 2553 3131 2610 ita

1781 2638 2047 2711 praecedit
2098 2638 2302 2696 ordine
2355 2637 2673 2701 intentivo;
2724 2635 2932 2692 merita
2999 2650 3138 2692 vero

1779 2726 1914 2776 sunt
1941 2736 2109 2777 causa
2148 2720 2395 2778 efficiens
2444 2717 2682 2774 moralis
2727 2717 2943 2791 gloriae,
2977 2717 3138 2773 etsie

1780 2802 2092 2873 precedunt
2154 2802 2360 2859 ordine
2427 2798 2791 2871 exequutivo.
2857 2799 3137 2854 Caeteruin

1781 2887 1988 2959 nequit,
2023 2886 2365 2963 regulariter
2420 2883 2695 2958 applicari
2753 2881 2884 2938 aliis
2947 2879 3135 2947 rebuS,

1781 2970 1972 3043 plures
2012 2970 2222 3042 quippe
2265 2972 2418 3032 sunt,
2462 2983 2586 3038 quae
2626 2971 2743 3021 tam
2794 2964 3138 3028 intentione,

1777 3067 1950 3122 quam
1979 3050 2358 3122 exequutione
2385 3048 2542 3104 aliud
2575 3043 2893 3118 praecedere
2917 3048 3135 3115 petunt,

1778 3135 1833 3187 et
1859 3132 1937 3186 ita
1984 3129 2212 3186 decerni
2255 3128 2481 3184 debent.
2516 3129 2636 3189 Quo
2684 3130 2841 3197 pacto
2868 3139 2928 3179 se
2974 3121 3146 3179 habet

1777 3210 2024 3266 essentia
2047 3209 2117 3265 ad
2138 3226 2269 3265 suas
2294 3208 2689 3281 proprietate5‚
2709 3209 2764 3261 et
2788 3202 3140 3276 principium

1781 3292 2029 3348 radicale
2074 3290 2310 3347 vivendi
2354 3289 2423 3345 ad
2465 3289 2646 3344 vitam
2677 3286 2992 3351 actualem;
3026 3300 3142 3341 non

1777 3373 1938 3430 enim
1964 3373 2229 3438 essentia,
2261 3376 2319 3427 et
2358 3367 2710 3443 principium
2757 3365 2991 3422 vivendi
3041 3383 3141 3438 pe-

1778 3457 1906 3509 tunt
1935 3452 2167 3525 praecise
2206 3452 2269 3508 in
2311 3451 2635 3507 intentione
2665 3446 3004 3521 praecedere,
3040 3464 3140 3504 ve-

1779 3551 1911 3590 rum
1940 3535 2115 3591 etiam
2157 3534 2220 3589 in
2248 3532 2645 3606 exequutione,
2678 3531 2801 3586 sive
2842 3529 2906 3583 in
2933 3528 3142 3585 ordine

1777 3617 2155 3690 exequutivo;
2221 3617 2356 3688 quia
2421 3613 2686 3672 videlicet
2766 3612 3142 3687 proprietates

1778 3703 2231 3770 praesupponunt
2274 3695 2670 3770 quidditatem‚
2715 3711 2747 3751 a
2789 3711 2902 3767 qua
2948 3693 3141 3750 dima-

1779 3784 1937 3844 nant,
1964 3785 2020 3835 et
2048 3775 2164 3834 vita
2188 3778 2424 3834 actualis
2459 3778 2846 3834 essentialiter
2868 3775 3141 3848 supponit

1777 3860 2149 3934 principium,
2183 3876 2215 3916 a
2255 3876 2365 3932 quo
2411 3860 2659 3916 elicitur.
2708 3861 2773 3913 Et
2819 3859 2923 3914 hoc
2950 3862 3139 3929 poste-

1777 3941 1922 3998 riori
1946 3939 2113 3997 modo
2126 3955 2187 3995 se
2208 3939 2420 3997 habent
2441 3940 2650 3996 merita
2673 3939 2741 3997 de
2762 3938 3047 4012 condigno
3067 3935 3137 3993 ad

1772 4021 2020 4096 gratiam
2050 4020 2438 4088 habitualem;
2491 4025 2691 4093 petunt
2733 4021 2892 4078 enirn
2939 4032 3138 4076 essen-

1776 4105 1993 4161 tialiter
2015 4103 2086 4160 ab
2107 4120 2174 4160 ea
2202 4104 2524 4176 procedere,
2556 4109 2613 4161 et
2634 4119 2734 4177 per
2764 4104 2948 4176 ipsam
2972 4103 3137 4158 valo-

1777 4188 1921 4245 rari.
1952 4186 2117 4244 Unde
2162 4186 2289 4245 fieri
2332 4188 2548 4259 nequit,
2593 4188 2743 4259 quod
2772 4192 2904 4243 ante
2948 4185 3134 4258 ipsam

1776 4269 2201 4344 praevideantur
2246 4270 2567 4333 existentia,
2601 4275 2698 4325 aut
2738 4269 3008 4334 extitura‚
3041 4268 3134 4325 vel

1775 4352 1839 4408 in
1861 4350 2065 4409 ordine
2092 4351 2394 4417 intentivo,
2425 4351 2513 4406 vel
2557 4350 2620 4405 in
2649 4349 2854 4407 ordine
2878 4366 3135 4423 exequu-

1775 4435 1914 4492 tivo.
1960 4435 2327 4492 Contrarium
2357 4439 2548 4490 autem
2576 4433 2778 4489 accidit
2820 4433 2883 4490 in
2909 4432 3137 4490 meritis

1774 4517 2112 4573 Sanctorum
2142 4517 2255 4570 PP.
2297 4514 2641 4586 comparatis
2669 4512 2739 4569 ad
2765 4513 3134 4570 existentiam

1775 4596 1987 4653 Christi
2040 4594 2295 4657 Domini:
2338 4611 2474 4651 nam
2522 4594 2593 4650 ab
2638 4611 2704 4651 ea
2748 4595 3137 4651 essentialiter

1774 4693 1892 4734 non
1904 4675 2419 4750 dependebant,sed
2434 4680 2737 4749 potuerunt
2750 4676 3136 4749 independen-

1773 4764 1863 4817 ter
1884 4758 1955 4816 ab
1977 4760 2081 4815 illa
2095 4759 2363 4816 existere.
2381 4758 2767 4823 Quamobrem
2788 4775 2859 4815 ex
2880 4760 2939 4815 vi
2964 4759 3136 4832 hujus

1773 4858 1893 4900 non
1918 4841 2275 4916 repugnavit,
2302 4840 2449 4914 quod
2474 4840 2638 4898 illam
2661 4841 2725 4898 in
2751 4841 3137 4914 exequutione

1774 4923 2184 4998 praecesserint,
2215 4921 2440 4995 etquod
2465 4938 2667 4980 eorum
2699 4923 2912 4979 intuitu
2937 4922 3134 4978 Incar-

1774 5006 1933 5062 natio
1959 5003 2234 5061 mandata
2261 5004 2436 5061 fuerit
2460 5003 2849 5077 exequutioni.

1858 5087 1945 5142 13.
1993 5087 2141 5141 Tum
2165 5090 2455 5157 praeterea,
2487 5085 2623 5159 quia
2654 5085 2913 5157 implicat
2956 5089 3133 5143 Deum
