3647 5753
1389 441 1576 499 DISP.
1618 440 1740 504 vn,
1786 438 1949 494 DUB.
1997 438 2064 492 11.
3048 423 3115 474 31

249 633 394 691 grua
422 634 498 674 ex
543 620 668 683 hoc,
701 622 850 694 quod
897 622 1144 681 liberum
1192 624 1503 682 arbitrium
1532 619 1623 676 illi

248 702 676 787 attemperetur
706 726 719 768 ;
749 708 806 759 et
848 702 1105 760 redditur
1134 720 1250 762 non
1274 718 1528 778 congrua
1554 715 1626 756 ex

254 778 374 842 illo,
386 778 554 870 ⁴quod
567 795 692 841 non
708 789 1118 857 attemperatur
1137 807 1150 841 :
1170 786 1250 842 ita
1259 783 1409 858 quod
1423 781 1623 839 eadem

248 859 535 932 specifice,
568 870 625 920 et
650 865 936 922 intensive
960 868 1166 941 gratia,
1222 883 1347 941 quae
1376 882 1476 940 per
1503 880 1625 921 res-

253 949 480 1014 pectum
523 944 598 1000 ad
662 946 971 1004 arbitrium
1017 950 1098 1005 sic
1156 949 1495 1022 dispositum
1541 952 1634 1003 est

250 1037 526 1113 congrua,
599 1043 698 1097 per
744 1027 1143 1086 habitudinem
1195 1030 1265 1086 ad
1312 1028 1623 1086 arbitrium

250 1103 421 1195 alite-r
464 1104 813 1179 dispositum
843 1125 960 1166 non
999 1125 1252 1184 congrua
1282 1109 1418 1175 fiat;
1465 1109 1543 1163 ita
1566 1112 1627 1162 ut

249 1191 454 1257 gratia,
488 1202 621 1258 quae
645 1186 777 1243 data
801 1189 1024 1246 homini
1048 1190 1190 1258 laeto,
1212 1206 1271 1246 v.
1293 1206 1346 1264 g.
1379 1194 1461 1246 est
1487 1203 1628 1244 con·

249 1279 413 1356 grua,
445 1273 686 1355 maneat
713 1283 829 1324 non
857 1285 1108 1344 congrua
1147 1285 1277 1326 cum
1323 1269 1492 1326 datur
1519 1268 1626 1323 ho-

256 1362 402 1437 mini
445 1349 626 1403 tristi.
680 1350 909 1406 Constat
947 1358 1139 1409 autem
1183 1352 1333 1408 hanc
1370 1350 1627 1408 hominis

252 1426 697 1499 dispositionem
745 1432 963 1488 variari
1005 1449 1078 1489 ex
1142 1432 1306 1489 varia
1350 1430 1626 1505 syderum

251 1508 716 1578 constellatione,
741 1517 798 1567 et
816 1527 887 1568 ex
908 1512 1275 1570 diversorum
1317 1512 1628 1568 alimento—

257 1591 773 1677 rum-sumptione.
825 1594 974 1666 Ergo
994 1608 1065 1648 ex
1101 1593 1333 1664 Vasquii
1354 1592 1628 1662 opinione

251 1674 512 1738 sequitur
539 1673 982 1744 congruitatem,
1013 1679 1070 1730 et
1095 1672 1402 1729 efficaciam
1428 1671 1628 1745 gratiae

258 1746 650 1805 reducendam
689 1766 811 1808 esse
859 1752 930 1809 ad
983 1754 1173 1810 varios
1218 1754 1521 1810 stellarum
1545 1768 1629 1807 as-

259 1834 484 1919 pectus,
500 1828 575 1885 ad
597 1832 990 1903 sumptionem
1013 1834 1059 1890 ci
1070 1833 1144 1899 bi,
1176 1841 1231 1890 et
1260 1840 1440 1906 potus,
1464 1838 1629 1904 atque

261 1905 330 1962 ad
350 1910 577 1999 similia
606 1911 907 1985 principia.
949 1915 1188 1971 Falsitas
1216 1920 1407 1971 autem
1429 1928 1630 1970 conse·

263 1995 486 2059 quentis
526 1998 620 2046 est
649 1990 785 2049 adeo
831 1994 1155 2061 manifesta,
1184 2002 1246 2050 ut
1288 2009 1628 2067 supervaca-

265 2084 435 2125 neum
481 2072 559 2128 sit
620 2073 781 2129 illam
833 2076 1177 2133 ostendere:
1247 2076 1455 2149 quippe
1500 2090 1628 2130 cum

264 2151 754 2241 absurdissimum
794 2163 1080 2229 appareat,
1159 2159 1426 2213 ultimam
1473 2155 1631 2213 dilic-

267 2240 513 2289 rentiam
568 2235 866 2306 qualitatis
916 2238 1388 2309 supernaturaliS,
1445 2235 1631 2308 qualis

265 2321 348 2369 est
367 2317 553 2388 gratia
573 2333 849 2390 congrua,
869 2336 994 2391 quae
1006 2336 1076 2376 ex
1097 2336 1304 2394 genere
1324 2336 1427 2376 sno
1448 2323 1630 2375 totum

269 2397 598 2452 naturalem
643 2396 909 2454 ordinem
939 2399 1308 2465 transcendit,
1368 2414 1633 2455 revocare

270 2474 337 2531 ad
365 2479 679 2550 principia,
735 2485 790 2536 et
817 2479 1217 2553 dispositiones
1244 2482 1382 2538 adeo
1417 2480 1634 2537 infimae

267 2556 640 2623 conditioniS,
663 2565 860 2616 utnon
882 2562 1068 2617 solum
1092 2561 1427 2618 hominibus
1449 2560 1628 2627 bonis,

270 2642 325 2725 et
362 2638 551 2771 malis,
585 2638 690 2695 sed
741 2641 916 2696 etiam
958 2640 1253 2712 pecoribus
1303 2642 1634 2699 communia

273 2732 360 2771 sin
392 2759 405 2772 .

123 2828 194 2865 ,m
217 2822 261 2864 j„
345 2792 424 2847 Ex
450 2808 567 2864 quo
593 2793 838 2850 ulterius
859 2795 1165 2869 colligitur,
1193 2796 1457 2853 homines
1473 2796 1637 2869 juxta

122 2885 176 2966 iffi
182 2885 250 2966 {1⁰0⁴-
275 2870 503 2944 Vasquii
532 2873 876 2945 opinionem
917 2891 1083 2950 agere
1110 2893 1240 2932 suos
1282 2882 1435 2932 actus
1475 2874 1634 2931 fatali

123 2984 168 3016 ‚²oe
185 2975 244 3016 120.
272 2951 515 3022 quadam
540 2955 879 3011 necessitate
906 2979 917 3010 ι
942 2953 1090 3027 quod
1113 2956 1294 3012 velex
1315 2953 1637 3012 Gentilibus

123 3023 246 3116 Q}
276 3031 592 3090 nobiliores
638 3036 969 3108 Philosophi
992 3035 1364 3103 damnarunt,
1398 3043 1458 3098 ut
1486 3035 1637 3093 vidi-

122 3134 146 3166 ιι
141 3123 264 3216 122²&-
275 3129 398 3168 mus
423 3115 586 3208 disp..
607 3117 656 3181 1,
706 3134 826 3189 cap.
859 3117 912 3182 3,
968 3121 999 3186 ξ
1030 3121 1075 3173 1·.
1120 3120 1358 3191 Sequela
1383 3116 1638 3174 ostendi-

122 3223 231 3266 ,ime⁴
275 3202 381 3262 tur,
406 3214 694 3269 quoniam
721 3198 903 3272 gratia
931 3206 989 3254 ut
1010 3216 1258 3275 congrua
1283 3199 1639 3256 connectitur

275 3277 677 3336 infallibiliter
728 3297 856 3335 cum
903 3297 1199 3347 consensu,
1247 3287 1306 3336 ut
1331 3280 1491 3337 docet
1518 3279 1639 3352 ipse

279 3359 527 3430 vasquez
562 3381 576 3415 ε
631 3366 687 3414 at
711 3360 863 3431 quod.
897 3361 1080 3435 gratia
1105 3361 1181 3416 sit
1207 3376 1476 3434 congrua,
1523 3375 1639 3415 non

282 3441 543 3510 provenit
571 3439 647 3496 ab
676 3439 931 3506 homine,
969 3441 1066 3498 sed
1094 3458 1127 3498 a
1153 3441 1269 3498 fato
1298 3465 1312 3507 ;
1356 3438 1638 3511 siquidem

280 3522 520 3592 gratiam
575 3538 704 3579 esse
771 3538 1083 3597 congruam
1128 3521 1386 3580 consistit
1437 3521 1499 3577 in
1550 3537 1635 3587 ec,

280 3603 421 3673 quod
462 3603 799 3660 conferatur
827 3605 1050 3662 homini
1095 3605 1195 3661 tali
1219 3602 1389 3660 modo
1434 3610 1641 3660 attem-

283 3687 470 3753 perato
494 3708 510 3750 ;
540 3690 601 3740 et
630 3684 745 3741 haec
773 3685 1189 3758 attemperatio,
1221 3699 1319 3740 seu
1347 3683 1642 3756 dispositio

285 3766 573 3822 multoties
604 3781 723 3822 non
753 3768 1017 3839 provenit
1038 3782 1109 3823 ex
1149 3765 1402 3822 hominis
1430 3766 1643 3821 volun-

285 3849 408 3910 tate,
457 3846 558 3902 sed
609 3847 793 3920 magis
836 3863 909 3904 ex
954 3847 1175 3904 influxu
1221 3847 1516 3914 coelorum,
1572 3861 1643 3901 ex

285 3925 550 3998 syderum
581 3935 828 4000 aspectu,
855 3944 926 3985 ex
950 3935 1272 4000 temporum
1303 3928 1636 3992 mutatione,

285 4015 381 4063 etc.
432 4026 558 4083 quae
589 4027 707 4067 non
735 4011 1025 4085 subjacent
1072 4008 1324 4065 hominis
1352 4007 1594 4064 arbitrio
1627 4027 1640 4062 ι

286 4104 415 4164 ergo
433 4109 505 4148 ex
526 4093 765 4165 Vasquii
794 4092 1134 4164 opininione
1152 4092 1426 4164 sequitur,
1462 4089 1646 4146 homi-

290 4187 416 4229 nem
443 4190 618 4250 agere
643 4191 774 4231 suas
814 4174 1172 4247 operationes
1211 4173 1370 4229 fatali
1398 4169 1643 4244 quadam

291 4258 637 4312 necessitate.

358 4338 695 4410 Explicatur
723 4338 826 4394 hoc
854 4336 1102 4410 amplius
1133 4358 1147 4401 ;
1179 4349 1314 4390 nam
1345 4333 1472 4390 ideo
1511 4333 1647 4388 Vas-

290 4433 441 4489 quez,
466 4425 522 4475 et
543 4421 669 4495 ejus
694 4420 831 4476 socii
866 4419 1144 4481 inferunt,
1188 4415 1338 4488 quod
1360 4415 1646 4471 auxilium

292 4499 477 4556 efficax
549 4501 782 4574 physice
841 4497 1353 4572 praedeterminans
1430 4494 1648 4551 inducit

293 4580 608 4639 absolutam
638 4583 1043 4646 necessitatem,
1082 4581 1216 4652 quia
1238 4577 1518 4635 antecedit
1542 4593 1648 4634 vo-

299 4664 525 4719 luntatis
546 4662 955 4735 operationem,
987 4666 1045 4718 et
1065 4661 1228 4716 illam
1256 4657 1649 4714 infallibiliter

298 4744 487 4800 infert.
531 4742 643 4800 Sed
680 4742 862 4817 gratia
888 4756 1157 4815 congrua,
1184 4741 1347 4815 juxta
1367 4740 1489 4813 eJ'us
1514 4752 1651 4794 sen-

301 4825 532 4881 tentiam
580 4823 647 4879 fit
689 4838 938 4896 congrua
979 4838 1080 4895 per
1131 4818 1532 4877 habitudinem
1580 4816 1649 4874 ad

300 4906 610 4982 subjectum
657 4906 755 4970 sic,
807 4905 897 4961 vel
936 4905 1015 4961 sic
1061 4908 1547 4975 attemperatum3
1595 4905 1653 4956 et

304 4988 415 5045 haec
434 4984 834 5058 attemperatio
855 4983 1132 5041 antecedit
1151 4982 1466 5040 voluntatis
1493 4995 1653 5036 exer-

302 5070 514 5133 citium,
533 5072 590 5124 et
610 5081 740 5144 cum
761 5080 828 5121 eo
849 5064 1238 5122 infallibiliter
1256 5061 1615 5120 connectitur
1635 5079 1649 5116 ε

1755 632 1892 689 ergo
1919 614 2138 671 inducit
2164 612 2416 675 fatalem,
2448 614 2501 664 et
2548 604 2864 663 absolutam
2927 615 3123 656 neces-

1755 697 2002 751 sitatem.
2054 697 2197 749 Cum
2221 692 2325 747 hac
2346 696 2542 745 tamen
2570 684 2897 741 differentia
2923 680 2992 737 ab
3018 696 3124 736 au·-

1755 770 1898 826 xilio
1967 768 2178 825 efficaci
2248 763 2478 838 physice
2550 756 3117 833 praedeterminante,

1755 849 1904 923 quod
1931 845 2327 921 attemperatio
2368 844 2471 899 illa
2501 857 2599 916 per
2629 836 3026 896 habitudinem
3054 833 3121 889 ad

1756 949 1927 1006 quam
1948 931 2134 1006 gratia
2156 927 2217 984 fit
2237 941 2507 999 congrua,
2536 922 2803 995 provenit
2825 918 3120 975 multoties

1757 1031 1789 1071 a
1809 1015 1968 1079 coelo,
1993 1017 2049 1069 et
2068 1010 2266 1073 stellis,
2292 1014 2349 1064 et
2369 1006 2501 1062 aliis
2521 1004 2705 1062 causis
2728 999 3112 1061 naturalibus,

1757 1101 1819 1151 ut
1847 1097 1947 1152 ille
1990 1094 2212 1149 Author
2237 1088 2492 1147 concedit
2519 1088 2639 1144 loco
2684 1084 2852 1140 citato
2873 1098 2943 1138 ex
2980 1083 3025 1137 1.
3059 1094 3111 1140 z,

1759 1194 1911 1233 num.
1951 1176 2070 1239 114,
2114 1188 2238 1246 quae
2264 1172 2555 1242 nequeunt
2587 1179 2820 1223 causare
2848 1161 3114 1218 mediate.

1758 1257 1851 1312 vel
1872 1254 2206 1328 immediate
2226 1249 2464 1309 modum
2488 1246 2800 1311 libertatis;
2831 1258 2961 1299 cum
2987 1243 3121 1313 ipsae

1759 1352 1862 1393 nec
1901 1335 2100 1392 libera}
2143 1330 2278 1397 sint,
2350 1347 2453 1388 nec
2492 1328 2818 1385 libertatem
2867 1328 3119 1379 creatam

1757 1418 2082 1474 eminenter
2102 1413 2433 1471 contineant
2459 1431 2471 1467 :
2498 1416 2664 1483 atque
2693 1406 2819 1463 ideo
2850 1410 3122 1476 attempe-

1760 1500 1907 1556 ratio
1934 1499 2055 1562 illa,
2106 1497 2154 1552 si
2182 1497 2248 1551 ad
2289 1492 2538 1569 gratiam
2563 1492 2624 1546 in
2665 1505 2787 1545 esse
2828 1502 3115 1560 congruae‚

1759 1587 1815 1637 et
1852 1578 2087 1636 efficacis
2144 1574 2452 1638 concurrit,
2511 1571 2730 1627 inducit
2775 1568 3116 1629 absolutam,

1760 1661 2014 1725 fatalem,
2045 1661 2100 1714 et
2120 1656 2355 1712 stoicam
2381 1653 2793 1709 necessitatem.
2821 1649 3123 1704 Auxilium

1761 1747 1953 1800 autem
1981 1739 2174 1796 efficax
2198 1736 2428 1810 physice
2456 1733 2972 1807 praedeterminans
2996 1731 3123 1785 des-

1758 1823 1949 1882 cendit
1975 1838 2007 1878 a
2032 1823 2153 1878 solo
2182 1822 2315 1884 Dec,
2365 1818 2463 1890 qui
2492 1817 2820 1873 eminenter
2868 1812 3125 1869 continet

1760 1904 2120 1978 operationes
2166 1906 2405 1965 nostraS,
2471 1904 2587 1954 tam
2628 1895 2811 1970 quoad
2863 1894 3124 1950 substan-

1761 1989 1922 2052 tiam,
1972 1999 2143 2059 quam
2188 1980 2371 2053 quoad
2419 1978 2653 2035 modum
2704 1976 3024 2039 libertatis;
3068 1979 3121 2030 et

1763 2074 2065 2137 utramque
2111 2064 2395 2118 rationem
2436 2064 2628 2116 causat
2674 2058 2735 2112 in
2779 2057 2942 2113 nobis
2997 2070 3122 2110 me-

1762 2148 1957 2205 diante
1974 2145 2121 2220 praed
2131 2146 2236 2201 icto
2252 2143 2486 2199 auxilio.
2508 2139 2671 2196 Unde
2690 2155 2802 2195 non
2821 2139 2996 2194 infert
3018 2153 3123 2193 ne-

1761 2230 2080 2286 cessitatem
2139 2223 2456 2280 absolutam
2506 2219 2901 2278 excludentem
2945 2222 3124 2288 potcs-

1765 2316 1939 2366 tatem
1956 2308 2025 2364 ad
2042 2307 2383 2379 oppositum,
2416 2303 2511 2358 sed
2529 2303 2709 2358 solam
2731 2300 3121 2355 necessitatem

1764 2389 2200 2461 consequentias,
2221 2392 2277 2442 et
2293 2382 2745 2440 infallibilitaiis.
2765 2379 2921 2443 Quod
2940 2379 3121 2434 fatum

1763 2470 2037 2527 catholice
2089 2465 2397 2522 asserimus
2441 2478 2571 2518 cum
2632 2465 2865 2533 August.
2921 2460 3011 2514 lib.
3066 2461 3117 2521 2,
3163 2462 3305 2529 D-{tu-

1765 2559 1954 2609 contra
1980 2549 2121 2603 dieas
2146 2549 2306 2620 epist.
2336 2544 2617 2613 Ρεὶαῃὶαη.
2645 2559 2766 2614 cap.
2799 2542 2852 2607 3,
2882 2539 2976 2595 ubi
3002 2540 3081 2596 ait
3110 2562 3122 2595 ε
3167 2517 3294 2604 “gig

1773 2655 1797 2685 «
1829 2636 1939 2687 Nec
1960 2628 2063 2684 sub
2088 2628 2323 2684 nomine
2349 2626 2546 2698 gratiae
2568 2623 2750 2678 fatum
2780 2622 3123 2683 asserimus;

1774 2736 1797 2765 α
1828 2712 1962 2784 quia
2004 2709 2182 2764 nullis
2240 2706 2545 2762 hominum
2598 2703 2822 2758 meritis
2880 2701 3127 2774 gratiam

1774 2793 2073 2848 «dicimus
2120 2785 2397 2845 antecedi.
2451 2784 2509 2840 Si
2553 2790 2742 2840 autem
2783 2780 3125 2854 quibusdam

1774 2898 1797 2928 (ι
1829 2867 2448 2945 omnipotentissimam
2497 2865 2596 2921 Dei
2621 2866 2975 2920 voluntatem
3003 2863 3129 2934 pla-

1775 2979 1799 3008 «
1830 2959 1949 3011 ceat
1979 2952 2078 3007 fati
2107 2950 2343 3006 nomine
2392 2961 2743 3015 nuncupare,
2803 2944 3128 3016 prophanas

1776 3058 1800 3088 α
1831 3033 2062 3107 quidem
2103 3035 2428 3085 vestrorum
2475 3028 2754 3083 novitates
2781 3024 3123 3080 devitamus.

1776 3138 1800 3167 «
1831 3112 1929 3169 sed
1952 3110 2142 3168 verbis
2168 3107 2510 3165 contendere
2547 3122 2663 3162 non
2693 3120 2969 3159 amamus.
3005 3127 3026 3152 »
3066 3105 3129 3156 Et

1771 3195 1876 3250 hoc
1934 3208 2102 3249 sensu
2157 3189 2406 3246 admittit
2445 3188 2617 3243 etiam
2669 3185 2868 3249 fatum,
2924 3199 3131 3255 nempe

1777 3299 1801 3329 α
1832 3273 2255 3332 immutabilem
2306 3271 2403 3326 Dei
2454 3266 2875 3341 providentiam
2931 3267 3131 3321 omnia

1777 3381 1801 3410 «
1833 3356 2218 3418 ordinantem,
2281 3357 2336 3407 et
2382 3347 3006 3422 praedetermiiiantem,
3063 3347 3129 3398 D.

1778 3461 1803 3491 «
1833 3439 2037 3494 Thom.
2078 3439 2271 3508 lpart.
2296 3439 2475 3508 qitaest.
2518 3433 2635 3488 116.
2669 3436 2780 3483 art.
2811 3429 2864 3490 3,
2897 3436 2944 3481 et
2968 3429 3133 3502 quod-

1773 3519 1865 3577 lib.
1908 3520 1989 3581 12,
2034 3523 2213 3591 qaaest.
2255 3514 2307 3576 3,
2357 3519 2469 3567 art.
2498 3514 2552 3565 4.
2612 3508 2718 3566 Sed
2745 3508 2815 3564 de
2843 3508 2945 3563 hoc
2976 3506 3129 3560 infra

1771 3599 1899 3654 dub.
1933 3600 1987 3663 4,
2018 3596 2189 3652 latius
2220 3608 2471 3666 agemus.

1848 3688 1939 3740 47.
1984 3682 2258 3747 Tandem,
2349 3685 2408 3733 ut
2488 3677 2602 3734 alia
2668 3671 3328 3732 inconvenientiainseriur

1773 3768 2121 3826 omittamus,
2162 3779 2233 3819 ex
2283 3761 2515 3833 vasquii
2559 3761 2830 3832 opinione
2859 3749 3351 3833 infertur,⁰j'²,ffi0‘}?g

1773 3847 1922 3921 quod
1947 3848 2007 3903 in
2030 3844 2349 3920 hypothesi,
2374 3842 2521 3914 quod
2546 3842 2793 3899 liberum
2821 3842 3130 3899 arbitrium
3175 3838 3334 3883 0¹¹¹1¹¹ss³

1776 3946 1893 3986 non
1915 3931 1987 3985 sit
2009 3930 2445 3999 attemperatum
2468 3923 2682 3997 gratias,
2725 3930 2964 3996 nequeat
2989 3888 3325 3980 1)90321¹}¹3²¹}‚¹2,‘,

1778 4010 1922 4068 illud
1951 4010 2019 4067 ad
2041 4024 2099 4065 se
2125 4013 2458 4064 convertere
2489 4028 2502 4061 :
2545 4022 2892 4079 consequens
2919 4011 3000 4062 est
3029 4005 3133 4061 ab-
3174 3997 3294 4078 ρξζξξ

1775 4090 2062 4148 surdum:
2111 4105 2264 4162 ergo,
2309 4093 2410 4143 etc.
2485 4088 2723 4159 Sequela
2786 4087 3124 4152 ostenditur,
3173 4088 3293 4129 vmi-

1776 4173 1910 4245 quia
1957 4174 2102 4229 Deus
2124 4170 2319 4242 nequit
2340 4168 2409 4224 ad
2436 4185 2496 4225 se
2521 4174 2852 4224 convertere
2884 4169 3132 4225 liberum

1778 4252 2106 4318 arbitrium,
2141 4249 2253 4305 nisi
2283 4247 2472 4305 media
2499 4249 2683 4322 gratia
2712 4264 2978 4321 congrua,
3013 4249 3132 4303 sive

1777 4332 1983 4389 efficaci
2016 4331 2236 4405 :gratia
2262 4334 2450 4386 autem
2478 4344 2746 4402 congrua,
2776 4336 2836 4383 ut
2882 4330 3136 4402 vasquez

1777 4410 1997 4476 definit,
2028 4414 2113 4467 est
2157 4409 2275 4476 illa,
2309 4408 2396 4464 cui
2428 4406 2676 4464 liberum
2705 4406 3015 4463 arbitrium
3049 4414 3137 4464 at-

1779 4499 2168 4566 temperatur:
2211 4507 2345 4565 ergo
2368 4492 2429 4547 in
2470 4490 2790 4564 hypothesi,
2822 4490 2969 4562 quod
3001 4490 3139 4547 libe.-

1783 4591 1912 4630 rum
1961 4572 2266 4630 arbitrium
2298 4587 2415 4627 non
2462 4576 2871 4641 attemperetur
2916 4573 3132 4645 gratiae,

1780 4655 1979 4728 nequit
2023 4657 2168 4709 Deus
2195 4653 2442 4709 liberum
2485 4650 2791 4707 arbitrium
2816 4651 2886 4708 ad
2914 4669 2973 4709 se
2999 4670 3138 4710 con-

1781 4742 2022 4793 vertere.
2085 4737 2197 4789 Nec
2253 4731 2453 4788 sufficit
2494 4748 2789 4789 recurrere
2831 4732 2898 4789 ad
2960 4735 3138 4790 aliani

1781 4817 2045 4893 gratiam,
2076 4814 2211 4887 quia
2231 4814 2420 4869 omnis
2440 4814 2624 4888 gratia
2669 4820 2834 4886 prout
2861 4815 3141 4872 antecedit

1784 4897 1932 4953 hanc
1969 4891 2522 4964 attemperationem‚
2570 4895 2757 4949 solum
2791 4899 2875 4950 est
2918 4896 3140 4950 contin-

1783 4981 1982 5052 genter
2002 4988 2284 5046 congrua:
2310 4971 2479 5036 unde,
2506 4973 2651 5029 sicut
2677 4974 3013 5048 contingens
3036 4980 3136 5038 est,

1784 5055 1932 5130 quod
1951 5055 2199 5113 liberum
2217 5052 2527 5109 arbitrium
2545 5059 2950 5134 attemperetur
2966 5054 3145 5126 priori
