3647 5753
442 411 519 465 20
921 494 930 501 .
1462 417 1555 470 DE
1594 415 1865 471 GRATIA
1907 412 2246 468 EFFICACI.

445 586 581 644 hinc
606 588 781 645 etiam
811 594 965 662 patet
1002 591 1069 648 ad
1098 594 1132 648 4
1178 593 1610 667 probationem,
1665 609 1804 651 nam

449 671 511 725 P.
544 673 612 727 N.
659 674 719 728 D.
767 674 1019 747 Cyrillus
1056 677 1244 732 solum
1268 676 1720 741 asseritJudam,
1750 680 1807 732 et

448 750 695 821 reliquos
717 755 1010 825 Apostolos
1031 754 1299 814 habuisse
1319 756 1521 815 eadem
1548 755 1806 813 subsidia

395 874 403 879 .
445 828 815 897 sufficientia3
849 849 966 897 non
1007 840 1202 892 tamen
1241 836 1495 893 excludit
1522 835 1593 892 ab
1622 837 1806 908 Apos-

447 908 579 966 tolis
602 909 1031 969 nobilissimum
1059 914 1345 971 auxilium
1372 916 1568 973 efficax
1610 929 1806 988 perse-

447 992 742 1058 vei-antiae,
773 1009 885 1064 quo
921 996 1293 1067 perstiterunt
1320 998 1385 1054 in
1407 996 1577 1062 bono,
1608 1001 1665 1053 et
1690 1013 1804 1069 quo

448 1071 750 1130 destitutus
786 1073 961 1131 Judas
1000 1074 1245 1133 defecit:
1274 1078 1382 1135 hoc
1424 1078 1587 1135 enim
1636 1079 1806 1134 auxi-

452 1154 596 1210 lium
624 1153 854 1212 disertis
881 1157 1074 1214 verbis
1102 1160 1328 1227 asserit,
1371 1166 1430 1216 ut
1457 1161 1613 1217 infra
1641 1159 1807 1217 vide-

451 1250 582 1291 mus
605 1253 761 1291 num.
801 1239 921 1293 136.

240 1319 427 1409 ξξὲιὲοᾱη·
526 1316 611 1373 Ad
648 1319 912 1375 ultimam
947 1321 1370 1393 respondemus
1404 1324 1504 1381 Dei
1555 1323 1808 1381 vocatio-

234 1414 436 1459 unimam.
455 1414 608 1467 nem,
636 1400 686 1455 si
728 1402 876 1457 nihil
919 1401 1215 1472 addamuS,
1246 1407 1433 1463 solum
1481 1405 1809 1479 significare

451 1480 694 1571 gratiam
716 1488 968 1539 externae
989 1484 1429 1556 praedicationis,
1448 1488 1542 1543 vel
1561 1487 1825 1543 interna}

450 1562 868 1652 inspirationis,
899 1582 1072 1638 quam
1104 1567 1354 1624 fatemur
1379 1585 1502 1626 esse
1527 1569 1807 1625 efficacem

451 1657 515 1697 ιη
544 1643 847 1715 aliquibus,
873 1651 930 1700 et
958 1647 1303 1705 inefficacem
1333 1649 1395 1705 in
1426 1648 1557 1705 aliis
1585 1666 1598 1700 :
1625 1654 1680 1706 et
1706 1648 1810 1705 hac

450 1723 676 1779 excitati
705 1731 841 1780 sunt
860 1732 1131 1800 quotquot
1153 1730 1333 1785 vocati
1356 1730 1593 1786 fuerunt
1613 1728 1684 1785 ad
1704 1744 1811 1785 cce·

454 1817 608 1884 nam=
638 1820 927 1878 magnam,
981 1813 1042 1862 ut
1085 1808 1276 1881 inquit
1322 1812 1387 1865 D.
1427 1813 1663 1883 August.
1697 1810 1809 1865 loco

453 1885 637 1940 citato.
670 1885 727 1940 Si
753 1893 940 1944 autem
964 1891 1270 1962 loquamur
1296 1891 1365 1947 de
1392 1892 1685 1949 vocatione
1709 1891 1809 1947 Dei

452 1979 721 2053 congrua,
747 1982 974 2041 semper
993 1973 1231 2027 sortitur
1252 1972 1531 2039 effectum,
1556 1977 1612 2029 et
1632 1970 1810 2027 trahit

454 2043 749 2101 hominem
799 2047 869 2103 ad
916 2066 1278 2110 consensum.
1329 2055 1614 2110 Caeterum
1663 2052 1810 2107 hanc

451 2125 866 2216 congruitatem
913 2148 1028 2188 non
1070 2132 1239 2190 habet
1277 2135 1368 2191 vel
1397 2150 1429 2190 a
1454 2134 1578 2191 sola
1625 2133 1811 2206 inspi-

455 2211 711 2297 ratione,
771 2216 826 2266 et
869 2213 1057 2284 gratia
1100 2213 1442 2281 sufficienti,
1496 2216 1586 2272 vel
1617 2230 1650 2270 a
1689 2214 1810 2271 solo

455 2284 715 2353 arbitrm,
749 2290 841 2346 vel
875 2290 946 2346 ab
993 2297 1235 2366 utroque
1286 2295 1501 2360 simul;
1541 2292 1639 2350 sed
1682 2308 1812 2349 eam

455 2365 682 2423 habeta
707 2370 894 2441 gratia
933 2371 1161 2438 efficaci,
1207 2374 1296 2429 cui
1338 2374 1558 2430 vocatio
1596 2373 1807 2440 subest,

455 2453 511 2503 ot
555 2464 680 2520 quae
727 2450 1178 2523 independenter
1213 2471 1246 2511 a
1278 2472 1554 2513 consensu
1608 2455 1815 2511 subse-

455 2535 631 2600 quuto
669 2531 838 2587 illum
880 2533 1272 2592 infallibiliter
1320 2538 1517 2593 infert.
1570 2538 1640 2590 Et
1699 2537 1817 2591 haec

461 2610 677 2666 vocatio
703 2627 953 2685 congrua
976 2629 1093 2669 non
1111 2615 1557 2673 fuitcommunis
1578 2616 1817 2672 venien·

462 2689 631 2758 tibus,
674 2698 731 2748 et
771 2708 886 2749 non
930 2695 1321 2764 venientibus3
1350 2698 1447 2755 sed
1480 2699 1564 2755 eis
1592 2702 1815 2753 tantum

279 2788 421 2844 nugi·
460 2769 590 2827 data
613 2778 715 2837 est,
735 2773 831 2845 qui
856 2783 1157 2833 venerunt.
1183 2779 1259 2834 De
1282 2796 1393 2851 qua
1415 2778 1553 2835 dicit
1574 2770 1829 2852 August.'

277 2841 405 2929 “335ss
464 2851 526 2908 in
555 2850 657 2908 lib.
687 2852 757 2911 de
785 2853 1045 2926 praedest.
1088 2858 1180 2913 SS.
1214 2874 1333 2931 cap.
1377 2861 1440 2914 19
1466 2882 1479 2917 ι
1511 2859 1623 2917 Illa
1650 2875 1819 2914 voca-

463 2934 626 3001 tione,
651 2939 899 3011 quar-sine
913 2940 1235 3008 paenitentia
1256 2948 1351 3007 est,
1380 2941 1439 2996 id
1456 2957 1682 3015 prorsus
1702 2942 1819 3010 aqi-

462 3020 571 3079 tur,
602 3021 650 3069 et
673 3019 959 3088 peragitur
984 3062 997 3084 ,
1048 3027 1109 3074 ut
1158 3022 1461 3078 credamus.
1509 3024 1578 3076 Et
1617 3020 1775 3077 infra
1804 3039 1816 3076 ε

467 3093 608 3150 Deus
653 3099 825 3166 iyitur
868 3109 1126 3172 operatur
1151 3105 1211 3159 in
1236 3104 1487 3159 cordibus
1531 3105 1821 3159 hominum

464 3178 740 3231 vocatione
762 3178 859 3234 illa
885 3184 1176 3243 secundum
1196 3186 1536 3257 propositum
1556 3201 1737 3249 suum,
1758 3182 1822 3238 de

464 3275 572 3347 qua
599 3260 775 3315 multa
804 3262 1016 3339 loquuti
1040 3283 1231 3321 sumus
1267 3269 1287 3337 (
1315 3282 1522 3339 nempe
1548 3271 1662 3322 toto
1699 3265 1822 3322 fore

463 3338 612 3395 libro
642 3340 763 3411 illo)
790 3350 848 3397 ut
877 3361 985 3399 non
1012 3348 1254 3402 inaniter
1279 3349 1518 3403 audiant
1557 3346 1821 3416 Evanye-

464 3418 621 3485 lium,
652 3421 743 3475 sed
768 3439 826 3477 oo
846 3426 1038 3481 audito
1063 3435 1471 3493 convertantur,
1498 3436 1549 3482 et
1574 3427 1816 3482 credant.

464 3499 679 3589 Caetera
707 3512 1063 3576 argumenta,
1097 3525 1223 3580 quae
1250 3509 1381 3565 huic
1409 3508 1714 3565 sententiaa
1733 3506 1822 3562 fa-

462 3594 598 3635 vere
618 3579 908 3649 Videntur,
929 3586 1274 3661 impugnant
1292 3589 1598 3646 efficaciam
1625 3587 1826 3661 gratiae

466 3660 891 3749 antecedentem
920 3681 1262 3725 consensum
1289 3685 1360 3725 ex
1400 3686 1485 3734 eo,
1512 3667 1662 3743 quod
1711 3667 1825 3722 hu·-

461 3741 710 3810 Jusmodi
745 3743 991 3802 efficacia
1030 3746 1288 3805 destruat
1334 3750 1659 3808 libertatem
1690 3768 1827 3809 nos-

467 3824 687 3877 trarum
717 3825 1136 3894 operationum.
1168 3827 1276 3885 Sed
1321 3830 1404 3886 eis
1443 3831 1826 3904 opportunius

467 3900 702 3959 satisfiet
728 3905 855 3961 dub.
886 3908 940 3973 4,
982 3908 1078 3964 ubi
1118 3909 1367 3982 gratiam
1394 3911 1675 3968 efficacem
1704 3927 1828 3969 esse

468 3985 643 4061 talem
664 4003 736 4043 ex
762 4004 840 4054 se,
872 3995 928 4045 et
955 3990 1024 4046 ab
1047 3993 1379 4062 intrinseco,
1411 3998 1744 4050 statuemus,

953 4173 1235 4225 DUBIUM
1280 4173 1345 4226 11.

474 4320 563 4377 An
586 4326 774 4392 qratia
813 4326 903 4388 sit,
928 4332 977 4379 et
1016 4311 1239 4381 dicatur
1263 4327 1481 4400 efficax,
1514 4329 1646 4402 quia
1697 4346 1831 4384 con-

741 4410 894 4478 yrjuit
914 4407 1262 4480 dispositioni
1280 4408 1526 4480 subjecti.

301 4586 448 4635 norun·
549 4551 641 4607 30.
686 4554 929 4618 Quidam
952 4556 1681 4616 Authores.considerantes
1706 4561 1835 4617 Mo-

287 4627 616 4719 gfflsssffffissae
661 4635 995 4706 opinionem
1031 4635 1206 4691 dubio
1237 4636 1584 4707 ‘praecedenti
1633 4639 1832 4713 impu-

260 4735 442 4816 oeqisio·
477 4717 710 4800 gnatam
727 4731 847 4772 esse
860 4733 1064 4789 parum
1086 4733 1395 4774 consonam
1419 4734 1572 4775 verae
1595 4720 1836 4778 Theolo-

251 4784 454 4868 &iuuat
477 4806 583 4864 giae
629 4794 948 4867 principiis,
981 4797 1144 4854 illam
1174 4797 1442 4872 mitigare
1466 4798 1831 4868 studuerunt,

304 4884 412 4918 nam.
479 4876 781 4950 variosque
820 4880 1045 4939 dicendi
1100 4881 1298 4942 modos
1344 4882 1769 4958 investigarunt
1820 4909 1834 4942 ε

479 4956 703 5028 quibuS,
738 4959 868 5016 licet
894 4961 1237 5019 verbotenus
1262 4962 1384 5037 ejus
1419 4965 1716 5036 opinionis
1744 4984 1838 5024 as-

384 5069 390 5076 ·
486 5041 785 5112 puritatem
836 5043 1131 5117 fregerint,
1164 5061 1197 5102 a
1222 5046 1449 5117 capitali
1489 5052 1680 5105 tamen
1712 5053 1838 5107 Mo-

1906 591 2075 647 linae
2115 594 2329 647 asserto
2371 589 2595 661 penitus
2642 601 2759 643 non
2812 578 3182 641 recesserunt.
3231 579 3301 631 In

1943 672 2148 748 primis
2196 670 2426 728 Gabriel
2477 672 2728 741 vasquez
2764 669 2780 722 l
2833 671 2979 739 part.
3023 663 3164 733 disp.
3198 659 3295 719 98.
3347 672 3470 723 vasq.

1941 762 2237 831 postquam
2258 770 2378 827 cap.
2415 755 2431 808 l
2460 760 2509 807 et
2529 754 2583 818 2,
2613 750 2809 809 retulit
2828 746 3163 819 opinionem
3179 744 3302 798 Mo-

1942 841 2077 895 linae
2102 836 2388 909 (quamvis
2407 849 2709 908 suppresso
2731 831 2989 897 nomine)
3029 839 3302 882 asseren-

1941 925 2055 977 tem
2115 916 2421 975 efficaciam
2462 917 2551 973 vel
2597 912 2902 972 efficaciam
2929 908 3129 984 gratiae
3178 922 3300 963 non

1942 999 2272 1059 antecedere
2319 998 2776 1071 cooperationem
2832 990 3000 1049 liberi
3042 986 3297 1049 arbitrii,

1941 1083 2038 1140 sed
2080 1079 2490 1139 desumendam
2531 1094 2654 1136 esse
2673 1075 2742 1133 ab
2765 1075 2961 1137 effectu
2984 1095 2996 1137 ;
3022 1075 3079 1127 et
3097 1084 3301 1126 conse-

1941 1174 2181 1243 quenter
2214 1166 2339 1223 fieri
2364 1178 2541 1237 posse,
2572 1159 2720 1233 quod
2741 1174 2810 1215 ex
2832 1155 3051 1213 duobus
3089 1151 3303 1226 aequali

1942 1251 2125 1325 gratia
2156 1243 2529 1322 praevenienti
2554 1240 2829 1304 excitatiS,
2850 1243 2905 1294 et
2921 1235 3127 1309 adjutis
3151 1248 3303 1289 unus

1942 1334 2327 1390 convertatur,
2357 1330 2414 1382 et
2459 1323 2602 1379 alter
2648 1316 3023 1375 non2statim
3069 1331 3190 1385 cap.
3241 1312 3298 1375 3,

1947 1409 2272 1484 praedictam
2313 1405 2648 1478 opinionem
2704 1399 2888 1472 rejicit
2940 1396 3029 1452 his
3059 1391 3251 1450 verbis
3287 1411 3300 1445 ε

1951 1516 1975 1545 «
2022 1493 2224 1547 Plures
2244 1484 2515 1558 Theologi
2544 1487 2753 1538 nostrae
2771 1479 2967 1535 aetatis.
2987 1475 3194 1550 quibus
3223 1472 3309 1528 fa-

1951 1595 1977 1626 «
2018 1579 2154 1629 vent
2181 1567 2407 1628 Driedo.
2438 1571 2495 1622 et
2516 1560 2780 1619 Ruardus
2810 1560 2987 1632 cap.6
3014 1600 3026 1622 ,
3066 1573 3097 1612 a
3134 1553 3305 1611 nobis

1951 1678 1975 1707 «
2019 1650 2325 1728 allegandi,
2384 1647 2566 1703 multo
2622 1641 2999 1716 probabilius,
3049 1637 3308 1694 absolute

1951 1757 1975 1787 «
2017 1750 2148 1790 cum
2178 1733 2414 1804 August.
2441 1723 2843 1799 pronunciant,
2870 1726 2925 1776 et
2953 1734 3053 1791 pro
3082 1714 3307 1771 viribus

1951 1840 1976 1869 «
2018 1812 2350 1877 defendunt,
2377 1823 2577 1865 omnes
2601 1805 2697 1876 qui
2740 1799 3024 1858 vocationi
3076 1811 3310 1868 respon-

1952 1922 1978 1953 α
2018 1898 2171 1963 dent,
2191 1893 2397 1967 maJ’ori
2419 1885 2799 1947 antecedentis
2819 1881 3014 1957 gratiae
3031 1876 3309 1936 beneficio

1953 2002 1978 2032 α
2021 1978 2195 2033 fuisse
2213 1974 2501 2036 excitatoS,
2519 1983 2692 2041 quam
2713 1980 2808 2021 eos
2828 1962 2923 2036 qui
2943 1960 3141 2035 gratiae
3164 1974 3309 2030 prae-

1953 2082 1980 2112 «
2021 2057 2274 2114 venienti
2299 2052 2588 2110 resistunt.
2618 2050 2807 2118 ltaque
2837 2044 2897 2098 in
2927 2041 3016 2097 his
3041 2039 3138 2112 qui
3164 2053 3310 2094 con-

1953 2164 1979 2194 «
2020 2139 2295 2202 sentiunt,
2315 2135 2448 2192 etin
2462 2129 2732 2189 omnibus
2751 2122 3165 2199 praedestinatis
3178 2135 3310 2194 gra·

1954 2243 1980 2274 «
2021 2220 2162 2275 tiam
2182 2214 2647 2290 praevenientem,
2673 2213 2729 2263 et
2749 2206 3090 2262 excitantem
3119 2199 3311 2272 majo-

1955 2323 1979 2352 «
2025 2314 2146 2356 rem
2168 2313 2308 2363 esse,
2327 2308 2500 2366 quam
2523 2291 2586 2347 in
2609 2289 2740 2345 aliis
2760 2292 2957 2357 :atque
2977 2298 3046 2338 ex
3062 2279 3307 2341 duobuS,

1956 2405 1981 2435 α
2021 2396 2162 2453 quos
2192 2377 2425 2449 aequalis
2469 2373 2655 2447 gratia
2690 2366 2983 2443 praevenit,
3007 2376 3310 2435 nunquam

1957 2485 1982 2515 «
2025 2476 2207 2516 unum
2252 2457 2575 2514 consentire
2611 2451 2963 2510 existimant,
3000 2446 3181 2502 altero
3212 2456 3309 2497 re-

1957 2562 1982 2594 «
2026 2542 2333 2613 pugnante.
2379 2539 2567 2601 Quare
2603 2536 2835 2590 censent
2875 2528 3026 2595 inter
3045 2539 3179 2582 eum
3208 2522 3309 2595 qui

1958 2642 1983 2673 «
2027 2617 2349 2691 respondet,
2375 2623 2430 2673 et
2455 2633 2587 2674 eum
2609 2614 2706 2687 qui
2732 2610 2959 2675 resistit,
2981 2622 3097 2663 non
3116 2605 3309 2660 solum

1959 2725 1984 2754 a
2025 2717 2149 2758 esse
2199 2700 2507 2757 discrimen
2554 2714 2625 2754 ex
2664 2701 2825 2769 parte
2869 2691 3068 2765 gratiae
3104 2701 3313 2759 coope-

1960 2806 1984 2835 «
2029 2782 2230 2846 rantiS,
2262 2787 2318 2837 et
2342 2777 2668 2836 comitantis
2694 2800 2707 2843 ;
2736 2773 2832 2831 sed
2855 2772 3030 2828 etiam
3056 2785 3127 2825 ex
3151 2772 3316 2840 parte

1960 2886 1987 2916 «
2027 2861 2223 2937 gratiae
2238 2853 2976 2933 operantiS,praevenienti8,
2996 2848 3318 2914 etexcitan-

1961 2965 1986 2995 α
2028 2941 2321 3007 tiS.»Quod
2339 2939 2417 2995 ibi
2436 2940 2545 3004 late
2562 2936 2758 3010 probat
2771 2930 3111 2991 testimoniis
3128 2928 3319 3000 Scrip-

1955 3028 2182 3088 turae,et
2194 3039 2314 3093 cap.
2332 3023 2367 3074 4
2382 3038 2492 3096 seq.
2507 3019 2687 3091 magis
2704 3015 2952 3088 amplius
2963 3009 3317 3069 confirmare

1956 3103 2199 3167 orditur,
2232 3102 2322 3158 his
2351 3100 2542 3156 verbis
2568 3121 2581 3155 :
2618 3121 2643 3151 «
2672 3098 2730 3151 Si
2759 3095 3067 3169 diligenter
3093 3089 3311 3162 scripta

1963 3207 1987 3237 «
2031 3183 2330 3258 Augustini
2360 3182 2715 3245 evolvamus,
2756 3194 2873 3234 non
2918 3176 3106 3232 solum
3151 3186 3320 3227 com-

1964 3288 1988 3317 «
2032 3266 2320 3337 periemus
2350 3261 2678 3335 praedictam
2700 3258 3034 3332 opinionem
3061 3257 3196 3330 (quar
3220 3267 3315 3324 po-

1965 3370 1989 3400 «
2030 3349 2113 3403 nit
2139 3348 2442 3422 efficaciam
2473 3343 2885 3410 antecedentem)
2912 3338 2964 3394 ei
2992 3350 3220 3407 semper
3251 3333 3323 3389 in

1965 3451 1990 3480 «
2034 3443 2151 3494 ore,
2170 3444 2396 3500 semper
2416 3425 2476 3480 in
2492 3423 2659 3482 corde
2685 3420 2858 3477 fuisse
2873 3444 2887 3486 ;
2912 3432 3114 3473 verum
3137 3414 3322 3471 etiam

1966 3532 1991 3562 α
2031 3517 2228 3565 contra
2257 3509 2641 3565 Massilienses
2679 3521 2807 3563 eam
2848 3501 3054 3558 acriter
3102 3511 3327 3571 propu-

1966 3613 1991 3643 «
2029 3605 2233 3664 gnasse
2261 3633 2275 3657 ,
2309 3595 2369 3645 ut
2420 3588 2555 3645 inde
2604 3600 2826 3661 quoque
2879 3581 3277 3653 intelligamus
3304 3620 3319 3643 ,

1967 3693 1991 3723 «
2032 3670 2229 3742 quanti
2254 3669 2401 3743 apud
2427 3686 2530 3726 nos
2556 3685 2679 3724 csse
2698 3666 2917 3728 debeat,
2944 3658 3171 3734 quando
3197 3663 3284 3712 Au
3305 3689 3324 3697 ·

1967 3776 1992 3806 (ι
2033 3752 2247 3827 gustini
2276 3769 2446 3809 causa⁴
2463 3757 2660 3807 contra
2685 3745 3069 3803 Massilienses
3090 3740 3327 3815 gravis-

1968 3857 1993 3887 «
2035 3833 2218 3889 simis·
2239 3833 2498 3889 Ecclesiae
2541 3828 2822 3894 PatribuS,
2854 3833 2910 3881 et
2942 3818 3327 3880 Pontificibus

1969 3936 1995 3966 «
2037 3911 2347 3969 admodum
2378 3909 2625 3984 probata·
2652 3909 2773 3966 fait.
2809 3928 2833 3956 »
2882 3903 3097 3970 Quibus
3125 3899 3326 3956 verbis

1964 3994 2042 4048 ita
2069 3993 2300 4049 Molinae
2339 4007 2566 4048 causam
2603 3986 2950 4062 pessundare
2976 3981 3225 4046 videtur,
3261 3986 3329 4034 ut

1964 4077 2149 4132 acrior
2177 4073 2535 4147 impugnatio
2562 4072 2653 4127 vel
2684 4070 2754 4132 ab
2780 4065 3072 4125 extraneis
3110 4079 3326 4135 expec-

1965 4158 2076 4213 tari
2107 4173 2222 4214 non
2249 4156 2529 4213 debuerit.

2039 4239 2131 4294 31.
2176 4238 2296 4308 lpse
2333 4252 2487 4303 vero.
2530 4239 2589 4289 ut
2614 4233 2684 4290 ab
2712 4233 2985 4306 opinione
3012 4236 3068 4288 et
3093 4247 3125 4286 a
3155 4244 3231 4284 se.
3263 4232 3327 4283 et
3374 4263 3540 4305 mouns

1966 4336 1998 4375 a
2024 4318 2190 4376 nobis
2218 4318 2552 4390 impugnata
2587 4317 2780 4386 procul
2820 4319 2928 4381 eat,
2961 4312 3157 4369 statuit
3185 4310 3535 4383 gra—dteendi

3374 4364 3533 4404 avas-
3620 4371 3622 4386 ¹

1968 4402 2108 4458 tiam
2125 4399 2423 4462 efficacem,
2444 4398 2564 4454 sive
2580 4398 2761 4463 illam,
2785 4395 2854 4452 ad
2870 4412 3042 4467 quam
3064 4391 3330 4465 sequitur
3344 4410 3459 4461 quio
3472 4421 3549 4454 ex·

1966 4481 2196 4538 effectus
2215 4521 2228 4544 ,
2278 4494 2505 4550 semper
2546 4476 2755 4533 habere
2807 4473 3204 4532 antecedenter
3253 4470 3327 4526 ad
3345 4459 3569 4552 233²&

1971 4561 2301 4637 praedictum
2321 4560 2585 4617 effectum
2608 4558 2825 4632 aliquid
2850 4558 3099 4630 amplius
3121 4558 3183 4612 in
3204 4571 3333 4613 esse

1969 4644 2188 4719 gratiae,
2239 4658 2341 4715 per
2379 4641 2526 4713 quod
2556 4642 2791 4715 agratia
2832 4655 2948 4696 non
2970 4638 3176 4696 efficaci
3200 4637 3330 4694 dis-

1971 4724 2272 4797 tinguitur.
2299 4720 2456 4788 Quod
2482 4722 2563 4778 sic
2582 4721 2851 4778 declarat.
2886 4723 2949 4775 In
2979 4719 3186 4791 primis
3206 4724 3333 4774 sta-

1972 4807 2080 4862 tuit
2106 4805 2457 4861 vocationem
2487 4804 2765 4860 efficacem
2790 4801 2942 4858 idem
2970 4817 3091 4858 esse
3133 4817 3194 4857 ac
3221 4815 3334 4857 vo-

1971 4884 2254 4942 cationem
2293 4899 2622 4957 congruam.
2662 4904 2687 4934 α
2719 4883 2900 4938 Aliter
2928 4883 3127 4957 (inquit
3178 4881 3329 4952 disp.

3452 4515 3550 4554 ΠΗ
3620 4543 3622 4548 .

1923 5021 1934 5038 ,
1980 4986 2006 5018 (ι
2048 4966 2139 5030 88,
2164 4981 2282 5036 cap.
2314 4966 2718 5035 ll)utrumque
2745 4961 3094 5036 adjutorium
3121 4964 3336 5035 (nempe

1980 5068 2007 5099 «
2046 5046 2318 5119 sufficiens
2365 5053 2413 5100 et
2458 5046 2678 5118 efficaae)
2723 5044 3330 5116 distinguitsaugust.

3164 5128 3268 5183 lib.
3308 5133 3327 5184 Ι
