<?xml version="1.0" encoding="UTF-8"?>
<!DOCTYPE html PUBLIC "-//W3C//DTD XHTML 1.0 Transitional//EN"
    "http://www.w3.org/TR/xhtml1/DTD/xhtml1-transitional.dtd">
<html xmlns="http://www.w3.org/1999/xhtml" xml:lang="en" lang="en">
 <head>
  <title>
</title>
<meta http-equiv="Content-Type" content="text/html;charset=utf-8" />
  <meta name='ocr-system' content='tesseract 3.04.00' />
  <meta name='ocr-capabilities' content='ocr_page ocr_carea ocr_par ocr_line ocrx_word'/>
</head>
<body>
  <div class='ocr_page' id='page_1' title='image "./collegiisalmant00carmgoog_0066.png"; bbox 0 0 3647 5753; ppageno 0'>
   <div class='ocr_carea' id='block_1_1' title="bbox 537 416 2354 478">
    <p class='ocr_par' dir='ltr' id='par_1_1' title="bbox 537 416 2354 478">
     <span class='ocr_line' id='line_1_1' title="bbox 537 416 2354 478; baseline -0.003 0"><span class='ocrx_word' id='word_1_1' title='bbox 537 426 609 478; x_wconf 76' lang='lat'>44</span> <span class='ocrx_word' id='word_1_2' title='bbox 1563 420 1656 474; x_wconf 85' lang='lat' dir='ltr'>DE</span> <span class='ocrx_word' id='word_1_3' title='bbox 1696 417 1971 474; x_wconf 78' lang='lat' dir='ltr'>GRATIA</span> <span class='ocrx_word' id='word_1_4' title='bbox 2012 416 2354 472; x_wconf 80' lang='lat' dir='ltr'>EFFICACI.</span> 
     </span>
    </p>
   </div>
   <div class='ocr_carea' id='block_1_2' title="bbox 527 596 1899 1156">
    <p class='ocr_par' dir='ltr' id='par_1_2' title="bbox 527 596 1899 1156">
     <span class='ocr_line' id='line_1_2' title="bbox 537 596 1899 673; baseline -0.004 -19"><span class='ocrx_word' id='word_1_5' title='bbox 537 614 643 655; x_wconf 89' lang='lat' dir='ltr'>nec</span> <span class='ocrx_word' id='word_1_6' title='bbox 690 599 943 657; x_wconf 78' lang='lat' dir='ltr'>exerceri</span> <span class='ocrx_word' id='word_1_7' title='bbox 997 599 1369 673; x_wconf 81' lang='lat' dir='ltr'>praenoscitur</span> <span class='ocrx_word' id='word_1_8' title='bbox 1426 596 1596 654; x_wconf 93' lang='lat' dir='ltr'>modo</span> <span class='ocrx_word' id='word_1_9' title='bbox 1639 610 1800 662; x_wconf 83' lang='lat' dir='ltr'>caeco,</span> <span class='ocrx_word' id='word_1_10' title='bbox 1843 598 1899 650; x_wconf 90' lang='lat' dir='ltr'>et</span> 
     </span>
     <span class='ocr_line' id='line_1_3' title="bbox 535 676 1898 755; baseline -0.004 -21"><span class='ocrx_word' id='word_1_11' title='bbox 535 678 911 751; x_wconf 81' lang='lat' dir='ltr'>imprudenti,</span> <span class='ocrx_word' id='word_1_12' title='bbox 937 686 1135 737; x_wconf 90' lang='lat' dir='ltr'>etcum</span> <span class='ocrx_word' id='word_1_13' title='bbox 1164 679 1493 755; x_wconf 76' lang='lat' dir='ltr'>ignorantia</span> <span class='ocrx_word' id='word_1_14' title='bbox 1520 676 1698 733; x_wconf 85' lang='lat' dir='ltr'>futuri</span> <span class='ocrx_word' id='word_1_15' title='bbox 1720 689 1898 731; x_wconf 87' lang='lat' dir='ltr'>even-</span> 
     </span>
     <span class='ocr_line' id='line_1_4' title="bbox 534 758 1898 835; baseline -0.004 -21"><span class='ocrx_word' id='word_1_16' title='bbox 534 765 626 815; x_wconf 86' lang='lat' dir='ltr'>tus</span> <span class='ocrx_word' id='word_1_17' title='bbox 655 781 669 815; x_wconf 92' lang='lat'><strong>:</strong></span> <span class='ocrx_word' id='word_1_18' title='bbox 710 774 846 835; x_wconf 90' lang='lat' dir='ltr'>ergo</span> <span class='ocrx_word' id='word_1_19' title='bbox 872 759 1272 818; x_wconf 74' lang='lat' dir='ltr'>antecedenter</span> <span class='ocrx_word' id='word_1_20' title='bbox 1291 758 1362 815; x_wconf 91' lang='lat' dir='ltr'>ad</span> <span class='ocrx_word' id='word_1_21' title='bbox 1381 772 1721 815; x_wconf 88' lang='lat' dir='ltr'>consensum</span> <span class='ocrx_word' id='word_1_22' title='bbox 1743 769 1898 811; x_wconf 89' lang='lat' dir='ltr'>crea-</span> 
     </span>
     <span class='ocr_line' id='line_1_5' title="bbox 533 839 1896 900; baseline -0.004 -4"><span class='ocrx_word' id='word_1_23' title='bbox 533 847 681 899; x_wconf 76' lang='lat' dir='ltr'>turae</span> <span class='ocrx_word' id='word_1_24' title='bbox 705 842 1091 900; x_wconf 86' lang='lat' dir='ltr'>conditionate</span> <span class='ocrx_word' id='word_1_25' title='bbox 1143 842 1406 899; x_wconf 83' lang='lat' dir='ltr'>futurum</span> <span class='ocrx_word' id='word_1_26' title='bbox 1460 839 1630 898; x_wconf 86' lang='lat' dir='ltr'>habet</span> <span class='ocrx_word' id='word_1_27' title='bbox 1679 852 1896 894; x_wconf 90' lang='lat' dir='ltr'>conne-</span> 
     </span>
     <span class='ocr_line' id='line_1_6' title="bbox 531 916 1897 995; baseline -0.003 -16"><span class='ocrx_word' id='word_1_28' title='bbox 531 923 766 981; x_wconf 85' lang='lat' dir='ltr'>xionem</span> <span class='ocrx_word' id='word_1_29' title='bbox 790 923 1164 980; x_wconf 79' lang='lat' dir='ltr'>infallibilem</span> <span class='ocrx_word' id='word_1_30' title='bbox 1193 923 1475 990; x_wconf 84' lang='lat' dir='ltr'>cumillo;</span> <span class='ocrx_word' id='word_1_31' title='bbox 1506 938 1633 995; x_wconf 80' lang='lat' dir='ltr'>quae</span> <span class='ocrx_word' id='word_1_32' title='bbox 1655 916 1897 994; x_wconf 88' lang='lat' dir='ltr'>proinde</span> 
     </span>
     <span class='ocr_line' id='line_1_7' title="bbox 527 1003 1897 1078; baseline -0.005 -14"><span class='ocrx_word' id='word_1_33' title='bbox 527 1005 812 1064; x_wconf 79' lang='lat' dir='ltr'>connexio</span> <span class='ocrx_word' id='word_1_34' title='bbox 831 1020 948 1062; x_wconf 90' lang='lat' dir='ltr'>non</span> <span class='ocrx_word' id='word_1_35' title='bbox 976 1005 1251 1062; x_wconf 83' lang='lat' dir='ltr'>fundatur</span> <span class='ocrx_word' id='word_1_36' title='bbox 1278 1005 1343 1062; x_wconf 87' lang='lat' dir='ltr'>in</span> <span class='ocrx_word' id='word_1_37' title='bbox 1367 1003 1729 1078; x_wconf 81' lang='lat' dir='ltr'>praescientia</span> <span class='ocrx_word' id='word_1_38' title='bbox 1768 1015 1897 1057; x_wconf 90' lang='lat' dir='ltr'>me-</span> 
     </span>
     <span class='ocr_line' id='line_1_8' title="bbox 530 1084 1332 1156; baseline 0 -13"><span class='ocrx_word' id='word_1_39' title='bbox 530 1087 647 1156; x_wconf 90' lang='lat' dir='ltr'>dia,</span> <span class='ocrx_word' id='word_1_40' title='bbox 678 1085 777 1143; x_wconf 83' lang='lat' dir='ltr'>sed</span> <span class='ocrx_word' id='word_1_41' title='bbox 805 1084 1042 1143; x_wconf 81' lang='lat' dir='ltr'>aliunde</span> <span class='ocrx_word' id='word_1_42' title='bbox 1061 1086 1332 1143; x_wconf 80' lang='lat' dir='ltr'>sumitur.</span> 
     </span>
    </p>
   </div>
   <div class='ocr_carea' id='block_1_3' title="bbox 1139 1277 1288 1345">
    <p class='ocr_par' dir='ltr' id='par_1_3' title="bbox 1139 1277 1288 1345">
     <span class='ocr_line' id='line_1_9' title="bbox 1139 1277 1288 1345; baseline 0.007 -14"><span class='ocrx_word' id='word_1_43' title='bbox 1139 1279 1171 1345; x_wconf 63' lang='lat'>5</span> <span class='ocrx_word' id='word_1_44' title='bbox 1219 1277 1288 1333; x_wconf 90' lang='lat'>11.</span> 
     </span>
    </p>
   </div>
   <div class='ocr_carea' id='block_1_4' title="bbox 527 1423 1891 1570">
    <p class='ocr_par' dir='ltr' id='par_1_4' title="bbox 527 1423 1891 1570">
     <span class='ocr_line' id='line_1_10' title="bbox 527 1423 1891 1501; baseline -0.002 -20"><span class='ocrx_word' id='word_1_45' title='bbox 527 1423 889 1501; x_wconf 80' lang='lat' dir='ltr'>Prosequitur</span> <span class='ocrx_word' id='word_1_46' title='bbox 927 1424 1267 1496; x_wconf 73' lang='lat' dir='ltr'>impuynatio</span> <span class='ocrx_word' id='word_1_47' title='bbox 1312 1424 1676 1495; x_wconf 71' lang='lat' dir='ltr'>responsionis</span> <span class='ocrx_word' id='word_1_48' title='bbox 1717 1439 1891 1493; x_wconf 76' lang='lat' dir='ltr'>arqu-</span> 
     </span>
     <span class='ocr_line' id='line_1_11' title="bbox 787 1497 1625 1570; baseline 0.004 -19"><span class='ocrx_word' id='word_1_49' title='bbox 787 1504 966 1552; x_wconf 84' lang='lat' dir='ltr'>mento</span> <span class='ocrx_word' id='word_1_50' title='bbox 998 1497 1318 1570; x_wconf 66' lang='lat' dir='ltr'>praecedenti</span> <span class='ocrx_word' id='word_1_51' title='bbox 1352 1497 1625 1554; x_wconf 64' lang='lat' dir='ltr'>adhibita.</span> 
     </span>
    </p>
   </div>
   <div class='ocr_carea' id='block_1_5' title="bbox 333 1643 1892 1720">
    <p class='ocr_par' dir='ltr' id='par_1_5' title="bbox 333 1643 1892 1720">
     <span class='ocr_line' id='line_1_12' title="bbox 333 1643 1892 1720; baseline -0.004 -16"><span class='ocrx_word' id='word_1_52' title='bbox 333 1672 396 1713; x_wconf 68' lang='lat' dir='ltr'>tx</span> <span class='ocrx_word' id='word_1_53' title='bbox 411 1670 495 1715; x_wconf 63' lang='lat'>20.</span> <span class='ocrx_word' id='word_1_54' title='bbox 599 1647 694 1701; x_wconf 80' lang='lat'>64.</span> <span class='ocrx_word' id='word_1_55' title='bbox 719 1644 829 1702; x_wconf 88' lang='lat' dir='ltr'>Sed</span> <span class='ocrx_word' id='word_1_56' title='bbox 869 1644 1171 1702; x_wconf 79' lang='lat' dir='ltr'>veniamus</span> <span class='ocrx_word' id='word_1_57' title='bbox 1191 1645 1313 1720; x_wconf 83' lang='lat' dir='ltr'>jam</span> <span class='ocrx_word' id='word_1_58' title='bbox 1342 1643 1412 1700; x_wconf 90' lang='lat' dir='ltr'>ad</span> <span class='ocrx_word' id='word_1_59' title='bbox 1441 1644 1606 1701; x_wconf 88' lang='lat' dir='ltr'>illam</span> <span class='ocrx_word' id='word_1_60' title='bbox 1650 1659 1892 1715; x_wconf 86' lang='lat' dir='ltr'>respon-</span> 
     </span>
    </p>
   </div>
   <div class='ocr_carea' id='block_1_6' title="bbox 311 1720 1890 1820">
    <p class='ocr_par' dir='ltr' id='par_1_6' title="bbox 311 1720 1890 1820">
     <span class='ocr_line' id='line_1_13' title="bbox 311 1720 1890 1820; baseline 0.002 -41"><span class='ocrx_word' id='word_1_61' title='bbox 311 1720 706 1820; x_wconf 53' lang='lat' dir='ltr'>{fflssgffifflliss</span> <span class='ocrx_word' id='word_1_62' title='bbox 746 1731 986 1799; x_wconf 90' lang='lat' dir='ltr'>partem,</span> <span class='ocrx_word' id='word_1_63' title='bbox 1033 1726 1095 1783; x_wconf 93' lang='lat' dir='ltr'>in</span> <span class='ocrx_word' id='word_1_64' title='bbox 1134 1742 1246 1799; x_wconf 88' lang='lat' dir='ltr'>qua</span> <span class='ocrx_word' id='word_1_65' title='bbox 1285 1724 1514 1792; x_wconf 90' lang='lat' dir='ltr'>dicitur,</span> <span class='ocrx_word' id='word_1_66' title='bbox 1546 1740 1890 1782; x_wconf 88' lang='lat' dir='ltr'>consensum</span> 
     </span>
    </p>
   </div>
   <div class='ocr_carea' id='block_1_7' title="bbox 310 1805 1887 1963">
    <p class='ocr_par' dir='ltr' id='par_1_7' title="bbox 310 1805 1887 1963">
     <span class='ocr_line' id='line_1_14' title="bbox 310 1805 1886 1879; baseline 0.001 -18"><span class='ocrx_word' id='word_1_67' title='bbox 310 1819 418 1862; x_wconf 71' lang='lat' dir='ltr'>uin·</span> <span class='ocrx_word' id='word_1_68' title='bbox 436 1829 499 1864; x_wconf 74' lang='lat' dir='ltr'>se·</span> <span class='ocrx_word' id='word_1_69' title='bbox 524 1823 587 1863; x_wconf 86' lang='lat' dir='ltr'>m</span> <span class='ocrx_word' id='word_1_70' title='bbox 610 1812 757 1864; x_wconf 85' lang='lat' dir='ltr'>statu</span> <span class='ocrx_word' id='word_1_71' title='bbox 787 1805 1044 1863; x_wconf 88' lang='lat' dir='ltr'>absoluto</span> <span class='ocrx_word' id='word_1_72' title='bbox 1073 1823 1188 1863; x_wconf 92' lang='lat' dir='ltr'>non</span> <span class='ocrx_word' id='word_1_73' title='bbox 1218 1821 1655 1879; x_wconf 82' lang='lat' dir='ltr'>praesupponere</span> <span class='ocrx_word' id='word_1_74' title='bbox 1685 1821 1786 1878; x_wconf 90' lang='lat' dir='ltr'>per</span> <span class='ocrx_word' id='word_1_75' title='bbox 1805 1822 1886 1873; x_wconf 89' lang='lat' dir='ltr'>se,</span> 
     </span>
     <span class='ocr_line' id='line_1_15' title="bbox 313 1868 1887 1963; baseline -0.006 -11"><span class='ocrx_word' id='word_1_76' title='bbox 313 1868 496 1963; x_wconf 51' lang='grc' dir='ltr'>ν’ὲῗζξῖῑ</span> <span class='ocrx_word' id='word_1_77' title='bbox 524 1892 581 1944; x_wconf 89' lang='lat' dir='ltr'>et</span> <span class='ocrx_word' id='word_1_78' title='bbox 616 1903 688 1944; x_wconf 85' lang='lat' dir='ltr'>ex</span> <span class='ocrx_word' id='word_1_79' title='bbox 733 1887 964 1961; x_wconf 88' lang='lat' dir='ltr'>propria</span> <span class='ocrx_word' id='word_1_80' title='bbox 990 1887 1279 1961; x_wconf 79' lang='lat' dir='ltr'>exigentia</span> <span class='ocrx_word' id='word_1_81' title='bbox 1317 1887 1563 1961; x_wconf 82' lang='lat' dir='ltr'>gratiam</span> <span class='ocrx_word' id='word_1_82' title='bbox 1606 1885 1887 1943; x_wconf 85' lang='lat' dir='ltr'>efficacem</span> 
     </span>
    </p>
   </div>
   <div class='ocr_carea' id='block_1_8' title="bbox 308 1965 1891 2119">
    <p class='ocr_par' dir='ltr' id='par_1_8' title="bbox 308 1965 1891 2119">
     <span class='ocr_line' id='line_1_16' title="bbox 308 1965 1889 2032; baseline -0.003 -6"><span class='ocrx_word' id='word_1_83' title='bbox 308 1967 771 2026; x_wconf 67' lang='lat' dir='ltr'>¹emw·efficacia</span> <span class='ocrx_word' id='word_1_84' title='bbox 811 1965 1213 2032; x_wconf 76' lang='lat' dir='ltr'>antecedentiS,</span> <span class='ocrx_word' id='word_1_85' title='bbox 1263 1972 1320 2023; x_wconf 93' lang='lat' dir='ltr'>et</span> <span class='ocrx_word' id='word_1_86' title='bbox 1366 1965 1703 2022; x_wconf 84' lang='lat' dir='ltr'>infallibilis</span> <span class='ocrx_word' id='word_1_87' title='bbox 1747 1982 1889 2024; x_wconf 89' lang='lat' dir='ltr'>con-</span> 
     </span>
     <span class='ocr_line' id='line_1_17' title="bbox 308 2023 1891 2119; baseline -0.008 -6"><span class='ocrx_word' id='word_1_88' title='bbox 308 2023 514 2112; x_wconf 33' lang='lat' dir='ltr'>usgagg,-</span> <span class='ocrx_word' id='word_1_89' title='bbox 527 2048 790 2105; x_wconf 85' lang='lat' dir='ltr'>nexionis</span> <span class='ocrx_word' id='word_1_90' title='bbox 808 2072 823 2115; x_wconf 90' lang='lat'>;</span> <span class='ocrx_word' id='word_1_91' title='bbox 847 2047 942 2105; x_wconf 87' lang='lat' dir='ltr'>sed</span> <span class='ocrx_word' id='word_1_92' title='bbox 982 2048 1170 2104; x_wconf 88' lang='lat' dir='ltr'>solum</span> <span class='ocrx_word' id='word_1_93' title='bbox 1206 2062 1308 2119; x_wconf 92' lang='lat' dir='ltr'>per</span> <span class='ocrx_word' id='word_1_94' title='bbox 1337 2045 1614 2114; x_wconf 90' lang='lat' dir='ltr'>accidens,</span> <span class='ocrx_word' id='word_1_95' title='bbox 1644 2062 1716 2103; x_wconf 90' lang='lat' dir='ltr'>ne</span> <span class='ocrx_word' id='word_1_96' title='bbox 1743 2048 1891 2102; x_wconf 90' lang='lat' dir='ltr'>Deus</span> 
     </span>
    </p>
   </div>
   <div class='ocr_carea' id='block_1_9' title="bbox 309 2126 1888 2212">
    <p class='ocr_par' dir='ltr' id='par_1_9' title="bbox 309 2126 1888 2212">
     <span class='ocr_line' id='line_1_18' title="bbox 309 2126 1888 2212; baseline -0.006 -21"><span class='ocrx_word' id='word_1_97' title='bbox 309 2126 667 2212; x_wconf 57' lang='lat' dir='ltr'>x‘fffissffi-caeffl</span> <span class='ocrx_word' id='word_1_98' title='bbox 705 2126 893 2192; x_wconf 89' lang='lat' dir='ltr'>modo,</span> <span class='ocrx_word' id='word_1_99' title='bbox 919 2132 976 2183; x_wconf 90' lang='lat' dir='ltr'>et</span> <span class='ocrx_word' id='word_1_100' title='bbox 1015 2126 1287 2202; x_wconf 89' lang='lat' dir='ltr'>ignorans</span> <span class='ocrx_word' id='word_1_101' title='bbox 1316 2126 1575 2182; x_wconf 85' lang='lat' dir='ltr'>futurum</span> <span class='ocrx_word' id='word_1_102' title='bbox 1614 2130 1888 2183; x_wconf 61' lang='lat' dir='ltr'>eventum</span> 
     </span>
    </p>
   </div>
   <div class='ocr_carea' id='block_1_10' title="bbox 339 2204 1889 2277">
    <p class='ocr_par' dir='ltr' id='par_1_10' title="bbox 339 2204 1889 2277">
     <span class='ocr_line' id='line_1_19' title="bbox 339 2204 1889 2277; baseline 0.001 -18"><span class='ocrx_word' id='word_1_103' title='bbox 339 2216 485 2260; x_wconf 64' lang='lat' dir='ltr'>aeine</span> <span class='ocrx_word' id='word_1_104' title='bbox 523 2212 847 2265; x_wconf 84' lang='lat' dir='ltr'>concurrat.</span> <span class='ocrx_word' id='word_1_105' title='bbox 875 2209 940 2263; x_wconf 78' lang='lat' dir='ltr'>Et</span> <span class='ocrx_word' id='word_1_106' title='bbox 970 2206 1259 2263; x_wconf 79' lang='lat' dir='ltr'>refellitur</span> <span class='ocrx_word' id='word_1_107' title='bbox 1286 2206 1403 2263; x_wconf 80' lang='lat' dir='ltr'>haec</span> <span class='ocrx_word' id='word_1_108' title='bbox 1427 2205 1708 2271; x_wconf 91' lang='lat' dir='ltr'>doctrina,</span> <span class='ocrx_word' id='word_1_109' title='bbox 1753 2204 1889 2277; x_wconf 89' lang='lat' dir='ltr'>quia</span> 
     </span>
    </p>
   </div>
   <div class='ocr_carea' id='block_1_11' title="bbox 312 2264 1887 2360">
    <p class='ocr_par' dir='ltr' id='par_1_11' title="bbox 312 2264 1887 2360">
     <span class='ocr_line' id='line_1_20' title="bbox 312 2264 1887 2360; baseline -0.004 -15"><span class='ocrx_word' id='word_1_110' title='bbox 312 2264 511 2360; x_wconf 50' lang='lat' dir='ltr'>‘¹2¹3ng</span> <span class='ocrx_word' id='word_1_111' title='bbox 522 2288 570 2344; x_wconf 86' lang='lat' dir='ltr'>si</span> <span class='ocrx_word' id='word_1_112' title='bbox 593 2288 896 2346; x_wconf 88' lang='lat' dir='ltr'>veritatem</span> <span class='ocrx_word' id='word_1_113' title='bbox 919 2286 1255 2353; x_wconf 90' lang='lat' dir='ltr'>contineret,</span> <span class='ocrx_word' id='word_1_114' title='bbox 1287 2284 1414 2342; x_wconf 81' lang='lat' dir='ltr'>fieri</span> <span class='ocrx_word' id='word_1_115' title='bbox 1440 2289 1642 2358; x_wconf 90' lang='lat' dir='ltr'>posset,</span> <span class='ocrx_word' id='word_1_116' title='bbox 1667 2283 1816 2358; x_wconf 88' lang='lat' dir='ltr'>quod</span> <span class='ocrx_word' id='word_1_117' title='bbox 1837 2284 1887 2340; x_wconf 89' lang='lat' dir='ltr'>si</span> 
     </span>
    </p>
   </div>
   <div class='ocr_carea' id='block_1_12' title="bbox 522 2369 1927 2441">
    <p class='ocr_par' dir='ltr' id='par_1_12' title="bbox 522 2369 1927 2441">
     <span class='ocr_line' id='line_1_21' title="bbox 522 2369 1927 2441; baseline -0.001 -16"><span class='ocrx_word' id='word_1_118' title='bbox 522 2373 671 2426; x_wconf 90' lang='lat' dir='ltr'>Deus</span> <span class='ocrx_word' id='word_1_119' title='bbox 701 2370 1049 2441; x_wconf 90' lang='lat' dir='ltr'>relinqueret</span> <span class='ocrx_word' id='word_1_120' title='bbox 1087 2369 1447 2425; x_wconf 87' lang='lat' dir='ltr'>voluntatem</span> <span class='ocrx_word' id='word_1_121' title='bbox 1475 2373 1727 2423; x_wconf 90' lang='lat' dir='ltr'>creatam</span> <span class='ocrx_word' id='word_1_122' title='bbox 1756 2384 1886 2424; x_wconf 86' lang='lat' dir='ltr'>curn</span> <span class='ocrx_word' id='word_1_123' title='bbox 1918 2425 1927 2435; x_wconf 70' lang='grc'><em>,</em></span> 
     </span>
    </p>
   </div>
   <div class='ocr_carea' id='block_1_13' title="bbox 311 2447 1890 5084">
    <p class='ocr_par' dir='ltr' id='par_1_13' title="bbox 311 2447 1890 5084">
     <span class='ocr_line' id='line_1_22' title="bbox 521 2447 1889 2523; baseline -0.001 -19"><span class='ocrx_word' id='word_1_124' title='bbox 521 2449 703 2523; x_wconf 87' lang='lat' dir='ltr'>gratia</span> <span class='ocrx_word' id='word_1_125' title='bbox 725 2465 794 2506; x_wconf 90' lang='lat' dir='ltr'>ex</span> <span class='ocrx_word' id='word_1_126' title='bbox 814 2464 874 2504; x_wconf 89' lang='lat' dir='ltr'>se</span> <span class='ocrx_word' id='word_1_127' title='bbox 897 2463 1036 2520; x_wconf 89' lang='lat' dir='ltr'>pure</span> <span class='ocrx_word' id='word_1_128' title='bbox 1062 2447 1383 2511; x_wconf 85' lang='lat' dir='ltr'>sufficienti,</span> <span class='ocrx_word' id='word_1_129' title='bbox 1403 2451 1460 2503; x_wconf 90' lang='lat' dir='ltr'>et</span> <span class='ocrx_word' id='word_1_130' title='bbox 1481 2447 1711 2502; x_wconf 88' lang='lat' dir='ltr'>nullum</span> <span class='ocrx_word' id='word_1_131' title='bbox 1729 2447 1889 2503; x_wconf 88' lang='lat' dir='ltr'>aliud</span> 
     </span>
     <span class='ocr_line' id='line_1_23' title="bbox 523 2523 1888 2592; baseline -0.003 -7"><span class='ocrx_word' id='word_1_132' title='bbox 523 2527 806 2585; x_wconf 88' lang='lat' dir='ltr'>auxilium</span> <span class='ocrx_word' id='word_1_133' title='bbox 835 2525 1149 2592; x_wconf 87' lang='lat' dir='ltr'>adhiberet,</span> <span class='ocrx_word' id='word_1_134' title='bbox 1177 2525 1444 2580; x_wconf 83' lang='lat' dir='ltr'>voluntas</span> <span class='ocrx_word' id='word_1_135' title='bbox 1470 2540 1530 2581; x_wconf 88' lang='lat' dir='ltr'>se</span> <span class='ocrx_word' id='word_1_136' title='bbox 1559 2523 1629 2579; x_wconf 89' lang='lat' dir='ltr'>ad</span> <span class='ocrx_word' id='word_1_137' title='bbox 1669 2523 1888 2582; x_wconf 90' lang='lat' dir='ltr'>bonum</span> 
     </span>
     <span class='ocr_line' id='line_1_24' title="bbox 521 2602 1890 2677; baseline -0.004 -12"><span class='ocrx_word' id='word_1_138' title='bbox 521 2606 954 2670; x_wconf 79' lang='lat' dir='ltr'>determinaret,</span> <span class='ocrx_word' id='word_1_139' title='bbox 986 2609 1041 2661; x_wconf 92' lang='lat' dir='ltr'>et</span> <span class='ocrx_word' id='word_1_140' title='bbox 1071 2602 1130 2658; x_wconf 89' lang='lat' dir='ltr'>in</span> <span class='ocrx_word' id='word_1_141' title='bbox 1158 2603 1308 2661; x_wconf 92' lang='lat' dir='ltr'>bono</span> <span class='ocrx_word' id='word_1_142' title='bbox 1337 2604 1685 2677; x_wconf 86' lang='lat' dir='ltr'>persisteret,</span> <span class='ocrx_word' id='word_1_143' title='bbox 1717 2604 1890 2677; x_wconf 92' lang='lat' dir='ltr'>quid-</span> 
     </span>
     <span class='ocr_line' id='line_1_25' title="bbox 522 2683 1889 2760; baseline 0 -18"><span class='ocrx_word' id='word_1_144' title='bbox 522 2686 658 2760; x_wconf 88' lang='lat' dir='ltr'>quid</span> <span class='ocrx_word' id='word_1_145' title='bbox 679 2691 825 2743; x_wconf 86' lang='lat' dir='ltr'>esset</span> <span class='ocrx_word' id='word_1_146' title='bbox 849 2684 918 2741; x_wconf 93' lang='lat' dir='ltr'>de</span> <span class='ocrx_word' id='word_1_147' title='bbox 942 2684 1307 2757; x_wconf 81' lang='lat' dir='ltr'>perfectione,</span> <span class='ocrx_word' id='word_1_148' title='bbox 1333 2684 1426 2739; x_wconf 88' lang='lat' dir='ltr'>vel</span> <span class='ocrx_word' id='word_1_149' title='bbox 1455 2683 1889 2756; x_wconf 78' lang='lat' dir='ltr'>imperfectione</span> 
     </span>
     <span class='ocr_line' id='line_1_26' title="bbox 525 2763 1888 2840; baseline -0.002 -17"><span class='ocrx_word' id='word_1_150' title='bbox 525 2764 899 2840; x_wconf 62' lang='lat' dir='ltr'>providentiae</span> <span class='ocrx_word' id='word_1_151' title='bbox 942 2763 1157 2821; x_wconf 85' lang='lat' dir='ltr'>divinae</span> <span class='ocrx_word' id='word_1_152' title='bbox 1189 2785 1202 2820; x_wconf 73' lang='grc' dir='ltr'><strong><em>ε</em></strong></span> <span class='ocrx_word' id='word_1_153' title='bbox 1231 2778 1580 2835; x_wconf 88' lang='lat' dir='ltr'>consequens</span> <span class='ocrx_word' id='word_1_154' title='bbox 1618 2764 1888 2837; x_wconf 88' lang='lat' dir='ltr'>quamvis</span> 
     </span>
     <span class='ocr_line' id='line_1_27' title="bbox 522 2843 1887 2911; baseline -0.002 -7"><span class='ocrx_word' id='word_1_155' title='bbox 522 2847 832 2905; x_wconf 89' lang='lat' dir='ltr'>devoretur</span> <span class='ocrx_word' id='word_1_156' title='bbox 853 2844 924 2903; x_wconf 91' lang='lat' dir='ltr'>ab</span> <span class='ocrx_word' id='word_1_157' title='bbox 946 2843 1327 2911; x_wconf 86' lang='lat' dir='ltr'>Adversariis,</span> <span class='ocrx_word' id='word_1_158' title='bbox 1346 2847 1432 2901; x_wconf 90' lang='lat' dir='ltr'>est</span> <span class='ocrx_word' id='word_1_159' title='bbox 1455 2848 1652 2902; x_wconf 90' lang='lat' dir='ltr'>contra</span> <span class='ocrx_word' id='word_1_160' title='bbox 1680 2846 1743 2902; x_wconf 90' lang='lat' dir='ltr'>D.</span> <span class='ocrx_word' id='word_1_161' title='bbox 1766 2848 1887 2901; x_wconf 86' lang='lat' dir='ltr'>Au-</span> 
     </span>
     <span class='ocr_line' id='line_1_28' title="bbox 522 2925 1888 3003; baseline -0.001 -20"><span class='ocrx_word' id='word_1_162' title='bbox 522 2928 836 3003; x_wconf 87' lang='lat' dir='ltr'>gustinum,</span> <span class='ocrx_word' id='word_1_163' title='bbox 868 2929 923 2982; x_wconf 90' lang='lat' dir='ltr'>et</span> <span class='ocrx_word' id='word_1_164' title='bbox 962 2925 1203 2982; x_wconf 90' lang='lat' dir='ltr'>omnino</span> <span class='ocrx_word' id='word_1_165' title='bbox 1247 2925 1458 2981; x_wconf 82' lang='lat' dir='ltr'>falsum</span> <span class='ocrx_word' id='word_1_166' title='bbox 1492 2945 1506 2979; x_wconf 73' lang='grc' dir='ltr'><strong>ε</strong></span> <span class='ocrx_word' id='word_1_167' title='bbox 1537 2940 1673 3000; x_wconf 91' lang='lat' dir='ltr'>ergo</span> <span class='ocrx_word' id='word_1_168' title='bbox 1700 2932 1756 2982; x_wconf 88' lang='lat' dir='ltr'>et</span> <span class='ocrx_word' id='word_1_169' title='bbox 1783 2926 1888 2982; x_wconf 89' lang='lat' dir='ltr'>illa</span> 
     </span>
     <span class='ocr_line' id='line_1_29' title="bbox 522 3003 1880 3078; baseline -0.001 -16"><span class='ocrx_word' id='word_1_170' title='bbox 522 3006 801 3071; x_wconf 89' lang='lat' dir='ltr'>doctrina,</span> <span class='ocrx_word' id='word_1_171' title='bbox 831 3022 902 3062; x_wconf 87' lang='lat' dir='ltr'>ex</span> <span class='ocrx_word' id='word_1_172' title='bbox 923 3020 1036 3078; x_wconf 88' lang='lat' dir='ltr'>qua</span> <span class='ocrx_word' id='word_1_173' title='bbox 1064 3004 1333 3060; x_wconf 82' lang='lat' dir='ltr'>insertur.</span> <span class='ocrx_word' id='word_1_174' title='bbox 1361 3003 1645 3060; x_wconf 87' lang='lat' dir='ltr'>Probatur</span> <span class='ocrx_word' id='word_1_175' title='bbox 1667 3006 1880 3072; x_wconf 91' lang='lat' dir='ltr'>minor,</span> 
     </span>
     <span class='ocr_line' id='line_1_30' title="bbox 523 3083 1886 3159; baseline -0.002 -16"><span class='ocrx_word' id='word_1_176' title='bbox 523 3094 648 3143; x_wconf 90' lang='lat' dir='ltr'>tum</span> <span class='ocrx_word' id='word_1_177' title='bbox 675 3102 745 3142; x_wconf 86' lang='lat' dir='ltr'>ex</span> <span class='ocrx_word' id='word_1_178' title='bbox 786 3088 849 3143; x_wconf 87' lang='lat' dir='ltr'>D.</span> <span class='ocrx_word' id='word_1_179' title='bbox 881 3084 1200 3158; x_wconf 79' lang='lat' dir='ltr'>Augustino</span> <span class='ocrx_word' id='word_1_180' title='bbox 1240 3086 1298 3138; x_wconf 88' lang='lat' dir='ltr'>in</span> <span class='ocrx_word' id='word_1_181' title='bbox 1330 3083 1424 3140; x_wconf 81' lang='lat' dir='ltr'>lib.</span> <span class='ocrx_word' id='word_1_182' title='bbox 1468 3084 1534 3139; x_wconf 84' lang='lat' dir='ltr'>de</span> <span class='ocrx_word' id='word_1_183' title='bbox 1577 3093 1801 3159; x_wconf 77' lang='lat' dir='ltr'>corrept.</span> <span class='ocrx_word' id='word_1_184' title='bbox 1837 3093 1886 3140; x_wconf 77' lang='lat' dir='ltr'>et</span> 
     </span>
     <span class='ocr_line' id='line_1_31' title="bbox 519 3161 1886 3238; baseline -0.001 -17"><span class='ocrx_word' id='word_1_185' title='bbox 519 3168 727 3238; x_wconf 74' lang='lat' dir='ltr'>yratia,</span> <span class='ocrx_word' id='word_1_186' title='bbox 752 3182 871 3237; x_wconf 85' lang='lat' dir='ltr'>cap.</span> <span class='ocrx_word' id='word_1_187' title='bbox 913 3166 997 3228; x_wconf 78' lang='lat'>12,</span> <span class='ocrx_word' id='word_1_188' title='bbox 1024 3161 1121 3218; x_wconf 89' lang='lat' dir='ltr'>ubi</span> <span class='ocrx_word' id='word_1_189' title='bbox 1149 3163 1452 3236; x_wconf 87' lang='lat' dir='ltr'>distinguit</span> <span class='ocrx_word' id='word_1_190' title='bbox 1479 3162 1691 3237; x_wconf 86' lang='lat' dir='ltr'>duplex</span> <span class='ocrx_word' id='word_1_191' title='bbox 1719 3164 1886 3238; x_wconf 83' lang='lat' dir='ltr'>adju—-</span> 
     </span>
     <span class='ocr_line' id='line_1_32' title="bbox 523 3242 1881 3320; baseline 0 -19"><span class='ocrx_word' id='word_1_192' title='bbox 523 3246 759 3311; x_wconf 90' lang='lat' dir='ltr'>torium,</span> <span class='ocrx_word' id='word_1_193' title='bbox 784 3242 940 3301; x_wconf 90' lang='lat' dir='ltr'>aliud</span> <span class='ocrx_word' id='word_1_194' title='bbox 964 3244 1081 3298; x_wconf 82' lang='lat' dir='ltr'>sine</span> <span class='ocrx_word' id='word_1_195' title='bbox 1110 3261 1214 3320; x_wconf 79' lang='lat' dir='ltr'>quo</span> <span class='ocrx_word' id='word_1_196' title='bbox 1241 3260 1369 3309; x_wconf 88' lang='lat' dir='ltr'>non,</span> <span class='ocrx_word' id='word_1_197' title='bbox 1401 3247 1456 3298; x_wconf 91' lang='lat' dir='ltr'>et</span> <span class='ocrx_word' id='word_1_198' title='bbox 1482 3249 1566 3300; x_wconf 90' lang='lat' dir='ltr'>est</span> <span class='ocrx_word' id='word_1_199' title='bbox 1593 3243 1881 3301; x_wconf 87' lang='lat' dir='ltr'>auxilium</span> 
     </span>
     <span class='ocr_line' id='line_1_33' title="bbox 522 3319 1882 3400; baseline -0.001 -20"><span class='ocrx_word' id='word_1_200' title='bbox 522 3324 833 3389; x_wconf 77' lang='lat' dir='ltr'>sufficiens3</span> <span class='ocrx_word' id='word_1_201' title='bbox 877 3319 1036 3378; x_wconf 87' lang='lat' dir='ltr'>aliud</span> <span class='ocrx_word' id='word_1_202' title='bbox 1074 3339 1198 3377; x_wconf 81' lang='lat' dir='ltr'>cum</span> <span class='ocrx_word' id='word_1_203' title='bbox 1235 3340 1357 3400; x_wconf 80' lang='lat' dir='ltr'>que,</span> <span class='ocrx_word' id='word_1_204' title='bbox 1390 3327 1446 3378; x_wconf 90' lang='lat' dir='ltr'>et</span> <span class='ocrx_word' id='word_1_205' title='bbox 1485 3327 1568 3379; x_wconf 91' lang='lat' dir='ltr'>est</span> <span class='ocrx_word' id='word_1_206' title='bbox 1596 3323 1882 3379; x_wconf 87' lang='lat' dir='ltr'>auxilium</span> 
     </span>
     <span class='ocr_line' id='line_1_34' title="bbox 521 3401 1883 3474; baseline -0.002 -12"><span class='ocrx_word' id='word_1_207' title='bbox 521 3404 736 3467; x_wconf 83' lang='lat' dir='ltr'>efficax,</span> <span class='ocrx_word' id='word_1_208' title='bbox 757 3409 817 3459; x_wconf 91' lang='lat' dir='ltr'>ut</span> <span class='ocrx_word' id='word_1_209' title='bbox 835 3402 1045 3474; x_wconf 81' lang='lat' dir='ltr'>disp.4,</span> <span class='ocrx_word' id='word_1_210' title='bbox 1070 3401 1195 3458; x_wconf 81' lang='lat' dir='ltr'>dub.</span> <span class='ocrx_word' id='word_1_211' title='bbox 1221 3406 1277 3467; x_wconf 89' lang='lat'>7,</span> <span class='ocrx_word' id='word_1_212' title='bbox 1298 3404 1329 3471; x_wconf 62' lang='grc' dir='ltr'><strong>ξ</strong></span> <span class='ocrx_word' id='word_1_213' title='bbox 1350 3401 1454 3457; x_wconf 82' lang='lat' dir='ltr'>ult.</span> <span class='ocrx_word' id='word_1_214' title='bbox 1479 3403 1883 3474; x_wconf 86' lang='lat' dir='ltr'>explicuimus.</span> 
     </span>
     <span class='ocr_line' id='line_1_35' title="bbox 315 3481 1885 3554; baseline -0.001 -14"><span class='ocrx_word' id='word_1_215' title='bbox 315 3496 497 3541; x_wconf 66' lang='lat' dir='ltr'>falsitas</span> <span class='ocrx_word' id='word_1_216' title='bbox 523 3489 644 3551; x_wconf 87' lang='lat' dir='ltr'>Qua</span> <span class='ocrx_word' id='word_1_217' title='bbox 672 3483 1040 3540; x_wconf 88' lang='lat' dir='ltr'>distinctione</span> <span class='ocrx_word' id='word_1_218' title='bbox 1065 3481 1373 3554; x_wconf 88' lang='lat' dir='ltr'>supposita,</span> <span class='ocrx_word' id='word_1_219' title='bbox 1410 3481 1601 3553; x_wconf 88' lang='lat' dir='ltr'>inquit</span> <span class='ocrx_word' id='word_1_220' title='bbox 1633 3503 1645 3537; x_wconf 75' lang='grc' dir='ltr'><strong>ε</strong></span> <span class='ocrx_word' id='word_1_221' title='bbox 1682 3505 1707 3536; x_wconf 87' lang='lat'>«</span> <span class='ocrx_word' id='word_1_222' title='bbox 1737 3485 1885 3540; x_wconf 87' lang='lat' dir='ltr'>Nam</span> 
     </span>
     <span class='ocr_line' id='line_1_36' title="bbox 325 3556 1886 3640; baseline 0 -20"><span class='ocrx_word' id='word_1_223' title='bbox 325 3556 494 3640; x_wconf 53' lang='grc' dir='ltr'><strong>ωέξῇο·</strong></span> <span class='ocrx_word' id='word_1_224' title='bbox 529 3589 554 3620; x_wconf 88' lang='lat'>«</span> <span class='ocrx_word' id='word_1_225' title='bbox 596 3567 646 3623; x_wconf 87' lang='lat' dir='ltr'>si</span> <span class='ocrx_word' id='word_1_226' title='bbox 687 3566 751 3621; x_wconf 90' lang='lat' dir='ltr'>in</span> <span class='ocrx_word' id='word_1_227' title='bbox 799 3568 955 3620; x_wconf 90' lang='lat' dir='ltr'>tanta</span> <span class='ocrx_word' id='word_1_228' title='bbox 994 3561 1337 3620; x_wconf 88' lang='lat' dir='ltr'>infirmitate</span> <span class='ocrx_word' id='word_1_229' title='bbox 1365 3562 1497 3620; x_wconf 83' lang='lat' dir='ltr'>vitae</span> <span class='ocrx_word' id='word_1_230' title='bbox 1537 3563 1706 3637; x_wconf 88' lang='lat' dir='ltr'>hujus</span> <span class='ocrx_word' id='word_1_231' title='bbox 1747 3564 1886 3637; x_wconf 91' lang='lat' dir='ltr'>ipsis</span> 
     </span>
     <span class='ocr_line' id='line_1_37' title="bbox 311 3644 1886 3739; baseline 0.002 -39"><span class='ocrx_word' id='word_1_232' title='bbox 311 3646 495 3739; x_wconf 57' lang='lat' dir='ltr'>ossffidl·</span> <span class='ocrx_word' id='word_1_233' title='bbox 530 3671 554 3700; x_wconf 84' lang='lat'>«</span> <span class='ocrx_word' id='word_1_234' title='bbox 598 3648 1020 3719; x_wconf 85' lang='lat' dir='ltr'>relinqueretur</span> <span class='ocrx_word' id='word_1_235' title='bbox 1043 3644 1311 3700; x_wconf 85' lang='lat' dir='ltr'>voluntas</span> <span class='ocrx_word' id='word_1_236' title='bbox 1336 3660 1458 3711; x_wconf 89' lang='lat' dir='ltr'>sua,</span> <span class='ocrx_word' id='word_1_237' title='bbox 1487 3649 1548 3700; x_wconf 86' lang='lat' dir='ltr'>ut</span> <span class='ocrx_word' id='word_1_238' title='bbox 1573 3644 1637 3714; x_wconf 87' lang='lat' dir='ltr'>in</span> <span class='ocrx_word' id='word_1_239' title='bbox 1660 3645 1886 3720; x_wconf 85' lang='lat' dir='ltr'>adjuto-</span> 
     </span>
     <span class='ocr_line' id='line_1_38' title="bbox 335 3725 1879 3800; baseline 0 -19"><span class='ocrx_word' id='word_1_240' title='bbox 335 3745 481 3795; x_wconf 73' lang='lat' dir='ltr'>pnmo.</span> <span class='ocrx_word' id='word_1_241' title='bbox 529 3750 555 3781; x_wconf 80' lang='grc' dir='ltr'>α</span> <span class='ocrx_word' id='word_1_242' title='bbox 598 3727 685 3784; x_wconf 91' lang='lat' dir='ltr'>rio</span> <span class='ocrx_word' id='word_1_243' title='bbox 696 3727 816 3791; x_wconf 91' lang='lat' dir='ltr'>Dei,</span> <span class='ocrx_word' id='word_1_244' title='bbox 831 3725 878 3781; x_wconf 90' lang='lat' dir='ltr'>si</span> <span class='ocrx_word' id='word_1_245' title='bbox 887 3740 956 3781; x_wconf 90' lang='lat' dir='ltr'>ne</span> <span class='ocrx_word' id='word_1_246' title='bbox 969 3740 1081 3797; x_wconf 91' lang='lat' dir='ltr'>quo</span> <span class='ocrx_word' id='word_1_247' title='bbox 1093 3739 1492 3796; x_wconf 87' lang='lat' dir='ltr'>perserverare</span> <span class='ocrx_word' id='word_1_248' title='bbox 1508 3740 1624 3800; x_wconf 86' lang='lat' dir='ltr'>non</span> <span class='ocrx_word' id='word_1_249' title='bbox 1634 3731 1879 3796; x_wconf 89' lang='lat' dir='ltr'>possent,</span> 
     </span>
     <span class='ocr_line' id='line_1_39' title="bbox 528 3805 1886 3880; baseline 0.001 -18"><span class='ocrx_word' id='word_1_250' title='bbox 528 3831 554 3862; x_wconf 74' lang='grc' dir='ltr'><strong>α</strong></span> <span class='ocrx_word' id='word_1_251' title='bbox 595 3812 918 3875; x_wconf 84' lang='lat' dir='ltr'>manerent,</span> <span class='ocrx_word' id='word_1_252' title='bbox 935 3807 983 3863; x_wconf 91' lang='lat' dir='ltr'>si</span> <span class='ocrx_word' id='word_1_253' title='bbox 1013 3807 1249 3872; x_wconf 87' lang='lat' dir='ltr'>vellent,</span> <span class='ocrx_word' id='word_1_254' title='bbox 1267 3822 1370 3863; x_wconf 92' lang='lat' dir='ltr'>nec</span> <span class='ocrx_word' id='word_1_255' title='bbox 1398 3808 1545 3862; x_wconf 89' lang='lat' dir='ltr'>Deus</span> <span class='ocrx_word' id='word_1_256' title='bbox 1568 3805 1629 3861; x_wconf 92' lang='lat' dir='ltr'>in</span> <span class='ocrx_word' id='word_1_257' title='bbox 1652 3806 1734 3863; x_wconf 88' lang='lat' dir='ltr'>eis</span> <span class='ocrx_word' id='word_1_258' title='bbox 1756 3823 1886 3880; x_wconf 89' lang='lat' dir='ltr'>ope·</span> 
     </span>
     <span class='ocr_line' id='line_1_40' title="bbox 527 3887 1886 3956; baseline 0.002 -14"><span class='ocrx_word' id='word_1_259' title='bbox 527 3913 553 3942; x_wconf 69' lang='lat' dir='ltr'>a</span> <span class='ocrx_word' id='word_1_260' title='bbox 597 3895 839 3956; x_wconf 88' lang='lat' dir='ltr'>raretur,</span> <span class='ocrx_word' id='word_1_261' title='bbox 873 3893 933 3945; x_wconf 86' lang='lat' dir='ltr'>ut</span> <span class='ocrx_word' id='word_1_262' title='bbox 972 3888 1221 3955; x_wconf 80' lang='lat' dir='ltr'>vellent3</span> <span class='ocrx_word' id='word_1_263' title='bbox 1271 3887 1422 3944; x_wconf 86' lang='lat' dir='ltr'>inter</span> <span class='ocrx_word' id='word_1_264' title='bbox 1455 3892 1550 3954; x_wconf 88' lang='lat' dir='ltr'>tot,</span> <span class='ocrx_word' id='word_1_265' title='bbox 1597 3892 1652 3943; x_wconf 90' lang='lat' dir='ltr'>et</span> <span class='ocrx_word' id='word_1_266' title='bbox 1699 3893 1886 3945; x_wconf 90' lang='lat' dir='ltr'>tantas</span> 
     </span>
     <span class='ocr_line' id='line_1_41' title="bbox 527 3966 1885 4040; baseline 0 -16"><span class='ocrx_word' id='word_1_267' title='bbox 527 3994 553 4024; x_wconf 79' lang='grc' dir='ltr'>α</span> <span class='ocrx_word' id='word_1_268' title='bbox 595 3970 936 4028; x_wconf 86' lang='lat' dir='ltr'>tentationes</span> <span class='ocrx_word' id='word_1_269' title='bbox 964 3966 1308 4023; x_wconf 86' lang='lat' dir='ltr'>infirmitate</span> <span class='ocrx_word' id='word_1_270' title='bbox 1332 3983 1436 4022; x_wconf 90' lang='lat' dir='ltr'>sua</span> <span class='ocrx_word' id='word_1_271' title='bbox 1464 3967 1732 4024; x_wconf 86' lang='lat' dir='ltr'>voluntas</span> <span class='ocrx_word' id='word_1_272' title='bbox 1760 3969 1885 4040; x_wconf 87' lang='lat' dir='ltr'>ipsa</span> 
     </span>
     <span class='ocr_line' id='line_1_42' title="bbox 525 4047 1881 4119; baseline 0 -13"><span class='ocrx_word' id='word_1_273' title='bbox 525 4075 551 4106; x_wconf 79' lang='grc' dir='ltr'>α</span> <span class='ocrx_word' id='word_1_274' title='bbox 592 4049 1021 4115; x_wconf 87' lang='lat' dir='ltr'>succumberet;</span> <span class='ocrx_word' id='word_1_275' title='bbox 1065 4053 1122 4104; x_wconf 92' lang='lat' dir='ltr'>et</span> <span class='ocrx_word' id='word_1_276' title='bbox 1167 4047 1296 4104; x_wconf 92' lang='lat' dir='ltr'>ideo</span> <span class='ocrx_word' id='word_1_277' title='bbox 1343 4062 1711 4119; x_wconf 77' lang='lat' dir='ltr'>perseverare</span> <span class='ocrx_word' id='word_1_278' title='bbox 1762 4065 1881 4106; x_wconf 91' lang='lat' dir='ltr'>non</span> 
     </span>
     <span class='ocr_line' id='line_1_43' title="bbox 523 4125 1885 4206; baseline 0.001 -22"><span class='ocrx_word' id='word_1_279' title='bbox 523 4154 551 4184; x_wconf 73' lang='grc' dir='ltr'>ιι</span> <span class='ocrx_word' id='word_1_280' title='bbox 594 4136 838 4206; x_wconf 87' lang='lat' dir='ltr'>possent,</span> <span class='ocrx_word' id='word_1_281' title='bbox 869 4128 1004 4203; x_wconf 90' lang='lat' dir='ltr'>quia</span> <span class='ocrx_word' id='word_1_282' title='bbox 1043 4126 1371 4184; x_wconf 88' lang='lat' dir='ltr'>deficientes</span> <span class='ocrx_word' id='word_1_283' title='bbox 1410 4125 1753 4184; x_wconf 86' lang='lat' dir='ltr'>infirmitate</span> <span class='ocrx_word' id='word_1_284' title='bbox 1781 4144 1885 4186; x_wconf 89' lang='lat' dir='ltr'>nec</span> 
     </span>
     <span class='ocr_line' id='line_1_44' title="bbox 524 4203 1884 4279; baseline -0.001 -12"><span class='ocrx_word' id='word_1_285' title='bbox 524 4235 550 4267; x_wconf 72' lang='grc' dir='ltr'>α</span> <span class='ocrx_word' id='word_1_286' title='bbox 592 4213 826 4279; x_wconf 88' lang='lat' dir='ltr'>vellent,</span> <span class='ocrx_word' id='word_1_287' title='bbox 874 4213 971 4265; x_wconf 90' lang='lat' dir='ltr'>aut</span> <span class='ocrx_word' id='word_1_288' title='bbox 1011 4222 1128 4263; x_wconf 88' lang='lat' dir='ltr'>non</span> <span class='ocrx_word' id='word_1_289' title='bbox 1177 4205 1256 4261; x_wconf 91' lang='lat' dir='ltr'>ita</span> <span class='ocrx_word' id='word_1_290' title='bbox 1285 4206 1502 4262; x_wconf 85' lang='lat' dir='ltr'>vellent</span> <span class='ocrx_word' id='word_1_291' title='bbox 1541 4203 1884 4265; x_wconf 88' lang='lat' dir='ltr'>infirmitate</span> 
     </span>
     <span class='ocr_line' id='line_1_45' title="bbox 328 4286 1884 4360; baseline 0 -13"><span class='ocrx_word' id='word_1_292' title='bbox 328 4306 468 4350; x_wconf 66' lang='lat' dir='ltr'>nau-</span> <span class='ocrx_word' id='word_1_293' title='bbox 523 4317 550 4348; x_wconf 79' lang='grc' dir='ltr'><strong>α</strong></span> <span class='ocrx_word' id='word_1_294' title='bbox 591 4291 923 4356; x_wconf 87' lang='lat' dir='ltr'>voluntatis,</span> <span class='ocrx_word' id='word_1_295' title='bbox 969 4294 1030 4345; x_wconf 89' lang='lat' dir='ltr'>ut</span> <span class='ocrx_word' id='word_1_296' title='bbox 1078 4291 1321 4360; x_wconf 89' lang='lat' dir='ltr'>possent.</span> <span class='ocrx_word' id='word_1_297' title='bbox 1357 4307 1382 4337; x_wconf 70' lang='lat' dir='ltr'>n</span> <span class='ocrx_word' id='word_1_298' title='bbox 1428 4286 1538 4342; x_wconf 87' lang='lat' dir='ltr'>Ubi</span> <span class='ocrx_word' id='word_1_299' title='bbox 1566 4289 1884 4348; x_wconf 89' lang='lat' dir='ltr'>certissime</span> 
     </span>
     <span class='ocr_line' id='line_1_46' title="bbox 328 4357 1882 4448; baseline -0.003 -18"><span class='ocrx_word' id='word_1_300' title='bbox 328 4357 457 4448; x_wconf 50' lang='lat'><strong>⁸332:</strong></span> <span class='ocrx_word' id='word_1_301' title='bbox 521 4372 857 4446; x_wconf 88' lang='lat' dir='ltr'>pronuntiat</span> <span class='ocrx_word' id='word_1_302' title='bbox 872 4367 1242 4443; x_wconf 78' lang='lat' dir='ltr'>AugustinuS,</span> <span class='ocrx_word' id='word_1_303' title='bbox 1267 4365 1415 4437; x_wconf 89' lang='lat' dir='ltr'>quod</span> <span class='ocrx_word' id='word_1_304' title='bbox 1434 4367 1696 4424; x_wconf 88' lang='lat' dir='ltr'>voluntas</span> <span class='ocrx_word' id='word_1_305' title='bbox 1725 4370 1882 4443; x_wconf 87' lang='lat' dir='ltr'>reip-</span> 
     </span>
     <span class='ocr_line' id='line_1_47' title="bbox 518 4444 1879 4518; baseline -0.004 -8"><span class='ocrx_word' id='word_1_306' title='bbox 518 4470 581 4510; x_wconf 87' lang='lat' dir='ltr'>sa</span> <span class='ocrx_word' id='word_1_307' title='bbox 608 4453 868 4511; x_wconf 87' lang='lat' dir='ltr'>deficeret</span> <span class='ocrx_word' id='word_1_308' title='bbox 893 4450 956 4506; x_wconf 92' lang='lat' dir='ltr'>in</span> <span class='ocrx_word' id='word_1_309' title='bbox 986 4444 1252 4512; x_wconf 82' lang='lat' dir='ltr'>volendo,</span> <span class='ocrx_word' id='word_1_310' title='bbox 1273 4452 1330 4502; x_wconf 90' lang='lat' dir='ltr'>et</span> <span class='ocrx_word' id='word_1_311' title='bbox 1356 4447 1798 4518; x_wconf 88' lang='lat' dir='ltr'>perseverando,</span> <span class='ocrx_word' id='word_1_312' title='bbox 1829 4450 1879 4505; x_wconf 89' lang='lat' dir='ltr'>si</span> 
     </span>
     <span class='ocr_line' id='line_1_48' title="bbox 518 4525 1881 4603; baseline -0.003 -14"><span class='ocrx_word' id='word_1_313' title='bbox 518 4531 628 4589; x_wconf 89' lang='lat' dir='ltr'>sibi</span> <span class='ocrx_word' id='word_1_314' title='bbox 671 4532 1270 4603; x_wconf 66' lang='lat' dir='ltr'>relinquereturrcum</span> <span class='ocrx_word' id='word_1_315' title='bbox 1308 4540 1377 4582; x_wconf 90' lang='lat' dir='ltr'>eo</span> <span class='ocrx_word' id='word_1_316' title='bbox 1403 4525 1705 4600; x_wconf 86' lang='lat' dir='ltr'>adjutorio,</span> <span class='ocrx_word' id='word_1_317' title='bbox 1751 4528 1881 4585; x_wconf 90' lang='lat' dir='ltr'>sine</span> 
     </span>
     <span class='ocr_line' id='line_1_49' title="bbox 515 4608 1881 4689; baseline -0.003 -18"><span class='ocrx_word' id='word_1_318' title='bbox 515 4630 628 4689; x_wconf 86' lang='lat' dir='ltr'>quo</span> <span class='ocrx_word' id='word_1_319' title='bbox 650 4609 1004 4687; x_wconf 89' lang='lat' dir='ltr'>perseverari</span> <span class='ocrx_word' id='word_1_320' title='bbox 1033 4623 1152 4664; x_wconf 92' lang='lat' dir='ltr'>non</span> <span class='ocrx_word' id='word_1_321' title='bbox 1180 4612 1380 4680; x_wconf 87' lang='lat' dir='ltr'>potest,</span> <span class='ocrx_word' id='word_1_322' title='bbox 1413 4608 1503 4665; x_wconf 89' lang='lat' dir='ltr'>vel</span> <span class='ocrx_word' id='word_1_323' title='bbox 1529 4608 1677 4682; x_wconf 90' lang='lat' dir='ltr'>quod</span> <span class='ocrx_word' id='word_1_324' title='bbox 1702 4627 1881 4683; x_wconf 82' lang='lat' dir='ltr'>praes-</span> 
     </span>
     <span class='ocr_line' id='line_1_50' title="bbox 515 4687 1878 4762; baseline -0.004 -11"><span class='ocrx_word' id='word_1_325' title='bbox 515 4701 598 4753; x_wconf 85' lang='lat' dir='ltr'>tat</span> <span class='ocrx_word' id='word_1_326' title='bbox 644 4695 915 4751; x_wconf 88' lang='lat' dir='ltr'>virtutem</span> <span class='ocrx_word' id='word_1_327' title='bbox 959 4687 1336 4745; x_wconf 84' lang='lat' dir='ltr'>sufficientem</span> <span class='ocrx_word' id='word_1_328' title='bbox 1380 4687 1449 4744; x_wconf 89' lang='lat' dir='ltr'>ad</span> <span class='ocrx_word' id='word_1_329' title='bbox 1498 4705 1878 4762; x_wconf 87' lang='lat' dir='ltr'>perseveran-</span> 
     </span>
     <span class='ocr_line' id='line_1_51' title="bbox 514 4769 1879 4842; baseline -0.003 -9"><span class='ocrx_word' id='word_1_330' title='bbox 514 4777 675 4842; x_wconf 89' lang='lat' dir='ltr'>dum,</span> <span class='ocrx_word' id='word_1_331' title='bbox 719 4773 831 4830; x_wconf 88' lang='lat' dir='ltr'>nisi</span> <span class='ocrx_word' id='word_1_332' title='bbox 872 4776 1017 4829; x_wconf 89' lang='lat' dir='ltr'>Deus</span> <span class='ocrx_word' id='word_1_333' title='bbox 1063 4769 1332 4827; x_wconf 86' lang='lat' dir='ltr'>ulteriori</span> <span class='ocrx_word' id='word_1_334' title='bbox 1381 4771 1598 4828; x_wconf 87' lang='lat' dir='ltr'>auxilio</span> <span class='ocrx_word' id='word_1_335' title='bbox 1628 4772 1717 4827; x_wconf 92' lang='lat' dir='ltr'>illi</span> <span class='ocrx_word' id='word_1_336' title='bbox 1746 4789 1879 4829; x_wconf 91' lang='lat' dir='ltr'>suc-</span> 
     </span>
     <span class='ocr_line' id='line_1_52' title="bbox 516 4850 1877 4925; baseline -0.005 -10"><span class='ocrx_word' id='word_1_337' title='bbox 516 4859 790 4920; x_wconf 90' lang='lat' dir='ltr'>curreret,</span> <span class='ocrx_word' id='word_1_338' title='bbox 840 4868 952 4925; x_wconf 90' lang='lat' dir='ltr'>quo</span> <span class='ocrx_word' id='word_1_339' title='bbox 998 4866 1116 4908; x_wconf 92' lang='lat' dir='ltr'>non</span> <span class='ocrx_word' id='word_1_340' title='bbox 1161 4850 1350 4906; x_wconf 89' lang='lat' dir='ltr'>solum</span> <span class='ocrx_word' id='word_1_341' title='bbox 1392 4856 1688 4923; x_wconf 64' lang='lat' dir='ltr'>praestaret</span> <span class='ocrx_word' id='word_1_342' title='bbox 1714 4867 1877 4924; x_wconf 90' lang='lat' dir='ltr'>posse</span> 
     </span>
     <span class='ocr_line' id='line_1_53' title="bbox 516 4928 1872 5003; baseline -0.004 -10"><span class='ocrx_word' id='word_1_343' title='bbox 516 4934 799 4993; x_wconf 86' lang='lat' dir='ltr'>sufficiens</span> <span class='ocrx_word' id='word_1_344' title='bbox 839 4930 910 4988; x_wconf 84' lang='lat' dir='ltr'>ad</span> <span class='ocrx_word' id='word_1_345' title='bbox 947 4932 1117 4997; x_wconf 88' lang='lat' dir='ltr'>velle,</span> <span class='ocrx_word' id='word_1_346' title='bbox 1153 4928 1253 4986; x_wconf 92' lang='lat' dir='ltr'>sed</span> <span class='ocrx_word' id='word_1_347' title='bbox 1273 4928 1447 4987; x_wconf 89' lang='lat' dir='ltr'>etiam</span> <span class='ocrx_word' id='word_1_348' title='bbox 1477 4929 1667 5003; x_wconf 89' lang='lat' dir='ltr'>ipsum</span> <span class='ocrx_word' id='word_1_349' title='bbox 1700 4932 1872 4988; x_wconf 89' lang='lat' dir='ltr'>velle.</span> 
     </span>
     <span class='ocr_line' id='line_1_54' title="bbox 515 5009 1871 5084; baseline -0.004 -10"><span class='ocrx_word' id='word_1_350' title='bbox 515 5020 585 5074; x_wconf 91' lang='lat' dir='ltr'>Et</span> <span class='ocrx_word' id='word_1_351' title='bbox 610 5015 803 5074; x_wconf 87' lang='lat' dir='ltr'>statim</span> <span class='ocrx_word' id='word_1_352' title='bbox 830 5011 1099 5078; x_wconf 87' lang='lat' dir='ltr'>declarat,</span> <span class='ocrx_word' id='word_1_353' title='bbox 1140 5009 1276 5084; x_wconf 89' lang='lat' dir='ltr'>quid</span> <span class='ocrx_word' id='word_1_354' title='bbox 1320 5010 1395 5066; x_wconf 91' lang='lat' dir='ltr'>sit</span> <span class='ocrx_word' id='word_1_355' title='bbox 1435 5010 1540 5069; x_wconf 91' lang='lat' dir='ltr'>hoc</span> <span class='ocrx_word' id='word_1_356' title='bbox 1565 5011 1871 5083; x_wconf 88' lang='lat' dir='ltr'>auxilium,</span> 
     </span>
    </p>
   </div>
   <div class='ocr_carea' id='block_1_14' title="bbox 2021 591 3407 3142">
    <p class='ocr_par' dir='ltr' id='par_1_14' title="bbox 2028 591 3407 1612">
     <span class='ocr_line' id='line_1_55' title="bbox 2034 591 3407 668; baseline 0 -20"><span class='ocrx_word' id='word_1_357' title='bbox 2034 597 2091 649; x_wconf 89' lang='lat' dir='ltr'>et</span> <span class='ocrx_word' id='word_1_358' title='bbox 2128 592 2378 665; x_wconf 90' lang='lat' dir='ltr'>qualiter</span> <span class='ocrx_word' id='word_1_359' title='bbox 2429 591 2815 668; x_wconf 87' lang='lat' dir='ltr'>distinguatur</span> <span class='ocrx_word' id='word_1_360' title='bbox 2860 608 2894 649; x_wconf 89' lang='lat' dir='ltr'>a</span> <span class='ocrx_word' id='word_1_361' title='bbox 2938 592 3261 658; x_wconf 87' lang='lat' dir='ltr'>sufficienti,</span> <span class='ocrx_word' id='word_1_362' title='bbox 3303 591 3407 648; x_wconf 85' lang='lat' dir='ltr'>his</span> 
     </span>
     <span class='ocr_line' id='line_1_56' title="bbox 2035 672 3400 744; baseline 0.001 -15"><span class='ocrx_word' id='word_1_363' title='bbox 2035 672 2226 731; x_wconf 89' lang='lat' dir='ltr'>verbis</span> <span class='ocrx_word' id='word_1_364' title='bbox 2261 695 2273 729; x_wconf 73' lang='grc' dir='ltr'><strong><em>ε</em></strong></span> <span class='ocrx_word' id='word_1_365' title='bbox 2302 672 2641 730; x_wconf 77' lang='lat' dir='ltr'>Subventmn</span> <span class='ocrx_word' id='word_1_366' title='bbox 2665 681 2743 730; x_wconf 80' lang='lat' dir='ltr'>est</span> <span class='ocrx_word' id='word_1_367' title='bbox 2779 690 2903 743; x_wconf 71' lang='lat' dir='ltr'>erqo</span> <span class='ocrx_word' id='word_1_368' title='bbox 2936 675 3260 744; x_wconf 80' lang='lat' dir='ltr'>infirmitati</span> <span class='ocrx_word' id='word_1_369' title='bbox 3296 693 3400 731; x_wconf 80' lang='lat' dir='ltr'>vo-</span> 
     </span>
     <span class='ocr_line' id='line_1_57' title="bbox 2034 752 3401 822; baseline 0.001 -14"><span class='ocrx_word' id='word_1_370' title='bbox 2034 753 2265 809; x_wconf 79' lang='lat' dir='ltr'>luntatis</span> <span class='ocrx_word' id='word_1_371' title='bbox 2289 752 2556 819; x_wconf 65' lang='lat' dir='ltr'>humanae,</span> <span class='ocrx_word' id='word_1_372' title='bbox 2600 760 2660 808; x_wconf 78' lang='lat' dir='ltr'>ut</span> <span class='ocrx_word' id='word_1_373' title='bbox 2700 753 3181 822; x_wconf 76' lang='lat' dir='ltr'>indeclinabiliter,</span> <span class='ocrx_word' id='word_1_374' title='bbox 3210 762 3262 809; x_wconf 81' lang='lat' dir='ltr'>et</span> <span class='ocrx_word' id='word_1_375' title='bbox 3302 756 3401 810; x_wconf 82' lang='lat' dir='ltr'>in-</span> 
     </span>
     <span class='ocr_line' id='line_1_58' title="bbox 2030 832 3401 911; baseline 0 -22"><span class='ocrx_word' id='word_1_376' title='bbox 2030 832 2411 907; x_wconf 81' lang='lat' dir='ltr'>superabiliter</span> <span class='ocrx_word' id='word_1_377' title='bbox 2429 833 2624 888; x_wconf 82' lang='lat' dir='ltr'>divina</span> <span class='ocrx_word' id='word_1_378' title='bbox 2641 834 2826 902; x_wconf 65' lang='lat' dir='ltr'>gyratio</span> <span class='ocrx_word' id='word_1_379' title='bbox 2841 840 3109 903; x_wconf 64' lang='grc' dir='ltr'>«προνοίην,</span> <span class='ocrx_word' id='word_1_380' title='bbox 3124 841 3174 888; x_wconf 87' lang='lat' dir='ltr'>et</span> <span class='ocrx_word' id='word_1_381' title='bbox 3195 851 3401 911; x_wconf 73' lang='lat' dir='ltr'>quam-</span> 
     </span>
     <span class='ocr_line' id='line_1_59' title="bbox 2030 913 3402 986; baseline 0 -17"><span class='ocrx_word' id='word_1_382' title='bbox 2030 913 2117 969; x_wconf 84' lang='lat' dir='ltr'>vis</span> <span class='ocrx_word' id='word_1_383' title='bbox 2163 914 2407 986; x_wconf 78' lang='lat' dir='ltr'>infirma,</span> <span class='ocrx_word' id='word_1_384' title='bbox 2460 929 2568 967; x_wconf 88' lang='lat' dir='ltr'>non</span> <span class='ocrx_word' id='word_1_385' title='bbox 2611 913 2871 983; x_wconf 78' lang='lat' dir='ltr'>deficeret,</span> <span class='ocrx_word' id='word_1_386' title='bbox 2922 931 3018 968; x_wconf 82' lang='lat' dir='ltr'>nec</span> <span class='ocrx_word' id='word_1_387' title='bbox 3061 914 3402 969; x_wconf 74' lang='lat' dir='ltr'>adaersitate</span> 
     </span>
     <span class='ocr_line' id='line_1_60' title="bbox 2030 994 3399 1073; baseline 0 -21"><span class='ocrx_word' id='word_1_388' title='bbox 2030 995 2223 1073; x_wconf 78' lang='lat' dir='ltr'>aliqua</span> <span class='ocrx_word' id='word_1_389' title='bbox 2250 997 2571 1051; x_wconf 82' lang='lat' dir='ltr'>vinceretur.</span> <span class='ocrx_word' id='word_1_390' title='bbox 2603 994 2821 1059; x_wconf 88' lang='lat' dir='ltr'>Quibus</span> <span class='ocrx_word' id='word_1_391' title='bbox 2859 995 3049 1053; x_wconf 81' lang='lat' dir='ltr'>verbis</span> <span class='ocrx_word' id='word_1_392' title='bbox 3089 995 3399 1052; x_wconf 81' lang='lat' dir='ltr'>manifeste</span> 
     </span>
     <span class='ocr_line' id='line_1_61' title="bbox 2030 1073 3395 1148; baseline 0 -17"><span class='ocrx_word' id='word_1_393' title='bbox 2030 1074 2209 1140; x_wconf 88' lang='lat' dir='ltr'>docet,</span> <span class='ocrx_word' id='word_1_394' title='bbox 2236 1075 2485 1148; x_wconf 88' lang='lat' dir='ltr'>gratiam</span> <span class='ocrx_word' id='word_1_395' title='bbox 2512 1073 2790 1131; x_wconf 83' lang='lat' dir='ltr'>efficacem</span> <span class='ocrx_word' id='word_1_396' title='bbox 2835 1074 3047 1131; x_wconf 87' lang='lat' dir='ltr'>habere</span> <span class='ocrx_word' id='word_1_397' title='bbox 3084 1073 3395 1132; x_wconf 86' lang='lat' dir='ltr'>efficaciam</span> 
     </span>
     <span class='ocr_line' id='line_1_62' title="bbox 2031 1152 3399 1220; baseline -0.001 -9"><span class='ocrx_word' id='word_1_398' title='bbox 2031 1153 2433 1220; x_wconf 90' lang='lat' dir='ltr'>antecedentis,</span> <span class='ocrx_word' id='word_1_399' title='bbox 2488 1158 2544 1211; x_wconf 85' lang='lat' dir='ltr'>et</span> <span class='ocrx_word' id='word_1_400' title='bbox 2618 1152 2949 1210; x_wconf 85' lang='lat' dir='ltr'>infallibilis</span> <span class='ocrx_word' id='word_1_401' title='bbox 3013 1155 3399 1212; x_wconf 83' lang='lat' dir='ltr'>connexionis</span> 
     </span>
     <span class='ocr_line' id='line_1_63' title="bbox 2029 1233 3396 1308; baseline -0.001 -18"><span class='ocrx_word' id='word_1_402' title='bbox 2029 1250 2159 1290; x_wconf 91' lang='lat' dir='ltr'>cum</span> <span class='ocrx_word' id='word_1_403' title='bbox 2198 1233 2396 1292; x_wconf 80' lang='lat' dir='ltr'>effectu</span> <span class='ocrx_word' id='word_1_404' title='bbox 2443 1233 2897 1307; x_wconf 61' lang='lat' dir='ltr'>perseverantiae,</span> <span class='ocrx_word' id='word_1_405' title='bbox 2925 1235 3069 1290; x_wconf 89' lang='lat' dir='ltr'>alias</span> <span class='ocrx_word' id='word_1_406' title='bbox 3096 1250 3199 1308; x_wconf 88' lang='lat' dir='ltr'>per</span> <span class='ocrx_word' id='word_1_407' title='bbox 3224 1234 3396 1289; x_wconf 87' lang='lat' dir='ltr'>illam</span> 
     </span>
     <span class='ocr_line' id='line_1_64' title="bbox 2028 1314 3396 1390; baseline 0 -20"><span class='ocrx_word' id='word_1_408' title='bbox 2028 1315 2274 1390; x_wconf 89' lang='lat' dir='ltr'>gratiam</span> <span class='ocrx_word' id='word_1_409' title='bbox 2304 1331 2421 1372; x_wconf 91' lang='lat' dir='ltr'>non</span> <span class='ocrx_word' id='word_1_410' title='bbox 2449 1321 2713 1390; x_wconf 85' lang='lat' dir='ltr'>ageretur</span> <span class='ocrx_word' id='word_1_411' title='bbox 2735 1317 2998 1372; x_wconf 88' lang='lat' dir='ltr'>voluntas</span> <span class='ocrx_word' id='word_1_412' title='bbox 3020 1315 3281 1371; x_wconf 90' lang='lat' dir='ltr'>humana</span> <span class='ocrx_word' id='word_1_413' title='bbox 3305 1314 3396 1370; x_wconf 90' lang='lat' dir='ltr'>in·</span> 
     </span>
     <span class='ocr_line' id='line_1_65' title="bbox 2028 1395 3393 1469; baseline 0 -17"><span class='ocrx_word' id='word_1_414' title='bbox 2028 1396 2470 1464; x_wconf 88' lang='lat' dir='ltr'>declinabiliter,</span> <span class='ocrx_word' id='word_1_415' title='bbox 2499 1402 2555 1453; x_wconf 91' lang='lat' dir='ltr'>et</span> <span class='ocrx_word' id='word_1_416' title='bbox 2582 1395 3081 1469; x_wconf 88' lang='lat' dir='ltr'>insuperabiliter;</span> <span class='ocrx_word' id='word_1_417' title='bbox 3111 1395 3209 1452; x_wconf 88' lang='lat' dir='ltr'>sed</span> <span class='ocrx_word' id='word_1_418' title='bbox 3232 1398 3393 1452; x_wconf 85' lang='lat' dir='ltr'>mul-</span> 
     </span>
     <span class='ocr_line' id='line_1_66' title="bbox 2029 1475 3395 1548; baseline 0.001 -17"><span class='ocrx_word' id='word_1_419' title='bbox 2029 1477 2196 1533; x_wconf 89' lang='lat' dir='ltr'>toties</span> <span class='ocrx_word' id='word_1_420' title='bbox 2223 1475 2547 1533; x_wconf 89' lang='lat' dir='ltr'>declinaret</span> <span class='ocrx_word' id='word_1_421' title='bbox 2571 1476 2641 1532; x_wconf 91' lang='lat' dir='ltr'>ad</span> <span class='ocrx_word' id='word_1_422' title='bbox 2669 1476 2910 1543; x_wconf 89' lang='lat' dir='ltr'>malum,</span> <span class='ocrx_word' id='word_1_423' title='bbox 2941 1482 2996 1533; x_wconf 90' lang='lat' dir='ltr'>et</span> <span class='ocrx_word' id='word_1_424' title='bbox 3019 1480 3395 1548; x_wconf 87' lang='lat' dir='ltr'>superaretur</span> 
     </span>
     <span class='ocr_line' id='line_1_67' title="bbox 2028 1553 2252 1612; baseline 0.009 -1"><span class='ocrx_word' id='word_1_425' title='bbox 2028 1553 2252 1612; x_wconf 88' lang='lat' dir='ltr'>abillo.</span> 
     </span>
    </p>

    <p class='ocr_par' dir='ltr' id='par_1_15' title="bbox 2021 1634 3397 3142">
     <span class='ocr_line' id='line_1_68' title="bbox 2102 1634 3397 1708; baseline 0.001 -19"><span class='ocrx_word' id='word_1_426' title='bbox 2102 1636 2251 1690; x_wconf 92' lang='lat' dir='ltr'>Tum</span> <span class='ocrx_word' id='word_1_427' title='bbox 2273 1634 2470 1700; x_wconf 91' lang='lat' dir='ltr'>etiam,</span> <span class='ocrx_word' id='word_1_428' title='bbox 2504 1634 2638 1708; x_wconf 91' lang='lat' dir='ltr'>quia</span> <span class='ocrx_word' id='word_1_429' title='bbox 2662 1635 2711 1690; x_wconf 93' lang='lat' dir='ltr'>si</span> <span class='ocrx_word' id='word_1_430' title='bbox 2732 1640 2853 1707; x_wconf 89' lang='lat' dir='ltr'>post</span> <span class='ocrx_word' id='word_1_431' title='bbox 2877 1634 3246 1692; x_wconf 88' lang='lat' dir='ltr'>collationem</span> <span class='ocrx_word' id='word_1_432' title='bbox 3266 1648 3397 1707; x_wconf 85' lang='lat' dir='ltr'>gra·</span> 
     </span>
     <span class='ocr_line' id='line_1_69' title="bbox 2029 1712 3396 1787; baseline 0 -19"><span class='ocrx_word' id='word_1_433' title='bbox 2029 1714 2121 1771; x_wconf 79' lang='lat' dir='ltr'>tiae</span> <span class='ocrx_word' id='word_1_434' title='bbox 2147 1713 2497 1781; x_wconf 86' lang='lat' dir='ltr'>sufficientis,</span> <span class='ocrx_word' id='word_1_435' title='bbox 2528 1715 2798 1771; x_wconf 81' lang='lat' dir='ltr'>voluntas</span> <span class='ocrx_word' id='word_1_436' title='bbox 2838 1712 3295 1787; x_wconf 82' lang='lat' dir='ltr'>independenter</span> <span class='ocrx_word' id='word_1_437' title='bbox 3323 1712 3396 1770; x_wconf 89' lang='lat' dir='ltr'>ab</span> 
     </span>
     <span class='ocr_line' id='line_1_70' title="bbox 2028 1794 3394 1869; baseline 0 -18"><span class='ocrx_word' id='word_1_438' title='bbox 2028 1795 2312 1861; x_wconf 88' lang='lat' dir='ltr'>ulteriori,</span> <span class='ocrx_word' id='word_1_439' title='bbox 2345 1796 2435 1852; x_wconf 85' lang='lat' dir='ltr'>vel</span> <span class='ocrx_word' id='word_1_440' title='bbox 2453 1796 2658 1869; x_wconf 70' lang='lat' dir='ltr'>maiori</span> <span class='ocrx_word' id='word_1_441' title='bbox 2688 1794 2988 1868; x_wconf 87' lang='lat' dir='ltr'>adjutorio,</span> <span class='ocrx_word' id='word_1_442' title='bbox 3021 1795 3112 1851; x_wconf 80' lang='lat' dir='ltr'>vel</span> <span class='ocrx_word' id='word_1_443' title='bbox 3145 1811 3179 1850; x_wconf 89' lang='lat' dir='ltr'>a</span> <span class='ocrx_word' id='word_1_444' title='bbox 3202 1796 3394 1868; x_wconf 86' lang='lat' dir='ltr'>gratia</span> 
     </span>
     <span class='ocr_line' id='line_1_71' title="bbox 2028 1874 3393 1942; baseline -0.001 -9"><span class='ocrx_word' id='word_1_445' title='bbox 2028 1875 2406 1942; x_wconf 87' lang='lat' dir='ltr'>antecedenti,</span> <span class='ocrx_word' id='word_1_446' title='bbox 2463 1881 2519 1932; x_wconf 90' lang='lat' dir='ltr'>et</span> <span class='ocrx_word' id='word_1_447' title='bbox 2571 1875 2962 1932; x_wconf 79' lang='lat' dir='ltr'>infallibiliter</span> <span class='ocrx_word' id='word_1_448' title='bbox 3009 1891 3141 1930; x_wconf 90' lang='lat' dir='ltr'>cum</span> <span class='ocrx_word' id='word_1_449' title='bbox 3189 1874 3393 1932; x_wconf 78' lang='lat' dir='ltr'>effectu</span> 
     </span>
     <span class='ocr_line' id='line_1_72' title="bbox 2026 1955 3390 2025; baseline -0.001 -10"><span class='ocrx_word' id='word_1_450' title='bbox 2026 1975 2299 2025; x_wconf 88' lang='lat' dir='ltr'>connexa,</span> <span class='ocrx_word' id='word_1_451' title='bbox 2324 1974 2383 2015; x_wconf 90' lang='lat' dir='ltr'>se</span> <span class='ocrx_word' id='word_1_452' title='bbox 2402 1957 2471 2013; x_wconf 90' lang='lat' dir='ltr'>ad</span> <span class='ocrx_word' id='word_1_453' title='bbox 2498 1957 2929 2014; x_wconf 82' lang='lat' dir='ltr'>conversionem</span> <span class='ocrx_word' id='word_1_454' title='bbox 2951 1955 3390 2025; x_wconf 83' lang='lat' dir='ltr'>determinaret,</span> 
     </span>
     <span class='ocr_line' id='line_1_73' title="bbox 2026 2037 3396 2097; baseline 0.001 -3"><span class='ocrx_word' id='word_1_455' title='bbox 2026 2038 2296 2097; x_wconf 87' lang='lat' dir='ltr'>discretio</span> <span class='ocrx_word' id='word_1_456' title='bbox 2337 2038 2744 2095; x_wconf 89' lang='lat' dir='ltr'>consentientis</span> <span class='ocrx_word' id='word_1_457' title='bbox 2782 2053 2815 2093; x_wconf 88' lang='lat' dir='ltr'>a</span> <span class='ocrx_word' id='word_1_458' title='bbox 2843 2052 2960 2093; x_wconf 90' lang='lat' dir='ltr'>non</span> <span class='ocrx_word' id='word_1_459' title='bbox 2997 2037 3396 2095; x_wconf 83' lang='lat' dir='ltr'>consentiente</span> 
     </span>
     <span class='ocr_line' id='line_1_74' title="bbox 2029 2116 3393 2192; baseline -0.001 -16"><span class='ocrx_word' id='word_1_460' title='bbox 2029 2119 2402 2178; x_wconf 87' lang='lat' dir='ltr'>reduceretur</span> <span class='ocrx_word' id='word_1_461' title='bbox 2417 2135 2533 2175; x_wconf 92' lang='lat' dir='ltr'>non</span> <span class='ocrx_word' id='word_1_462' title='bbox 2561 2119 2622 2174; x_wconf 89' lang='lat' dir='ltr'>in</span> <span class='ocrx_word' id='word_1_463' title='bbox 2642 2118 2905 2192; x_wconf 87' lang='lat' dir='ltr'>gratiam,</span> <span class='ocrx_word' id='word_1_464' title='bbox 2931 2116 3115 2173; x_wconf 87' lang='lat' dir='ltr'>sedin</span> <span class='ocrx_word' id='word_1_465' title='bbox 3139 2116 3393 2174; x_wconf 90' lang='lat' dir='ltr'>liberum</span> 
     </span>
     <span class='ocr_line' id='line_1_75' title="bbox 2028 2197 3391 2271; baseline -0.001 -15"><span class='ocrx_word' id='word_1_466' title='bbox 2028 2199 2357 2257; x_wconf 88' lang='lat' dir='ltr'>arbitrium.</span> <span class='ocrx_word' id='word_1_467' title='bbox 2391 2199 2628 2271; x_wconf 87' lang='lat' dir='ltr'>Sequela</span> <span class='ocrx_word' id='word_1_468' title='bbox 2653 2204 2737 2255; x_wconf 89' lang='lat' dir='ltr'>est</span> <span class='ocrx_word' id='word_1_469' title='bbox 2761 2197 3087 2263; x_wconf 84' lang='lat' dir='ltr'>manifesta,</span> <span class='ocrx_word' id='word_1_470' title='bbox 3112 2198 3391 2270; x_wconf 89' lang='lat' dir='ltr'>quoniam</span> 
     </span>
     <span class='ocr_line' id='line_1_76' title="bbox 2026 2278 3395 2355; baseline -0.002 -17"><span class='ocrx_word' id='word_1_471' title='bbox 2026 2282 2090 2337; x_wconf 89' lang='lat' dir='ltr'>in</span> <span class='ocrx_word' id='word_1_472' title='bbox 2119 2282 2221 2338; x_wconf 90' lang='lat' dir='ltr'>illa</span> <span class='ocrx_word' id='word_1_473' title='bbox 2243 2278 2541 2355; x_wconf 81' lang='lat' dir='ltr'>hypothesi</span> <span class='ocrx_word' id='word_1_474' title='bbox 2563 2278 2746 2352; x_wconf 89' lang='lat' dir='ltr'>gratia</span> <span class='ocrx_word' id='word_1_475' title='bbox 2774 2278 2945 2334; x_wconf 90' lang='lat' dir='ltr'>unius</span> <span class='ocrx_word' id='word_1_476' title='bbox 2966 2293 3085 2334; x_wconf 89' lang='lat' dir='ltr'>non</span> <span class='ocrx_word' id='word_1_477' title='bbox 3106 2285 3253 2335; x_wconf 89' lang='lat' dir='ltr'>esset</span> <span class='ocrx_word' id='word_1_478' title='bbox 3273 2295 3395 2336; x_wconf 89' lang='lat' dir='ltr'>ma·</span> 
     </span>
     <span class='ocr_line' id='line_1_77' title="bbox 2021 2358 3394 2437; baseline -0.003 -19"><span class='ocrx_word' id='word_1_479' title='bbox 2021 2363 2115 2437; x_wconf 79' lang='lat' dir='ltr'>jor</span> <span class='ocrx_word' id='word_1_480' title='bbox 2141 2362 2204 2417; x_wconf 91' lang='lat' dir='ltr'>in</span> <span class='ocrx_word' id='word_1_481' title='bbox 2246 2377 2368 2418; x_wconf 91' lang='lat' dir='ltr'>esse</span> <span class='ocrx_word' id='word_1_482' title='bbox 2405 2359 2575 2426; x_wconf 80' lang='lat' dir='ltr'>entiS,</span> <span class='ocrx_word' id='word_1_483' title='bbox 2609 2364 2669 2414; x_wconf 90' lang='lat' dir='ltr'>ut</span> <span class='ocrx_word' id='word_1_484' title='bbox 2709 2358 3091 2432; x_wconf 87' lang='lat' dir='ltr'>supponitur:</span> <span class='ocrx_word' id='word_1_485' title='bbox 3119 2374 3223 2414; x_wconf 91' lang='lat' dir='ltr'>nec</span> <span class='ocrx_word' id='word_1_486' title='bbox 3246 2366 3394 2415; x_wconf 57' lang='lat' dir='ltr'>esset</span> 
     </span>
     <span class='ocr_line' id='line_1_78' title="bbox 2025 2435 3393 2514; baseline -0.002 -18"><span class='ocrx_word' id='word_1_487' title='bbox 2025 2441 2212 2514; x_wconf 89' lang='lat' dir='ltr'>maj0r</span> <span class='ocrx_word' id='word_1_488' title='bbox 2271 2441 2334 2496; x_wconf 92' lang='lat' dir='ltr'>in</span> <span class='ocrx_word' id='word_1_489' title='bbox 2388 2439 2611 2495; x_wconf 92' lang='lat' dir='ltr'>ratione</span> <span class='ocrx_word' id='word_1_490' title='bbox 2662 2437 2943 2503; x_wconf 85' lang='lat' dir='ltr'>beneficii,</span> <span class='ocrx_word' id='word_1_491' title='bbox 2994 2435 3283 2509; x_wconf 89' lang='lat' dir='ltr'>siquidem</span> <span class='ocrx_word' id='word_1_492' title='bbox 3330 2436 3393 2493; x_wconf 86' lang='lat' dir='ltr'>fit</span> 
     </span>
     <span class='ocr_line' id='line_1_79' title="bbox 2024 2518 3391 2595; baseline -0.002 -17"><span class='ocrx_word' id='word_1_493' title='bbox 2024 2522 2358 2595; x_wconf 89' lang='lat' dir='ltr'>suppositio,</span> <span class='ocrx_word' id='word_1_494' title='bbox 2414 2520 2563 2593; x_wconf 88' lang='lat' dir='ltr'>quod</span> <span class='ocrx_word' id='word_1_495' title='bbox 2606 2522 2752 2576; x_wconf 89' lang='lat' dir='ltr'>Deus</span> <span class='ocrx_word' id='word_1_496' title='bbox 2792 2519 3104 2593; x_wconf 88' lang='lat' dir='ltr'>largiretur</span> <span class='ocrx_word' id='word_1_497' title='bbox 3143 2518 3391 2593; x_wconf 85' lang='lat' dir='ltr'>gratiam</span> 
     </span>
     <span class='ocr_line' id='line_1_80' title="bbox 2024 2600 3392 2676; baseline -0.004 -16"><span class='ocrx_word' id='word_1_498' title='bbox 2024 2620 2185 2669; x_wconf 81' lang='lat' dir='ltr'>caeco,</span> <span class='ocrx_word' id='word_1_499' title='bbox 2216 2608 2274 2659; x_wconf 90' lang='lat' dir='ltr'>et</span> <span class='ocrx_word' id='word_1_500' title='bbox 2300 2601 2592 2676; x_wconf 89' lang='lat' dir='ltr'>ignoranti</span> <span class='ocrx_word' id='word_1_501' title='bbox 2621 2600 2809 2667; x_wconf 86' lang='lat' dir='ltr'>m&#39;odo,</span> <span class='ocrx_word' id='word_1_502' title='bbox 2844 2601 3103 2657; x_wconf 89' lang='lat' dir='ltr'>nesciens</span> <span class='ocrx_word' id='word_1_503' title='bbox 3130 2600 3392 2656; x_wconf 84' lang='lat' dir='ltr'>futurum</span> 
     </span>
     <span class='ocr_line' id='line_1_81' title="bbox 2024 2681 3393 2755; baseline -0.003 -13"><span class='ocrx_word' id='word_1_504' title='bbox 2024 2689 2300 2742; x_wconf 87' lang='lat' dir='ltr'>eventum</span> <span class='ocrx_word' id='word_1_505' title='bbox 2335 2705 2347 2739; x_wconf 89' lang='lat'>:</span> <span class='ocrx_word' id='word_1_506' title='bbox 2375 2682 2474 2739; x_wconf 89' lang='lat' dir='ltr'>sed</span> <span class='ocrx_word' id='word_1_507' title='bbox 2500 2687 2686 2739; x_wconf 89' lang='lat' dir='ltr'>stante</span> <span class='ocrx_word' id='word_1_508' title='bbox 2712 2681 3046 2739; x_wconf 90' lang='lat' dir='ltr'>omnimoda</span> <span class='ocrx_word' id='word_1_509' title='bbox 3068 2683 3393 2755; x_wconf 83' lang='lat' dir='ltr'>aequalitate</span> 
     </span>
     <span class='ocr_line' id='line_1_82' title="bbox 2023 2761 3392 2841; baseline -0.002 -20"><span class='ocrx_word' id='word_1_510' title='bbox 2023 2765 2242 2841; x_wconf 66' lang='lat' dir='ltr'>gratiae,</span> <span class='ocrx_word' id='word_1_511' title='bbox 2269 2762 2537 2819; x_wconf 89' lang='lat' dir='ltr'>discretio</span> <span class='ocrx_word' id='word_1_512' title='bbox 2565 2764 2760 2835; x_wconf 89' lang='lat' dir='ltr'>nequit</span> <span class='ocrx_word' id='word_1_513' title='bbox 2787 2761 3055 2835; x_wconf 89' lang='lat' dir='ltr'>primitus</span> <span class='ocrx_word' id='word_1_514' title='bbox 3081 2762 3392 2835; x_wconf 75' lang='lat' dir='ltr'>provenire</span> 
     </span>
     <span class='ocr_line' id='line_1_83' title="bbox 2025 2841 3394 2920; baseline -0.002 -17"><span class='ocrx_word' id='word_1_515' title='bbox 2025 2862 2058 2903; x_wconf 91' lang='lat' dir='ltr'>a</span> <span class='ocrx_word' id='word_1_516' title='bbox 2100 2844 2305 2920; x_wconf 88' lang='lat' dir='ltr'>gratia,</span> <span class='ocrx_word' id='word_1_517' title='bbox 2336 2842 2434 2900; x_wconf 89' lang='lat' dir='ltr'>sed</span> <span class='ocrx_word' id='word_1_518' title='bbox 2483 2858 2516 2899; x_wconf 91' lang='lat' dir='ltr'>a</span> <span class='ocrx_word' id='word_1_519' title='bbox 2546 2841 2726 2901; x_wconf 91' lang='lat' dir='ltr'>libero</span> <span class='ocrx_word' id='word_1_520' title='bbox 2755 2841 2997 2900; x_wconf 90' lang='lat' dir='ltr'>arbitrio</span> <span class='ocrx_word' id='word_1_521' title='bbox 3025 2863 3037 2898; x_wconf 91' lang='lat'><strong>:</strong></span> <span class='ocrx_word' id='word_1_522' title='bbox 3066 2857 3204 2917; x_wconf 85' lang='lat' dir='ltr'>ergo</span> <span class='ocrx_word' id='word_1_523' title='bbox 3232 2843 3296 2899; x_wconf 92' lang='lat' dir='ltr'>in</span> <span class='ocrx_word' id='word_1_524' title='bbox 3324 2858 3394 2900; x_wconf 92' lang='lat' dir='ltr'>eo</span> 
     </span>
     <span class='ocr_line' id='line_1_84' title="bbox 2023 2923 3394 2998; baseline -0.004 -13"><span class='ocrx_word' id='word_1_525' title='bbox 2023 2931 2233 2985; x_wconf 91' lang='lat' dir='ltr'>eventu</span> <span class='ocrx_word' id='word_1_526' title='bbox 2282 2924 2551 2980; x_wconf 89' lang='lat' dir='ltr'>discretio</span> <span class='ocrx_word' id='word_1_527' title='bbox 2598 2940 2716 2981; x_wconf 92' lang='lat' dir='ltr'>non</span> <span class='ocrx_word' id='word_1_528' title='bbox 2763 2925 2824 2980; x_wconf 90' lang='lat' dir='ltr'>in</span> <span class='ocrx_word' id='word_1_529' title='bbox 2868 2924 3139 2998; x_wconf 90' lang='lat' dir='ltr'>gratiam,</span> <span class='ocrx_word' id='word_1_530' title='bbox 3189 2923 3285 2979; x_wconf 86' lang='lat' dir='ltr'>scd</span> <span class='ocrx_word' id='word_1_531' title='bbox 3329 2924 3394 2980; x_wconf 91' lang='lat' dir='ltr'>in</span> 
     </span>
     <span class='ocr_line' id='line_1_85' title="bbox 2025 3002 3397 3076; baseline -0.002 -14"><span class='ocrx_word' id='word_1_532' title='bbox 2025 3005 2275 3062; x_wconf 87' lang='lat' dir='ltr'>liberum</span> <span class='ocrx_word' id='word_1_533' title='bbox 2293 3003 2600 3060; x_wconf 88' lang='lat' dir='ltr'>arbitrium</span> <span class='ocrx_word' id='word_1_534' title='bbox 2621 3002 2984 3059; x_wconf 89' lang='lat' dir='ltr'>reduceretur</span> <span class='ocrx_word' id='word_1_535' title='bbox 3000 3027 3013 3069; x_wconf 89' lang='lat'><strong>;</strong></span> <span class='ocrx_word' id='word_1_536' title='bbox 3030 3003 3180 3076; x_wconf 92' lang='lat' dir='ltr'>quod</span> <span class='ocrx_word' id='word_1_537' title='bbox 3198 3009 3397 3061; x_wconf 89' lang='lat' dir='ltr'>tamen</span> 
     </span>
     <span class='ocr_line' id='line_1_86' title="bbox 2023 3081 3393 3142; baseline 0 -1"><span class='ocrx_word' id='word_1_538' title='bbox 2023 3084 2357 3142; x_wconf 83' lang='lat' dir='ltr'>Adversarii</span> <span class='ocrx_word' id='word_1_539' title='bbox 2386 3099 2503 3140; x_wconf 91' lang='lat' dir='ltr'>non</span> <span class='ocrx_word' id='word_1_540' title='bbox 2533 3081 2744 3139; x_wconf 88' lang='lat' dir='ltr'>audent</span> <span class='ocrx_word' id='word_1_541' title='bbox 2771 3084 3161 3139; x_wconf 88' lang='lat' dir='ltr'>communiter</span> <span class='ocrx_word' id='word_1_542' title='bbox 3189 3099 3393 3141; x_wconf 80' lang='lat' dir='ltr'>conee-</span> 
     </span>
    </p>
   </div>
   <div class='ocr_carea' id='block_1_15' title="bbox 2022 3164 2205 3223">
    <p class='ocr_par' dir='ltr' id='par_1_16' title="bbox 2022 3164 2205 3223">
     <span class='ocr_line' id='line_1_87' title="bbox 2022 3164 2205 3223; baseline 0 -2"><span class='ocrx_word' id='word_1_543' title='bbox 2022 3164 2176 3223; x_wconf 89' lang='lat' dir='ltr'>dere.</span> <span class='ocrx_word' id='word_1_544' title='bbox 2202 3203 2205 3206; x_wconf 52' lang='lat'><strong>&gt;</strong></span> 
     </span>
    </p>
   </div>
   <div class='ocr_carea' id='block_1_16' title="bbox 2097 3243 3540 3400">
    <p class='ocr_par' dir='ltr' id='par_1_17' title="bbox 2097 3243 3540 3400">
     <span class='ocr_line' id='line_1_88' title="bbox 2097 3243 3540 3350; baseline 0.001 -49"><span class='ocrx_word' id='word_1_545' title='bbox 2097 3248 2210 3301; x_wconf 91' lang='lat' dir='ltr'>Nec</span> <span class='ocrx_word' id='word_1_546' title='bbox 2233 3243 2485 3317; x_wconf 89' lang='lat' dir='ltr'>proderit</span> <span class='ocrx_word' id='word_1_547' title='bbox 2506 3243 2712 3310; x_wconf 89' lang='lat' dir='ltr'>dicere,</span> <span class='ocrx_word' id='word_1_548' title='bbox 2731 3244 3059 3300; x_wconf 86' lang='lat' dir='ltr'>testimonia</span> <span class='ocrx_word' id='word_1_549' title='bbox 3081 3244 3540 3350; x_wconf 45' lang='lat' dir='ltr'>Scripturaeotshtffl</span> 
     </span>
     <span class='ocr_line' id='line_1_89' title="bbox 3430 3357 3539 3400; baseline -0.037 0"><span class='ocrx_word' id='word_1_550' title='bbox 3430 3357 3539 3400; x_wconf 73' lang='lat' dir='ltr'>cuna&lt;</span> 
     </span>
    </p>
   </div>
   <div class='ocr_carea' id='block_1_17' title="bbox 2014 3322 3403 5162">
    <p class='ocr_par' dir='ltr' id='par_1_18' title="bbox 2014 3322 3403 5088">
     <span class='ocr_line' id='line_1_90' title="bbox 2022 3322 3397 3397; baseline 0.001 -17"><span class='ocrx_word' id='word_1_551' title='bbox 2022 3341 2146 3397; x_wconf 72' lang='lat' dir='ltr'>quae</span> <span class='ocrx_word' id='word_1_552' title='bbox 2172 3322 2575 3380; x_wconf 87' lang='lat' dir='ltr'>discretionem</span> <span class='ocrx_word' id='word_1_553' title='bbox 2600 3330 2868 3380; x_wconf 87' lang='lat' dir='ltr'>revocant</span> <span class='ocrx_word' id='word_1_554' title='bbox 2887 3323 2950 3379; x_wconf 89' lang='lat' dir='ltr'>in</span> <span class='ocrx_word' id='word_1_555' title='bbox 2970 3324 3241 3396; x_wconf 88' lang='lat' dir='ltr'>gratiam,</span> <span class='ocrx_word' id='word_1_556' title='bbox 3264 3341 3397 3396; x_wconf 87' lang='lat' dir='ltr'>pro-</span> 
     </span>
     <span class='ocr_line' id='line_1_91' title="bbox 2021 3403 3390 3475; baseline 0 -15"><span class='ocrx_word' id='word_1_557' title='bbox 2021 3404 2220 3462; x_wconf 89' lang='lat' dir='ltr'>cedere</span> <span class='ocrx_word' id='word_1_558' title='bbox 2246 3403 2557 3460; x_wconf 89' lang='lat' dir='ltr'>secundum</span> <span class='ocrx_word' id='word_1_559' title='bbox 2577 3409 2910 3475; x_wconf 65' lang='lat' dir='ltr'>praesentem</span> <span class='ocrx_word' id='word_1_560' title='bbox 2935 3403 3390 3475; x_wconf 82' lang='lat' dir='ltr'>providentiam,</span> 
     </span>
     <span class='ocr_line' id='line_1_92' title="bbox 2020 3473 3403 3556; baseline 0.001 -17"><span class='ocrx_word' id='word_1_561' title='bbox 2020 3500 2147 3556; x_wconf 81' lang='lat' dir='ltr'>quae</span> <span class='ocrx_word' id='word_1_562' title='bbox 2186 3483 2457 3555; x_wconf 88' lang='lat' dir='ltr'>supponit</span> <span class='ocrx_word' id='word_1_563' title='bbox 2481 3483 2780 3539; x_wconf 89' lang='lat' dir='ltr'>scientiam</span> <span class='ocrx_word' id='word_1_564' title='bbox 2823 3481 3108 3548; x_wconf 87' lang='lat' dir='ltr'>mediam;</span> <span class='ocrx_word' id='word_1_565' title='bbox 3137 3499 3256 3539; x_wconf 91' lang='lat' dir='ltr'>non</span> <span class='ocrx_word' id='word_1_566' title='bbox 3282 3473 3403 3540; x_wconf 65' lang='grc' dir='ltr'>ειη-ἰ</span> 
     </span>
     <span class='ocr_line' id='line_1_93' title="bbox 2022 3561 3397 3621; baseline 0.001 -2"><span class='ocrx_word' id='word_1_567' title='bbox 2022 3570 2136 3620; x_wconf 89' lang='lat' dir='ltr'>tem</span> <span class='ocrx_word' id='word_1_568' title='bbox 2167 3562 2511 3621; x_wconf 87' lang='lat' dir='ltr'>attendendo</span> <span class='ocrx_word' id='word_1_569' title='bbox 2540 3561 2611 3618; x_wconf 91' lang='lat' dir='ltr'>ad</span> <span class='ocrx_word' id='word_1_570' title='bbox 2648 3561 3035 3619; x_wconf 90' lang='lat' dir='ltr'>conditionem</span> <span class='ocrx_word' id='word_1_571' title='bbox 3077 3578 3397 3621; x_wconf 89' lang='lat' dir='ltr'>consensus</span> 
     </span>
     <span class='ocr_line' id='line_1_94' title="bbox 2021 3640 3391 3716; baseline 0.001 -18"><span class='ocrx_word' id='word_1_572' title='bbox 2021 3642 2214 3710; x_wconf 90' lang='lat' dir='ltr'>liberi,</span> <span class='ocrx_word' id='word_1_573' title='bbox 2268 3643 2366 3716; x_wconf 91' lang='lat' dir='ltr'>qui</span> <span class='ocrx_word' id='word_1_574' title='bbox 2411 3641 2613 3699; x_wconf 91' lang='lat' dir='ltr'>eodem</span> <span class='ocrx_word' id='word_1_575' title='bbox 2659 3640 2831 3699; x_wconf 90' lang='lat' dir='ltr'>modo</span> <span class='ocrx_word' id='word_1_576' title='bbox 2880 3640 3060 3707; x_wconf 85' lang='lat' dir='ltr'>fieret,</span> <span class='ocrx_word' id='word_1_577' title='bbox 3117 3645 3391 3715; x_wconf 81' lang='lat' dir='ltr'>quamvis</span> 
     </span>
     <span class='ocr_line' id='line_1_95' title="bbox 2020 3725 3384 3797; baseline 0.001 -18"><span class='ocrx_word' id='word_1_578' title='bbox 2020 3725 2189 3781; x_wconf 90' lang='lat' dir='ltr'>illam</span> <span class='ocrx_word' id='word_1_579' title='bbox 2261 3725 2678 3797; x_wconf 77' lang='lat' dir='ltr'>praescientiam</span> <span class='ocrx_word' id='word_1_580' title='bbox 2726 3739 2842 3781; x_wconf 91' lang='lat' dir='ltr'>non</span> <span class='ocrx_word' id='word_1_581' title='bbox 2890 3734 3384 3796; x_wconf 75' lang='lat' dir='ltr'>praesupponeret.</span> 
     </span>
     <span class='ocr_line' id='line_1_96' title="bbox 2022 3803 3391 3876; baseline 0.002 -16"><span class='ocrx_word' id='word_1_582' title='bbox 2022 3805 2155 3868; x_wconf 89' lang='lat' dir='ltr'>Hoc,</span> <span class='ocrx_word' id='word_1_583' title='bbox 2177 3805 2434 3876; x_wconf 90' lang='lat' dir='ltr'>inquam,</span> <span class='ocrx_word' id='word_1_584' title='bbox 2454 3805 2602 3860; x_wconf 92' lang='lat' dir='ltr'>nihil</span> <span class='ocrx_word' id='word_1_585' title='bbox 2623 3803 3005 3876; x_wconf 89' lang='lat' dir='ltr'>prodest‚quia</span> <span class='ocrx_word' id='word_1_586' title='bbox 3021 3804 3391 3874; x_wconf 78' lang='lat' dir='ltr'>providentia</span> 
     </span>
     <span class='ocr_line' id='line_1_97' title="bbox 2020 3885 3390 3963; baseline 0.001 -21"><span class='ocrx_word' id='word_1_587' title='bbox 2020 3885 2347 3942; x_wconf 90' lang='lat' dir='ltr'>communis</span> <span class='ocrx_word' id='word_1_588' title='bbox 2385 3886 2582 3959; x_wconf 83' lang='lat' dir='ltr'>gratiae</span> <span class='ocrx_word' id='word_1_589' title='bbox 2607 3890 2692 3942; x_wconf 91' lang='lat' dir='ltr'>est</span> <span class='ocrx_word' id='word_1_590' title='bbox 2718 3886 2882 3959; x_wconf 83' lang='lat' dir='ltr'>juxta</span> <span class='ocrx_word' id='word_1_591' title='bbox 2907 3885 3259 3963; x_wconf 80' lang='lat' dir='ltr'>exigentiam</span> <span class='ocrx_word' id='word_1_592' title='bbox 3284 3903 3390 3944; x_wconf 89' lang='lat' dir='ltr'>eo-</span> 
     </span>
     <span class='ocr_line' id='line_1_98' title="bbox 2022 3965 3391 4041; baseline 0.002 -19"><span class='ocrx_word' id='word_1_593' title='bbox 2022 3983 2174 4036; x_wconf 90' lang='lat' dir='ltr'>rum,</span> <span class='ocrx_word' id='word_1_594' title='bbox 2200 3982 2326 4040; x_wconf 80' lang='lat' dir='ltr'>quae</span> <span class='ocrx_word' id='word_1_595' title='bbox 2351 3966 2421 4023; x_wconf 89' lang='lat' dir='ltr'>ad</span> <span class='ocrx_word' id='word_1_596' title='bbox 2442 3967 2939 4039; x_wconf 87' lang='lat' dir='ltr'>supernaturalem</span> <span class='ocrx_word' id='word_1_597' title='bbox 2964 3965 3229 4023; x_wconf 91' lang='lat' dir='ltr'>ordinem</span> <span class='ocrx_word' id='word_1_598' title='bbox 3261 3985 3391 4041; x_wconf 89' lang='lat' dir='ltr'>per·</span> 
     </span>
     <span class='ocr_line' id='line_1_99' title="bbox 2020 4047 3389 4119; baseline 0.001 -17"><span class='ocrx_word' id='word_1_599' title='bbox 2020 4048 2222 4111; x_wconf 88' lang='lat' dir='ltr'>tinent,</span> <span class='ocrx_word' id='word_1_600' title='bbox 2255 4048 2402 4104; x_wconf 90' lang='lat' dir='ltr'>sicut</span> <span class='ocrx_word' id='word_1_601' title='bbox 2443 4047 2803 4119; x_wconf 83' lang='lat' dir='ltr'>providentia</span> <span class='ocrx_word' id='word_1_602' title='bbox 2848 4049 3172 4103; x_wconf 90' lang='lat' dir='ltr'>communis</span> <span class='ocrx_word' id='word_1_603' title='bbox 3213 4056 3389 4104; x_wconf 89' lang='lat' dir='ltr'>natu-</span> 
     </span>
     <span class='ocr_line' id='line_1_100' title="bbox 2022 4127 3388 4201; baseline 0.002 -17"><span class='ocrx_word' id='word_1_604' title='bbox 2022 4128 2161 4184; x_wconf 88' lang='lat' dir='ltr'>ralis</span> <span class='ocrx_word' id='word_1_605' title='bbox 2205 4131 2291 4185; x_wconf 88' lang='lat' dir='ltr'>est</span> <span class='ocrx_word' id='word_1_606' title='bbox 2341 4127 2654 4184; x_wconf 89' lang='lat' dir='ltr'>secundum</span> <span class='ocrx_word' id='word_1_607' title='bbox 2700 4127 3047 4201; x_wconf 82' lang='lat' dir='ltr'>exigentiam</span> <span class='ocrx_word' id='word_1_608' title='bbox 3100 4134 3328 4187; x_wconf 77' lang='lat' dir='ltr'>naturae</span> <span class='ocrx_word' id='word_1_609' title='bbox 3374 4153 3388 4187; x_wconf 76' lang='grc' dir='ltr'><strong><em>ε</em></strong></span> 
     </span>
     <span class='ocr_line' id='line_1_101' title="bbox 2019 4208 3393 4282; baseline 0.001 -17"><span class='ocrx_word' id='word_1_610' title='bbox 2019 4208 2173 4280; x_wconf 89' lang='lat' dir='ltr'>atqui</span> <span class='ocrx_word' id='word_1_611' title='bbox 2210 4209 2521 4282; x_wconf 72' lang='lat' dir='ltr'>Scripturas</span> <span class='ocrx_word' id='word_1_612' title='bbox 2549 4208 2924 4265; x_wconf 88' lang='lat' dir='ltr'>authoritates</span> <span class='ocrx_word' id='word_1_613' title='bbox 2954 4208 3105 4264; x_wconf 89' lang='lat' dir='ltr'>hanc</span> <span class='ocrx_word' id='word_1_614' title='bbox 3126 4225 3393 4267; x_wconf 89' lang='lat' dir='ltr'>commu-</span> 
     </span>
     <span class='ocr_line' id='line_1_102' title="bbox 2020 4286 3392 4360; baseline 0.002 -16"><span class='ocrx_word' id='word_1_615' title='bbox 2020 4303 2174 4353; x_wconf 87' lang='lat' dir='ltr'>nem,</span> <span class='ocrx_word' id='word_1_616' title='bbox 2208 4302 2333 4359; x_wconf 83' lang='lat' dir='ltr'>quae</span> <span class='ocrx_word' id='word_1_617' title='bbox 2359 4286 2430 4345; x_wconf 90' lang='lat' dir='ltr'>de</span> <span class='ocrx_word' id='word_1_618' title='bbox 2458 4288 2602 4345; x_wconf 83' lang='lat' dir='ltr'>facto</span> <span class='ocrx_word' id='word_1_619' title='bbox 2629 4287 2818 4356; x_wconf 90' lang='lat' dir='ltr'>datur,</span> <span class='ocrx_word' id='word_1_620' title='bbox 2848 4286 3274 4360; x_wconf 82' lang='lat' dir='ltr'>providentiam</span> <span class='ocrx_word' id='word_1_621' title='bbox 3295 4308 3392 4347; x_wconf 87' lang='lat' dir='ltr'>su·</span> 
     </span>
     <span class='ocr_line' id='line_1_103' title="bbox 2018 4366 3390 4441; baseline 0.004 -19"><span class='ocrx_word' id='word_1_622' title='bbox 2018 4382 2160 4440; x_wconf 87' lang='lat' dir='ltr'>pern</span> <span class='ocrx_word' id='word_1_623' title='bbox 2170 4373 2263 4423; x_wconf 90' lang='lat' dir='ltr'>atu</span> <span class='ocrx_word' id='word_1_624' title='bbox 2272 4369 2455 4424; x_wconf 90' lang='lat' dir='ltr'>ralem</span> <span class='ocrx_word' id='word_1_625' title='bbox 2479 4368 2825 4441; x_wconf 87' lang='lat' dir='ltr'>respiciunt:</span> <span class='ocrx_word' id='word_1_626' title='bbox 2848 4383 2983 4441; x_wconf 87' lang='lat' dir='ltr'>ergo</span> <span class='ocrx_word' id='word_1_627' title='bbox 2997 4366 3047 4421; x_wconf 90' lang='lat' dir='ltr'>si</span> <span class='ocrx_word' id='word_1_628' title='bbox 3067 4369 3390 4427; x_wconf 87' lang='lat' dir='ltr'>secundum</span> 
     </span>
     <span class='ocr_line' id='line_1_104' title="bbox 2017 4447 3391 4519; baseline 0.005 -19"><span class='ocrx_word' id='word_1_629' title='bbox 2017 4447 2325 4519; x_wconf 79' lang='lat' dir='ltr'>Scripturae</span> <span class='ocrx_word' id='word_1_630' title='bbox 2346 4448 2677 4505; x_wconf 84' lang='lat' dir='ltr'>testimonia</span> <span class='ocrx_word' id='word_1_631' title='bbox 2697 4447 2962 4504; x_wconf 89' lang='lat' dir='ltr'>discretio</span> <span class='ocrx_word' id='word_1_632' title='bbox 2988 4447 3162 4503; x_wconf 89' lang='lat' dir='ltr'>unius</span> <span class='ocrx_word' id='word_1_633' title='bbox 3183 4448 3257 4505; x_wconf 90' lang='lat' dir='ltr'>ab</span> <span class='ocrx_word' id='word_1_634' title='bbox 3270 4451 3391 4508; x_wconf 90' lang='lat' dir='ltr'>alio</span> 
     </span>
     <span class='ocr_line' id='line_1_105' title="bbox 2017 4526 3389 4602; baseline 0.003 -20"><span class='ocrx_word' id='word_1_635' title='bbox 2017 4527 2273 4583; x_wconf 87' lang='lat' dir='ltr'>revocari</span> <span class='ocrx_word' id='word_1_636' title='bbox 2301 4526 2466 4583; x_wconf 91' lang='lat' dir='ltr'>debet</span> <span class='ocrx_word' id='word_1_637' title='bbox 2493 4528 2554 4583; x_wconf 89' lang='lat' dir='ltr'>in</span> <span class='ocrx_word' id='word_1_638' title='bbox 2573 4528 2839 4602; x_wconf 88' lang='lat' dir='ltr'>gratiam,</span> <span class='ocrx_word' id='word_1_639' title='bbox 2859 4528 3087 4601; x_wconf 89' lang='lat' dir='ltr'>signum</span> <span class='ocrx_word' id='word_1_640' title='bbox 3115 4529 3389 4602; x_wconf 88' lang='lat' dir='ltr'>est,quod</span> 
     </span>
     <span class='ocr_line' id='line_1_106' title="bbox 2015 4611 3387 4682; baseline 0.003 -19"><span class='ocrx_word' id='word_1_641' title='bbox 2015 4623 2320 4665; x_wconf 89' lang='lat' dir='ltr'>consensus</span> <span class='ocrx_word' id='word_1_642' title='bbox 2365 4611 2825 4682; x_wconf 88' lang='lat' dir='ltr'>supernaturalis</span> <span class='ocrx_word' id='word_1_643' title='bbox 2872 4611 3264 4682; x_wconf 74' lang='lat' dir='ltr'>praesupponit</span> <span class='ocrx_word' id='word_1_644' title='bbox 3311 4627 3387 4668; x_wconf 80' lang='lat' dir='ltr'>ex</span> 
     </span>
     <span class='ocr_line' id='line_1_107' title="bbox 2016 4691 3389 4765; baseline 0.003 -21"><span class='ocrx_word' id='word_1_645' title='bbox 2016 4694 2224 4746; x_wconf 88' lang='lat' dir='ltr'>natura</span> <span class='ocrx_word' id='word_1_646' title='bbox 2269 4705 2372 4746; x_wconf 91' lang='lat' dir='ltr'>sua</span> <span class='ocrx_word' id='word_1_647' title='bbox 2414 4695 2694 4758; x_wconf 87' lang='lat' dir='ltr'>majorem</span> <span class='ocrx_word' id='word_1_648' title='bbox 2735 4692 3000 4765; x_wconf 89' lang='lat' dir='ltr'>gratiam,</span> <span class='ocrx_word' id='word_1_649' title='bbox 3044 4692 3251 4748; x_wconf 89' lang='lat' dir='ltr'>saltem</span> <span class='ocrx_word' id='word_1_650' title='bbox 3279 4691 3389 4748; x_wconf 90' lang='lat' dir='ltr'>sub</span> 
     </span>
     <span class='ocr_line' id='line_1_108' title="bbox 2016 4769 3388 4845; baseline 0.001 -19"><span class='ocrx_word' id='word_1_651' title='bbox 2016 4770 2237 4827; x_wconf 89' lang='lat' dir='ltr'>ratione</span> <span class='ocrx_word' id='word_1_652' title='bbox 2265 4769 2546 4836; x_wconf 87' lang='lat' dir='ltr'>beneficii,</span> <span class='ocrx_word' id='word_1_653' title='bbox 2579 4772 2642 4828; x_wconf 93' lang='lat' dir='ltr'>in</span> <span class='ocrx_word' id='word_1_654' title='bbox 2670 4772 3078 4837; x_wconf 87' lang='lat' dir='ltr'>consentiente,</span> <span class='ocrx_word' id='word_1_655' title='bbox 3111 4787 3290 4845; x_wconf 89' lang='lat' dir='ltr'>quam</span> <span class='ocrx_word' id='word_1_656' title='bbox 3317 4773 3388 4828; x_wconf 89' lang='lat' dir='ltr'>in</span> 
     </span>
     <span class='ocr_line' id='line_1_109' title="bbox 2016 4850 3388 4924; baseline 0.001 -17"><span class='ocrx_word' id='word_1_657' title='bbox 2016 4866 2134 4907; x_wconf 89' lang='lat' dir='ltr'>non</span> <span class='ocrx_word' id='word_1_658' title='bbox 2176 4850 2588 4908; x_wconf 86' lang='lat' dir='ltr'>consentiente.</span> <span class='ocrx_word' id='word_1_659' title='bbox 2631 4852 2961 4908; x_wconf 58' lang='lat' dir='ltr'>Praesertim</span> <span class='ocrx_word' id='word_1_660' title='bbox 2998 4851 3137 4924; x_wconf 89' lang='lat' dir='ltr'>quia</span> <span class='ocrx_word' id='word_1_661' title='bbox 3182 4851 3231 4908; x_wconf 92' lang='lat' dir='ltr'>si</span> <span class='ocrx_word' id='word_1_662' title='bbox 3280 4853 3388 4909; x_wconf 84' lang='lat' dir='ltr'>illa</span> 
     </span>
     <span class='ocr_line' id='line_1_110' title="bbox 2014 4930 3388 5005; baseline 0.004 -18"><span class='ocrx_word' id='word_1_663' title='bbox 2014 4930 2417 4988; x_wconf 85' lang='lat' dir='ltr'>infallibilitas</span> <span class='ocrx_word' id='word_1_664' title='bbox 2459 4931 2814 5001; x_wconf 88' lang='lat' dir='ltr'>antecedens,</span> <span class='ocrx_word' id='word_1_665' title='bbox 2845 4948 2969 5005; x_wconf 79' lang='lat' dir='ltr'>quae</span> <span class='ocrx_word' id='word_1_666' title='bbox 3005 4930 3076 4989; x_wconf 89' lang='lat' dir='ltr'>de</span> <span class='ocrx_word' id='word_1_667' title='bbox 3102 4932 3254 4991; x_wconf 84' lang='lat' dir='ltr'>facto</span> <span class='ocrx_word' id='word_1_668' title='bbox 3279 4933 3388 4992; x_wconf 86' lang='lat' dir='ltr'>da-</span> 
     </span>
     <span class='ocr_line' id='line_1_111' title="bbox 2015 5011 3388 5088; baseline 0.002 -18"><span class='ocrx_word' id='word_1_669' title='bbox 2015 5018 2132 5083; x_wconf 89' lang='lat' dir='ltr'>tur,</span> <span class='ocrx_word' id='word_1_670' title='bbox 2167 5029 2285 5072; x_wconf 91' lang='lat' dir='ltr'>non</span> <span class='ocrx_word' id='word_1_671' title='bbox 2337 5015 2654 5088; x_wconf 89' lang='lat' dir='ltr'>requiritur</span> <span class='ocrx_word' id='word_1_672' title='bbox 2698 5029 2800 5087; x_wconf 92' lang='lat' dir='ltr'>per</span> <span class='ocrx_word' id='word_1_673' title='bbox 2843 5028 2904 5069; x_wconf 92' lang='lat' dir='ltr'>se</span> <span class='ocrx_word' id='word_1_674' title='bbox 2930 5011 3003 5070; x_wconf 93' lang='lat' dir='ltr'>ad</span> <span class='ocrx_word' id='word_1_675' title='bbox 3048 5013 3388 5086; x_wconf 62' lang='lat' dir='ltr'>praedictam</span> 
     </span>
    </p>

    <p class='ocr_par' dir='ltr' id='par_1_19' title="bbox 2947 5092 3384 5162">
     <span class='ocr_line' id='line_1_112' title="bbox 2947 5092 3384 5162; baseline 0.007 -14"><span class='ocrx_word' id='word_1_676' title='bbox 2947 5092 3384 5162; x_wconf 87' lang='lat' dir='ltr'>discretionem,</span> 
     </span>
    </p>
   </div>
  </div>
 </body>
</html>
