3647 5753
351 1054 553 1106 Solvitur.

577 395 690 450 822

577 566 772 630 fensae3
819 564 920 621 sed
964 565 1152 622 solum
1197 580 1269 622 ex
1313 566 1699 637 consequenti,
1730 569 1787 622 et
1813 579 1940 620 me-

576 646 999 704 diante-forma
1041 644 1273 720 physice
1311 644 1766 718 incompossibili
1806 660 1937 700 cum

574 727 808 793 offensa,
853 742 1062 799 nempe
1107 725 1398 782 mediante
1445 725 1633 801 gratia
1681 723 1938 782 sanctifi-

574 815 755 876 cante,
780 824 954 882 quam
978 807 1310 864 immediate
1331 811 1589 864 meretur
1616 828 1631 863 ε
1656 822 1793 881 ergo
1819 822 1937 864 non

574 891 910 958 inferretur,
968 890 1118 964 quod
1170 895 1491 947 mereretur
1537 889 1608 948 de
1651 888 1937 963 condigno

571 972 799 1031 offensae
829 973 1250 1029 remissionem.

647 1054 1046 1129 Respondetur
1073 1052 1430 1111 concedendo
1457 1051 1781 1125 praemissas
1809 1051 1935 1123 pri-

572 1138 654 1195 mi
680 1139 1021 1214 syllogismi,
1053 1143 1111 1194 et
1144 1135 1403 1210 negando
1443 1133 1929 1207 consequentiam.

570 1222 738 1279 Ratio
789 1220 1144 1295 disparitatis
1195 1225 1317 1286 est,
1369 1220 1644 1292 quoniam
1695 1216 1933 1275 eliciens

569 1309 758 1360 actum
787 1304 1150 1361 contritionis
1178 1320 1295 1360 non
1323 1302 1583 1376 producit
1614 1299 1931 1356 satisfacto-

568 1389 676 1454 rie,
704 1392 801 1444 aut
828 1387 1126 1443 moraliter
1167 1384 1404 1458 aliquid,
1436 1383 1584 1458 quod
1612 1381 1931 1439 necessario

569 1469 781 1526 inferat
828 1467 1227 1526 remissionem
1279 1465 1507 1523 ofl'ensae
1532 1490 1545 1532 ;
1592 1464 1691 1521 sed
1741 1465 1929 1521 solum

564 1555 759 1607 causat
800 1549 1029 1623 physice
1054 1553 1244 1605 actum
1286 1564 1413 1604 cum
1456 1547 1670 1605 offensa
1705 1546 1930 1603 incom-

569 1632 900 1706 possibilem
922 1649 934 1692 ;
956 1635 1012 1689 et
1038 1630 1167 1687 ideo
1195 1644 1297 1686 nec
1323 1629 1598 1687 satisfacit
1623 1626 1924 1702 condigne,

570 1730 672 1770 nec
694 1712 1067 1770 satisfactorie
1089 1709 1618 1783 indispensabiliter
1644 1709 1932 1784 extinguit,

562 1795 863 1861 offensam,
892 1794 991 1850 sed
1026 1794 1096 1850 ad
1136 1809 1432 1850 summum
1481 1791 1729 1868 physice.
1762 1790 1928 1849 Unde

562 1876 920 1934 considerato
944 1881 1067 1932 actu
1082 1875 1447 1932 contritionis
1464 1875 1526 1930 in
1547 1889 1670 1930 esse
1689 1872 1920 1937 morali,

561 1964 616 2014 et
644 1959 708 2015 in
733 1974 854 2015 esse
878 1956 1302 2024 satisfactionis,
1336 1955 1521 2012 adhuc
1561 1958 1745 2028 posset
1778 1955 1928 2010 Deus

563 2040 966 2096 remissionem
1006 2039 1236 2097 offensas
1262 2035 1643 2112 suspendere;
1672 2035 1926 2093 destrui-

558 2126 657 2177 tur
683 2126 878 2180 tamen
908 2121 1138 2196 physice
1176 2119 1391 2178 offensa
1436 2135 1504 2176 eo
1550 2123 1671 2174 actu
1717 2117 1919 2190 posito,

558 2204 648 2260 vel
671 2205 805 2276 quia
828 2204 932 2260 illa
961 2202 1214 2275 procedit
1242 2217 1275 2258 a
1299 2201 1483 2276 gratia
1508 2198 1917 2265 sanctificante,

559 2284 651 2340 vel
674 2284 809 2357 quia
829 2285 1032 2341 saltem
1055 2282 1334 2339 indirecte
1353 2280 1591 2355 expellit
1609 2281 1916 2346 maculam,

556 2370 614 2421 et
639 2369 1050 2438 consequenter
1093 2363 1389 2432 offensam,
1437 2367 1500 2418 ut
1535 2361 1922 2434 explicuimus

559 2455 720 2504 tract.
764 2448 987 2521 praeced.
1018 2447 1157 2519 disp.
1191 2449 1245 2511 2,
1277 2446 1407 2502 dub.
1440 2447 1494 2502 2.
1528 2446 1809 2502 Caeterum
1856 2444 1921 2500 in

559 2536 753 2586 nostro
775 2545 902 2585 casu
935 2529 1104 2585 aliter
1131 2543 1222 2584 res
1247 2544 1308 2584 se
1346 2526 1537 2585 habet:
1561 2542 1696 2584 nam
1724 2526 1821 2599 qui
1851 2524 1922 2581 de

555 2609 838 2685 condigno
866 2616 1121 2667 meretur
1145 2611 1392 2685 gratiam
1422 2616 1484 2667 ut
1510 2612 1786 2684 peccatori
1809 2611 1919 2667 tri-

553 2689 863 2758 buendam,
917 2690 1232 2757 meritorie,
1282 2697 1338 2749 et
1383 2691 1685 2748 moraliter
1728 2696 1920 2747 causat

554 2769 824 2840 formam,
875 2770 943 2827 ad
991 2788 1162 2844 quam
1207 2772 1466 2844 sequitur
1517 2772 1781 2829 remissio
1828 2772 1919 2828 of-

555 2852 746 2920 fensae,
778 2858 833 2911 et
858 2858 1136 2926 quatenus
1165 2854 1336 2910 talem
1364 2852 1764 2911 remissionem
1789 2854 1919 2910 fun-

553 2933 668 3001 dat,
700 2939 763 2991 ut
789 2939 821 3006 g
843 2934 1064 3008 praeced.
1096 2935 1497 3008 explicuimus.
1529 2935 1916 3000 Quamobrem

555 3014 755 3089 nequit
800 3031 918 3072 non
946 3015 1174 3072 extendi
1217 3015 1337 3090 ejus
1384 3015 1635 3073 influxus
1673 3018 1917 3076 merito-

556 3097 691 3165 riuS,
716 3100 773 3154 et
798 3096 1101 3153 causaliter
1127 3096 1367 3153 moralis
1392 3112 1569 3171 usque
1591 3097 1659 3156 ad
1688 3098 1917 3157 oliensae

552 3178 953 3237 remissionem
985 3179 1167 3236 :sicut
1189 3181 1251 3236 in
1272 3182 1632 3248 universum,
1663 3182 1760 3254 qui
1790 3199 1915 3240 cau-

550 3263 637 3315 sat
664 3258 934 3328 formam,
967 3266 1158 3318 causat
1197 3262 1372 3319 etiam
1419 3277 1504 3329 ea,
1545 3279 1669 3337 quae
1709 3279 1810 3337 per
1854 3280 1914 3321 se

549 3345 974 3412 consequuntur
1016 3340 1086 3397 ad
1115 3341 1383 3399 formam.
1414 3347 1597 3418 Atque
1624 3342 1751 3401 ideo
1778 3346 1915 3419 legi·

550 3421 691 3479 time
738 3422 1010 3490 infertur,
1054 3424 1203 3496 quod
1249 3438 1478 3481 merens
1523 3424 1592 3482 de
1630 3425 1913 3501 condigno

549 3501 797 3575 gratiam
827 3507 888 3556 ut
915 3504 1192 3575 peccatori
1222 3503 1661 3573 infundendam,
1696 3522 1912 3564 merea·

550 3585 645 3637 tur
664 3581 838 3637 etiam
855 3580 925 3638 de
938 3582 1220 3659 condigno
1237 3585 1637 3643 remissionem
1652 3589 1906 3654 maculae,

550 3665 606 3716 et
632 3659 881 3717 offensae.
906 3662 1061 3717 Sicut
1097 3665 1145 3719 si
1174 3668 1435 3722 creatura
1460 3672 1717 3723 causaret
1743 3668 1911 3740 prin-

550 3742 810 3814 cipaliter
833 3743 1063 3816 physice
1089 3748 1335 3819 gratiam
1360 3748 1422 3802 in
1447 3751 1751 3821 peccatore,
1781 3765 1910 3806 cau-

548 3827 702 3878 saret
745 3823 920 3878 etiam
969 3826 1366 3899 principaliter
1408 3827 1636 3902 physice
1682 3828 1918 3888 offensas

548 3902 1011 3961 destructionem.
1043 3905 1129 3961 Ad
1170 3906 1563 3979 probationem
1606 3917 1796 3967 autem
1843 3912 1907 3971 in

546 3984 901 4040 contrarium
923 3985 1295 4057 respondetur
1311 3990 1569 4063 negando
1584 3991 1871 4049 minorem
1887 4015 1901 4058 ;

548 4079 680 4120 nam
711 4066 987 4120 meritum
1018 4066 1078 4120 in
1123 4073 1315 4125 nostro
1342 4086 1470 4125 casu
1514 4070 1812 4129 meritorie
1845 4088 1907 4130 se

544 4144 875 4201 extenderet
917 4144 987 4200 ad
1034 4148 1434 4206 remissionem
1480 4151 1708 4209 offensae
1742 4170 1905 4211 :non

544 4228 702 4283 enim
727 4228 986 4291 cohaeret,
1019 4228 1166 4300 quod
1193 4230 1318 4301 quis
1339 4239 1529 4289 causet
1548 4234 1814 4307 gratiam,
1844 4243 1903 4292 ut

541 4307 788 4364 exercite
823 4307 1220 4364 remissionem
1268 4309 1494 4368 offensae
1540 4311 1722 4379 affert,
1760 4316 1904 4387 quin

541 4388 740 4445 eodem
771 4389 992 4445 influxu
1015 4397 1205 4447 causet
1223 4391 1454 4450 offensae
1479 4396 1898 4457 remissionem.

544 4472 650 4534 Qui
681 4478 870 4528 autem
901 4478 1156 4530 meretur
1180 4475 1425 4549 gratiam
1452 4492 1568 4533 non
1594 4480 1781 4536 solum
1807 4498 1903 4538 se—

542 4551 793 4607 cundum
816 4569 893 4618 se,
918 4553 1018 4609 sed
1046 4560 1101 4610 ut
1125 4558 1400 4628 peccatori
1424 4557 1692 4624 dandam,
1721 4576 1902 4619 mere-

544 4638 636 4688 tur
662 4634 909 4705 gratiam
938 4641 1217 4707 quatenus
1245 4636 1461 4702 fundat,
1489 4645 1586 4696 aut
1612 4640 1901 4714 insepara-

543 4712 736 4769 biliter
758 4715 936 4770 infert
952 4717 1349 4775 remissionem
1365 4718 1612 4777 offensae.
1629 4723 1902 4785 Quocirca

540 4795 661 4868 ejus
701 4796 976 4851 meritum
1024 4796 1189 4855 debet
1234 4798 1298 4854 in
1338 4800 1558 4858 ratione
1598 4804 1811 4873 meriti,
1844 4811 1900 4862 et

539 4873 795 4947 obsequii
825 4876 1035 4934 habere
1066 4883 1285 4936 tantum
1317 4884 1592 4947 valorem,
1625 4889 1897 4955 quantam

538 4956 1043 5015 aestimabilitatem
1087 4960 1299 5017 habent
1324 4968 1380 5019 et
1403 4965 1606 5039 gratia,
1634 4971 1697 5021 ut
1723 4966 1899 5024 infert

540 5038 939 5095 remissionem
962 5038 1208 5109 offensae,
1229 5048 1282 5099 et
1305 5045 1429 5117 ipsa
1450 5044 1676 5102 offensae
1698 5049 1898 5105 remis·

2047 893 2342 963 peccatori
2370 892 2796 950 conferendam.

1652 395 1744 448 DE
1792 392 2097 449 PRAEMIO
2167 390 2444 446 MERITI.

2070 563 2175 621 sio.
2207 565 2276 620 Et
2302 563 2437 637 quia
2465 568 2760 637 repugnat,
2792 562 2942 636 quod
2992 564 3274 621 meritum
3317 565 3454 637 puri

2070 646 2325 704 hominis
2346 646 2551 703 habeat
2578 650 2800 703 tantum
2826 647 3108 708 valorem.
3144 653 3302 704 recte
3328 651 3454 705 ool-

2051 727 2306 803 -ligimus
2334 743 2672 802 repugnare,
2698 727 2846 800 quod
2888 729 3062 785 homo
3093 744 3279 801 purus
3320 746 3454 786 me-

2069 816 2263 866 reatur
2305 811 2558 883 primam
2597 810 3025 882 justificationis
3070 812 3354 884 gratiam,
3385 820 3452 869 ut

2137 974 2231 1030 48.
2275 973 2516 1049 ObJ'icies
2561 975 2756 1041 tertio;
2807 991 2943 1031 nam
2986 975 3441 1042 aestimabilitas,
3567 973 3570 974 ⁷

2066 1060 2163 1110 aut
2208 1054 2433 1113 bonitas
2479 1055 2837 1114 remissionis
2897 1058 3131 1115 offensae
3186 1075 3314 1116 non
3362 1069 3448 1115 est

2063 1142 2238 1204 tanta,
2269 1145 2481 1211 quanta
2507 1145 2592 1196 est
2631 1141 2853 1197 malitia
2897 1143 3106 1212 peccati
3140 1163 3156 1196 ε
3187 1141 3293 1197 sed
3325 1142 3451 1199 haec

2063 1224 2147 1276 est
2168 1217 2349 1286 finita,
2372 1227 2432 1277 ut
2452 1222 2759 1279 Thomistae
2779 1224 3170 1280 communiter
3192 1224 3409 1281 docent
3430 1246 3445 1279 :

2062 1314 2198 1374 ergo
2217 1309 2275 1358 et
2301 1304 2404 1360 illa
2438 1324 2451 1360 :
2481 1320 2615 1378 ergo
2652 1321 2722 1360 ex
2751 1305 2854 1361 hoc
2880 1306 3063 1376 capite
3090 1321 3217 1361 non
3260 1322 3447 1379 repu-

2060 1388 2217 1454 gnat,
2250 1383 2397 1456 quod
2427 1401 2604 1456 purus
2634 1386 2804 1441 homo
2839 1391 3130 1442 mereatur
3172 1385 3249 1442 de
3295 1403 3445 1443 con—

2062 1463 2237 1539 digno
2274 1466 2519 1539 gratiam
2561 1475 2620 1522 ut
2655 1469 2929 1539 peccatori
2968 1466 3248 1532 dandam,
3285 1475 3348 1524 et
3383 1477 3443 1524 ut

2059 1561 2252 1602 secum
2280 1547 2445 1603 affert
2484 1549 2884 1605 remissionem
2925 1549 3179 1606 offensae.
3215 1552 3438 1607 Caetera

2060 1632 2340 1695 constant,
2396 1635 2451 1686 et
2498 1631 2682 1704 major
2730 1630 3001 1687 suadetur
3053 1653 3066 1687 ε
3116 1637 3243 1687 turn
3297 1633 3437 1705 quia

2059 1709 2284 1766 malitia
2327 1711 2533 1783 peccati
2576 1717 2732 1767 tanta
2756 1717 2859 1776 est,
2894 1719 2953 1767 ut
2978 1714 3295 1770 constituat
3326 1714 3438 1770 ho—

2058 1789 2279 1846 minem
2319 1807 2568 1847 summer
2593 1793 2918 1860 infelicem;
2961 1793 3189 1850 bonitas
3231 1804 3432 1853 autem

2059 1871 2418 1928 remissionis
2437 1871 2666 1929 offensae
2693 1890 2809 1930 non
2836 1879 2922 1930 est
2948 1879 3123 1936 tanta,
3159 1881 3225 1931 ut
3256 1891 3434 1932 cons-

2056 1951 2224 2008 tituat
2264 1952 2561 2010 hominem
2590 1955 2654 2016 in
2680 1971 2906 2012 summa
2936 1954 3231 2022 felicitate,
3265 1964 3334 2014 ut
3360 1976 3430 2016 ex

2055 2049 2116 2091 se
2143 2034 2337 2107 liquet.
2371 2037 2516 2091 Turn
2556 2038 2750 2101 etiam,
2786 2054 2920 2094 nam
2952 2040 3181 2095 malitia
3210 2045 3427 2112 peccati

2058 2115 2244 2173 reddit
2265 2118 2560 2176 hominem
2587 2121 2827 2192 positive
2842 2121 3081 2195 dignum
3104 2123 3426 2180 inimicitia

2057 2197 2172 2264 Dei,
2201 2204 2256 2254 et
2285 2200 2415 2255 aliis
2450 2201 2661 2268 malis;
2701 2200 2923 2258 bonitas
2963 2209 3157 2259 autem
3207 2208 3425 2261 retnis-

3457 970 3590 1070 a

2037 2278 2235 2334 sionis
2258 2280 2487 2337 offensae
2516 2297 2632 2337 non
2659 2284 2952 2340 constituit
2979 2284 3285 2342 homiuem
3319 2305 3424 2359 po-

2052 2358 2221 2416 sitive
2247 2360 2485 2435 dignum
2530 2363 2784 2419 amicitia
2812 2365 2933 2429 Dei,
2964 2369 3020 2421 et
3047 2365 3184 2421 aliis
3224 2364 3416 2423 bonis-

2053 2440 2286 2497 Bonitas
2306 2458 2459 2514 erg0,
2475 2443 2598 2499 sive
2619 2443 3037 2501 aestimabilitas
3051 2446 3421 2503 remissionis

2054 2536 2170 2577 non
2197 2528 2280 2578 est
2308 2527 2484 2590 tanta,
2515 2531 2725 2598 quanta
2755 2531 2837 2582 est
2866 2526 3090 2583 malitia
3114 2529 3352 2598 peccati.

2125 2604 2513 2662 confirmatur
2553 2629 2566 2663 ε
2611 2624 2747 2664 nam
2801 2610 2988 2683 majus
3031 2608 3170 2682 quid
3217 2615 3307 2666 est
3353 2612 3415 2667 in

2051 2687 2430 2744 aestimatione
2470 2691 2676 2746 morali
2707 2690 3075 2762 praeservafio
3101 2706 3136 2747 a
3163 2696 3409 2763 peccato,

2050 2782 2220 2839 quam
2251 2769 2477 2841 peccati,
2502 2777 2555 2828 et
2581 2771 2809 2828 offensae
2850 2772 3132 2836 remissio,
3167 2778 3230 2827 ut
3257 2779 3412 2844 patet

2051 2848 2114 2904 in
2143 2850 2209 2906 B.
2239 2851 2496 2925 Virgine,
2527 2853 2619 2909 cui
2650 2852 2987 2911 beneficium
3011 2854 3197 2928 majus
3226 2870 3408 2928 praes-

2049 2931 2164 2988 titit
2203 2934 2346 2991 Deus
2386 2951 2512 2992 eam
2542 2952 2574 2992 a
2602 2944 2822 3011 peccato
2848 2938 3120 3011 originali
3166 2953 3413 3010 praeser-

2048 3012 2238 3070 vando
2257 3057 2270 3080 ,
2323 3033 2495 3089 quam
2548 3018 2596 3073 si
2645 3019 2735 3074 illi
2790 3026 3075 3091 peccatum
3122 3018 3414 3092 originale

2047 3095 2223 3152 semel
2245 3103 2619 3165 contractum,
2651 3105 2706 3156 et
2744 3115 2977 3174 gravem
3006 3098 3288 3156 offensam
3320 3116 3413 3157 re·

2047 3176 2304 3233 mitteret
2355 3201 2367 3234 ι
2420 3180 2517 3236 sed
2576 3180 2792 3237 donum
2860 3182 3328 3253 praeservationis
3381 3198 3409 3238 a

2047 3264 2267 3329 peccato
2289 3274 2404 3316 non
2429 3262 2700 3333 importat
2722 3260 3012 3319 infinitam
3042 3262 3409 3320 aestimabili-

2045 3345 2238 3406 tatem,
2256 3344 2468 3416 alioqui
2486 3360 2600 3402 non
2625 3353 2810 3418 posset
2824 3347 3008 3419 justus
3035 3345 3105 3403 de
3123 3346 3409 3420 condigno

3452 2600 3574 2691 εἷ

2019 3426 2258 3480 ,mereri
2307 3425 2600 3482 innocenti
2635 3427 2900 3500 gratiam,
2934 3435 2990 3483 et
3014 3428 3408 3484 conservatio·

2045 3521 2178 3563 nem
2220 3506 2283 3562 in
2323 3521 2407 3574 ea,
2452 3508 2612 3580 cujus
2648 3507 2970 3580 oppositum
3009 3509 3150 3565 satis
3188 3513 3407 3566 constat

2042 3604 2114 3645 ex
2147 3587 2311 3644 dictis
2341 3604 2444 3661 pro
2474 3591 2664 3662 prima
2706 3590 3069 3646 conclusione
3103 3611 3116 3645 ε
3145 3606 3284 3664 ergo
3314 3606 3407 3646 re-

2042 3668 2243 3726 missio
2296 3671 2531 3742 peccati,
2581 3678 2636 3728 et
2683 3671 2911 3728 offensas
2961 3686 3079 3728 non
3131 3672 3404 3743 importat

2042 3748 2547 3807 mstimabilitatem
2588 3752 2868 3807 moralem
2896 3751 3239 3822 simpliciter
3266 3751 3404 3808 infi-

2041 3833 2245 3889 nitam.
2365 3845 2370 3848 ’

2112 3915 2198 3969 Ad
2214 3914 2587 3989 objectionem
2609 3913 2982 3987 respondetur
3000 3913 3263 3987 negando
3283 3931 3401 3971 ma·
3430 3915 3558 3956 8²¹³&

2033 3993 2218 4067 iorem
2254 4016 2266 4050 :
2297 4012 2432 4051 nam
2477 3997 2702 4051 malitia
2745 3996 2950 4068 peccati
2979 3993 3144 4050 finita
3168 3996 3403 4067 simpli·
3441 4041 3528 4077 n&

2036 4078 2177 4135 citer
2204 4084 2304 4139 est.
2338 4078 2482 4133 sicut
2519 4084 2574 4133 et
2602 4078 2825 4134 bonitas
2853 4078 3068 4153 gratiae,
3103 4082 3202 4131 aut
3229 4081 3404 4135 recti·

2040 4158 2282 4223 tudinis·
2309 4177 2418 4232 qua
2460 4161 2782 4216 formaliter
2823 4159 3118 4216 hominem
3161 4160 3400 4232 privat:

2035 4240 2453 4296 aestimabilitas
2474 4247 2663 4297 autem
2689 4240 3046 4297 remissionis
3067 4240 3297 4295 oss'ensae
3318 4248 3401 4297 est

2035 4323 2375 4395 simpliciter
2417 4321 2663 4383 infinita.
2696 4324 2839 4378 sicut
2873 4324 3126 4395 gravitas
3152 4322 3398 4383 offensa».

2034 4420 2206 4476 quam
2258 4402 2527 4460 excludit.
2581 4406 2722 4458 Cum
2773 4420 2908 4476 ergo
2966 4406 3109 4458 Deus
3175 4403 3402 4459 ratione

2034 4485 2263 4542 offensae
2293 4490 2477 4557 posset
2510 4485 2659 4558 juste
2698 4486 2927 4558 exigere
2952 4484 3398 4540 satisfactionem

2033 4567 2375 4638 simpliciter
2399 4565 2710 4630 infinitam,
2742 4564 2890 4636 quod
2913 4566 3046 4621 huic
3066 4565 3185 4639 juri
3214 4564 3394 4631 cedat,

2032 4652 2088 4703 et
2116 4647 2339 4703 homini
2372 4647 2519 4703 hanc
2558 4645 2967 4720 obligationem
3007 4646 3395 4703 satisfaciendi

2033 4729 2306 4793 remittat,
2331 4734 2416 4785 est
2442 4727 2782 4784 beneficium
2805 4726 3033 4783 infinite
3058 4726 3398 4784 aestimabile

2030 4809 2341 4866 secundum
2373 4808 2622 4881 prudens
2643 4809 2947 4883 judicium.
2974 4810 3041 4864 Et
3059 4808 3129 4865 de
3151 4809 3254 4865 hoc
3276 4824 3394 4865 non

2031 4891 2378 4956 dubitamuS,
2411 4890 2509 4947 sed
2540 4892 2594 4947 id
2631 4892 3026 4965 supponimus,
3058 4907 3187 4947 cum
3237 4891 3394 4948 affir-

2030 4990 2287 5037 mamus,
2346 4988 2463 5028 non
2518 4990 2677 5045 posse
2722 4975 2938 5046 justum
2990 4973 3060 5030 de
3110 4973 3395 5047 condigno

2032 5056 2246 5113 mereri
2272 5056 2438 5112 alteri
2464 5057 2862 5113 remissionem
2885 5056 3129 5124 offensae,
3151 5060 3392 5141 aut-gra·

3223 5138 3388 5197 tiam,
