3647 5753
304 1771 503 1815 neritum

356 1820 465 1865 unde

316 1868 488 1914 dictum.

336 2585 481 2631 ueriti

310 2636 513 2693 vai-isene·

334 2689 488 2738 ceptio·

368 2744 457 2780 nes.

790 679 2369 879 TRAOTATUS
2575 689 3086 882 XVI

1553 1052 1722 1134 DE
1793 1045 2295 1133 MERITO
2317 1112 2335 1132 .

938 1571 1464 1636 PRAELOQUILM.

594 1734 815 1787 Nomen
846 1730 1036 1789 Merita·
1055 1735 1138 1802 (ut
1166 1737 1325 1789 notat
1352 1732 1414 1788 in
1447 1733 1709 1804 praesenti
1733 1733 1887 1807 Caje·

519 1817 707 1885 tanus)
748 1813 811 1869 in
850 1814 1107 1869 servitiis
1150 1814 1361 1886 primo,
1414 1820 1470 1872 et
1517 1816 1576 1871 in
1617 1815 1886 1888 operibus

518 1894 819 1951 laboriosis
847 1902 1083 1967 apparet
1124 1896 1451 1954 inventum.
1482 1897 1618 1953 Inde
1646 1913 1882 1963 merces,

517 1976 869 2049 stipendium
919 1979 1153 2044 laboris,
1187 1984 1243 2035 et
1292 1982 1743 2053 recompensatio
1784 1995 1888 2053 pro

517 2060 772 2117 servitiis
815 2060 1027 2118 dicitur
1061 2066 1158 2117 :et
1198 2063 1566 2127 mercenarii,
1609 2079 1707 2121 seu
1750 2079 1889 2137 ope-

517 2142 662 2198 rarii
714 2143 896 2200 vocati
968 2147 1121 2206 sunt,
1178 2143 1276 2215 qui
1343 2144 1616 2216 stipendii
1678 2145 1883 2219 gratia,

517 2222 954 2297 obtinendaeque
1001 2224 1279 2281 mercedis
1322 2226 1536 2282 intuitu
1586 2227 1717 2283 aliis
1762 2242 1888 2283 ser-

518 2304 705 2360 viunt.
742 2308 1026 2362 Consonat
1059 2309 1115 2360 et
1157 2305 1278 2377 ipsa
1311 2308 1657 2382 etymologia
1683 2308 1840 2364 vocis
1871 2329 1884 2364 ε

520 2391 716 2442 mereri
759 2388 917 2444 enim
966 2386 1197 2460 proprie
1240 2387 1451 2444 dicitur
1486 2391 1561 2444 ad
1599 2391 1890 2447 mercedem

523 2467 620 2529 ire,
650 2467 842 2540 utique
873 2466 1203 2533 laborando,
1228 2473 1283 2524 et
1310 2469 1632 2528 serviendo.

597 2546 705 2602 Sed
728 2564 758 2603 a
786 2547 1060 2615 servitiiS,
1085 2553 1142 2603 et
1168 2549 1435 2622 operibus
1461 2550 1532 2606 ad
1562 2551 1678 2607 alia
1707 2558 1892 2607 trans-

526 2627 724 2689 latum,
768 2628 960 2700 plures
1001 2626 1171 2684 habet
1210 2632 1468 2686 meritum
1514 2632 1884 2703 acceptiones.

527 2707 724 2764 Primo
770 2709 929 2763 enim
981 2708 1235 2764 sumitur
1278 2710 1436 2785 large
1483 2727 1586 2783 pro
1636 2711 1892 2785 quolibet

522 2787 776 2855 obtinere,
805 2788 896 2843 vel
918 2791 1189 2864 consequi,
1221 2797 1388 2862 prout
1409 2796 1659 2868 consequi
1680 2793 1891 2849 dicitur

523 2869 698 2928 etiam
726 2868 796 2927 de
826 2869 995 2927 rebus
1024 2871 1363 2929 inanimatis
1389 2895 1403 2929 ε
1433 2890 1544 2946 qua
1573 2875 1794 2933 ratione
1822 2874 1892 2932 de

527 2957 747 3027 peceato
799 2952 977 3025 primi
1042 2953 1306 3010 Parentis
1364 2956 1521 3011 canit
1575 2956 1823 3014 Ecclesia
1877 2979 1889 3014 ε

526 3035 689 3092 Feta·
733 3034 913 3106 culpa,
955 3053 1068 3112 quw
1113 3036 1296 3101 talem,
1328 3054 1395 3092 ac
1435 3044 1653 3094 tantum
1694 3042 1893 3095 meruit

523 3117 725 3173 habere,
762 3118 1165 3190 redemptorem.
1210 3119 1467 3176 Secundo
1502 3121 1753 3177 sumitur
1791 3138 1893 3196 pro

524 3198 779 3271 qualibet
821 3196 1215 3270 dispositione,
1249 3215 1346 3256 seu
1378 3202 1795 3273 praeparatione
1823 3202 1893 3259 ad

527 3280 747 3352 aliquid
777 3279 1171 3352 recipiendum
1192 3304 1207 3349 ;
1237 3287 1293 3337 et
1332 3281 1413 3337 ita
1449 3283 1670 3355 quoties
1709 3290 1895 3342 mate-

532 3363 637 3427 ria,
672 3362 762 3417 vel
808 3360 1123 3435 subjectum
1165 3369 1247 3420 est
1293 3363 1633 3436 dispositum
1677 3366 1745 3422 ad
1781 3367 1895 3423 ali-

531 3459 701 3517 quam
744 3442 1011 3510 formam,
1048 3449 1242 3515 potest,
1275 3450 1332 3501 et
1378 3446 1523 3502 solet
1567 3446 1678 3502 dici
1728 3448 1893 3505 illam

534 3525 770 3581 mereri.
804 3527 1053 3594 Utraque
1083 3532 1274 3582 tamen
1302 3541 1371 3582 ex
1400 3527 1524 3582 istis
1551 3530 1895 3601 acceptioni·
1931 3543 1936 3548 ·

533 3606 639 3662 bus
680 3606 1067 3678 metaphorica
1107 3612 1211 3672 est,
1242 3611 1296 3663 et
1337 3607 1505 3665 valde
1552 3609 1889 3683 impropria.

534 3686 697 3743 Unde
726 3686 1001 3759 accipitur
1028 3687 1197 3742 tertio
1224 3687 1420 3742 minus
1450 3688 1764 3761 improprie
1792 3707 1895 3763 pro

527 3768 883 3831 sufficientia,
917 3766 1040 3822 sive
1081 3765 1389 3823 idoneitate
1430 3767 1499 3824 ad
1542 3785 1754 3825 munus
1782 3771 1895 3826 ali-

529 3847 677 3921 quod
705 3845 1085 3904 exercendum
1122 3868 1134 3901 ε
1163 3862 1274 3919 quo
1312 3863 1480 3903 sensu
1511 3848 1607 3919 qui
1638 3848 1706 3904 ad
1739 3852 1896 3906 Prae-

532 3929 802 3993 laturam,
836 3928 925 3981 vel
956 3926 1354 3998 Episcopatum
1386 3927 1623 3985 idoneus
1650 3935 1752 3993 est,
1780 3931 1897 3987 haec

532 4008 745 4066 mereri
775 4006 1004 4062 dicitur.
1033 4010 1246 4071 Quarto
1274 4009 1595 4080 appellatur
1623 4011 1896 4068 meritum

532 4087 895 4151 beneficium,
941 4091 1037 4141 aut
1076 4086 1252 4143 etiam
1300 4086 1649 4145 maleficium
1692 4092 1755 4146 in
1784 4091 1897 4147 ali-

529 4189 700 4246 quem
746 4170 1016 4226 collatum
1045 4193 1058 4237 ;
1116 4173 1170 4224 et
1219 4169 1324 4225 hac
1377 4170 1600 4230 ratione
1651 4189 1746 4229 eos
1797 4177 1895 4248 qui

531 4254 696 4313 nobis
738 4248 1011 4308 beneficia
1052 4252 1365 4317 contulere,
1405 4250 1788 4314 benemeritos
1831 4258 1898 4315 de

526 4332 1014 4392 nobis.dicimus;
1058 4332 1157 4403 qui
1186 4347 1325 4388 vero
1365 4333 1664 4401 maleficia,
1712 4341 1897 4397 male-

531 4417 786 4473 meritos.
838 4413 1051 4477 Quinto
1097 4413 1282 4487 magis
1336 4416 1571 4486 proprie
1622 4420 1898 4492 accipitur

532 4514 636 4572 pro
663 4512 846 4569 opere,
877 4494 966 4551 eui
995 4492 1234 4550 debetur
1280 4494 1585 4554 retributio
1611 4516 1680 4557 ex
1708 4502 1900 4575 aliqua

526 4578 768 4655 justitia,
801 4593 927 4651 quae
955 4574 1125 4632 modo
1161 4578 1594 4649 comprehendit
1623 4598 1739 4639 non
1768 4589 1901 4640 tan-

531 4668 654 4720 tum
683 4677 823 4734 opus
852 4658 1085 4723 bonum,
1118 4658 1208 4713 cui
1250 4676 1464 4717 merces
1504 4671 1560 4720 et
1590 4668 1899 4737 praemium

528 4743 800 4807 debetur;
830 4738 927 4796 sed
955 4736 1131 4793 etiam
1162 4755 1303 4813 opus
1331 4742 1571 4811 malum,
1604 4747 1694 4801 cui
1726 4746 1900 4805 debe-

528 4834 622 4883 tur
673 4821 1039 4896 supplicium,
1086 4818 1251 4893 juxta
1310 4821 1458 4879 illud
1509 4825 1614 4883 Job
1660 4844 1781 4901 cap.
1813 4831 1850 4886 6
1883 4852 1896 4888 ε

536 4907 764 4963 Utinam
792 4902 1225 4977 appenderentur
1258 4911 1481 4976 peccalo
1520 4924 1660 4975 mea,
1706 4911 1900 4982 quibus

2019 1573 2166 1628 iram
2219 1574 2413 1630 merui.
2466 1571 2573 1630 Sed
2627 1588 2810 1646 neque
2857 1572 2975 1628 haec
3014 1572 3263 1643 acceptio
3302 1575 3375 1627 est

2017 1653 2261 1710 omnino
2308 1653 2564 1727 propria,
2620 1653 2756 1725 quia
2807 1652 3084 1709 meritum
3135 1650 3377 1707 absolute

2016 1740 2310 1806 sumptum
2357 1741 2522 1791 sonat
2569 1736 2631 1791 in
2686 1733 2934 1799 bonum;
2985 1733 3186 1788 nullus
3230 1731 3376 1788 enim

2017 1815 2229 1873 dicitur
2251 1816 2527 1884 absolute,
2548 1817 2960 1888 etsimpliciter
2983 1815 3200 1871 mereri
3222 1828 3379 1887 opere

2021 1898 2194 1962 ma10,
2226 1896 2324 1954 sed
2364 1914 2495 1954 cum
2525 1897 2738 1963 addito,
2769 1898 2966 1951 mereri
2993 1897 3160 1962 iram,
3198 1895 3380 1949 mereri

2018 1979 2351 2049 supplicium
2362 1996 2381 2040 ,·
2402 1977 2658 2034 absolute
2674 1983 2865 2033 autem
2883 1975 3094 2031 dicitur
3109 1975 3378 2030 demereri.

2020 2059 2117 2113 Est
2142 2075 2279 2134 ergo
2320 2060 2526 2117 ultima
2574 2061 2820 2133 acceptio
2861 2056 3179 2115 secundum
3221 2069 3382 2130 quam

2021 2140 2295 2194 meritum
2334 2138 2547 2195 dicitur
2587 2141 2778 2196 solum
2829 2154 2970 2210 opus
3014 2137 3252 2203 bonum,
3298 2133 3383 2190 cui

2021 2235 2256 2286 merces,
2289 2236 2386 2277 seu
2436 2222 2744 2293 praemium
2773 2219 3041 2285 debetur;
3070 2225 3130 2274 et
3170 2218 3285 2274 haec
3309 2219 3387 2272 est

2022 2301 2256 2374 propria
2295 2302 2541 2375 acceptio
2568 2302 2785 2366 meriti,
2813 2307 2869 2358 et
2897 2302 3063 2374 juxta
3082 2315 3216 2356 eam
3243 2297 3386 2355 acci-

2022 2382 2176 2454 pitur
2198 2397 2230 2436 a
2251 2381 2553 2455 Theologis
2581 2381 2644 2437 in
2666 2381 2772 2437 hac
2793 2380 3060 2437 materia.

2097 2465 2378 2518 Caeterum
2408 2463 2685 2519 meritum
2724 2462 2805 2518 sic
2843 2466 3141 2533 sumptum
3186 2458 3509 2554 multi-›211³‹n

2024 2544 2252 2617 pliciter
2276 2544 2421 2600 solet
2459 2543 2646 2600 dividi
2675 2566 2687 2600 ε
2719 2561 2855 2601 nam
2899 2542 3057 2600 aliud
3096 2550 3185 2601 est
3211 2519 3505 2606 meri-¹¹20,
3541 2593 3542 2606 ,

2024 2633 2146 2682 tum
2175 2627 2324 2699 apud
2354 2627 2637 2694 homines,
2673 2633 2734 2683 ut
2758 2627 2897 2683 dum
2924 2628 3052 2700 quis
3087 2627 3151 2683 in
3180 2626 3387 2681 utilita-

2024 2713 2158 2774 tem,
2192 2714 2248 2764 et
2275 2707 2612 2781 obsequium
2651 2710 2891 2766 alterius
2932 2708 3195 2775 laborat;
3243 2704 3386 2780 quod

2024 2804 2143 2844 non
2174 2790 2487 2864 incongrue
2515 2781 2699 2863 potest
2736 2790 2847 2848 dici
2877 2791 3154 2847 meritum
3180 2788 3349 2845 civile
3374 2807 3387 2841 ε

2024 2868 2184 2925 aliud
2211 2875 2296 2927 est
2323 2870 2600 2927 meritum
2639 2871 2788 2945 apud
2819 2874 3018 2937 Deum,
3049 2868 3197 2944 quod
3226 2866 3390 2925 abso·

2026 2953 2142 3009 lute
2188 2951 2401 3010 dicitur
2454 2955 2728 3010 meritum
2792 2956 3060 3020 morale;
3115 2950 3389 3008 fundatur

2023 3035 2185 3091 enim
2235 3034 2297 3090 in
2345 3036 2554 3091 morali
2609 3035 2864 3092 bonitate
2918 3034 3161 3091 humani
3215 3039 3384 3089 actus,

2026 3115 2242 3173 Deinde
2284 3119 2559 3175 meritum
2604 3118 2753 3190 apud
2783 3121 2963 3174 Deum
3001 3116 3159 3173 aliud
3183 3114 3391 3171 dicitur

2028 3199 2311 3265 naturale,
2331 3215 2428 3256 seu
2454 3201 2798 3265 humanum,
2825 3206 2886 3255 ut
2911 3198 3164 3271 loquitur
3183 3199 3248 3252 D.
3274 3201 3450 3252 Au-D.

2023 3281 2305 3356 gustinus,
2337 3286 2392 3337 et
2416 3281 2746 3339 insinuatur
2777 3281 2838 3337 in
2861 3281 3121 3337 Concilio
3148 3278 3390 3334 Arausi-
3416 3260 3548 3350 ‘1³4⁰ssss

2025 3378 2167 3419 cano
2195 3365 2262 3425 11.
2295 3379 2512 3420 canone
2540 3366 2593 3430 6,
2626 3365 2760 3437 quia
2805 3364 3095 3420 nimirum
3142 3378 3211 3418 ex
3256 3360 3394 3417 solis

2027 3449 2250 3499 naturae
2298 3443 2570 3499 humauae
2615 3443 2839 3500 viribus
2885 3441 3171 3515 procedit,
3202 3445 3396 3512 estque

2027 3526 2090 3582 in
2118 3524 2323 3583 ordine
2364 3523 2434 3581 ad
2475 3528 2656 3581 Deum
2708 3532 2769 3581 ut
2814 3525 3043 3598 praecise
3096 3523 3397 3580 authorem

2028 3614 2271 3673 naturae,
2304 3608 2609 3680 solumque
2653 3612 2908 3680 expectat
2953 3606 3251 3679 praemium
3277 3620 3396 3660 na-

2029 3690 2215 3746 turale
2243 3710 2256 3745 :
2288 3689 2446 3745 aliud
2475 3696 2559 3746 est
2599 3689 3055 3763 supernaturale,
3087 3693 3142 3744 et
3180 3684 3400 3742 dicitur

2030 3773 2305 3830 meritum
2345 3774 2698 3846 gratuitum;
2756 3772 2819 3830 fit
2863 3774 3020 3830 enim
3060 3768 3299 3832 auxilio,
3345 3774 3404 3826 et

2027 3852 2256 3910 viribus
2280 3854 2501 3927 gratiae,
2534 3860 2727 3925 estque
2773 3856 2835 3910 in
2878 3852 3081 3910 ordine
3121 3847 3187 3905 ad
3217 3850 3401 3906 Deum

2032 3943 2092 3992 ut
2144 3937 2464 4002 authorem,
2519 3941 2576 3992 et
2636 3936 2813 3994 finem
2874 3932 3398 4007 supernaturalem.

2031 4020 2314 4075 Praeterea
2335 4016 2617 4074 dividitur
2659 4019 2933 4075 meritum
2964 4018 3027 4072 in
3054 4030 3395 4087 congruum,

2028 4104 2086 4156 et
2122 4097 2495 4172 condignum,
2521 4098 2591 4155 de
2632 4116 2742 4172 qua
2783 4097 3070 4154 divisione
3099 4095 3219 4152 fuse
3246 4094 3406 4151 dice-

2031 4197 2161 4236 mus
2221 4180 2378 4237 infra
2429 4181 2574 4252 disp.
2629 4183 2682 4247 2,
2745 4180 2839 4236 ubi
2906 4177 3053 4233 ratio
3103 4178 3406 4250 utriusque

2030 4262 2228 4319 meriti
2250 4261 2701 4319 examinabitur.
2729 4260 3001 4319 Meritum
3033 4260 3104 4335 ig‘
3255 4257 3409 4332 quod

2031 4341 2101 4399 ad
2154 4341 2485 4418 hujusmodi
2545 4342 2873 4400 Tractatum
2943 4357 3045 4414 per
3087 4265 3570 4453 *245ιῇἐῆ

2029 4430 2260 4496 spectat,
2318 4439 2501 4496 neque
2562 4430 2647 4480 est
2702 4423 2979 4479 meritum
3052 4422 3257 4491 civile,
3323 4445 3439 4490 nee
3536 4468 3568 4507 ὃ

2031 4506 2209 4561 etiam
2239 4505 2513 4562 meritum
2538 4503 2688 4577 apud
2711 4506 2889 4560 Deum
2914 4503 3225 4561 dumtaxat
3257 4518 3443 4570 natu·
3535 4516 3582 4581 εξ,

2032 4588 2174 4654 rale,
2209 4590 2301 4645 vel
2339 4589 2698 4653 humanum;
2728 4585 2826 4643 sed
2856 4587 3133 4643 meritum
3182 4597 3441 4661 gratui..
3536 4546 3600 4653 4

2030 4670 2174 4738 tu'm,
2207 4671 2355 4745 quod
2396 4672 2458 4727 in
2501 4669 2692 4741 aliquo
2730 4669 3163 4742 supernaturali
3199 4670 3444 4737 funda.

2030 4755 2160 4818 tur,
2216 4757 2271 4809 et
2334 4756 2419 4809 est
2476 4749 2707 4807 effectus
2777 4751 3010 4825 gratiae,
3080 4755 3141 4804 ut
3212 4752 3441 4817 titulus

2028 4834 2363 4907 quaestionis
2401 4834 2661 4909 Angelici
2688 4832 2938 4890 Doctoris
2963 4831 3103 4888 satis
3133 4830 3443 4900 demons-

2029 4920 2169 4973 trat.

2878 4992 3162 5059 QUAEST.
3210 4998 3436 5066 ox1v.
