3647 5753
576 425 690 481 878
1470 419 1695 475 INDEX
1732 416 1996 473 RERUM
2035 414 2127 469 ΕΤ
2172 414 2602 470 VERBORUM.

1226 607 1293 662 P.

653 788 993 844 PARVULI.
1024 787 1112 843 Ad
1152 785 1617 861 justificationem
1679 787 1946 858 parvulo-

579 883 711 925 rum
753 869 959 943 aliquae
986 869 1390 942 dispositiones
1428 867 1678 942 physicae
1703 882 1944 924 concur-

579 956 736 1019 runt,
777 955 833 1007 et
858 965 1122 1024 quaenam
1170 950 1285 1007 illae
1306 950 1440 1015 sint,
1469 967 1523 1023 p.
1555 948 1683 1012 610,
1717 962 1777 1003 ιι.
1818 948 1939 1004 108.

578 1032 722 1089 Vide
743 1032 940 1098 Hom0,
965 1038 1040 1100 et,
1066 1032 1286 1090 Status.

652 1129 1131 1183 PECCATORES.
1179 1129 1504 1184 Peccatores
1545 1141 1663 1183 non
1709 1129 1946 1198 possunt

575 1206 723 1265 bona
755 1207 1102 1282 temporalia
1130 1208 1363 1273 mereri,
1397 1208 1603 1281 p.866,
1644 1207 1766 1262 112.
1799 1203 1944 1261 Vide

575 1288 774 1355 Homo,
819 1293 876 1346 et
901 1288 1117 1347 Status.

651 1383 1060 1441 PECCATUM.
1089 1386 1384 1440 Peccatum
1404 1382 1698 1439 habituale
1716 1386 1801 1438 est
1819 1387 1944 1439 ter-

572 1464 769 1520 minus
809 1479 843 1518 a
884 1480 997 1536 quo
1020 1463 1447 1537 justificationis
1497 1462 1689 1535 impii,
1721 1481 1778 1538 p.
1808 1463 1937 1529 300,

577 1561 635 1601 n.
670 1546 716 1600 1.
739 1545 803 1598 In
825 1560 935 1617 quo
955 1549 1204 1602 essentia
1227 1545 1433 1618 peccati
1457 1543 1769 1606 habitualis
1789 1560 1944 1601 mor-

576 1624 707 1682 talis
734 1626 1020 1693 consistat,
1051 1645 1105 1699 p.
1132 1627 1260 1690 301,
1297 1642 1360 1683 n.
1385 1626 1420 1680 3
1464 1632 1521 1683 et
1565 1641 1683 1699 seq.
1729 1627 1793 1681 In
1821 1642 1936 1697 quo

575 1709 822 1764 essentia
869 1709 1077 1781 peccati
1129 1708 1367 1765 actualis
1392 1708 1684 1774 consistat,
1718 1726 1775 1782 p.
1806 1709 1936 1775 308,

580 1808 642 1848 n.
681 1795 765 1850 15.
799 1794 1096 1848 Peccatum
1126 1794 1361 1860 actuale,
1400 1799 1456 1849 et
1503 1790 1795 1850 habituale
1821 1807 1942 1849 non

576 1880 710 1931 sunt
736 1874 986 1949 ejusdem
1010 1875 1251 1932 rationis
1270 1874 1763 1949 specificaezlogice,
1797 1871 1943 1932 bene

576 1961 771 2014 tamen
801 1958 1118 2024 moraliter,
1152 1957 1296 2014 ibid.
1326 1975 1491 2014 num.
1529 1957 1615 2013 16.

651 2049 716 2103 In
764 2047 1169 2121 justificatione
1197 2049 1366 2121 impii
1413 2063 1548 2104 vere
1589 2046 1941 2104 auferuntur

576 2135 797 2198 peccata
846 2129 1135 2195 mortalia,
1172 2148 1228 2203 p.
1255 2130 1383 2195 312,
1418 2145 1476 2186 ιι.
1503 2130 1596 2185 20.
1641 2130 1940 2186 Peccatum

575 2212 812 2280 actuale,
844 2217 900 2268 et
937 2213 1122 2286 gratia
1151 2211 1463 2268 habitualis
1503 2211 1567 2268 in
1596 2211 1761 2268 nullo
1807 2212 1935 2268 ins-

576 2294 724 2349 tanti
771 2294 1107 2359 coexistunt,
1161 2312 1217 2368 p.
1250 2295 1379 2359 351,
1427 2310 1486 2350 ιι.
1516 2296 1609 2349 75.
1644 2294 1940 2358 Quomodo

575 2383 765 2433 causet
815 2377 1198 2449 privationem
1226 2377 1445 2450 gratias,
1491 2394 1548 2451 p.
1579 2377 1706 2441 364,
1751 2392 1809 2433 ιι.
1843 2377 1938 2432 93.

575 2458 832 2520 Qualiter
853 2465 1218 2531 opponantur
1242 2459 1426 2530 gratia
1448 2464 1505 2516 et
1533 2465 1820 2531 peccatum
1846 2475 1941 2516 ac-

575 2541 747 2607 tuale,
780 2557 836 2613 p.
869 2541 997 2606 366,
1043 2558 1100 2597 ιι.
1134 2542 1223 2597 96.
1259 2543 1560 2614 Nequeunt
1587 2540 1656 2597 de
1684 2540 1941 2613 potentia

574 2620 832 2679 absoluta
860 2623 922 2679 in
943 2623 1141 2680 eodem
1170 2622 1419 2696 subjecto
1437 2623 1764 2689 coexistere,
1792 2622 1935 2679 ibid.

568 2707 625 2759 et
650 2720 766 2777 seq.
799 2706 889 2761 97.
924 2707 1220 2762 Peccatum
1263 2720 1380 2759 non
1426 2707 1512 2759 est
1535 2703 1753 2775 aliquid
1797 2720 1941 2776 pure

570 2785 833 2850 mortale,
863 2789 1053 2859 p.809,
1087 2786 1282 2840 ιι.132.
1315 2786 1498 2840 Omne
1520 2791 1808 2854 peccatum
1833 2785 1940 2842 ho-

570 2866 748 2923 minis
775 2867 982 2925 elevati
1012 2865 1082 2923 ad
1123 2864 1299 2922 finem
1327 2863 1829 2937 supernaturalem
1852 2872 1940 2923 est

568 2947 746 3005 etiam
789 2955 987 3006 contra
1043 2949 1228 3021 legem
1273 2948 1616 3015 naturalem,
1669 2965 1723 3022 p.
1785 2949 1924 3016 407,

572 3041 632 3082 ιι.
683 3027 803 3083 156.

641 3116 946 3172 Peccatum
992 3117 1218 3174 veniale
1246 3115 1537 3174 habituale
1565 3116 1628 3173 in
1654 3132 1765 3190 quo
1790 3133 1934 3175 con-

575 3196 759 3264 sistat,
804 3217 859 3272 p.
910 3200 1038 3265 307,
1085 3216 1144 3255 n.
1176 3202 1258 3256 13.
1294 3202 1362 3255 Et
1409 3198 1562 3255 unde
1599 3198 1844 3267 dicatur,
1872 3219 1926 3275 p.

572 3280 705 3346 511,
738 3295 796 3336 n.
854 3282 983 3338 299.
1030 3283 1332 3338 Peccatum
1378 3282 1665 3357 originale
1704 3281 1768 3338 in
1811 3297 1924 3355 quo

574 3362 862 3432 consistat,
895 3382 950 3437 p.
981 3365 1109 3430 412,
1137 3381 1194 3420 n.
1237 3365 1356 3420 164.

643 3453 942 3509 Peccatum
958 3455 1203 3510 mortale
1224 3452 1597 3511 commissum
1615 3452 1685 3509 ab
1699 3454 1937 3510 homine

570 3533 798 3591 condito
823 3535 888 3591 in
917 3536 1077 3609 puris
1119 3552 1237 3592 non
1278 3541 1459 3610 potest
1479 3536 1694 3593 destrui
1724 3535 1936 3609 absque

563 3615 875 3674 intrinseca
904 3618 1067 3674 illius
1090 3619 1429 3684 mutatione,
1462 3636 1517 3692 p.
1549 3621 1678 3683 476,
1707 3634 1765 3675 ιι.
1798 3620 1931 3675 254.

564 3698 678 3754 Nec
705 3698 915 3772 absque
957 3699 1150 3772 aliqua
1169 3701 1600 3772 supernaturali
1624 3699 1935 3772 peccatoris

564 3780 880 3837 mutatione
906 3782 1295 3854 potestdeleri‚
1316 3800 1351 3855 p
1392 3784 1523 3848 479,
1552 3798 1609 3838 ιι.
1635 3784 1765 3839 256.
1794 3784 1935 3838 Pec-

561 3865 751 3918 catum
779 3861 1153 3919 commissum
1181 3868 1380 3919 contra
1418 3866 1599 3920 Deum
1641 3869 1933 3920 auctorem

563 3947 907 4013 naturalem,
924 3950 1101 4004 Deum
1122 3952 1412 4003 auctorem
1428 3946 1933 4021 supernaturalem

561 4025 819 4097 offendit,
853 4047 907 4103 p.
929 4030 1057 4094 480,
1087 4044 1147 4084 ιι.
1167 4030 1299 4096 257,
1320 4028 1729 4101 etseq.Nequit
1756 4028 1935 4085 etiam

560 4106 632 4165 de
646 4111 898 4182 potentia
920 4108 1180 4167 absoluta
1199 4112 1327 4167 sine
1346 4112 1533 4185 gratia
1547 4109 1938 4167 sanctificante

563 4189 798 4267 aboleri,
815 4194 1007 4267 p.495‚
1025 4208 1082 4247 n.
1105 4194 1235 4249 276.
1255 4194 1319 4248 ln
1341 4208 1454 4265 quo
1469 4198 1756 4265 peccatum
1774 4206 1937 4247 mor—

560 4276 672 4331 tale
694 4275 1066 4334 commissum
1094 4274 1158 4331 in
1185 4280 1334 4331 statu
1379 4291 1661 4348 purorum
1702 4275 1927 4332 consis-

561 4361 660 4425 tat,
694 4356 836 4424 ibid,
869 4374 928 4415 n.
958 4360 1086 4415 277.

633 4447 841 4518 Nequit
897 4453 1185 4518 peccatum
1232 4446 1463 4503 veniale
1513 4445 1688 4519 hujus
1753 4451 1935 4503 status

561 4527 780 4584 remitti
802 4525 1012 4600 absque
1042 4527 1391 4585 remissione
1407 4526 1690 4593 mortalis,
1723 4544 1776 4601 p.
1798 4530 1927 4597 513,

562 4624 625 4666 ιι.
661 4610 790 4666 303.
823 4609 1033 4683 Nequit
1082 4627 1183 4683 per
1210 4614 1366 4666 actus
1408 4608 1699 4666 naturales
1726 4608 1929 4679 deleri,

568 4689 710 4747 ibid.
738 4706 795 4746 n.
840 4691 969 4747 304.
998 4691 1312 4747 Destructio
1333 4691 1544 4763 peccati
1566 4690 1813 4748 venialis
1841 4689 1935 4748 de-

559 4769 656 4829 bet
698 4769 825 4828 fieri
873 4786 975 4843 per
1015 4770 1233 4844 aliquid
1280 4787 1351 4828 ex
1403 4776 1611 4828 natura
1655 4787 1760 4829 sua
1801 4788 1933 4829 cum

558 4851 683 4923 ipso
704 4850 1185 4924 incompossibile,
1213 4868 1269 4925 p.
1298 4852 1427 4918 515,
1451 4866 1510 4909 ιι.
1538 4853 1668 4909 306.
1695 4851 1845 4917 Quid
1860 4854 1935 4910 sit

561 4931 707 5003 illud
745 4930 1210 5005 incompossibile
1245 4949 1376 4989 cum
1421 4939 1647 5006 peccato
1686 4935 1929 5005 veniali,

562 5029 614 5084 p.
647 5013 777 5078 516,
810 5028 869 5070 ιι.
901 5014 1030 5070 307.
1064 5015 1359 5071 Peccatum
1389 5015 1616 5073 veniale
1644 5032 1747 5089 per
1785 5018 1936 5076 acci—

512 5246 565 5283 Ἃ.

2080 583 2221 641 dens
2267 589 2448 658 potest
2498 583 2696 657 puniri
2746 597 2917 656 poena
2961 585 3198 645 aeterna,
3226 596 3290 653 p.
3323 577 3455 640 522,

2082 679 2140 719 ιι.
2186 664 2317 719 317.

2159 745 2454 800 Peccatum
2483 742 2778 799 habituale
2819 758 2936 799 non
2965 744 3146 814 potest
3183 735 3458 793 desinere

2080 841 2183 898 per
2209 825 2483 881 ultimum
2501 824 2593 879 sui
2622 840 2762 889 esse,
2796 842 2854 898 p.
2879 825 3012 888 646,
3041 836 3100 876 ιι.
3134 820 3227 875 30.
3259 820 3457 875 Potest

2079 910 2276 961 tamen
2317 909 2608 977 peccatum
2655 905 2893 969 actuale,
2939 900 3081 958 ibid.
3133 914 3306 955 num.
3360 899 3449 953 31.

2079 983 2225 1041 Vide
2249 985 2531 1043 Remissio.

2157 1065 2509 1120 PERSONA.
2564 1062 2826 1137 Dignitas
2888 1059 3210 1134 personalis
3284 1064 3455 1133 auget

2078 1144 2375 1210 meritum,
2421 1159 2538 1201 non
2579 1159 2716 1201 vero
2761 1142 3092 1210 habitualiS,
3119 1158 3176 1215 p.
3218 1141 3364 1206 750,
3397 1154 3453 1194 ιι.

2153 1307 2534 1362 ΡΟΤΕΝΤΙΑ.
2584 1306 2843 1363 Po'tentia
2870 1301 3292 1362 obedientialis
3319 1300 3456 1376 quid

2076 1385 2168 1452 sit,
2203 1405 2257 1461 p.
2315 1389 2442 1456 281,
2490 1403 2548 1444 ιι.
2582 1389 2673 1442 21.

2151 1468 2642 1524 PRAECEPTUM.
2685 1466 2911 1534 Efficax,
2941 1469 2997 1522 et
3024 1463 3308 1520 virtualis
3358 1479 3450 1520 re-

2077 1546 2215 1604 latio
2242 1549 2515 1615 hominis,
2538 1554 2594 1604 et
2622 1549 2888 1604 omnium
2911 1560 3150 1602 suorum
3177 1544 3248 1599 in
3275 1545 3452 1600 Deum

2075 1627 2227 1684 cadit
2253 1628 2358 1684 sub
2382 1636 2656 1702 praecepto
2683 1627 3003 1693 charitatis,
3028 1643 3082 1699 p.
3109 1626 3245 1690 556,
3273 1640 3335 1681 ιι.
3360 1627 3449 1681 79.

2076 1718 2133 1769 et
2162 1711 2348 1768 fusius
2397 1729 2453 1783 p.
2481 1714 2611 1779 759,
2648 1728 2704 1767 ιι.
2740 1712 2836 1765 107
2866 1714 2923 1766 et
2952 1711 3069 1764 108.

2151 1792 2753 1847 PRAEDESTINATIO
2778 1832 2791 1846 .
2819 1792 2945 1846 Non
2967 1793 3111 1845 esset
3137 1785 3448 1852 certa,nisi

2075 1873 2256 1947 gratia
2280 1878 2426 1928 esset
2451 1871 2520 1926 ab
2548 1870 2862 1926 intrinseco
2884 1868 3098 1934 efficax,
3127 1886 3181 1942 p.
3227 1868 3355 1935 107,
3387 1884 3442 1922 n.

2151 2033 2551 2088 PRIORITAS.
2578 2031 2814 2105 Triplex
2835 2030 3124 2104 prioritas,
3147 2047 3203 2103 p.
3232 2030 3369 2096 578,
3387 2045 3440 2084 ιι.

2073 2114 2141 2169 71
2173 2119 2228 2170 et
2252 2128 2404 2186 seqq.

2150 2202 2511 2256 PRIVATIO.
2567 2199 2824 2256 Privatio
2879 2201 3080 2273 gratiae
3126 2197 3439 2272 dupliciter

2073 2282 2429 2340 considerari
2470 2283 2642 2346 valet,
2675 2299 2733 2355 p.
2757 2281 2886 2347 311,
2920 2297 2978 2336 n.
3020 2283 3106 2337 18.
3139 2284 3337 2338 Potest
3357 2297 3443 2337 ac·

2073 2366 2184 2439 cipi
2209 2366 2459 2439 physice,
2487 2366 2577 2420 vel
2606 2366 2925 2429 moraliter,
2959 2362 3107 2420 ibid.
3139 2380 3198 2420 n.
3262 2367 3348 2422 19.
3379 2368 3438 2420 lu

2073 2453 2222 2504 statu
2251 2463 2530 2520 purorum
2573 2446 2699 2501 dari
2745 2452 2928 2519 posset
2956 2446 3213 2519 privatio
3240 2449 3438 2521 gratiae

2074 2527 2504 2595 sanctificantis,
2536 2545 2592 2602 p.
2633 2528 2761 2595 500,
2791 2543 2851 2583 ιι.
2875 2528 3003 2584 283.

2719 2712 2788 2773 Q.

2148 2863 2539 2928 QUALITAS.
2595 2864 2911 2937 Dupliciter
2956 2867 3141 2936 potest
3185 2862 3422 2937 intelligi

2073 2945 2326 3019 aliquam
2374 2949 2715 3019 qualitatem
2766 2964 2890 3004 esse
2917 2953 3334 3011 transeuntem,
3373 2964 3421 3020 p.

2070 3029 2202 3098 446,
2237 3044 2297 3085 ιι.
2330 3030 2496 3085 211..

2710 3220 2776 3275 R.

2146 3348 2521 3428 RELlGIOSl.
2566 3372 2839 3447 Religiosi
2885 3373 3055 3430 citius
3116 3376 3360 3448 surgunt
3395 3386 3423 3425 a

2041 3454 2327 3525 peccatis,
2362 3472 2415 3528 p.
2447 3455 2575 3518 842,
2609 3469 2670 3509 n.
2698 3456 2791 3510 74.

2143 3534 2494 3590 ΒΕΜ18810.
2521 3534 2758 3606 Triplex
2776 3536 2983 3606 peccati
3004 3536 3201 3610 gravis
3236 3534 3425 3591 remis·

2068 3612 2236 3688 sio,p.
2267 3616 2462 3681 397,n.
2506 3616 2625 3670 142.
2661 3616 3040 3687 impossibilis
3061 3624 3145 3673 est
3161 3616 3425 3673 remissio

2070 3696 2279 3767 peccati
2319 3698 2581 3754 mortalis
2604 3700 2922 3772 personalis
2949 3700 3161 3773 absque
3204 3700 3421 3757 intrin-

2067 3792 2193 3834 seca
2232 3780 2539 3851 peccatoris
2564 3783 2902 3849 mutatione,
2929 3780 3114 3838 adhuc
3134 3783 3209 3841 de
3233 3790 3424 3857 poten·

2069 3860 2150 3915 tia
2190 3859 2467 3928 absoluta,
2517 3862 2656 3920 ibid.
2686 3879 2848 3921 num.
2889 3866 3007 3919 144.
3055 3864 3424 3939 Impossibilis

2067 3942 2244 3998 etiam
2271 3950 2355 3999 est
2376 3943 2641 4001 remissio
2658 3946 2865 4017 peccati
2889 3947 3201 4021 originalis
3226 3945 3425 4018 absque

2069 4023 2383 4084 intrinseca
2430 4028 2749 4086 mutatione
2792 4030 2840 4103 ej
2852 4046 2932 4097 us,
2959 4030 3058 4102 qui
3112 4029 3262 4086 illud
3305 4044 3423 4086 cou-

2068 4107 2263 4172 traxit,
2291 4127 2344 4183 p.
2376 4110 2507 4176 411,
2566 4126 2623 4167 ιι.
2678 4112 2801 4167 162.
2873 4111 3159 4168 Remissio
3225 4108 3425 4185 peccati

2069 4191 2332 4248 mortalis
2360 4190 2641 4250 indirecta
2669 4198 2754 4250 est
2781 4193 3180 4266 impossibilis,
3211 4213 3266 4269 p.
3300 4194 3421 4253 510.

2074 4291 2134 4332 n.
2160 4276 2290 4333 296.

2142 4357 2424 4414 Remissio
2438 4357 2760 4415 venialium
2778 4356 2842 4413 fit
2854 4357 3111 4414 effective
3128 4374 3231 4431 per
3247 4360 3431 4414 Sacra·

2066 4445 2282 4503 menta,
2314 4456 2370 4512 p.
2392 4441 2520 4504 526,
2556 4455 2613 4494 n.
2630 4439 2739 4493 322
2755 4446 2811 4496 et
2826 4458 2880 4513 p.
2903 4441 3033 4505 529,
3063 4455 3120 4495 ιι.
3149 4440 3283 4507 327,
3307 4453 3430 4495 cum

2065 4537 2184 4595 seq.
2198 4519 2279 4576 Ad
2298 4519 2618 4577 venialium
2637 4521 3036 4579 remissionem
3049 4522 3179 4593 plus
3192 4537 3264 4579 ex
3284 4524 3433 4593 parte
3543 4572 3544 4583 ,

2064 4618 2245 4660 causae
2260 4601 2521 4659 formalis
2536 4604 2873 4676 requiritur.
2890 4616 3065 4673 quam
3082 4602 3152 4658 ad
3166 4601 3433 4659 exclusio-
3543 4586 3544 4609 ¹

2066 4700 2202 4741 nem
2235 4684 2601 4741 mortalium:
2627 4683 2862 4743 aliunde
2885 4697 3020 4740 vero
3052 4686 3183 4756 plus
3202 4685 3433 4758 exigunt

2068 4768 2354 4833 mortalia,
2375 4785 2431 4841 p.
2448 4770 2576 4834 528,
2606 4784 2663 4824 n.
2694 4769 2802 4823 324
2823 4772 2879 4824 et
2897 4770 3143 4839 seq.Quo
3161 4782 3334 4824 sensu
3353 4765 3435 4821 ni·

2068 4851 2153 4909 hil
2164 4849 2327 4908 cadat
2345 4849 2600 4911 medium
2620 4851 2771 4907 inter
2788 4852 3145 4907 infusionem
3161 4850 3432 4925 gratiae,et

2067 4932 2246 5004 culpae
2276 4930 2694 4997 remissionem,
2722 4948 2775 5004 p.
2804 4933 2930 4997 567,
2956 4947 3017 4988 ιι.
3043 4933 3136 4986 54.
3173 4929 3432 4996 Qualiter

2069 5013 2332 5072 remissio
2360 5012 2569 5085 peccati
2589 5013 2663 5068 sit
2687 5010 2837 5079 finis,
2862 5020 2919 5070 et
2943 5012 3236 5070 terminus
3259 5009 3432 5084 J'usti-
