3647 5753
528 393 657 465 *446

548 562 722 618 malis
744 567 962 619 naturae
993 562 1209 637 divinae
1227 564 1333 620 sub
1354 569 1624 636 conceptu
1648 568 1905 619 naturae:

547 658 682 716 ergo
706 641 971 714 praedicta
997 645 1242 717 qualitas
1264 646 1461 719 nequit
1489 660 1606 702 non
1628 660 1749 700 esse
1772 660 1908 716 par-

546 726 803 797 ticipatio
829 724 1092 782 formalis
1132 732 1353 783 naturai
1371 727 1585 783 divinae
1624 726 1729 781 sub
1768 742 1908 782 con-

546 810 707 878 ceptu
758 811 998 864 naturae.
1032 809 1448 880 Consequentia
1492 813 1667 880 patet:
1713 807 1908 864 Minor

545 890 722 945 etiam
754 889 978 946 videtur
1003 896 1186 947 certa:
1218 907 1353 947 nam
1377 890 1505 948 ideo
1531 893 1717 965 gratia
1744 906 1909 947 sanc-

546 971 768 1028 tificans
812 977 896 1028 est
943 974 1302 1046 participatio
1354 974 1623 1032 formalis
1684 980 1908 1030 naturae

542 1052 759 1110 divinae
786 1054 891 1109 sub
918 1060 1187 1127 conceptu
1211 1061 1453 1123 naturae,
1480 1057 1615 1130 quia
1636 1060 1720 1113 est
1743 1055 1908 1111 radix

543 1133 780 1191 videndi
808 1138 988 1191 Deum
1011 1136 1100 1191 vel
1131 1136 1192 1192 in
1214 1132 1418 1209 seipso,
1451 1138 1546 1193 vel
1582 1153 1683 1210 per
1708 1135 1904 1192 fidem.

544 1222 600 1273 et
619 1219 792 1273 simul
817 1217 1052 1274 amandi
1070 1221 1251 1275 Deum
1275 1219 1338 1273 in
1358 1219 1573 1291 seipso;
1597 1220 1739 1285 sive,
1764 1224 1819 1274 et
1842 1219 1905 1273 in

545 1295 699 1353 idem
749 1297 926 1364 redit,
958 1299 1094 1371 quia
1144 1305 1227 1356 est
1269 1298 1435 1355 radix
1479 1294 1918 1370 operationum,

544 1392 673 1449 quae
698 1384 832 1434 sunt
855 1380 1317 1452 participationes
1339 1380 1610 1436 formales
1631 1380 1906 1453 operatio·

548 1475 691 1514 num
718 1461 1085 1528 divinarum;
1113 1462 1372 1534 implicat
1392 1463 1573 1527 enim,
1600 1461 1748 1534 quod
1770 1477 1909 1533 ope-

546 1540 696 1595 ratio
726 1541 1021 1615 participet
1048 1542 1372 1598 formaliter
1399 1543 1819 1615 operationem,
1853 1546 1909 1597 et

544 1619 695 1692 quod
719 1620 884 1677 radix
911 1639 1029 1679 non
1059 1623 1359 1695 participet
1389 1623 1661 1688 radicem,
1687 1638 1787 1677 seu
1813 1637 1910 1677 na-

546 1704 738 1755 turam
774 1721 786 1754 :
817 1716 950 1774 ergo
971 1702 1019 1757 si
1047 1703 1294 1773 qualitas
1321 1704 1425 1759 illa
1451 1701 1522 1758 ab
1544 1701 1911 1759 Adversariis

548 1780 836 1853 assignata
880 1788 981 1837 est.
1011 1782 1176 1839 radix
1219 1784 1564 1858 cognitionis
1586 1782 1687 1838 Dei
1736 1783 1797 1837 in
1826 1798 1906 1848 se,

545 1862 639 1918 vel
663 1876 762 1931 per
790 1860 982 1927 fidem,
1003 1868 1057 1919 et
1076 1863 1251 1919 simul
1270 1864 1485 1919 amoris
1508 1865 1608 1920 Dei
1625 1865 1687 1920 in
1700 1863 1906 1933 seipso,

447 1957 453 1963 ’
550 1944 749 2017 nequit
770 1960 887 1999 non
902 1960 1022 2001 esse
1036 1944 1396 2018 participatio
1407 1945 1672 2001 formalis
1689 1950 1911 1999 naturae

326 3084 512 3135 Quidam

344 3134 510 3178 admit-

549 2026 767 2083 divinae
787 2025 892 2080 sub
919 2034 1186 2100 conceptu
1217 2033 1461 2085 naturae.
1503 2028 1688 2101 Major
1717 2031 1909 2083 autem

548 2108 887 2177 ostenditur,
914 2109 1043 2181 quia
1061 2110 1206 2165 sicut
1235 2126 1401 2167 amor
1428 2112 1699 2184 supponit
1725 2126 1912 2168 essen-

550 2189 768 2246 tialiter
794 2190 1198 2263 cognitionem,
1221 2191 1301 2248 ita
1325 2190 1492 2248 radix
1514 2193 1730 2248 amoris
1746 2191 1912 2249 debet

550 2287 653 2345 pei·
700 2272 862 2344 prius
908 2270 1167 2329 radicare
1208 2274 1597 2347 cognitionem
1626 2295 1638 2329 :
1686 2290 1797 2346 qua
1843 2272 1913 2330 de

548 2368 717 2409 causa
737 2351 939 2407 docent
957 2353 1346 2409 communiter
1372 2354 1666 2427 Theologi,
1690 2358 1747 2410 et
1771 2354 1914 2410 Phi-

549 2430 1033 2502 losophi,omnem
1056 2438 1324 2489 naturam
1347 2433 1651 2489 volitivam
1678 2448 1799 2489 esse
1823 2433 1912 2489 in-

548 2510 917 2576 tellectivam,
938 2516 995 2566 et
1021 2513 1345 2584 oppositum
1369 2514 1671 2586 implicare
1691 2519 1913 2570 contra-

548 2589 879 2655 dictionem,
913 2607 1015 2647 nec
1067 2591 1195 2648 fieri
1243 2609 1403 2665 posse
1450 2611 1548 2666 per
1597 2595 1911 2665 potentiam

548 2669 650 2726 Dei
698 2669 1036 2737 absolutam,
1095 2674 1225 2730 licet
1277 2674 1455 2746 aliqui
1508 2674 1790 2740 dubitent,
1837 2691 1912 2730 an

550 2750 744 2807 omnis
772 2757 976 2807 natura
1006 2752 1359 2811 intellectiva
1386 2754 1587 2811 debeat
1613 2770 1733 2811 esse
1755 2755 1911 2810 voli-

551 2832 671 2887 tiva
704 2847 875 2905 :ergo
900 2833 1173 2904 implicat,
1189 2834 1338 2907 quoi
1358 2835 1604 2908 qualitas
1630 2835 1733 2891 illa
1756 2842 1914 2893 tran-

551 2912 711 2968 siens
747 2913 822 2967 sit
863 2912 1027 2969 radix
1067 2916 1283 2971 amoris
1324 2917 1424 2973 Dei
1481 2917 1543 2972 in
1586 2916 1792 2988 seipso,
1817 2917 1910 2973 vel

551 2994 756 3049 saltem
787 2993 1052 3061 mediate,
1080 3001 1134 3052 et
1162 3012 1263 3068 per
1289 2995 1482 3054 fidem.

626 3076 755 3131 211.
802 3078 1042 3149 Propter
1090 3078 1207 3134 haic
1258 3095 1375 3137 non
1402 3078 1607 3135 desunt
1633 3079 1810 3152 aliqui
1840 3096 1911 3136 ex

330 3153 934 3236 ,umgwAdversariis
962 3159 1060 3230 qui
1088 3160 1398 3232 concedant
1426 3160 1755 3232 praedictam
1777 3177 1912 3234 qua·

345 3286 348 3290 .
383 3233 486 3277 tiam

362 3293 486 3326 sanc·

344 3332 510 3376 linean-

328 3386 414 3425 tem
425 3388 536 3426 tran·

328 3437 515 3476 scunter.

325 3658 331 3664 '
369 3653 512 3688 ῐίΙΠΧΟ.

553 3236 772 3294 litatem
800 3244 1194 3298 transeuntem
1240 3247 1520 3316 receptam
1575 3242 1911 3300 immediate

553 3317 615 3372 in
636 3318 951 3377 substantia
981 3323 1207 3391 animae,
1239 3339 1361 3380 esse
1386 3323 1630 3397 gratiam
1652 3323 1910 3381 sanctifi-

550 3407 773 3457 cantem
814 3407 1199 3471 transeunter,
1250 3406 1371 3463 sive
1411 3407 1910 3480 participationem

551 3481 882 3550 formalem,
907 3491 963 3541 et
1009 3486 1332 3544 formaliter
1385 3493 1776 3544 transeuntem
1802 3504 1910 3543 na-

549 3567 694 3619 turae
722 3562 938 3622 divinae
991 3567 1095 3624 sub
1147 3573 1415 3641 conceptu
1457 3574 1698 3625 naturae.
1750 3569 1909 3633 Quod

548 3645 782 3701 Arauxo
808 3662 980 3719 supra
1009 3650 1213 3705 citatus
1253 3651 1337 3706 in'
1363 3649 1732 3721 responsione
1777 3648 1848 3705 ad
1883 3652 1902 3705 l

547 3725 809 3784 secundm
837 3733 1159 3797 sententiaa,
1186 3738 1242 3787 et
1267 3731 1586 3799 confirmat,
1638 3747 1701 3787 ac
1719 3732 1911 3805 expli-

546 3811 636 3861 cat
657 3806 719 3863 in
742 3808 894 3865 hunc
915 3811 1149 3868 modum
1172 3833 1184 3867 ε
1208 3812 1368 3870 Sicut
1395 3815 1458 3868 de
1470 3815 1715 3885 potentia
1747 3813 1910 3868 abso-

548 3887 666 3942 luta
691 3896 861 3960 potest
886 3890 1030 3948 Deus
1050 3911 1148 3964 per
1172 3895 1458 3950 auxilium
1477 3894 1694 3950 actuale
1713 3896 1909 3949 consti-

546 3974 695 4023 tuere
728 3974 1030 4041 potentiam
1055 3976 1116 4028 in
1141 3982 1267 4030 actu
1290 3977 1473 4047 primo
1494 3975 1568 4030 ad
1589 3975 1909 4048 productio-

544 4064 667 4103 nem
692 4051 1017 4118 dilectioni&
1063 4062 1112 4109 et
1138 4058 1371 4111 visionis
1396 4055 1593 4111 beaten:
1614 4058 1695 4110 ita
1739 4057 1909 4110 etiam

537 4138 712 4203 polest
735 4135 915 4190 media
931 4136 1123 4213 aliqua
1143 4139 1415 4215 'qualitate
1431 4138 1643 4193 actuali
1655 4140 1908 4192 animam

544 4218 793 4268 nostram
810 4216 1139 4288 justificare,
1169 4226 1217 4272 el
1236 4227 1457 4288 ‚aratam
1485 4218 1720 4282 reddere,
1746 4225 1909 4295 atque

542 4298 882 4370 principium
912 4300 1151 4355 merendi
1171 4318 1193 4368 ‚·
1213 4302 1334 4356 licet
1351 4303 1682 4376 justificatio
1700 4301 1799 4356 illa
1819 4317 1908 4355 es-

541 4384 621 4431 set
647 4377 869 4433 diversa·
893 4383 1129 4435 rationis
1160 4381 1229 4436 ab
1275 4383 1396 4450 hac,
1429 4400 1535 4455 qua
1563 4382 1720 4436 modo
1761 4380 1908 4437 Deus

547 4461 927 4530 nosjustifi'cat
948 4479 968 4527 ,·
986 4463 1092 4517 haec
1117 4464 1262 4518 enim
1280 4463 1344 4528 fit
1358 4480 1457 4536 per
1477 4464 1621 4518 dona
1642 4463 1908 4518 habitua-

547 4537 646 4602 lia,
677 4546 725 4593 et
750 4543 867 4595 sine
893 4543 1024 4608 illis,
1067 4550 1129 4598 ut
1155 4544 1261 4599 haec
1286 4551 1381 4612 est,
1413 4548 1599 4623 nequit
1626 4545 1862 4614 intelliyi

545 4617 647 4674 illa
674 4636 799 4676 vero
837 4625 983 4694 fieret
1000 4641 1096 4697 per
1120 4624 1324 4680 donum
1375 4627 1602 4703 aliquod
1626 4625 1843 4681 actuale
1868 4643 1905 4680 a

540 4703 730 4770 qratia
750 4704 1033 4761 habituali
1056 4706 1393 4764 distinctum.
1421 4708 1689 4780 Idemque
1716 4706 1905 4782 signi-

542 4780 811 4840 ficaverat
870 4786 1173 4858 praedictus
1224 4788 1446 4846 Author
1492 4791 1553 4844 in
1602 4789 1707 4845 hac
1765 4789 1811 4850 l,
1844 4789 1898 4855 2,

542 4864 724 4932 quast.
766 4860 885 4929 113,
911 4868 1015 4915 art.
1041 4864 1096 4929 2,
1115 4862 1241 4919 dub.
1278 4864 1295 4918 1
1319 4865 1379 4918 in
1406 4881 1548 4937 resp.
1570 4863 1646 4919 ad
1664 4865 1717 4920 4.
1740 4859 1905 4917 Unde

545 4938 677 4995 licet
710 4940 1051 5000 concedatur
1096 4961 1351 5002 amorem
1399 4944 1902 5018 supernaturalem

545 5019 644 5075 Dei
672 5036 844 5092 super
866 5024 1064 5081 omnia
1108 5024 1430 5098 dependere
1467 5026 1849 5083 essentialiter
1870 5041 1904 5081 a

1473 393 1566 446 DE
1604 389 2184 445 JUSTIFICATIONE
2223 390 2426 445 1MP11.

2039 563 2226 637 gratia
2252 560 2663 629 sanctificante,
2695 563 2943 620 minime
2985 566 3177 623 tamen
3214 561 3391 634 sequi-

2040 647 2154 709 tur,
2185 642 2333 714 quod
2362 641 2678 714 dependeat
2713 660 2744 700 a
2763 645 2948 718 gratia
2988 642 3265 699 habituali
3291 641 3388 699 de-

2040 724 2349 781 terminate
2369 730 2615 796 sumpta,
2641 730 2702 780 ut
2744 742 2846 783 nos
2875 726 3267 790 affirmamus;
3296 721 3386 779 sed

2039 808 2247 873 solum,
2279 807 2427 880 quod
2472 806 2788 879 dependeat
2832 824 2866 864 a
2908 808 3095 882 gratia
3139 804 3386 862 sanctiti-

2038 895 2221 956 cante,
2247 905 2371 961 quae
2398 889 2726 962 praescindit
2771 888 2841 945 ab
2883 890 3109 957 actuali,
3135 895 3190 946 et
3226 888 3385 945 habi-

2040 972 2201 1039 tuali,
2231 977 2287 1027 et
2310 988 2409 1043 per
2431 976 2733 1044 utramque
2763 973 3157 1044 participatur.

2114 1055 2396 1110 Caeterum
2463 1053 2569 1109 hoc
2613 1053 2887 1127 effugium
2938 1054 3103 1125 plura
3145 1044 3559 1142 contine-&gae
3635 1114 3636 1133 χ

2041 1131 2203 1198 falsa,
2236 1137 2292 1189 et
2312 1134 2548 1197 incerta,
2575 1137 2866 1204 potestque
2881 1148 2952 1193 ex
2979 1131 3142 1187 dictis
3168 1131 3388 1188 efficaci·
3421 1144 3563 1237 ‘Qash

3422 1246 3525 1286 sione

2042 1299 2203 1366 parte
2224 1294 2489 1360 vitemus,
2516 1293 2938 1352 observandum
2967 1299 3070 1360 est,
3095 1293 3387 1366 dupliciter
3410 1301 3550 1384 ¹33}

2042 1216 2128 1268 ter
2158 1212 2451 1285 praecludi.
2483 1214 2552 1266 Et
2573 1217 2636 1266 ut
2659 1212 3167 1284 aequivocationem
3207 1213 3268 1267 in
3293 1203 3419 1268 hac⁰

2041 1373 2290 1447 intelligi
2313 1374 2645 1447 posse,qu0d
2669 1376 2861 1448 aliqua
2879 1374 3125 1445 qualitas
3139 1374 3213 1428 sit
3234 1380 3389 1430 tran-

2040 1453 2216 1521 sienS,
2228 1460 2284 1510 et
2304 1455 2632 1511 conferatur
2648 1470 2748 1527 per
2770 1453 3006 1511 modum
3023 1454 3385 1511 transeuntis.

2041 1536 2171 1590 Uno
2188 1533 2357 1590 modo
2377 1534 2424 1589 si
2446 1534 2692 1605 qualitas
2707 1550 2777 1591 ex
2794 1532 3391 1607 praedicatisspecificis

2041 1614 2116 1670 sit
2144 1613 2338 1681 fluida,
2371 1621 2428 1671 et
2449 1615 2613 1671 facile
2635 1615 2867 1671 mobilis
2888 1637 2900 1678 ;
2922 1613 3071 1687 quod
3100 1613 3267 1671 habet
3288 1614 3393 1669 dis-

2045 1695 2250 1767 positio
2269 1694 2652 1751 essentialiter
2672 1694 2840 1761 dicta,
2875 1700 3043 1767 prout
3085 1694 3156 1750 ab
3197 1693 3391 1750 habitu

2043 1774 2436 1849 distinguitur,
2468 1775 2753 1845 ut‚docent
2777 1778 2846 1832 N.
2873 1777 3155 1847 Complut.
3201 1776 3262 1829 in
3289 1773 3394 1831 Lo-

2037 1861 2181 1928 9ica,
2213 1860 2351 1930 disp.
2393 1860 2477 1923 15,
2504 1865 2684 1934 quaest.
2717 1859 2770 1912 3.
2815 1857 2973 1922 Quod
3001 1857 3064 1912 in
3094 1856 3394 1929 principiis

2042 1940 2351 2011 operativis
2378 1939 2911 2012 supernaturalibus
2934 1938 3152 2005 accidit,
3179 1939 3394 2011 quoties

2043 2037 2172 2076 cum
2195 2022 2362 2077 unica
2383 2025 2606 2077 tantum
2654 2022 2987 2094 operatione
3031 2036 3393 2077 commensu-

2046 2108 2268 2171 rantur,
2295 2110 2351 2160 et
2373 2104 2491 2160 haec
2531 2118 2649 2160 non
2678 2104 2922 2175 postulat
2941 2119 3012 2160 ex
3059 2102 3273 2176 objecto
3295 2117 3394 2158 suo

2046 2184 2506 2254 permanentiam
2539 2183 2710 2245 ;hinc
2735 2184 2894 2239 enim
2925 2183 3209 2255 provenit,
3251 2179 3396 2254 quod

2044 2269 2293 2320 cessante
2317 2263 2581 2336 praedicta
2602 2266 2948 2336 operatione,
2979 2268 3276 2319 evanescat
3324 2262 3398 2317 il-

2046 2344 2147 2400 lud
2170 2344 2553 2416 principium;
2582 2348 2637 2399 et
2677 2343 2825 2416 quod
2853 2346 2988 2411 haec,
3017 2351 3079 2399 ut
3117 2346 3199 2400 sic.
3243 2343 3397 2399 dica-

2045 2441 2194 2491 muS,
2250 2424 2591 2481 fluxibilitas
2621 2424 2696 2479 sit
2733 2425 2843 2496 ipsi
2884 2425 3296 2488 connaturaliS,
3345 2429 3401 2480 et

2044 2507 2393 2563 conveniens
2440 2504 2510 2562 ab
2545 2505 2876 2572 intrinseco,
2926 2512 2988 2561 ut
3019 2506 3403 2578 explicuimus

2044 2593 2205 2642 tract.
2232 2587 2456 2659 praeced.
2485 2587 2627 2659 disp.
2659 2587 2714 2650 5,
2739 2586 2865 2643 dub.
2898 2587 2950 2642 3.
2985 2587 3180 2642 Altero
3209 2586 3394 2651 modo,

2043 2667 2091 2721 si
2114 2668 2359 2739 qualitas
2384 2682 2456 2723 ex
2497 2666 2815 2738 praedicatis
2841 2664 3115 2738 specificis
3141 2666 3218 2721 sit
3266 2682 3396 2738 per-

2045 2763 2306 2812 manens,
2331 2752 2387 2803 et
2412 2746 2652 2813 stabilis,
2686 2753 2744 2802 et
2769 2747 2914 2802 hanc
2937 2747 3397 2818 permanentiam

2045 2829 2387 2886 naturaliter
2413 2828 2633 2902 exigat;
2658 2828 2985 2885 conferatur
3009 2833 3205 2885 tamen
3234 2827 3402 2885 modo

2045 2913 2384 2976 transeunti,
2409 2914 2464 2966 et
2503 2908 2703 2965 fluenti
2739 2909 2855 2964 :ita
2893 2908 3042 2980 quod
3071 2907 3398 2982 hujusmodi

2042 2999 2220 3051 status
2242 3009 2357 3052 non
2384 2992 2459 3048 sit
2485 2991 2556 3049 ab
2581 3009 2647 3049 ea
2692 2998 2940 3058 exactus,
2963 2991 3060 3048 sed
3090 2994 3278 3064 potius
3306 2994 3399 3049 in-

2045 3073 2344 3139 naturalis,
2372 3077 2467 3128 aut
2508 3073 2902 3129 miraculosus,
2934 3075 3048 3128 Nec
3089 3073 3251 3128 enim
3298 3089 3399 3146 ap-

2044 3157 2203 3226 paret
2254 3153 2570 3225 implicatio
2614 3153 2678 3208 in
2728 3168 2795 3209 eo
2827 3196 2839 3218 ,
2895 3151 3043 3225 quod
3095 3153 3288 3209 forma
3330 3168 3397 3210 ex

2041 3234 2225 3307 specie
2280 3252 2381 3291 sua
2435 3251 2779 3308 permanens
2841 3234 3171 3291 conferatur
3233 3234 3403 3292 modo

2045 3318 2384 3384 transeunti,
2424 3324 2480 3375 et
2525 3317 2912 3391 dependenter
2945 3318 3035 3374 vel
3076 3334 3129 3396 a,
3155 3317 3399 3391 disposi-

2043 3399 2217 3467 tione,
2249 3398 2341 3454 vel
2365 3397 2435 3454 ab
2457 3399 2692 3465 unione,
2718 3415 2844 3470 quae
2873 3397 3039 3453 facile
3078 3402 3397 3454 evanescat.

2042 3480 2198 3535 Sicut
2217 3479 2376 3536 enim
2405 3479 2591 3536 forma
2629 3495 2699 3536 ex
2746 3484 2954 3534 natura
2983 3494 3084 3534 sua
3113 3479 3404 3535 inhaerens

2043 3565 2224 3632 potest
2269 3559 2553 3615 divinitus
2597 3560 2926 3616 conservari
2970 3557 3182 3630 absque
3238 3555 3406 3615 modo

2041 3640 2152 3696 sibi
2180 3640 2544 3697 connaturali
2568 3640 2945 3706 inhaerentiae,
2975 3645 3035 3694 ut
3061 3644 3216 3710 patet
3238 3641 3299 3695 in
3321 3654 3401 3694 ac-

2041 3721 2363 3779 cidentibus
2386 3721 2785 3788 Eucharistiae;
2811 3727 2867 3778 et
2892 3722 3077 3777 virtus
3098 3737 3169 3777 ex
3201 3724 3402 3777 natura

2040 3819 2142 3859 sua
2164 3804 2449 3861 transiens
2472 3802 2722 3876 potestin
2743 3808 3022 3858 :eternum
3038 3815 3396 3874 permanere,

2041 3892 2103 3943 ut
2124 3888 2300 3959 liquet
2327 3887 2388 3942 in
2416 3885 2736 3942 elevatione
2752 3885 3232 3941 instrumentaria
3251 3882 3401 3957 ignis

2041 3969 2260 4026 inferni
2308 3968 2378 4025 ad
2432 3968 2815 4039 torquendum
2862 3968 3143 4040 spiritus:
3178 3966 3260 4022 ita
3289 3980 3399 4021 non

2008 4051 2020 4064 ‘
2042 4066 2363 4125 repugnare
2377 4048 2622 4114 videtur,
2639 4049 2787 4121 quod
2809 4049 3053 4120 qualitas
3068 4044 3396 4111 habitualis.

2040 4137 2095 4189 et
2121 4148 2192 4189 ex
2221 4138 2428 4189 natura
2448 4147 2549 4187 sua
2578 4146 2924 4203 permanens
2949 4130 3405 4186 communicetur

2040 4213 2212 4269 alicui
2241 4211 2411 4269 modo
2433 4211 2774 4276 transeunti,
2797 4215 2852 4266 et
2874 4225 2990 4265 non
3015 4207 3398 4282 permanenti.

2040 4293 2109 4347 Et
2136 4293 2288 4348 hunc
2315 4289 2754 4364 philosophandi
2779 4288 3015 4346 modum
3036 4290 3392 4360 amplectun-

2041 4379 2133 4430 tur
2148 4375 2361 4447 plures‚
2380 4378 2435 4430 et
2454 4387 2657 4446 graves
2679 4371 2979 4437 AuthoreS,
2999 4370 3094 4443 qui
3112 4374 3393 4432 asserunt,

2038 4471 2210 4512 omne
2263 4453 2612 4528 principium
2652 4452 2981 4524 proximum
3010 4449 3254 4507 visionis
3295 4450 3393 4506 Dei

2039 4539 2100 4591 in
2122 4535 2336 4607 seips0,
2370 4550 2575 4606 nempe
2597 4535 2795 4589 lumen
2821 4532 3038 4607 gloriae,
3082 4546 3205 4588 esse
3256 4545 3396 4603 qua-

2040 4618 2257 4673 litatem
2276 4616 2646 4682 habitualem,
2671 4620 2726 4670 et
2743 4616 3177 4685 permanentem
3200 4636 3214 4679 ;
3241 4625 3403 4685 posse

2038 4700 2237 4752 tamen
2264 4696 2535 4753 bifariam
2562 4694 2978 4752 communicari
3005 4715 3018 4749 z
3041 4695 3241 4767 primo.
3275 4707 3399 4765 per·

2036 4784 2361 4844 manenter,
2377 4784 2433 4836 et
2459 4779 2552 4835 hic
2579 4776 2783 4834 modus
2808 4780 2893 4832 est
2918 4775 3028 4847 ipsi
3049 4779 3399 4831 connatura-

2037 4862 2128 4929 lis,
2158 4867 2213 4919 et
2240 4861 2441 4919 accidit
2467 4861 2531 4917 in
2559 4860 2745 4933 patria
2772 4881 2784 4915 ε
2813 4857 3063 4922 secundo,
3101 4862 3398 4913 transeun-

2035 4950 2140 5014 ter,
2172 4943 2348 5002 ethic
2394 4943 2597 5000 modus
2631 4946 2715 4998 est
2742 4942 2832 4996 illi
2883 4938 3393 5012 praeternaturaliS.

2036 5030 2090 5085 et
2134 5024 2538 5091 miraculosuS,
2564 5027 2624 5077 ut
2646 5019 2846 5077 accidit
2870 5021 2932 5076 D.
2980 5018 3157 5075 Paulo
3185 5018 3244 5073 in
3296 5031 3402 5073 suo

3208 5102 3395 5171 raptu.
