3647 5753
1224 402 1450 458 INDEX
1488 400 2012 469 QUAESTIONUM,
2056 401 2214 458 ETC.
3077 419 3138 460 111
3204 467 3207 472 ,

729 580 1045 656 Disputatio
1083 580 1175 639 ΙΙ.

327 740 411 794 De
438 736 702 794 termino
725 734 803 790 ad
839 752 995 813 quem
1036 732 1483 808 justificationis,
1510 732 1635 789 sive

252 821 324 877 de
344 819 545 893 forma
567 817 932 893 justificante.
1523 816 1633 871 318

330 907 480 963 Dub.
548 909 597 964 1.
649 908 858 962 Utrum
911 905 974 961 in
1008 901 1418 979 justificatione
1462 901 1631 975 impii

254 989 607 1047 infundatur
633 988 823 1064 gratia
842 985 1224 1054 sanctificans,
1250 1001 1352 1060 per
1376 1000 1550 1058 quam
1578 987 1634 1040 et

258 1071 592 1130 remittatur
614 1075 925 1144 peccatum,
949 1074 1006 1127 et
1051 1069 1223 1126 homo
1248 1065 1633 1124 sanctificetur

256 1153 721 1228 independenter
741 1152 812 1209 ab
836 1152 950 1209 alio
978 1151 1175 1208 favore
1195 1149 1518 1206 extrinseco
1533 1150 1560 1204 Ρ

332 1320 369 1387 5
398 1319 446 1375 1.
499 1315 787 1372 Statuitur
834 1314 1026 1389 prima
1090 1312 1380 1371 conclusio
1431 1310 1635 1384 primas

256 1397 582 1455 difficultati
607 1396 979 1470 respondens.
1523 1394 1635 1450 319

332 1482 365 1549 5
390 1479 451 1535 2.
479 1479 777 1536 Resolutio
802 1476 1067 1534 secundae
1093 1472 1463 1531 difficultatis.
1524 1474 1634 1529 322

332 1563 367 1630 5
394 1560 449 1616 3.
496 1559 788 1616 Posterior
832 1557 994 1614 dubii
1050 1555 1351 1612 difficultas
1412 1552 1634 1612 decidi-

256 1646 453 1792 tm5⁰4a
496 1721 851 1779 Referuntur
876 1718 1175 1776 sententias
1221 1636 1635 1781 contrariae32elt

244 1801 670 1861 ,convelluntur
697 1816 902 1857 earum
937 1798 1175 1855 motiva.
1522 1796 1633 1851 327

335 1888 486 1945 Dub.
510 1890 565 1946 2.
612 1891 821 1944 Utrum
850 1886 1044 1958 aliqua
1082 1884 1340 1942 hominis
1379 1883 1634 1956 operatio

252 1972 354 2039 sit,
380 1973 476 2029 vel
506 1972 683 2044 possit
708 1986 829 2027 esse
852 1973 1040 2026 forma
1064 1967 1405 2042 justificans.
1524 1968 1635 2023 333

333 2057 368 2123 5
404 2055 455 2109 1.
485 2052 690 2108 Prima
715 2050 1006 2108 conclusio
1051 2050 1369 2123 explicam,
1400 2047 1536 2120 quid
1563 2046 1634 2103 de

256 2132 413 2190 sacto
437 2132 758 2204 contingat.
1524 2128 1635 2182 333

334 2217 367 2284 5
394 2215 452 2269 2.
503 2210 763 2268 Secunda
814 2209 1105 2268 conclusio
1155 2207 1453 2282 explicans
1495 2205 1634 2281 quid

254 2295 572 2351 conveniat
596 2292 824 2349 naturis
852 2309 1071 2349 rerum.
1524 2290 1633 2346 338

338 2377 372 2445 5
397 2376 455 2431 3.
482 2374 704 2431 Ultima
728 2372 1021 2429 conclusio
1069 2372 1364 2429 resolvens
1390 2369 1633 2427 dubium

257 2473 366 2530 per
421 2462 739 2529 respectum
782 2454 852 2512 ad
896 2454 1212 2527 potentiam
1250 2454 1352 2510 Dei
1401 2454 1633 2511 absolu-

256 2542 403 2595 tam.
1524 2537 1634 2592 340

340 2625 373 2690 5
392 2623 450 2678 4.
474 2621 743 2679 Refertur
778 2620 1068 2677 sententia
1094 2619 1406 2685 contraria,
1429 2624 1484 2676 et
1511 2620 1633 2693 ejus

261 2703 489 2760 motiva
513 2704 828 2760 eliduntur.
1524 2703 1633 2757 343

340 2790 489 2848 Dub.
531 2794 583 2849 3.
642 2794 852 2847 Utrum
901 2797 1191 2864 peccatum
1240 2792 1487 2848 mortale
1536 2806 1632 2845 ac-

262 2873 445 2939 tuale,
478 2879 534 2930 et
551 2872 740 2947 gratia
769 2871 1079 2928 habitualis
1106 2871 1282 2928 simul
1304 2869 1375 2928 de
1401 2871 1546 2927 facto
1569 2869 1631 2925 in
1658 2913 1661 2916 .

260 2955 463 3028 aliquo
485 2955 725 3012 instanti
753 2955 1111 3013 coexistunt?
1523 2953 1633 3007 350

334 3040 367 3106 5
403 3038 451 3093 1.
487 3037 837 3110 Proponitur
877 3036 1205 3093 communis
1244 3035 1550 3096 sententia,
1577 3037 1634 3088 et

261 3117 613 3175 authoritate
634 3117 922 3174 firmatur.
1522 3116 1622 3169 351

332 3202 365 3268 5
392 3200 449 3254 2.
484 3199 889 3256 communitur
911 3197 1113 3255 eadem
1143 3197 1384 3254 assertio
1405 3194 1630 3252 duobus

259 3281 394 3338 aliis
411 3281 669 3339 motivis.
1520 3280 1631 3333 355

331 3367 365 3433 5
385 3364 441 3420 3.
468 3363 890 3421 convelluntur
931 3363 1151 3420 motiva
1195 3362 1494 3436 opinionis
1523 3359 1630 3417 ad-

258 3460 461 3501 versas.
1495 3443 1624 3498 359.

335 3532 483 3590 Dub.
510 3535 567 3589 4.
599 3534 809 3588 Utrum
828 3537 1114 3604 peccatum
1140 3533 1406 3600 mortale,
1431 3537 1485 3589 et
1503 3547 1631 3606 gra-

261 3613 344 3670 tia
373 3614 599 3670 valeant
625 3613 697 3670 de
741 3612 995 3685 potentia
1049 3611 1308 3668 absoluta
1354 3612 1533 3668 simul
1562 3610 1625 3666 in

257 3693 463 3750 eodem
484 3694 733 3768 subiecto
752 3693 1065 3751 coexistere
1078 3697 1105 3750 Ρ
1516 3695 1628 3748 366

332 3777 366 3844 5
405 3777 448 3830 1.
482 3776 725 3849 Eligitur
773 3790 905 3848 pars
933 3775 1217 3847 negativa,
1250 3778 1306 3830 et
1345 3772 1628 3847 expendi-

260 3861 359 3911 tur
388 3855 641 3928 primum
670 3856 1114 3913 fundamentum
1144 3857 1327 3912 illius.
1519 3856 1628 3911 366

332 3939 368 4006 5
396 3940 449 3992 2.
496 3937 854 4011 Expenditur
898 3936 1057 3993 aliud
1104 3941 1513 4012 argumentum
1562 3936 1628 3991 in

258 4015 518 4074 favorem
549 4034 700 4076 verae
725 4019 1044 4075 sententiae.
1518 4017 1628 4071 372

328 4100 366 4167 5
386 4098 450 4176 Χ3.
492 4097 705 4156 Eadem
758 4099 970 4155 veritas
1021 4097 1138 4154 alia
1195 4098 1419 4155 ratione
1457 4095 1628 4152 fulci-

253 4183 376 4235 tur.
544 4173 549 4182 ’
1520 4180 1629 4235 378

326 4264 363 4332 5
386 4261 445 4317 4.
475 4261 894 4319 corroboratur
919 4260 1119 4319 eadem
1147 4259 1441 4318 conclusio
1481 4259 1629 4317 dua-

249 4344 364 4400 bus
389 4344 522 4400 aliis
562 4344 910 4401 rationibus.
1516 4344 1627 4399 383

323 4430 361 4498 5
389 4428 453 4481 5.
478 4427 741 4483 Refertur
761 4426 959 4500 opinio
987 4425 1298 4493 contraria,
1318 4429 1375 4482 et
1395 4423 1628 4481 diluun-

248 4515 351 4564 tur
394 4507 523 4580 ejus
546 4508 787 4565 motiva.
1519 4507 1628 4561 388

322 4594 487 4652 Dub.
516 4597 568 4652 5.
593 4597 801 4652 Utrum
824 4600 1112 4666 peccatum
1135 4593 1395 4653 hominis
1415 4594 1625 4651 elevati

243 4676 318 4734 ad
350 4675 543 4733 finem
585 4679 1081 4750 supernaturalem
1126 4676 1302 4750 possit
1342 4674 1627 4731 divinitus

244 4760 489 4817 auferri
511 4756 713 4833 absque
740 4760 1058 4816 mutatione
1085 4759 1400 4815 intrinseca
1424 4771 1628 4828 pecca-

243 4842 429 4901 toris.
1517 4839 1629 4895 395

232 4955 237 4958 -
320 4927 359 4993 5
421 4922 479 4977 1.
535 4921 967 4979 Praemittuntur
1019 4922 1222 4998 aliquae
1271 4921 1629 4980 observatio-

238 5021 377 5064 nes,
1522 5005 1633 5062 395

1841 575 1872 641 5
1893 573 1947 628 2.
1975 571 2243 628 Refertur
2266 572 2535 647 negativa
2567 573 2629 628 D.
2658 571 2895 628 Thomae
2911 577 3138 628 senten·

1702 642 1708 648 ’
1765 652 1864 719 tia,
1896 658 1953 709 et
1981 652 2148 709 unico
2174 652 2553 710 fundamento
2579 654 2868 708 munitur.
3026 653 3134 707 397

1839 736 1953 805 53.
1992 736 2378 793 confutantur
2419 736 2544 794 duae
2588 736 2989 809 responsiones
3017 739 3136 793 No-

1766 815 2097 881 minalium,
2124 820 2181 872 et
2200 816 2563 889 quorundam
2591 818 2620 869 J
2630 818 2924 873 uniorum.
3023 817 3136 871 400

1839 901 1871 967 5
1896 900 1951 955 4.
1980 898 2358 956 Praecluditur
2386 900 2502 956 alia
2532 900 2722 956 Suarii
2745 900 2955 956 evasio.
3024 900 3137 954 405

1839 981 1871 1047 5
1891 981 1945 1035 5.
1977 979 2284 1037 Refellitur
2312 982 2495 1038 altera
2516 980 2764 1037 Curielis
2784 981 3135 1038 solutio.408

1840 1063 1873 1129 5
1900 1061 1954 1116 6.
1989 1061 2421 1119 consectarium
2452 1054 2823 1135 praecedentis
2862 1060 3138 1118 doctrinas

1765 1156 1894 1275 {eam
1922 1144 2216 1215 applicans
2260 1144 2589 1202 remissioni
2620 1144 2827 1216 peccati
2870 1144 3136 1217 origina-

1791 1222 1860 1279 is.
3023 1227 3127 1281 411

1841 1299 1873 1367 5
1899 1301 1955 1354 7.
1989 1298 2259 1355 Refertur
2307 1300 2504 1373 opinio
2536 1299 2843 1366 contraria,
2869 1305 2925 1356 et
2946 1316 3137 1357 occur·

1767 1375 1918 1435 ritur
1938 1380 2292 1453 argumentis
2323 1381 2505 1438 illius.
3024 1381 3135 1435 414

1841 1458 1984 1516 Dub.
2014 1462 2068 1516 6.
2105 1462 2310 1516 Utrum
2341 1467 2629 1533 peccatum
2659 1462 2906 1520 mortale
2933 1461 3128 1518 homi-

1767 1539 1859 1595 nis
1886 1540 2094 1597 elevati
2119 1541 2188 1597 ad
2217 1540 2395 1598 finem
2423 1543 2926 1614 supernaturalem
2952 1543 3137 1616 possit

1765 1620 1837 1676 de
1863 1621 2118 1692 potentia
2148 1623 2246 1679 Dei
2276 1621 2534 1680 absoluta
2558 1624 2778 1680 auferri
2805 1621 3015 1696 absque
3043 1623 3133 1678 in·

1768 1699 1990 1757 fusione
2015 1701 2216 1775 gratim
2240 1702 2670 1760 sanctificantis.
3011 1704 3124 1758 424

1841 1784 1872 1850 5
1918 1782 1962 1836 1.
1995 1782 2346 1853 Separantur
2372 1790 2527 1840 certa
2556 1782 2625 1838 ab
2655 1782 2909 1839 incertis.
3017 1784 3128 1838 424

1840 1864 1871 1929 5
1915 1863 1969 1917 2.
2002 1862 2282 1918 Statuitur
2310 1864 2500 1935 prima
2519 1863 2825 1919 conclusi0.
3023 1864 3131 1919 427

1841 1944 1872 2009 5
1918 1941 1970 1996 3.
2023 1940 2375 2015 Objectiones
2448 1949 2646 1999 contra
2716 1942 3134 2017 praecedentem
3178 1989 3185 1995 .

1766 2020 2109 2089 doctrinam,
2142 2029 2198 2080 et
2222 2040 2423 2081 earum
2453 2023 2742 2082 enodatio.
3021 2028 3125 2081 431

1840 2104 1952 2173 54.
1984 2104 2240 2161 Secunda
2290 2106 2580 2162 conclusio
2626 2105 2839 2162 directe
2879 2104 3130 2185 ,dubium

1768 2185 2099 2252 resolvens,
2133 2187 2480 2244 authoritate
2528 2189 2591 2243 D.
2644 2188 2879 2244 Thomee
2951 2188 3130 2243 fulci-

1767 2273 1884 2323 tur.
3022 2271 3133 2325 43ss

1840 2344 1872 2410 5
1900 2343 1935 2394 5
1965 2341 2326 2414 Expenditur
2351 2343 2496 2400 ratio
2526 2341 2974 2399 fundamentalis
2997 2360 3135 2400 nos-

1767 2429 1870 2480 trae
1898 2425 2255 2481 assertionis.
3013 2427 3125 2482 440

1842 2509 1873 2575 5
1899 2507 1953 2560 6.
1989 2504 2369 2562 Praecluditur
2395 2505 2654 2579 quasdam
2682 2506 2897 2563 evasio.
3019 2510 3128 2562 444

1840 2588 1871 2654 5
1896 2589 1954 2641 7.
2013 2586 2197 2660 Major
2248 2586 2611 2645 confirmatio
2678 2594 2890 2645 nostrae
2941 2590 3120 2646 ratio-

1769 2666 1880 2722 niS.
3018 2671 3132 2725 449

1841 2744 1871 2810 5
1919 2742 1976 2797 8.
2027 2741 2351 2799 Roboratur
2406 2744 2647 2799 ulterius
2688 2742 3131 2800 fundamentum

1769 2825 1978 2876 nostras
2005 2823 2355 2880 assertionis.
2578 2833 2584 2838 ‘
3021 2827 3133 2880 453

1841 2905 1871 2971 5
1900 2903 1956 2958 9.
1989 2902 2253 2959 Refertur
2280 2903 2479 2975 opinio
2520 2903 2783 2961 secundae
2825 2905 3130 2962 assertioni

1766 2985 2078 3050 contraria,
2122 2989 2178 3040 et
2204 2985 2395 3057 aliqua
2425 2985 2587 3040 illius
2627 2986 2847 3042 motiva
2891 2987 3133 3044 convel-

1768 3064 1990 3119 luntur.
3018 3069 3134 3122 459

1840 3141 1872 3206 5
1910 3139 1990 3193 10.
2024 3138 2239 3195 Satisfit
2261 3140 2393 3196 aliis
2422 3139 2643 3197 duobus
2672 3139 2954 3212 praedictae
2997 3141 3129 3216 opi·

1767 3219 1962 3276 nionis
1990 3222 2245 3279 motivis.
3017 3225 3129 3280 465

1840 3303 1871 3369 5
1908 3303 1994 3357 ll.
2044 3303 2285 3375 Reliqua
2334 3302 2588 3376 ejusdem
2615 3305 2916 3361 sententias
2956 3321 3130 3380 argu-

1765 3385 1961 3437 menta
1988 3384 2414 3440 convelluntur.
3015 3387 3128 3440 472

1840 3461 1983 3519 Dub.
2015 3467 2072 3518 7.
2106 3464 2316 3520 Utrum
2356 3463 2425 3520 ad
2480 3465 2880 3522 remissionem
2920 3465 3130 3538 peccati

1764 3546 2030 3601 mortalis
2075 3547 2367 3604 commissi
2398 3546 2467 3603 ab
2489 3548 2725 3604 homine
2753 3548 2815 3603 in
2844 3552 2991 3604 statu
3022 3566 3130 3622 pu-

1765 3642 1986 3691 rorum,
2027 3628 2424 3699 requireretur
2446 3628 2689 3686 mutatio
2712 3629 3046 3694 intrinseca,
3078 3633 3135 3685 et

1761 3706 1949 3779 qualis
1977 3705 2210 3762 deberet
2235 3723 2358 3763 esse
2384 3709 2412 3762 ‘a‘
3018 3711 3128 3763 476

1837 3791 1868 3856 5
1906 3789 1949 3843 l.
1996 3788 2276 3843 Statuitur
2328 3789 2631 3844 necessitas
2659 3788 3000 3845 mutationis
3028 3788 3126 3844 in-

1762 3868 2050 3923 trinsecae.
3017 3871 3128 3925 476

1836 3954 1867 4020 5
1912 3953 1966 4007 2.
2023 3951 2315 4007 Asseritur
2344 3952 2649 4008 necessitas
2695 3951 3128 4011 immutationis

1761 4035 2072 4102 supernatu
2085 4031 2244 4108 ralis.
3015 4033 3152 4088 479

1837 4115 1868 4181 5
1904 4112 1957 4168 3.
2027 4111 2216 4168 Variae
2274 4111 2573 4171 evasiones
2636 4113 3127 4172 Adversariorum

1765 4190 2217 4263 praecluduntur.
3015 4194 3118 4248 481

1837 4276 1950 4343 54.
1985 4273 2306 4332 Roboratur
2352 4275 2601 4347 amplius
2652 4277 2863 4333 veritas
2916 4280 3127 4332 nostras

1764 4355 2120 4412 assertionis.
3011 4359 3123 4413 486

1838 4439 1950 4508 55.
1997 4439 2250 4495 Ulterior
2299 4437 2660 4498 confirmatio
2705 4454 2854 4497 verae
2888 4446 3126 4496 senten-

1764 4519 1874 4576 tiae.
3017 4525 3121 4583 491

1837 4598 1868 4663 5
1893 4596 1947 4651 6.
1975 4594 2191 4652 Ultima
2231 4597 2521 4653 conclusio
2550 4612 2653 4670 pro
2681 4596 2933 4670 perfecta
2959 4596 3124 4656 dubii

1764 4674 2134 4731 resolutione.
3015 4680 3127 4735 495

1836 4758 1949 4826 57.
1995 4754 2345 4813 Referuntur
2391 4757 2691 4829 opiniones
2717 4760 3039 4826 contrariae,
3067 4766 3126 4817 et

1761 4838 2067 4896 diluuntur
2095 4837 2311 4894 motiva
2350 4836 2622 4894 adversus
2649 4838 2956 4896 secundam
2979 4857 3122 4898 con·

1762 4922 2101 4978 clusionem.
3015 4923 3130 4977 498

1835 5006 1867 5073 5
1893 5004 1946 5059 8.
1975 5002 2292 5060 Corollaria
2309 5002 2677 5076 praecedentis
2702 5001 2926 5060 doctrin
2946 5021 2994 5059 e.
3016 5004 3137 5058 509
