3647 5753
1400 373 1577 429 DISP.
1622 374 1692 439 11,
1737 372 1903 429 DUB.
1946 372 2041 429 VI.
3003 366 3117 422 445

238 540 319 597 ad
346 558 475 598 esse
499 544 957 615 supernaturale,
1003 543 1127 600 sive
1154 543 1223 600 ad
1250 544 1615 601 constituen-

238 623 389 680 dum
421 624 682 696 animam
710 624 773 679 in
795 641 915 681 esse
944 624 1145 681 divino
1172 646 1184 681 ε
1214 641 1350 699 ergo
1376 632 1461 681 est
1480 642 1618 699 gra-

239 705 328 761 tia
348 704 733 762 sanctificans,
783 707 915 762 Haec
939 705 1188 762 secunda
1213 706 1618 779 consequentia

240 789 404 859 patet
448 802 522 843 ex
562 785 772 859 prima,
804 786 941 859 quia
979 801 1209 851 munuS,
1246 786 1370 842 sive
1388 786 1616 843 effectus

246 867 575 941 primarius
596 868 797 942 gratiae
835 866 1249 941 sanctificantis
1287 872 1369 924 est
1397 868 1614 925 consti-

242 955 411 1007 tuere
430 949 750 1023 subjectum
778 949 842 1005 in
868 964 990 1005 esse
1009 950 1615 1021 supernaturali,sicut

236 1035 555 1102 conceptus
596 1029 912 1102 primarius
976 1036 1196 1085 naturas
1263 1028 1495 1087 divinae·
1527 1031 1616 1087 in-

240 1117 473 1177 creatae,
504 1125 677 1182 quam
701 1112 891 1186 gratia
929 1109 1255 1167 formaliter
1291 1110 1609 1182 participat,

235 1196 330 1247 est
348 1191 700 1248 constituere
748 1194 928 1248 Deum
969 1191 1175 1247 inesse
1208 1190 1429 1256 divino,
1456 1197 1518 1246 ut
1542 1207 1614 1248 ex

244 1271 509 1344 professo
553 1271 909 1328 ostendimus
936 1279 1098 1329 tract.
1120 1273 1342 1347 praeced.
1373 1272 1516 1343 disp.
1544 1272 1603 1337 4,

238 1350 377 1407 dub.
421 1352 459 1406 3
485 1374 500 1417 ς
530 1367 664 1423 ergo
685 1351 733 1406 si
754 1352 1000 1424 qualitas
1026 1351 1363 1408 immediate
1392 1356 1614 1423 recepta

247 1431 311 1487 in
331 1432 536 1488 anima
561 1430 725 1489 debet
758 1449 885 1489 eam
906 1433 1254 1490 constituere
1281 1433 1343 1488 in
1391 1447 1534 1496 esse,
1555 1436 1610 1488 et

239 1513 455 1571 ordine
480 1515 930 1587 supernaturali,
981 1517 1238 1587 sequitur
1284 1513 1434 1587 quod
1465 1530 1613 1587 prae-

246 1595 398 1652 dicta
423 1599 671 1669 qualitas
716 1597 790 1653 sit
833 1596 1018 1670 gratia
1057 1596 1464 1658 sanctificans;
1514 1596 1612 1653 ubi

243 1679 408 1734 enim
437 1679 664 1735 effectus
695 1678 961 1751 primarii
999 1684 1133 1749 sunt
1154 1678 1407 1752 ejusdem
1432 1680 1612 1736 ratio-

257 1759 365 1824 nis,
416 1775 556 1831 opus
582 1766 667 1817 est
693 1759 842 1832 quod
871 1777 901 1815 a
930 1759 1124 1843 forma
1145 1759 1401 1834 ejusdem
1432 1760 1612 1817 ratio-

257 1837 347 1892 nis
376 1841 736 1911 proveniant.
784 1839 982 1897 Prima
1025 1856 1161 1896 vero
1208 1840 1612 1913 consequentia

253 1918 508 1992 legitime
545 1921 798 1977 infertur
823 1936 894 1976 ex
921 1921 1253 1992 praemissis,
1295 1921 1478 1995 Maj0r
1507 1937 1613 1977 au-

251 2003 389 2063 tem,
420 2005 473 2056 et
516 2002 712 2058 minor
736 2003 914 2058 simul
964 2002 1312 2074 probantur;
1362 2018 1500 2057 nam
1553 2000 1612 2056 id

246 2078 403 2152 quod
455 2082 728 2154 recipitur
775 2083 1111 2139 immediate
1178 2083 1242 2138 in
1294 2081 1613 2138 substantia

257 2160 481 2227 animae,
520 2164 716 2235 nequit
755 2163 1016 2219 ordinari
1059 2179 1158 2234 per
1198 2178 1260 2219 se
1307 2163 1497 2235 primo
1541 2160 1612 2218 ad

249 2241 632 2312 operandum,
683 2260 749 2300 eo
779 2243 929 2316 quod
957 2243 1280 2300 substantia
1307 2244 1518 2299 animm
1538 2243 1613 2297 sit

259 2320 496 2393 incapax
536 2323 850 2396 recipiendi
880 2340 984 2397 per
1027 2339 1088 2379 se
1111 2323 1300 2395 primo
1321 2323 1615 2394 operatio-

256 2408 480 2465 nem,ut
501 2402 806 2461 ostendunt
833 2408 904 2459 N.
934 2405 1215 2476 Complut.
1243 2406 1304 2459 in
1332 2402 1425 2458 lib.
1459 2402 1613 2474 Phy-

252 2485 356 2538 εἰσ.
398 2484 542 2557 disp.
592 2486 674 2551 10,
723 2494 900 2563 quaest.
944 2488 1020 2554 43
1064 2502 1199 2560 ergo
1226 2484 1391 2541 debet
1414 2500 1516 2555 per
1551 2500 1613 2541 se

260 2563 450 2635 primo
495 2564 755 2622 ordinari
796 2567 864 2622 ad
892 2582 1047 2624 esse:
1099 2568 1253 2639 atqui
1293 2566 1612 2623 substantia

258 2645 471 2702 animae
499 2648 692 2719 nequit
719 2650 965 2722 recipere
1004 2648 1233 2722 aliquod
1275 2648 1433 2705 aliud
1475 2664 1508 2705 a
1552 2663 1613 2704 se

258 2725 608 2796 distinctum,
641 2748 740 2804 per
768 2731 915 2805 quod
957 2731 1028 2787 ad
1062 2747 1184 2787 esse
1226 2732 1491 2788 naturale
1512 2746 1613 2788 or-

250 2806 502 2873 dinetur,
537 2813 627 2867 vel
649 2811 795 2886 quod
825 2812 1006 2886 ipsam
1038 2811 1100 2867 in
1122 2810 1326 2869 ordine
1354 2811 1609 2868 naturali

251 2891 591 2959 constituat3
620 2887 905 2966 siquidem
953 2892 1152 2948 anima
1183 2909 1255 2949 ex
1293 2893 1481 2966 seipsa
1521 2910 1611 2949 or-

248 2969 481 3029 dinatur
526 2973 595 3030 ad
620 2976 732 3030 tale
781 2989 922 3039 esse,
948 2979 1004 3030 et
1029 2989 1160 3029 cum
1182 2990 1249 3031 eo
1290 2974 1611 3031 indissolu-

254 3054 445 3112 biliter
465 3054 850 3130 conjungitur,
880 3055 1284 3127 constituitque
1307 3057 1609 3128 proprium

251 3138 601 3209 suppositum
649 3137 711 3191 in
764 3135 969 3192 ordine
1023 3137 1274 3192 naturali
1309 3156 1322 3191 :
1359 3152 1497 3211 ergo
1526 3136 1604 3204 id,

248 3219 397 3293 quod
442 3219 715 3291 recipitur
767 3217 1105 3275 immediate
1170 3218 1233 3273 in
1284 3217 1609 3275 substantia

249 3302 477 3367 animae,
505 3301 701 3374 nequit
747 3299 1007 3356 ordinari
1056 3315 1158 3371 per
1201 3315 1261 3356 se
1308 3303 1500 3371 primo
1539 3299 1610 3357 ad

249 3377 676 3443 naturale'esse,
720 3379 844 3435 sive
872 3377 941 3434 ad
968 3379 1434 3435 constituendum
1476 3380 1609 3447 ani·

246 3478 399 3518 mam
428 3461 495 3518 in
540 3458 745 3517 ordine
779 3458 1072 3532 naturali.
1113 3457 1444 3516 ‚Videantur
1485 3477 1610 3533 quae

244 3541 499 3598 diximus
520 3548 681 3597 tract.
718 3541 800 3606 13,
832 3539 971 3610 disp.
1010 3539 1092 3603 16,
1125 3539 1252 3595 dub.
1280 3541 1334 3606 2,
1360 3544 1392 3610 ἕ
1419 3543 1473 3606 2,
1510 3541 1607 3597 ubi

246 3623 388 3680 hanc
428 3622 715 3679 rationem
746 3620 917 3675 latius
957 3619 1358 3692 expendimus,
1390 3626 1447 3677 et
1471 3637 1610 3678 eva-

244 3706 471 3770 sioneS,
510 3704 717 3777 quibus
738 3708 921 3776 posset
960 3703 1049 3757 illi
1091 3705 1335 3773 occurri,
1365 3704 1612 3776 praeclu-

244 3787 442 3843 simus.
515 3841 521 3846 .

52 3876 222 3932 Quantas
318 3865 731 3930 confirmatur,
770 3863 903 3936 quia
937 3863 1298 3936 participatio
1347 3865 1611 3921 formalis

79 3935 207 4022 ’ἓξὲξ
248 3953 465 4005 naturae
499 3943 832 4003 divinaesub
846 3950 1114 4017 conceptu
1142 3951 1362 4003 naturae
1387 3952 1611 4020 estgra-

54 4025 219 4115 glnllcoens
248 4030 326 4086 tia
354 4026 722 4086 sanctificans
746 4035 762 4082 Ξ
786 4026 884 4083 sed
910 4026 1156 4097 qualitas
1179 4027 1296 4096 illa,
1327 4045 1453 4100 quae
1476 4027 1607 4084 ani-

57 4085 353 4171 ass'e'ffl-mae
394 4109 735 4167 immediate
776 4109 1105 4177 inhaereret,
1142 4115 1198 4167 et
1243 4115 1390 4168 esset
1442 4110 1608 4167 radix

58 4174 232 4273 ffi‘fflffi
247 4191 458 4248 amoris
486 4189 788 4248 charitatis
826 4190 1125 4247 existentis
1172 4189 1255 4245 in·
1286 4190 1601 4257 voluntate,

58 4273 218 4318 anata-
248 4286 361 4328 non
385 4276 577 4346 posset
622 4286 740 4326 non
785 4286 908 4326 esse
955 4270 1315 4344 participatio
1344 4270 1607 4327 formalis

85 4330 181 4366 '²¹¹⁵'
246 4357 463 4409 naturae
482 4351 703 4407 divinae
749 4350 854 4406 sub
878 4357 1150 4424 conceptu
1182 4357 1400 4408 naturae
1432 4368 1607 4427 :ergo

248 4446 364 4489 non
403 4437 598 4506 posset
642 4447 760 4489 non
804 4446 927 4488 esse
970 4433 1157 4507 gratia
1201 4431 1602 4489 sanctificans:

240 4525 376 4586 ergo
395 4512 444 4568 si
466 4527 637 4569 amor
656 4511 954 4567 charitatis
980 4511 1261 4585 dependet
1278 4513 1605 4570 essentiali-

244 4595 333 4648 ter
370 4609 489 4649 non
542 4593 730 4649 solum
785 4609 819 4648 a
863 4593 1137 4665 qualitate
1176 4593 1605 4666 supernaturali

244 4673 527 4730 voluntati
547 4674 990 4739 communicata,
1005 4689 1131 4746 quae
1155 4679 1240 4730 est
1253 4675 1605 4749 principium

243 4754 578 4825 proximum
633 4752 891 4826 praedicti
940 4755 1176 4820 amoris,
1225 4754 1324 4811 sed
1369 4757 1547 4813 etiam
1574 4770 1624 4811 a·

240 4835 517 4904 qualitate
531 4835 961 4907 supernaturali
981 4835 1259 4907 impressa
1271 4836 1606 4893 immediate

241 4914 575 4974 substantiae
596 4918 827 4984 animae,
859 4933 985 4990 quae
1004 4923 1091 4974 est
1107 4919 1462 4992 principium
1483 4919 1608 4993 ejus

248 4994 526 5067 radicale3
560 4999 751 5071 palam
799 4998 1067 5067 infertur,
1088 4999 1416 5074 hujusmodi
1442 5016 1607 5057 amo-

1751 559 1875 601 rem
1895 543 2216 617 dependere
2236 544 2621 601 essentialiter
2650 560 2682 599 a
2727 542 2916 617 gratia
2943 556 3119 598 sanc-

1751 624 2004 681 tificante
2034 669 2047 692 ,
2092 630 2155 681 ut
2201 626 2262 681 in
2311 625 2681 682 ,conclusione
2733 623 3106 681 asseruimus.

1750 706 2003 778 Utraque
2055 706 2458 779 consequentia
2483 706 2622 762 satis
2668 705 2846 777 liquet
2870 719 2941 759 ex
2963 719 3114 776 prae-

1750 786 1960 843 missis,
1993 788 2178 862 Maj0r
2225 793 2416 843 autem
2445 786 2784 853 ostenditur,
2815 786 2950 859 quia
2976 801 3115 858 gra-

1749 867 1830 924 tia
1850 868 2210 925 sanctificans
2239 869 2388 924 nihil
2416 868 2575 925 aliud
2596 874 2698 931 est,
2730 884 2902 940 quam
2927 866 3114 939 parti-

1748 949 1894 1022 cipat
1904 949 1958 1006 io
1973 950 2237 1007 formalis
2260 949 2707 1005 naturaedivinae
2720 948 2826 1003 sub
2841 952 3112 1019 conceptu

1749 1034 1990 1097 naturae,
2032 1036 2093 1084 ut
2120 1028 2494 1103 probavimus
2522 1037 2687 1085 tract.
2711 1028 2933 1100 pratced.
2964 1029 3106 1099 disp.

1746 1112 1803 1167 4.
1834 1111 1965 1167 dub.
1984 1113 2036 1175 3,
2058 1115 2114 1167 et
2141 1109 2454 1166 admittunt
2481 1108 2865 1166 communiter
2892 1106 3110 1164 Adver-

1746 1190 1885 1246 sarii
1944 1211 1957 1246 :
2004 1206 2140 1265 ergo
2193 1191 2550 1263 perticipatio
2589 1188 2851 1247 formalis
2892 1193 3114 1244 naturae

1747 1269 1961 1327 divinae
1987 1270 2092 1325 sub
2111 1276 2380 1343 conceptu
2400 1278 2618 1328 naturae
2639 1277 2723 1328 est
2736 1270 2924 1343 gratia
2945 1286 3109 1325 sanc-

1747 1350 1988 1409 tificans.
2022 1354 2182 1408 Patet
2206 1353 2610 1425 consequentia
2642 1376 2655 1408 :
2686 1358 2809 1407 tum
2850 1352 2986 1423 quia
3013 1350 3115 1405 in-

1748 1433 1950 1500 fertur,
1978 1450 2082 1506 per
2106 1434 2432 1507 simplicem
2475 1434 2910 1491 conversionem
2944 1453 2957 1487 :
2989 1438 3114 1489 tum

1746 1515 1880 1588 quia
1906 1531 1940 1571 a
1966 1515 2305 1574 definitione
2345 1516 2415 1573 ad
2456 1515 2781 1582 definitum,
2834 1522 2890 1572 et
2914 1532 2946 1580 ,e
2967 1532 3111 1573 con-

1746 1611 1933 1662 verso,
1964 1602 2048 1652 est
2071 1597 2326 1671 legitima
2354 1597 2776 1670 consequentia,
2809 1603 2927 1652 tam
2952 1597 3114 1653 affir-

1747 1676 1963 1733 mativa
1990 1721 2002 1742 ,
2053 1694 2226 1750 quam
2279 1681 2565 1752 negativa.
2626 1678 2821 1733 Minor
2862 1677 3113 1750 denique

1745 1754 2206 1831 suadetur,quia
2234 1763 2442 1813 natura
2482 1756 2685 1830 divina
2727 1758 2978 1813 increata
3004 1755 3111 1812 suh

1744 1842 2016 1908 conceptu
2069 1838 2287 1892 natura}
2326 1842 2410 1893 est
2440 1835 2607 1892 radix
2647 1837 2863 1894 amoris
2893 1836 2991 1892 Dei
3044 1837 3110 1892 in

1745 1918 1932 1990 seipso
1964 1940 1976 1974 :
2004 1918 2102 1975 sed
2127 1921 2371 1992 qualitas
2402 1919 2504 1975 illa
2528 1920 2739 1975 animae
2767 1917 3104 1975 immediate
3199 1954 3206 1961 -

1748 1998 2059 2067 inhaerens,
2091 2018 2215 2075 quae
2240 2012 2386 2059 esset
2437 2000 2603 2057 radix
2654 2000 2870 2057 amoris
2915 2001 3112 2056 chari-

1746 2080 1899 2146 tatis,
1931 2085 2075 2137 esset
2103 2082 2429 2139 formaliter
2458 2080 2624 2138 radix
2661 2081 2876 2137 amoris
2916 2082 3016 2137 Dei
3045 2081 3111 2137 in

1745 2160 1966 2232 seipso,
2020 2167 2079 2216 ut
2127 2163 2303 2234 liquet
2346 2179 2418 2220 ex
2457 2161 2925 2235 terminiszergo
2961 2166 3112 2218 esset

1750 2240 2108 2313 participatio
2155 2242 2416 2299 formalis
2463 2247 2682 2298 naturae
2743 2240 2956 2298 divium
3000 2240 3108 2296 sub

1747 2329 2016 2395 conceptu
2047 2328 2285 2380 naturae.

1820 2407 1951 2462 210.
1997 2408 2108 2463 Nec
2140 2406 2336 2472 refert,
2361 2408 2413 2462 si
2453 2406 2625 2471 dicas,
2655 2411 2922 2462 naturam
2951 2396 3317 2489 divi-32³3&-

1749 2502 1889 2542 nam
1920 2486 1982 2542 in
2004 2488 2190 2560 seipsa
2247 2504 2365 2545 non
2407 2487 2676 2544 constitui
2726 2486 2956 2558 praecise
3009 2501 3112 2557 per

1745 2583 1868 2624 esse
1889 2569 2137 2625 radicem
2184 2570 2399 2626 amoris
2427 2569 2546 2634 Dei,
2574 2568 2670 2625 sed
2700 2569 2883 2624 multo
2929 2566 3114 2640 magis

1747 2665 1850 2721 per
1875 2665 1996 2705 esse
2026 2649 2275 2706 radicem
2295 2650 2704 2707 intellectionis
2723 2648 2952 2716 divinae,
2979 2663 3110 2704 cum

1747 2730 2059 2788 intellectio
2085 2733 2158 2787 sit
2182 2734 2476 2805 potissima
2500 2733 2775 2805 operatio,
2807 2749 2981 2805 quam
3015 2749 3108 2789 ra-

1746 2809 1913 2875 dicat,
1939 2818 1995 2868 et
2015 2812 2084 2869 ad
2109 2831 2282 2888 quam
2307 2814 2550 2871 inclinat
2572 2820 2779 2869 natura
2803 2813 3112 2870 intellecti-

1745 2909 1835 2950 va.
1853 2892 2017 2950 Unde
2037 2912 2165 2951 cum
2184 2896 2299 2952 haec
2313 2896 2759 2968 qualitas,quam
2777 2895 3110 2952 Adversarii

1745 2972 1942 3029 dicunt
1966 2974 2300 3032 substantia-2
2356 2977 2568 3031 animm
2608 2976 2892 3048 imprimi,
2944 2981 3005 3031 ut
3036 2975 3112 3031 sit

1747 3053 1913 3111 radix
1933 3058 2147 3113 amoris
2163 3057 2258 3114 Dei
2281 3073 2453 3130 super
2469 3057 2688 3123 omnia,
2712 3073 2828 3112 non
2843 3057 2918 3111 sit
2942 3057 3113 3128 prin-

1745 3138 1960 3210 cipium
1999 3139 2242 3196 visionis
2265 3140 2366 3196 Dei
2409 3140 2473 3195 in
2508 3138 2713 3210 seipso,
2758 3137 2856 3194 sed
2885 3141 3109 3194 tantum

1744 3219 1993 3285 amoris3
2025 3219 2272 3275 minime
2323 3219 2600 3290 sequitur,
2627 3217 2774 3291 quod
2803 3217 2878 3272 sit
2919 3218 3108 3288 parti-

1744 3299 1793 3355 ci
1799 3299 1952 3371 patio
1964 3299 2227 3356 formalis
2243 3306 2376 3355 natu
2387 3316 2462 3355 rae
2476 3299 2534 3354 di
2546 3299 2694 3354 vinae
2710 3297 2815 3354 sub
2836 3302 3109 3370 conceptu

1745 3385 1986 3435 naturae.

1820 3461 1967 3523 Non,
1999 3458 2258 3532 inquam,
2305 3459 2410 3515 hoc
2440 3463 2616 3517 retert
2645 3482 2657 3516 ε
2687 3465 2809 3514 tum
2835 3458 2974 3529 quia
2999 3475 3300 3521 na-nerent-

1744 3544 1877 3595 tura
1896 3537 2098 3594 divina
2121 3539 2184 3593 in
2212 3539 2398 3610 seipsa
2447 3555 2564 3596 non
2611 3538 2976 3596 constituitur
3006 3556 3108 3612 per

1742 3637 1866 3679 esse
1917 3619 2166 3676 radicem
2214 3620 2627 3678 intellectionis
2683 3619 3102 3694 primordialis,

1743 3719 1874 3759 cum
1896 3700 1967 3757 ab
1986 3717 2054 3756 ea
2095 3717 2196 3758 nec
2243 3701 2588 3769 formaliter,
2622 3717 2724 3758 nec
2753 3701 3104 3769 virtualiter,

1744 3801 1849 3842 nec
1867 3782 2068 3855 quovis
2116 3783 2231 3839 alio
2273 3784 2443 3840 modo
2470 3801 2541 3841 ex
2570 3790 2728 3858 parte
2755 3783 2954 3857 objecti
2982 3782 3108 3840 dis-

1744 3866 2077 3939 tinguatur,
2123 3868 2184 3919 ut
2223 3865 2579 3921 ostendimus
2620 3866 2683 3921 in
2725 3867 2990 3920 Tractatu
3032 3864 3106 3922 de

1742 3945 1988 4003 Scientia
2010 3945 2127 4013 Dei,
2154 3946 2281 4001 dist.
2314 3947 2368 4011 4,
2394 3947 2520 4004 dub.
2547 3950 2604 4013 23
2635 3945 2734 4003 sed
2757 3962 2972 4002 munus
3002 3962 3104 4002 ra-

1742 4028 1885 4086 dicis
1922 4027 2166 4100 explicat
2188 4044 2288 4100 per
2314 4028 2713 4087 habitudinem
2754 4029 2823 4085 ad
2849 4029 3104 4102 primam

1742 4109 2133 4182 operationem
2178 4110 2505 4167 virtualiter
2558 4127 2591 4167 a
2629 4127 2689 4168 se
2746 4109 3099 4176 distinctam,

1741 4207 1866 4265 quae
1884 4195 1968 4248 est
1995 4206 2159 4247 amor
2177 4191 2276 4247 Dei
2302 4193 2364 4247 in
2390 4191 2745 4264 seips0.Cum
2767 4206 2902 4264 ergo
2922 4189 3105 4262 quali-

1740 4277 1827 4328 tas
1847 4270 1918 4327 ab
1945 4269 2306 4327 Adversariis
2330 4272 2618 4345 assignata
2645 4270 2720 4325 sit
2748 4269 2914 4326 radix
2937 4284 3104 4326 amo-

1742 4352 1823 4408 ris
1851 4350 2162 4418 charitatiS,
2189 4350 2285 4424 qui
2327 4355 2412 4407 est
2440 4350 2797 4423 participatio
2843 4349 3108 4406 formalis

1741 4433 1957 4490 amoris
1999 4433 2262 4499 increati,
2286 4433 2544 4505 sequitur
2590 4431 2923 4497 necessario,
2956 4430 3106 4504 quod

1738 4515 1815 4570 sit
1843 4513 2199 4587 participatio
2228 4513 2492 4570 formalis
2517 4518 2735 4568 naturae
2756 4511 2971 4569 divinae
2996 4512 3105 4568 suh

1739 4600 2008 4667 conceptu
2034 4599 2275 4650 naturae.
2308 4595 2455 4649 Tum
2478 4594 2676 4658 etiam,
2708 4599 2762 4650 et
2792 4594 3098 4667 praecipue,

1738 4675 1873 4749 quia
1895 4675 2170 4746 implicat,
2220 4674 2371 4746 quod
2421 4673 2690 4747 praedicta
2736 4675 2986 4747 qualitas
3027 4674 3103 4730 sit

1743 4755 1909 4812 radix
1956 4755 2173 4811 amoris
2213 4754 2332 4820 Dei,
2365 4759 2421 4811 et
2460 4753 2610 4828 quod
2648 4769 2764 4810 non
2803 4753 2880 4809 sit
2934 4754 3102 4811 radix

1738 4835 2083 4911 cognitionis
2130 4834 2250 4901 Dei,
2283 4836 2376 4892 vel
2414 4836 2478 4892 in
2524 4835 2728 4907 seipso,
2762 4837 2852 4892 vel
2899 4837 3103 4892 saltem

1739 4917 2006 4980 mediate,
2053 4922 2111 4974 et
2132 4933 2232 4990 per
2260 4916 2433 4975 fidem
2473 4917 2606 4975 :sed
2659 4935 2726 4975 eo
2772 4919 2895 4992 ipso
2937 4918 3110 4976 habet

1738 4999 2016 5075 quidquid
2041 5000 2376 5073 requiritur,
2404 5007 2465 5057 ut
2491 5001 2564 5056 sit
2591 5001 2955 5075 participatio
2983 5001 3107 5058 for-

3169 3528 3251 3569 mr.
