3647 5753
571 450 685 517 752

572 621 940 679 meritorium
967 639 1091 682 esse
1111 625 1244 681 vitae
1269 628 1510 682 aeternae.
1538 625 1667 680 Haec
1693 620 1933 680 assertio

354 721 377 760 1
407 718 462 762 ad
481 718 556 762 eo-
571 700 871 761 deducitur
897 720 968 762 ex
994 705 1099 762 illo
1128 706 1295 763 Pauli
1330 709 1377 775 l,
1410 706 1480 763 ad
1520 705 1784 761 Corinth.
1818 705 1883 760 15
1916 723 1929 758 ε

332 799 339 805 .
354 766 553 815 rimmo.

368 1035 527 1078 concil.

355 1084 546 1129 Trtdent.

350 2410 508 2455 Proba·

332 2464 510 2555 ιὲῗὲἕὲ.

578 806 603 837 «
644 784 946 844 Abundate
984 788 1046 845 in
1093 790 1253 847 omni
1298 804 1470 863 opere
1498 788 1664 854 bon0,
1691 788 1931 844 scientes

576 886 602 918 α
644 866 792 938 quod
823 860 983 925 labor
1008 875 1195 927 vester
1235 887 1352 928 non
1388 877 1472 928 est
1498 869 1695 926 inanis
1723 868 1785 924 in
1813 871 1930 924 Do-

573 968 598 999 «
643 948 824 1016 mino,
856 955 961 1006 etc.
1007 971 1034 1003 n
1080 954 1260 1016 Quem
1301 954 1487 1011 locum
1524 950 1748 1007 inducit
1776 951 1929 1007 Con-

566 1029 766 1086 cilium
831 1031 1103 1099 Trident,
1172 1052 1299 1091 ses-3.
1367 1036 1431 1091 de
1482 1033 1919 1106 Justificatione,

566 1129 686 1185 cap.
729 1114 810 1179 16,
840 1113 907 1169 ad
930 1115 1317 1173 exhortandos
1343 1116 1540 1173 fideles
1561 1115 1918 1189 justificatos,

568 1195 719 1252 utin
746 1197 1010 1252 omnium
1057 1197 1341 1256 virtutum
1393 1214 1603 1274 genere
1648 1214 1708 1255 se
1752 1214 1925 1255 exer—

566 1283 746 1346 ceant,
767 1279 1084 1338 certificans
1109 1297 1222 1351 eOS,
1249 1281 1395 1356 quod
1420 1298 1524 1355 pro
1545 1282 1704 1340 omni
1730 1282 1924 1339 virtu-

563 1360 641 1417 tis
668 1366 792 1418 actu
839 1363 1019 1419 vitam
1067 1368 1362 1431 aeternam,
1395 1370 1669 1438 tanquam
1697 1381 1922 1423 merce-

558 1441 719 1510 dem,
776 1460 808 1499 a
859 1446 972 1502 Deo
1021 1453 1463 1520 consequentur.
1513 1446 1677 1504 Unde
1726 1446 1920 1505 subdit

558 1524 880 1581 Concilium
915 1545 928 1581 :
965 1547 990 1579 α
1020 1529 1202 1601 Atque
1223 1529 1361 1586 adeo
1383 1528 1527 1587 bene
1547 1529 1919 1603 operantibus

561 1624 587 1656 α
632 1620 810 1678 usque
854 1605 919 1662 in
946 1604 1144 1674 finem,
1177 1612 1234 1666 et
1283 1610 1346 1667 in
1391 1614 1506 1668 Deo
1550 1611 1917 1683 sperantibus

562 1705 587 1737 a
634 1687 1003 1758 proponenda
1029 1694 1114 1744 est
1141 1691 1257 1747 vita
1279 1697 1512 1759 aeterna,
1544 1698 1599 1751 et
1638 1699 1914 1768 tanquam

561 1787 586 1818 α
627 1766 812 1840 gratia
839 1763 977 1823 filiis
1004 1770 1103 1826 Dei
1134 1786 1236 1842 per
1257 1773 1550 1830 Christum
1571 1776 1766 1830 Jesum
1796 1776 1915 1832 mi-

560 1868 584 1900 «
625 1847 992 1904 sericorditer
1019 1852 1321 1923 promissa,
1344 1858 1408 1910 et
1434 1860 1708 1928 tanquam
1753 1873 1913 1914 mer-

558 1950 583 1982 «
624 1943 716 1984 ces
750 1924 846 1984 ‘ex
904 1929 1084 2002 ipsius
1144 1934 1243 1991 Dei
1309 1931 1692 2009 promissione
1742 1937 1912 1996 bonis

555 2029 580 2062 «
624 2008 883 2082 ipsorum
937 2013 1224 2086 operibus,
1281 2022 1337 2074 et
1388 2018 1611 2074 meritis
1663 2017 1913 2077 fideliter

552 2112 579 2143 ‹<
624 2091 931 2149 reddenda.
995 2115 1021 2147 »
1072 2096 1203 2163 Ubi,
1262 2102 1324 2153 ut
1374 2098 1551 2165 vides,
1607 2103 1911 2172 Apostolus

551 2172 956 2232 universaliter
978 2176 1232 2250 loquitur
1258 2178 1329 2236 de
1350 2182 1511 2237 omni
1542 2180 1690 2239 bono
1711 2198 1903 2256 opere,

548 2261 605 2311 et
632 2257 950 2313 Concilium
974 2261 1198 2317 nullam
1227 2278 1257 2318 a
1284 2263 1542 2336 generali
1574 2263 1678 2320 illa
1709 2268 1909 2341 regula

549 2338 939 2410 exceptionem
972 2340 1121 2398 facit.

624 2411 877 2469 Eandem
927 2415 1299 2473 assertionem
1341 2417 1543 2496 docuit.
1583 2420 1907 2479 clarissime

548 2494 613 2549 D.
645 2494 752 2551 Th.
777 2496 838 2549 in
864 2498 918 2561 2,
949 2498 1077 2553 dist.
1105 2500 1196 2566 40,
1222 2508 1403 2578 φησει.
1439 2503 1482 2569 l,
1515 2509 1625 2559 art.
1658 2505 1710 2568 5,
1745 2505 1907 2578 cujus

547 2576 749 2631 titulus
789 2583 918 2634 est:
980 2579 1176 2638 Utrum
1232 2583 1425 2661 aliqua
1464 2588 1608 2641 actio
1655 2587 1905 2647 humana

546 2659 619 2712 sit
664 2658 1031 2731 indifferens?
1070 2663 1138 2717 Et
1182 2663 1244 2719 in
1285 2681 1521 2738 corpore
1573 2667 1653 2723 ita
1715 2669 1905 2741 loqui-

542 2745 683 2796 tur:
733 2764 759 2794 α
802 2743 1008 2799 Nullus
1056 2750 1212 2801 actus
1260 2764 1294 2802 a
1339 2750 1633 2806 voluntate
1679 2749 1903 2811 delibe-

542 2842 568 2872 «
615 2826 741 2879 rata
780 2823 1152 2898 progrediens
1206 2831 1385 2899 potest
1434 2843 1574 2897 esse,
1630 2831 1729 2903 qui
1784 2849 1903 2893 non

542 2925 569 2957 α
609 2905 686 2961 sit
727 2904 925 2974 bonus,
955 2910 1046 2966 vel
1068 2912 1274 2979 malus,
1304 2929 1421 2970 non
1448 2918 1674 2970 tantum
1695 2932 1900 2975 secun-

542 3008 569 3039 «
610 2987 749 3044 dum
791 2991 1161 3068 Theologum,
1212 2995 1312 3051 sed
1357 2996 1530 3052 etiam
1583 2998 1899 3058 secundum

544 3090 567 3123 ει
614 3071 893 3127 moralem
925 3073 1336 3148 Philosophum
1372 3096 1384 3131 ε
1413 3083 1468 3133 et
1494 3080 1739 3136 ulterius
1782 3099 1898 3141 non

541 3171 566 3202 α
614 3156 795 3223 potest
820 3169 941 3210 esse
961 3154 1169 3227 aliquis
1191 3163 1346 3213 actus
1375 3172 1407 3214 a
1427 3156 1743 3217 deliberata
1770 3165 1900 3221 vir-

541 3249 567 3282 «
610 3236 729 3289 tute
757 3234 1066 3305 procedens
1104 3236 1169 3292 in
1211 3237 1456 3295 habente
1496 3240 1764 3313 gratiam,
1796 3246 1894 3317 qui

542 3331 568 3362 <r
610 3326 729 3369 non
765 3314 842 3370 sit
867 3317 1201 3374 meritorius
1226 3342 1241 3386 ;
1271 3318 1370 3377 sed
1413 3320 1475 3376 in
1505 3336 1621 3379 non
1648 3322 1896 3384 habente

540 3411 566 3442 «
608 3394 856 3467 gratiam
880 3401 1060 3469 potest
1085 3414 1205 3455 esse
1227 3401 1436 3474 aliquis
1477 3407 1631 3459 actus
1670 3403 1894 3463 delibe-

536 3496 562 3527 «
610 3481 782 3544 ratuS,
816 3478 913 3549 qui
943 3495 1047 3536 nec
1079 3481 1154 3535 sit
1179 3480 1530 3552 meritorius,
1564 3499 1668 3541 nec
1693 3484 1893 3546 deme-

536 3577 561 3607 «
609 3556 862 3627 ritorius,
894 3565 1000 3630 etc.
1050 3581 1074 3612 »a
1121 3563 1253 3619 Post
1293 3565 1459 3636 plura
1486 3582 1642 3635 ver0,
1674 3583 1797 3639 quae
1827 3570 1889 3628 in

532 3637 927 3709 probationem
959 3643 1162 3714 primae
1194 3647 1373 3715 partis
1402 3646 1570 3720 hujus
1594 3650 1891 3708 resolutio-

532 3719 624 3776 nis
665 3719 820 3787 dicit,
867 3722 946 3778 ita
992 3723 1299 3789 concludit,
1344 3731 1403 3783 et
1439 3727 1642 3800 probat
1679 3747 1889 3788 secun-

529 3802 710 3860 dam:
760 3826 786 3858 «
827 3805 934 3862 Sed
981 3812 1174 3864 tamen
1222 3812 1375 3864 actus
1427 3808 1682 3869 bonitate
1721 3815 1884 3872 civili

533 3907 558 3937 (ι
603 3885 883 3957 perfectus
912 3903 1027 3944 non
1080 3894 1163 3944 est
1199 3891 1582 3964 susceptibilis
1626 3894 1886 3954 efficaciae

529 3985 554 4017 α
600 3967 883 4034 merendi,
913 3969 1026 4024 nisi
1064 3970 1127 4025 in
1165 3985 1232 4028 eo
1276 3973 1372 4045 qui
1400 3976 1647 4047 gratiam
1673 3976 1877 4037 habet:

526 4068 551 4098 α
596 4053 650 4103 et
675 4049 799 4105 ideo
821 4049 884 4105 in
904 4066 989 4116 e0,
1016 4051 1114 4123 qui
1135 4058 1289 4108 caret
1308 4054 1510 4127 gratia,
1540 4055 1881 4114 indifferens

523 4152 550 4182 a
591 4137 676 4187 est
727 4131 797 4188 ad
844 4134 1139 4200 meritum,
1171 4139 1228 4191 et
1265 4133 1610 4194 demeritum
1644 4161 1657 4196 ε
1688 4140 1879 4198 sedin

522 4233 547 4264 «
590 4212 712 4278 illo,
738 4212 834 4285 qui
862 4215 1108 4289 gratiam
1139 4215 1325 4284 habet,
1351 4223 1573 4290 oportet
1618 4221 1711 4277 vel
1750 4238 1879 4279 me-

519 4315 546 4346 α
598 4296 886 4363 ritorium,
931 4299 1022 4354 vel
1069 4298 1507 4358 demeritorium
1548 4317 1708 4371 esse;
1740 4305 1876 4377 quia

516 4397 542 4428 «
585 4378 733 4434 sicut
770 4380 960 4435 malus
991 4380 1102 4436 erit
1128 4380 1553 4451 demeritorius‚
1580 4385 1661 4441 sic
1686 4390 1743 4442 et
1769 4385 1875 4446 bo-

517 4479 542 4512 «
587 4474 696 4515 nus
722 4459 834 4515 erit
877 4459 1228 4519 meritorius.
1254 4464 1401 4527 Quia
1443 4480 1574 4521 cum
1621 4465 1873 4526 charitas

514 4561 540 4591 α
584 4539 830 4612 imperet
857 4542 1127 4600 omnibus
1147 4544 1477 4614 virtutibuS,
1495 4546 1644 4603 sicus
1664 4550 1871 4607 volun·

512 4645 538 4676 «
582 4629 668 4681 tas
732 4626 1003 4683 omnibus
1068 4629 1365 4700 potentiis,
1430 4637 1652 4702 oportet
1717 4634 1866 4706 quod

514 4726 539 4759 α
580 4705 856 4780 quidquid
922 4707 1225 4767 ordinatur
1277 4711 1340 4767 in
1393 4708 1571 4768 finem
1625 4714 1866 4788 alicujus

509 4807 537 4840 α
583 4787 833 4856 virtutis,
865 4788 1168 4847 ordinetur
1213 4791 1277 4847 in
1306 4790 1484 4849 finem
1525 4793 1859 4863 charitatis;

509 4889 534 4920 α
571 4876 782 4927 etcum
810 4871 1001 4929 omnis
1049 4877 1204 4928 actus
1248 4871 1429 4929 bonus
1468 4873 1770 4934 ordinetur
1798 4877 1862 4934 in

507 4969 532 5002 α
574 4949 753 5008 finem
770 4952 1011 5027 alicujus
1038 4953 1288 5021 virtutis,
1314 4955 1378 5012 in
1398 4954 1577 5012 finem
1606 4957 1863 5015 charita-

419 5072 425 5079 .
504 5052 528 5079 «ι
574 5031 645 5086 tis
685 5033 984 5090 ordinatus
1031 5036 1370 5103 remanebit,
1400 5043 1458 5093 et
1496 5038 1576 5095 ita
1616 5040 1860 5098 merito—

501 5131 525 5158 «
573 5111 693 5167 rius
720 5114 850 5171 erit.
879 5115 947 5170 Et
967 5115 1046 5170 sie
1068 5115 1380 5187 comedere,
1405 5123 1463 5174 et
1489 5118 1703 5186 bibere,
1734 5136 1852 5177 ser-

1502 453 1596 507 DE
1636 449 1962 507 INFLUXU
2001 451 2451 512 CHARITATIS.

2069 643 2097 678 e
2141 630 2272 682 vato
2319 627 2488 686 modo
2547 627 2963 701 temperantias,
3006 630 3062 684 et
3103 623 3281 681 ludere
3317 621 3373 679 ad

2067 723 2095 756 α
2140 708 2571 777 recreationem,
2603 713 2832 765 servato
2859 705 3027 764 modo
3058 703 3367 776 eutrapetus,

2068 804 2095 837 α
2134 800 2259 858 quae
2286 788 2543 846 medium
2571 794 2728 846 tenet
2761 789 2824 845 in
2861 786 3030 853 ludis,
3063 792 3121 842 ut
3143 785 3324 841 dicitur
3343 785 3373 839 2

2066 885 2094 918 α
2135 866 2489 936 Ethicorum,
2525 868 2892 927 meritorium
2932 868 3047 926 erit
3087 867 3147 923 in
3182 881 3257 931 eo,
3292 866 3371 938 qui

2064 965 2090 996 α
2132 945 2470 1006 charitatem
2511 949 2699 1015 habet,
2730 965 2842 1023 qua
2906 952 3087 1006 Deum
3137 945 3369 1002 ultimum

2065 1048 2091 1080 α
2131 1025 2309 1086 finem
2338 1033 2469 1090 vitae
2494 1050 2610 1090 suae
2637 1033 2949 1092 constituit.
2997 1052 3023 1083 »
3075 1033 3140 1085 Et
3165 1030 3221 1084 in
3244 1028 3372 1083 solu-

2057 1107 2213 1166 tione
2241 1111 2310 1168 ad
2337 1114 2392 1180 3,
2423 1115 2506 1173 sic
2525 1116 2606 1172 ait
2636 1137 2650 1172 ε
2704 1136 2731 1168 α
2776 1114 2884 1180 Qui
2914 1109 3160 1170 intendit
3182 1109 3374 1166 castita-

2063 1210 2089 1241 «
2130 1195 2245 1248 tem
2273 1211 2524 1264 servare,
2549 1197 2776 1254 etiamsi
2836 1194 2988 1252 nihil
3032 1193 3103 1250 de
3137 1189 3373 1249 charitate

2061 1289 2088 1324 et
2126 1273 2347 1348 cogitet,
2377 1283 2598 1335 constat
2617 1276 2765 1352 quod
2794 1281 3072 1341 meretur,
3094 1272 3142 1329 si
3161 1273 3372 1347 gratiam

2056 1371 2084 1404 α
2125 1352 2315 1424 habet,
2346 1364 2448 1416 etc.
2489 1379 2515 1412 n
2550 1361 2617 1415 Et
2643 1358 2844 1416 eodem
2872 1356 3043 1415 modo
3070 1354 3370 1431 loquitur-in

2049 1434 2335 1497 solutione
2360 1440 2432 1497 ad
2455 1443 2507 1508 6,
2532 1442 2593 1497 in
2619 1441 2674 1509 4,
2704 1441 2834 1497 dist.
2869 1442 2914 1508 l,
2941 1445 3125 1517 quaest.
3150 1437 3202 1503 3,
3225 1437 3277 1490 in
3296 1453 3372 1490 so·

2052 1512 2256 1575 luciane
2275 1521 2353 1576 ad
2370 1522 2424 1578 3.
3141 1579 3153 1597 s

2111 1600 2205 1655 67.
2250 1601 2567 1659 Confirmat
2618 1600 2825 1667 etiam,
2885 1601 3035 1659 hanc
3086 1602 3201 1657 ess'e
3247 1598 3487 1695 AngJog'm·

2047 1684 2303 1742 Doctoris
2329 1691 2583 1742 mentem
2611 1683 2833 1741 celebre
2856 1682 3018 1741 aliud
3045 1683 3220 1757 ipsius
3242 1679 3371 1770 testij
3453 1681 3460 1690 '

2045 1766 2311 1822 monium
2362 1784 2416 1844 q.
2459 1769 2497 1823 2
2540 1767 2604 1821 de
2649 1763 2817 1833 malo,
2863 1772 2980 1821 art.
3016 1767 3053 1820 5
3094 1765 3166 1820 ad
3203 1766 3254 1829 7,
3291 1758 3370 1818 ubi

2046 1851 2343 1919 postquam
2390 1846 2557 1912 dixit,
2603 1844 2755 1919 quod
2801 1845 3013 1912 omnis,
3046 1850 3105 1901 et
3127 1842 3370 1902 solusille

2044 1935 2198 1985 actus
2223 1934 2308 1987 est
2335 1930 2691 1995 meritorius,
2718 1929 2816 2002 qui
2845 1928 3104 2001 procedit
3121 1944 3189 1985 ex
3212 1924 3374 1982 chari-

2042 2014 2176 2076 tate,
2203 2010 2491 2067 concludit
2523 2031 2537 2066 ε
2572 2032 2597 2063 α
2631 2012 2716 2066 Ex
2756 2027 2868 2083 quo
2909 2015 3082 2083 patet,
3112 2005 3249 2082 quod
3279 2020 3373 2097 nol}

2046 2111 2074 2144 ι
2104 2092 2295 2149 omnis
2323 2093 2612 2149 humanus
2640 2097 2794 2148 actus
2813 2091 2989 2147 etiam
3018 2091 3086 2147 in
3125 2090 3370 2163 singulari

2046 2192 2074 2225 ι
2101 2171 2490 2230 consideratus
2515 2179 2599 2230 est
2638 2173 2993 2238 meritorius,
3025 2173 3121 2228 vel
3153 2169 3366 2227 demeri-

2042 2273 2070 2306 α
2100 2255 2303 2320 torius,
2330 2254 2462 2310 licet
2487 2254 2679 2311 omnis
2716 2254 2792 2310 sit
2835 2253 3035 2320 bonus,
3071 2252 3161 2309 vel
3188 2252 3363 2307 malus.

2046 2354 2072 2385 α
2102 2335 2170 2389 Et
2191 2334 2295 2391 hoc
2335 2333 2461 2391 dico
2506 2339 2741 2408 propter
2781 2349 2875 2391 eos
2914 2335 3012 2407 qui
3062 2333 3364 2390 charitatem

2045 2435 2071 2467 α
2102 2430 2220 2472 non
2244 2414 2476 2482 habent,
2501 2416 2597 2487 qui
2628 2414 2841 2473 mereri
2864 2431 2984 2471 non
3008 2417 3266 2487 possunt;
3288 2408 3366 2467 sed

2043 2517 2071 2550 ι
2099 2495 2441 2553 habentibus
2481 2496 2819 2553 charitatem
2872 2496 3069 2552 omnis
3117 2499 3259 2551 actus
3301 2497 3368 2549 est

2040 2596 2068 2629 ι
2099 2577 2449 2644 meritoriuS,
2481 2579 2576 2634 vel
2604 2576 3031 2641 demeritoriuS,
3069 2581 3131 2630 ut
3157 2575 3217 2630 in
3240 2572 3365 2646 obji-

2040 2681 2066 2713 α
2096 2660 2298 2717 ciendo
2322 2659 2621 2733 probatum
2643 2665 2745 2716 est.
2779 2682 2806 2712 ι
2834 2663 2977 2715 Cum
2999 2659 3180 2733 igitur
3200 2656 3365 2714 nullus

2036 2746 2189 2797 actus
2212 2742 2513 2799 moraliter
2535 2740 2718 2798 bonus
2739 2741 2917 2813 possit
2938 2756 3064 2797 esse
3085 2738 3363 2797 demerito-

2036 2823 2176 2893 riuS,
2202 2840 2552 2898 consequens
2571 2828 2657 2881 est
2674 2823 2824 2896 quod
2852 2822 2916 2879 in
2943 2822 3189 2880 habente
3212 2818 3365 2878 chari-

2033 2913 2206 2965 tatem
2224 2910 2390 2983 juxta
2406 2908 2729 2965 doctrinam
2758 2909 2822 2962 D.
2856 2907 3067 2962 Thom.
3094 2905 3274 2964 omnis
3295 2919 3364 2960 ac·

2032 2995 2122 3045 tus
2150 2988 2214 3044 fit
2241 2988 2595 3046 meritorius

2105 3068 2193 3125 Ad
2214 3070 2325 3127 tria
2346 3070 2520 3126 etiam
2545 3071 2860 3143 posteriora
2882 3073 3222 3142 argumenta
3242 3066 3363 3139 eJns·

2029 3149 2159 3206 dem
2184 3150 2410 3207 articuli
2435 3151 2518 3218 11,
2546 3150 2829 3216 videlicet,
2864 3152 2929 3206 12
2942 3155 2999 3206 et
3033 3151 3122 3217 13,
3152 3161 3360 3220 respon·

2028 3231 2121 3287 det
2164 3233 2219 3287 S.
2261 3234 2467 3288 Doctor
2513 3230 2868 3290 concedendo
2913 3236 3122 3295 totum,
3147 3227 3281 3301 quod
3306 3227 3357 3282 in

2026 3314 2147 3371 illis
2174 3314 2518 3382 continetur,
2551 3320 2606 3372 et
2644 3316 2797 3389 quod
2826 3331 2898 3373 ex
2939 3314 3024 3371 eis
3063 3312 3353 3372 deducitur,

2024 3413 2096 3455 ex
2115 3395 2323 3469 quibus
2351 3399 2405 3453 11
2435 3402 2521 3454 est
2541 3397 2869 3471 huiusmodi
2903 3419 2915 3454 :
2950 3418 2977 3450 α
3005 3396 3097 3452 Ad
3120 3397 3219 3453 hoc
3234 3389 3361 3467 quod

2028 3502 2055 3534 α
2087 3479 2296 3552 aliquis
2334 3481 2408 3536 sit
2453 3485 2610 3537 actus
2661 3481 2995 3538 meritorius
3032 3480 3098 3536 in
3146 3475 3363 3534 habente

2025 3580 2053 3613 ι
2081 3559 2439 3626 charitatem,
2472 3576 2589 3617 non
2618 3562 2936 3633 requiritur
2962 3559 3118 3634 quod
3146 3562 3264 3615 actu
3290 3569 3362 3611 re·

2028 3664 2053 3695 α
2082 3641 2302 3698 feratur
2340 3642 2401 3698 in
2432 3645 2630 3708 Deum,
2662 3643 2759 3701 sed
2805 3643 3011 3700 sufficit
3055 3640 3207 3717 quod
3252 3642 3360 3696 actu

2024 3744 2050 3775 <t
2083 3722 2367 3780 referatur
2402 3723 2464 3779 in
2508 3723 2758 3797 aliquem
2803 3722 2981 3781 finem
3020 3721 3361 3781 convenien-

2024 3825 2050 3858 α
2078 3808 2212 3870 tem,
2244 3804 2342 3876 qui
2372 3804 2568 3861 habitu
2601 3806 2850 3864 refertur
2878 3807 2941 3862 in
2970 3806 3156 3862 Deum
3182 3829 3197 3872 3
3237 3804 3364 3859 sicut

2023 3907 2049 3939 α
2076 3886 2126 3941 si
2181 3886 2390 3958 aliquis
2452 3887 2653 3944 volens
2721 3888 3082 3963 peregrinari
3151 3891 3363 3961 propter

2020 3991 2045 4022 α
2077 3971 2276 4036 Deum,
2313 3974 2468 4026 emat
2505 3985 2736 4043 equum,
2771 3972 2922 4028 nihil
2969 3976 3096 4029 actu
3145 3971 3216 4027 de
3267 3972 3364 4026 Deo

2017 4071 2043 4102 «
2073 4050 2343 4125 cogitans,
2374 4049 2473 4106 sed
2499 4054 2687 4121 solum
2708 4052 2779 4110 de
2805 4053 2918 4119 via,
2950 4069 3127 4126 quam
3163 4053 3283 4127 jam
3307 4050 3362 4106 in

2018 4153 2045 4185 α
2074 4132 2252 4187 Deum
2282 4130 2682 4201 ordinaverat,
2714 4134 2818 4190 hoc
2843 4138 2931 4190 est
2953 4135 3113 4192 enim
3144 4133 3364 4190 merito·

2015 4234 2043 4267 ι
2072 4213 2225 4269 rium
2261 4213 2402 4269 :sed
2443 4219 2659 4272 constat
2703 4215 2853 4288 quod
2894 4216 3014 4282 ille,
3057 4216 3158 4288 qui
3207 4212 3363 4271 habet

2012 4316 2038 4348 α
2068 4296 2426 4363 charitatem,
2458 4313 2520 4354 se
2543 4304 2600 4354 et
2626 4298 2823 4355 omnia
2852 4315 2957 4355 sua
2982 4297 3280 4356 ordinavit
3302 4297 3358 4352 in

2010 4400 2036 4431 α
2066 4382 2265 4448 Deum,
2298 4379 2387 4435 cui
2417 4380 2661 4438 inhaeret
2699 4387 2762 4437 ut
2801 4383 3010 4440 ultimo
3048 4380 3154 4438 fini
3191 4396 3362 4455 :ergo

2007 4478 2034 4511 α
2063 4458 2342 4532 quidquid
2388 4460 2747 4518 ordinaverit
2791 4462 2885 4519 vel
2933 4460 3005 4519 ad
3055 4476 3133 4529 se,
3169 4463 3264 4519 vel
3298 4459 3361 4517 ad

2006 4561 2034 4594 α
2060 4540 2457 4616 quodcumque
2503 4543 2661 4600 aliud
2705 4544 2815 4610 sui,
2861 4543 3164 4603 meritorie
3228 4544 3357 4618 agit,

2004 4642 2029 4676 «
2060 4624 2288 4680 etiamsi
2317 4629 2441 4682 actu
2469 4626 2539 4684 de
2569 4631 2683 4685 Deo
2703 4642 2820 4685 non
2848 4627 3072 4702 cogitet,
3100 4628 3219 4685 nisi
3249 4629 3361 4684 im·

2002 4724 2028 4757 c
2060 4704 2323 4777 pediatur
2350 4722 2452 4780 per
2479 4708 2732 4782 aliquam
2755 4707 3257 4766 inordinationem
3280 4725 3360 4765 ac-

2002 4807 2028 4838 «
2057 4791 2166 4854 tus,
2189 4787 2287 4859 qui
2318 4803 2435 4843 non
2461 4787 2537 4844 sit
2565 4789 2877 4848 referibilis
2906 4788 2969 4846 in
2995 4792 3180 4848 Deum
3217 4812 3232 4848 ε
3263 4789 3362 4848 hoc

2000 4891 2026 4923 ι
2054 4874 2246 4927 autem
2275 4887 2394 4929 non
2423 4876 2604 4945 potest
2628 4888 2768 4941 esse,
2796 4874 2910 4931 nisi
2938 4875 3015 4930 sit
3040 4880 3351 4948 peccatum,

1995 4970 2022 5003 α
2051 4951 2254 5009 saltem
2277 4953 2505 5011 veniale
2536 4970 2708 5029 :ergo
2729 4957 2921 5013 omnis
2948 4961 3100 5015 actus
3124 4956 3356 5014 haben-

1996 5052 2022 5086 «
2047 5032 2123 5088 tis
2151 5027 2154 5030 ’
2180 5034 2556 5104 charitatem,
2585 5038 2677 5094 vel
2723 5043 2808 5095 est
2847 5039 3206 5106 meritorius,
3264 5038 3356 5096 vel

1996 5134 2022 5166 α
2053 5119 2362 5185 peccatum.
2411 5136 2437 5168 υ
2483 5115 2568 5173 Ad
2633 5117 2738 5175 hoc
2795 5126 3238 5196 argumentum,
3290 5119 3354 5175 in

3217 5220 3351 5279 quo,
