3647 5753
447 374 556 431 304
1390 374 1482 428 DE
1518 374 1550 428 J
1554 374 2100 431 USTIFICATIONE
2139 374 2343 430 1MP11.

443 542 733 600 ordinatio
755 551 943 600 autem
973 542 1198 617 passiva
1238 544 1547 618 peccatoris
1569 543 1641 602 ad
1684 560 1806 618 poe-

445 638 583 679 nam
610 626 694 678 est
722 622 791 679 de
809 638 1021 698 genere
1040 622 1198 691 boni,
1223 629 1280 681 et
1301 640 1336 681 a
1360 626 1474 682 Deo
1495 624 1764 698 provenit
1786 648 1802 693 ς

445 717 669 774 aequum
697 703 878 770 enim,
908 719 972 760 ac
992 705 1212 777 justum
1227 709 1330 772 est,
1361 709 1711 777 peccatorem
1735 703 1806 762 ad

446 799 675 856 poenam
703 784 1004 854 destinari,
1040 792 1099 844 et
1135 785 1360 858 culpam
1402 787 1581 844 luere.-
1614 790 1808 860 Neque

443 863 621 921 etiam
649 863 712 919 in
751 865 1040 934 secunda;
1088 865 1223 938 quia
1252 871 1442 924 reatus
1487 867 1801 940 proximus,

445 945 570 1003 sive
608 945 968 1021 condignitas
1006 947 1287 1005 subeundi
1330 963 1559 1020 poenam
1604 964 1807 1011 conse-

445 1029 643 1101 quitur
675 1029 985 1086 essentiam
1015 1029 1222 1102 peccati
1250 1029 1562 1087 habitualis
1600 1052 1615 1088 z
1647 1031 1808 1104 prius

446 1109 605 1166 enim
632 1125 763 1166 cum
814 1110 1198 1180 fundamento
1237 1110 1301 1167 in
1350 1126 1411 1168 re
1450 1112 1806 1185 concipimus

449 1189 700 1262 aliquem
726 1205 850 1247 esse
871 1191 1107 1264 peccatis
1128 1191 1495 1259 maculatum,
1523 1208 1697 1265 quam
1720 1192 1809 1248 in-

450 1270 774 1344 telligamus
809 1286 931 1328 esse
971 1287 1140 1344 poena
1179 1276 1395 1328 aeterna
1420 1271 1683 1347 dignum,
1714 1272 1809 1345 ip-

448 1350 608 1423 sique
628 1350 942 1426 obligatum
976 1352 1222 1426 :qnippe
1245 1369 1376 1409 cnm
1424 1368 1542 1410 non
1587 1351 1809 1410 dicatur

452 1429 658 1501 aliquis
685 1432 954 1504 peccator,
979 1433 1114 1504 quia
1139 1448 1368 1505 poenam
1390 1437 1648 1490 meretur
1672 1455 1686 1500 ;
1710 1431 1809 1490 sed

449 1510 635 1582 potius
662 1510 789 1569 ideo
832 1518 1125 1570 mereatur
1156 1528 1405 1585 poenam,
1451 1514 1588 1588 quia
1613 1529 1807 1587 pecca—

450 1593 538 1646 tor
583 1588 667 1646 fit.
715 1591 878 1649 Unde
903 1594 1047 1648 sicut
1074 1592 1379 1666 quidditas,
1429 1598 1486 1650 et
1525 1594 1808 1667 primaria

451 1669 597 1727 ratio
616 1672 813 1745 gratiae
841 1672 1249 1731 sanctificantis
1277 1690 1407 1730 ‘non
1440 1675 1699 1732 consistit
1745 1675 1809 1730 in

449 1751 843 1809 constituendo
866 1753 1162 1812 hominem
1179 1753 1420 1829 dignum
1433 1756 1552 1813 vita
1570 1760 1802 1822 aeterna,

448 1830 546 1886 sed
574 1830 638 1886 in
660 1830 919 1891 faciendo
952 1835 1143 1907 ipsum
1177 1841 1517 1903 consortem,
1549 1842 1605 1894 et
1627 1837 1809 1910 parti-

452 1914 636 1993 cipem
663 1914 877 1972 divinae
918 1923 1156 1984 naturae,
1189 1917 1261 1974 ad
1287 1919 1435 1992 quod
1481 1919 1809 1977 virtualiter

451 1997 817 2069 consequitur
841 1998 941 2054 illa
972 1997 1370 2074 condignitas:
1412 2001 1494 2058 ita
1519 2004 1808 2074 peccatum

451 2075 743 2133 habituale
772 2079 970 2150 nequit
999 2080 1299 2152 primari0,
1332 2085 1388 2137 et
1425 2082 1809 2139 essentialiter

450 2157 757 2214 consistere
786 2158 846 2214 in
877 2158 979 2215 illa
1001 2159 1387 2234 condignitate
1402 2161 1685 2234 proxima,
1709 2159 1807 2217 sed

449 2237 757 2295 consistere
785 2237 948 2296 debet
976 2239 1038 2295 in
1067 2240 1260 2313 aliquo
1297 2240 1412 2297 alio
1440 2241 1622 2314 priori
1670 2257 1810 2298 con-

449 2323 633 2390 ceptu,
675 2318 772 2390 qui
815 2319 979 2375 illam
1007 2319 1475 2395 condignitatem,
1518 2320 1641 2377 sive
1680 2336 1810 2378 rea-

450 2403 576 2453 tum
621 2400 950 2470 proximum
998 2400 1219 2458 fundet.
1266 2401 1548 2471 Diximus,
1592 2409 1809 2457 reatum

447 2480 768 2552 proximum
789 2506 809 2551 ,·
835 2480 969 2552 quia
989 2485 1179 2543 reatus
1206 2480 1474 2537 radicalis
1509 2486 1595 2538 est
1624 2482 1811 2553 reipsa

454 2556 898 2614 fundamentum
941 2564 1129 2615 reatus
1161 2559 1429 2631 proximi,
1462 2564 1519 2617 et
1542 2560 1812 2617 coincidit

455 2638 687 2697 realiter
715 2654 842 2694 cum
867 2644 1086 2711 peccato
1114 2638 1413 2706 habituali,
1444 2641 1531 2715 cuj
1541 2658 1602 2697 us
1622 2657 1811 2699 essen·

453 2720 594 2775 tiam
624 2718 992 2791 inquirimus,
1037 2721 1172 2783 Quae
1196 2725 1391 2777 tamen
1438 2723 1633 2779 minus
1670 2738 1810 2780 con-

452 2798 768 2865 venienter,
812 2803 867 2854 et
894 2799 1240 2856 sufficienter
1276 2801 1660 2874 explicaretur
1709 2819 1811 2876 per

457 2879 740 2964 rationem
807 2885 995 2936 reatus
1054 2880 1321 2938 radicalis
1367 2903 1381 2939 ε
1429 2883 1574 2940 sicut
1617 2883 1811 2958 inepte

454 2961 791 3027 diceremuS,
823 2963 1131 3019 essentiam
1161 2964 1415 3021 hominis
1454 2981 1577 3024 esse
1603 2967 1811 3024 visibi-

455 3042 676 3099 litatem
724 3040 1181 3109 radicalem‚‚seu
1231 3044 1482 3103 radicem
1522 3047 1759 3105 videndi
1796 3070 1809 3104 :

456 3123 513 3180 id
559 3124 769 3197 quippe
820 3124 1249 3199 investigamus,
1305 3128 1444 3200 quid
1488 3144 1697 3204 nempe
1738 3131 1812 3188 sit

454 3205 558 3261 illa
584 3204 768 3272 radix,
792 3204 871 3284 jad
916 3221 1086 3277 quam
1128 3207 1519 3279 proprietates,
1553 3216 1656 3268 aut·
1682 3227 1813 3270 con·

452 3292 646 3361 ceptus
670 3286 996 3345 secundarii
1032 3296 1476 3364 consequuntur.
1518 3295 1626 3351 Sed
1663 3296 1812 3353 circa

452 3370 572 3426 haec
597 3368 906 3426 videantur
924 3386 1049 3443 quae
1074 3370 1330 3430 diximus
1351 3381 1513 3434 tract.
1556 3378 1638 3445 13,
1663 3378 1805 3452 disp.

455 3453 544 3581 1¹:1³³
551 3450 691 3580 έῖὁ,
728 3453 771 3518 l,
801 3450 898 3508 ubi
925 3451 996 3509 de
1038 3459 1199 3510 reatu
1243 3470 1314 3510 ex
1354 3456 1605 3530 professo
1629 3458 1812 3517 disse-

529 3542 547 3581 ι
652 3542 700 3580 s.

242 3626 440 3678 usquein
529 3607 586 3662 9.
629 3605 883 3678 Denique
911 3621 1027 3664 non
1068 3612 1246 3680 potest
1291 3610 1582 3670 habituale
1628 3629 1813 3687 pecca-

241 3685 580 3768 sfflssgffifium
607 3688 914 3745 consistere
941 3690 1004 3745 in
1031 3692 1406 3750 conversione
1432 3694 1712 3753 habituali
1740 3695 1813 3753 ad

271 3773 418 3867 ''5¹3²st
460 3767 673 3825 bonum
717 3768 1144 3837 commutabile,
1186 3777 1464 3845 quatenus
1488 3774 1606 3832 haec
1643 3775 1813 3832 habi-

267 3835 404 3917 anun‘i‘
461 3850 632 3906 tualis
649 3853 946 3909 conversio
966 3852 1250 3927 significat
1272 3856 1522 3928 aliquem
1551 3856 1811 3914 habitum

253 3931 434 4019 cgfflg·
460 3932 766 4002 positivum
810 3949 882 3990 ex
935 3940 1155 4006 peccato
1204 3937 1411 3992 actuali
1437 3937 1720 4005 relictum,
1756 3944 1814 3997 et

453 4015 730 4082 essentiae,
762 4015 853 4073 vel
908 4017 1190 4080 voluntati
1218 4017 1430 4076 animae
1475 4020 1813 4093 superaddi-

453 4100 576 4152 tum
607 4120 620 4162 ;
649 4096 923 4169 quoniam
947 4098 1143 4154 nullus
1178 4098 1406 4156 habitus
1434 4106 1597 4174 aptus
1615 4107 1719 4169 est,
1750 4107 1813 4157 ut

457 4177 517 4232 in
538 4192 605 4235 eo
630 4176 914 4250 quidditas
942 4178 1199 4246 maculae,
1246 4194 1346 4236 seu
1394 4181 1601 4252 peccati
1642 4180 1813 4239 habi-

455 4257 628 4314 tualis
669 4259 1068 4315 constituatur.
1112 4260 1261 4315 Tum
1303 4261 1459 4333 quia,
1510 4268 1573 4318 ut
1623 4263 1813 4337 arguit

240 4352 440 4394 nfrhow.
458 4342 520 4396 D.
561 4338 765 4395 Thom.
816 4339 878 4393 in
905 4339 959 4404 4,
992 4338 1121 4395 dist.
1163 4341 1245 4409 18,
1276 4346 1471 4414 quaest.
1513 4344 1558 4408 l,
1587 4347 1695 4400 art.
1726 4345 1764 4400 2
1794 4364 1809 4398 z

461 4442 485 4472 «
516 4420 600 4474 Ex
620 4423 841 4491 peccato
878 4433 995 4475 non
1027 4423 1287 4476 remanet
1326 4421 1567 4494 positive
1593 4420 1810 4496 aliquid

457 4525 480 4555 «
515 4503 577 4558 in
599 4500 815 4565 anima,
837 4500 949 4556 nisi
972 4498 1286 4573 dispositio,
1309 4504 1398 4559 vel
1414 4503 1659 4573 habitus,
1683 4520 1810 4577 quae

457 4607 483 4637 α
510 4585 935 4655 consequuntur
957 4585 1244 4654 peccatum
1266 4598 1337 4640 ex
1359 4589 1521 4657 parte
1547 4590 1719 4652 actus,
1739 4601 1811 4643 ex

456 4688 482 4798 Ξῖ
510 4662 906 4818 33120‘3335321
933 4663 1812 4813 ‘2223‘0·2„{⁰,t,¹?⁸322523‚3{¹„i⁸1

456 4847 481 4877 a
510 4823 659 4899 quod
688 4828 839 4896 patet
858 4840 929 4880 ex
950 4824 1072 4890 hoc,
1097 4824 1247 4898 quod
1268 4824 1588 4899 dispositio,
1616 4833 1676 4884 et
1702 4828 1810 4886 ha-

455 4926 481 4957 «
512 4904 663 4961 bitus
685 4907 919 4976 possunt
938 4903 1064 4959 sine
1090 4904 1276 4976 gratia
1302 4902 1519 4962 destrui
1548 4922 1649 4979 per
1667 4923 1810 4964 con-

457 5006 480 5036 «
512 4984 754 5041 trariam
795 4981 1284 5050 consuetudinem,
1342 4987 1568 5043 macula
1614 4992 1806 5045 autem

1944 565 1970 598 α
1998 543 2124 602 sine
2148 544 2336 619 gratia
2380 559 2500 601 non
2545 543 2805 601 aufertur
2838 562 2851 598 ε
2893 555 3030 615 ergo
3069 537 3297 594 macula

1944 643 1970 676 α
2000 639 2118 682 non
2156 623 2319 697 ponit
2356 621 2577 697 aliquid
2623 622 2866 695 positive
2903 621 2970 676 in
3017 618 3234 676 anima.
3263 637 3289 667 n

1938 705 2093 761 Tum
2117 702 2314 773 etiam,
2337 703 2474 777 quia
2498 701 2746 769 habitus,
2796 701 2862 757 in
2899 715 3010 773 quo
3047 698 3297 757 essentia

1941 785 2147 857 peccati
2178 779 2491 842 habitualis
2509 782 2971 847 constitueretur,
2995 783 3296 836 converte-

1941 869 2027 921 ret
2038 865 2343 938 peccatoris
2353 865 2709 922 voluntatem
2722 859 2793 919 ad
2807 860 3082 917 ultimum
3094 856 3291 924 finem,

1938 960 2179 1018 eamque
2203 943 2447 1018 proinde
2483 941 2799 1000 secundum
2827 955 3029 998 omnes
3055 938 3300 995 inclina·

1939 1023 2124 1081 tiones
2150 1022 2438 1098 adaequate
2474 1023 2587 1080 sibi
2624 1021 2967 1097 subjiceret;
3014 1016 3297 1092 siquidem

1942 1105 2091 1164 ratio
2110 1107 2304 1163 ultimi
2327 1105 2462 1162 finis
2488 1104 2697 1178 absque
2722 1100 3053 1179 huiusmodi
3091 1100 3301 1159 subor-

1941 1187 2239 1244 dinatione
2264 1186 2478 1244 salvari
2506 1185 2704 1260 nequit
2734 1206 2749 1242 ε
2781 1184 2937 1259 atqui
2966 1183 3164 1240 nullus
3202 1181 3301 1239 ha·

1941 1267 2095 1325 bitus
2123 1285 2158 1326 a
2182 1269 2480 1326 voluntate
2507 1266 2812 1340 productus
2837 1265 2994 1322 valet
3018 1280 3145 1321 eam
3185 1263 3297 1320 sibi

1943 1349 2231 1422 adaequate
2292 1348 2591 1424 subjicere,
2642 1364 2773 1406 cum
2820 1351 3183 1420 comparetur
3227 1344 3299 1403 ad

1942 1433 2107 1490 illam
2124 1437 2395 1507 tanquam
2411 1431 2638 1489 effectus
2657 1430 2779 1504 ejus
2799 1429 3297 1486 universalitatem

1942 1530 2061 1572 non
2088 1514 2426 1589 adaequans;
2466 1514 2614 1571 sicut
2657 1512 2730 1571 ob
2767 1511 3088 1586 oppositam
3130 1510 3302 1567 ratio·

1942 1610 2076 1652 nem
2097 1594 2326 1652 habitus
2351 1594 2646 1652 charitatis
2666 1594 3022 1651 voluntatem
3048 1596 3299 1648 creatam

1943 1674 2188 1747 perfecte
2213 1674 2461 1749 subjicit,
2491 1674 2630 1747 quia
2668 1688 2788 1730 non
2831 1676 2915 1729 est
2939 1671 3170 1728 effectus
3194 1687 3301 1728 vo—

1941 1757 2181 1814 luntatis
2224 1762 2444 1823 creatae,
2501 1755 2599 1812 sed
2639 1753 2906 1812 formalis
2941 1752 3299 1826 participatio

1941 1837 2252 1901 voluntatis
2276 1836 2492 1893 divinae
2521 1856 2537 1891 z
2578 1851 2714 1909 ergo
2765 1836 2964 1891 nullus
3014 1833 3244 1891 habitus
3267 1848 3300 1889 a

1942 1925 2229 1992 peccatore
2252 1917 2554 1991 productus
2581 1922 2764 1990 potest
2787 1932 2909 1973 esse
2930 1922 3115 1989 aptuS,
3149 1920 3213 1972 ut
3239 1914 3301 1971 in

1940 2015 2009 2059 eo
2027 2001 2274 2058 essentia
2298 1998 2506 2072 peccati
2542 1997 2855 2055 habitualis
2880 1997 3261 2054 constituatur
3287 2015 3299 2049 :

1940 2081 2089 2154 quod
2112 2082 2393 2138 motivum
2423 2079 2595 2136 latius
2618 2078 3001 2153 expendimus
3044 2084 3211 2134 tract.
3238 2077 3301 2131 de

1941 2161 2049 2217 ult.
2063 2162 2187 2233 fine,
2221 2162 2362 2233 disp.
2388 2161 2442 2227 4,
2469 2159 2596 2216 dub.
2628 2161 2687 2215 2.
2710 2161 2857 2215 Tum
2880 2157 3144 2230 denique,
3168 2156 3302 2228 quia

1941 2242 1990 2298 si
2037 2240 2110 2299 ob
2155 2243 2415 2315 aliquam
2455 2240 2739 2297 rationem
2805 2238 3036 2296 deberet
3073 2237 3301 2296 admitti

1942 2321 2173 2378 habitus
2221 2320 2619 2394 superadditus
2659 2320 2957 2394 peccatori,
3007 2334 3110 2392 per
3152 2317 3303 2391 quod

1942 2406 2372 2460 converteretur
2395 2400 2466 2458 ad
2506 2400 2722 2458 bonum
2749 2398 3174 2465 commutabile,
3199 2414 3303 2456 ex-

1942 2482 2098 2539 cluso
2118 2480 2323 2539 ordine
2338 2480 2410 2538 ad
2428 2483 2608 2538 Deum
2630 2487 2903 2553 tanquam
2932 2477 3003 2536 ad
3029 2477 3303 2534 ultimum

1941 2561 2141 2629 finem,
2162 2563 2417 2620 maxime
2435 2563 2572 2635 quia
2599 2566 2725 2634 post
2743 2565 2931 2618 actum
2952 2559 3162 2634 peccati
3185 2574 3304 2616 ma-

1943 2647 2042 2701 net
2081 2649 2335 2716 peccator
2361 2642 2733 2700 habitualiter
2757 2656 3067 2699 conversus
3107 2639 3179 2697 ad
3199 2639 3302 2697 bo-

1944 2739 2086 2780 num
2128 2725 2446 2799 proprium,
2489 2728 2546 2781 et
2596 2738 2830 2780 aversus
2858 2739 2889 2779 a
2931 2723 3045 2781 Deo
3080 2739 3094 2774 τ
3147 2721 3300 2794 atqui

1944 2820 2049 2878 pro
2081 2805 2190 2861 isto
2215 2804 2413 2863 effectu
2444 2818 2562 2860 non
2591 2804 2909 2876 requiritur
2936 2802 3164 2860 habitus
3200 2818 3301 2858 su-

1944 2884 2291 2958 peradditus,
2315 2884 2413 2942 sed
2436 2883 2639 2941 sufficit
2658 2883 2982 2941 essentialis
3002 2882 3303 2940 inclinatio

1944 2968 2257 3026 voluntatis
2280 2971 2500 3034 creatae,
2526 2965 2793 3041 adiuncta
2815 2966 3141 3039 privatione
3169 2981 3305 3040 gra-

1943 3050 2037 3106 tiae
2055 3047 2464 3107 sanctificantis
2485 3062 2588 3121 per
2602 3052 2789 3104 actum
2806 3047 3013 3121 peccati
3029 3044 3262 3103 inducta
3292 3066 3306 3101 ε

1942 3145 2079 3204 ergo
2106 3127 2409 3202 praedictus
2430 3126 2659 3182 habitus
2679 3142 2798 3184 non
2813 3132 2899 3184 est
2927 3125 3300 3189 necessarius,

1944 3224 2129 3283 neque
2152 3208 2218 3265 in
2243 3224 2311 3266 eo
2331 3207 2580 3265 essentia
2620 3207 2829 3280 peccati
2858 3205 3172 3264 habitualis
3192 3221 3300 3263 va-

1945 3291 2022 3347 let
2048 3288 2376 3346 consistere.
2408 3288 2605 3345 Minor
2624 3292 2844 3345 constat
2867 3303 2939 3345 ex
2967 3286 3134 3343 dictis
3158 3288 3300 3360 disp.

1943 3372 2036 3426 cit.
2066 3368 2197 3425 dub.
2224 3370 2262 3424 2
2297 3367 2348 3423 εἰ
2387 3369 2441 3434 3,
2487 3367 2586 3424 ubi
2625 3366 2982 3424 ostendimus
3031 3367 3304 3424 ultimum

1944 3450 2123 3520 finem
2151 3445 2477 3524 peccatoris,
2504 3465 2712 3521 nempe
2732 3448 2948 3506 bonum
2977 3449 3301 3523 proprium,

1945 3546 2063 3590 non
2106 3546 2228 3588 esse
2268 3529 2485 3603 aliquid
2528 3547 2600 3588 ex
2637 3545 2698 3587 se
2738 3529 3159 3599 inordinatum,
3209 3529 3306 3587 sed

1944 3611 2073 3669 fleri
2114 3610 2464 3668 irreferibile
2490 3611 2560 3668 ad
2590 3613 2770 3667 Deum
2809 3610 3084 3666 ultimum
3130 3608 3306 3667 finem

1946 3709 2049 3767 per
2073 3694 2270 3769 gratiae
2298 3692 2702 3766 privationem,
2731 3691 2954 3748 ratione
2973 3691 3060 3764 cuj
3069 3707 3133 3747 us
3157 3692 3307 3766 cogi-

1946 3780 2039 3831 tur
2060 3774 2327 3831 voluntas
2347 3774 2550 3830 sistere
2570 3772 2635 3828 in
2662 3770 2929 3845 praedicto
2957 3770 3137 3840 bono,
3156 3776 3212 3829 et
3233 3770 3303 3829 ad

1944 3854 2212 3911 divinum
2240 3869 2358 3911 non
2379 3852 2648 3927 progredi
2689 3873 2703 3907 z
2745 3850 2898 3908 unde
2923 3856 3039 3908 tota
3062 3867 3305 3925 perver-

1944 3935 2082 3998 sitas
2121 3933 2202 3991 ibi
2244 3938 2474 4007 reperta
2513 3947 2631 3989 non
2668 3931 2926 3988 consistit
2964 3931 3028 3988 in
3062 3931 3306 4005 positivo

1948 4015 2230 4090 praedictae
2266 4013 2680 4081 conversionis,
2725 4011 2825 4070 sed
2871 4012 2935 4067 in
2982 4013 3307 4085 privatione

1941 4099 2161 4174 gratiae,
2193 4097 2257 4154 in
2278 4114 2393 4171 qua
2413 4097 2720 4164 maculam,
2751 4095 3107 4167 habitualem
3133 4111 3305 4153 aver-

1942 4178 2187 4244 sionem,
2233 4182 2291 4235 et
2327 4176 2618 4235 habituale
2663 4178 2951 4249 peccatum
2996 4174 3306 4232 constitui·-

1943 4277 2093 4317 mus.

2017 4343 2103 4396 Ex
2139 4339 2348 4412 quibus
2372 4338 2649 4398 omnibus
2691 4336 3066 4396 confirmatur
3108 4341 3306 4395 nostra
3321 4330 3510 4426 33¹3}ss

1940 4419 2263 4486 conclusio;
2285 4419 2561 4492 quoniam
2584 4423 2871 4491 peccatum
2894 4417 3189 4474 habituale
3212 4416 3308 4475 de·
3348 4434 3415 4473 tas
3428 4440 3496 4488 qs·

1941 4501 2037 4560 bet
2061 4501 2370 4560 consistere
2395 4501 2460 4557 in
2487 4500 2681 4575 aliquo
2723 4500 2878 4558 malo
2906 4498 3301 4565 habitualiter,
3346 4483 3497 4573 ⁸⁶5&

1941 4588 1998 4641 et
2018 4582 2327 4639 intrinsece
2369 4580 2650 4638 existente
2691 4580 2755 4636 in
2802 4584 3113 4653 peccatore,
3154 4578 3306 4652 quod

1942 4665 2192 4723 aliorum
2253 4665 2562 4732 malorum,
2606 4665 2731 4722 sive
2778 4657 3133 4721 damnorum
3191 4662 3304 4736 ipsi

1943 4745 2222 4819 peccatori
2249 4744 2721 4803 convenientium
2751 4742 3219 4812 fundamentum,
3250 4747 3309 4800 et

1943 4826 2109 4885 radix
2146 4827 2223 4883 sit
2272 4847 2288 4883 ε
2331 4825 2487 4900 atqui
2539 4825 2869 4900 hujusmodi
2911 4825 3164 4882 rationes
3196 4824 3306 4882 soli

1942 4906 2258 4979 privationi
2299 4906 2644 4965 voluntariae
2667 4906 2867 4980 gratias
2899 4902 3307 4962 sanctificantis

1912 4987 2296 5045 conveniunt
2325 5002 2506 5061 :ergo
2558 4985 2852 5045 habituale
2904 4991 3195 5058 peccatum
3242 4984 3306 5040 in

3040 5063 3308 5141 praedicta
