3647 5753
520 419 631 476 202
1545 414 1638 468 DE
1677 412 1948 468 GRATIA
1987 412 2329 469 EFFICACI.

525 605 643 646 non
666 588 949 662 indigeret
980 587 1084 644 hac
1109 584 1482 659 congruitate,
1516 588 1576 639 ut
1601 597 1769 638 suum
1791 581 1879 638 et*-

525 670 734 726 fectum
786 668 1111 731 induceret;
1140 664 1424 737 siquidem
1467 664 1671 735 seipsa,
1700 668 1759 719 et
1786 663 1883 719 in-

525 747 917 821 dependenter
956 745 1027 802 ab
1054 743 1187 800 aliis
1211 742 1636 800 circunstantiis
1668 741 1882 815 produ-

527 836 679 885 ceret
736 829 903 884 illum
949 846 963 879 :
1006 841 1141 899 ergo
1187 840 1304 880 non
1347 829 1432 880 est
1472 822 1542 879 ab
1572 823 1883 881 intrinseco

525 909 738 986 efficax.

603 989 687 1045 Ad
711 991 814 1046 hoc
832 989 1005 1045 etiam
1030 993 1435 1061 argumentum
1451 990 1665 1042 constat
1680 1001 1752 1042 ex
1771 984 1885 1042 dic-

529 1072 600 1127 tis
620 1070 743 1125 dub.
779 1071 834 1132 2.
857 1086 952 1140 per
972 1075 1163 1132 totum,
1196 1065 1293 1122 ubi
1316 1082 1445 1123 cum
1465 1068 1533 1134 D.
1564 1060 1885 1138 Augustino

525 1149 844 1224 oppositam
875 1147 1103 1219 Vasquii
1131 1146 1464 1219 opinionem
1503 1145 1884 1202 refutavimus

527 1227 892 1292 ostendendO,
911 1243 1083 1300 quam
1101 1225 1413 1282 absurdum
1431 1223 1674 1298 sit,quod
1693 1224 1883 1281 divini

527 1309 733 1367 auxilii
775 1306 1016 1364 efficacia
1045 1305 1115 1362 ab
1145 1305 1277 1361 aliis
1318 1303 1742 1362 circumstantiis
1780 1303 1885 1360 de·—

526 1394 807 1452 sumatur,
839 1386 932 1442 vel
959 1384 1292 1458 dependeat.
1326 1387 1390 1440 Et
1422 1385 1491 1440 iis
1512 1383 1720 1457 quibus
1753 1400 1886 1457 pos-

526 1476 613 1527 set
651 1468 755 1524 hoc
800 1472 1205 1540 argumentum
1243 1463 1600 1531 confirmari,
1628 1463 1882 1520 occurri-

528 1567 658 1608 mus
688 1548 899 1605 ibidem
927 1551 957 1617 ἕ
982 1548 1037 1602 4.

367 1638 490 1684 Deci·
602 1631 744 1690 284„
776 1631 1035 1702 Arguunt
1080 1624 1508 1700 decimoquarto
1553 1648 1566 1684 z
1607 1626 1884 1700 quoniam

315 1701 504 1791 uffa-Pam
529 1711 771 1770 efficacia
810 1709 1009 1784 gratiae
1040 1708 1339 1782 desumpta
1366 1724 1435 1766 ex
1462 1707 1662 1765 divina
1709 1724 1886 1782 praes-

318 1799 498 1884 mffi'ssffi
527 1793 739 1851 cientia
766 1837 777 1858 ,
808 1807 981 1865 quam
1034 1790 1289 1847 mediam
1338 1796 1583 1857 vocant,
1631 1791 1885 1848 suaviter

501 1870 712 1934 'salvat
740 1879 957 1939 cuncta,
988 1889 1115 1945 quae
1140 1872 1212 1930 de
1239 1872 1459 1930 auxilio
1480 1872 1682 1929 efficaci
1721 1872 1886 1946 juxta

529 1957 814 2031 principia
874 1954 1030 2010 Fidei
1082 1954 1298 2009 salvari
1338 1953 1548 2010 debent
1599 1974 1612 2009 ε
1650 1959 1885 2011 econtra

527 2054 667 2095 vero
686 2036 870 2111 gratia
900 2034 971 2091 ab
998 2033 1312 2091 intrinseco
1343 2034 1536 2090 efficax
1576 2032 1885 2091 durissime

528 2120 648 2175 baec
674 2116 965 2188 componit
999 2135 1012 2169 ε
1055 2129 1193 2188 ergo
1216 2114 1403 2188 gratia
1440 2130 1556 2171 non
1582 2120 1666 2171 est
1690 2112 1884 2171 efficax

527 2215 598 2256 ex
618 2214 698 2265 se,
729 2201 782 2254 et
805 2195 875 2253 ab
898 2195 1232 2261 intrinse00‚
1253 2193 1349 2251 sed
1372 2210 1441 2253 ex
1465 2195 1567 2251 illa
1590 2195 1887 2266 praescien-

529 2282 627 2337 tia.

307 995 497 1051 Respon-

363 1052 442 1086 sio.

603 2359 710 2417 Sed
740 2360 844 2416 hoc
870 2362 1274 2432 argumentum
1316 2357 1566 2412 solutum
1594 2360 1790 2412 manet
1813 2371 1884 2412 ex

529 2442 692 2499 dictis
715 2440 888 2496 dubio
917 2437 1251 2512 praecedenti
1284 2453 1384 2510 per
1412 2442 1613 2504 totum,
1639 2437 1738 2493 ubi
1763 2437 1885 2494 fuse

527 2520 936 2588 ostendimus§
972 2520 1073 2574 let
1099 2519 1153 2583 2,
1200 2518 1364 2590 juxta
1411 2516 1590 2589 ipsius
1634 2518 1885 2575 scientiae

525 2602 730 2660 media)
760 2600 1064 2678 principia,
1110 2596 1318 2654 debere
1342 2599 1557 2654 salvari
1578 2598 1882 2656 efficaciam

522 2681 724 2755 gratias
773 2676 1228 2751 independenter
1255 2691 1287 2732 a
1314 2677 1417 2732 tali
1457 2677 1696 2734 scientia
1729 2699 1741 2733 :
1769 2683 1827 2735 et
1852 2681 1884 2748 ἕ

523 2764 578 2828 3,
610 2760 910 2817 scientiam
940 2757 1191 2814 mediam
1221 2755 1291 2812 ad
1321 2756 1658 2813 salvandam
1702 2757 1882 2814 liber-

526 2846 700 2899 tatem
751 2840 1067 2904 inventam,
1098 2840 1358 2893 evertere
1405 2834 1726 2894 libertatem
1758 2838 1878 2905 Dei,

526 2927 584 2979 et
629 2926 938 2977 creaturae:
969 2922 1025 2974 et
1068 2921 1098 2987 ᾖ
1138 2918 1172 2970 4
1219 2921 1276 2973 et
1309 2918 1363 2981 5,
1406 2918 1654 2990 gratiam
1681 2934 1752 2975 ex
1780 2920 1881 2975 tali

527 3001 766 3058 scientia
780 2997 1194 3071 dependentem
1219 3013 1336 3055 non
1353 3003 1578 3054 tantum
1603 3015 1719 3056 non
1734 3016 1885 3057 com·

528 3081 805 3139 mandare
833 3079 1094 3135 divinam
1123 3077 1627 3151 omnipotentiam,
1652 3079 1749 3137 sed
1773 3080 1884 3153 ipsi

529 3169 722 3237 aperte
774 3159 1067 3218 adversari
1115 3177 1127 3213 ε
1170 3164 1225 3216 et
1264 3162 1296 3229 g
1345 3160 1400 3224 6,
1435 3160 1607 3217 talem
1635 3161 1882 3235 gratiam

523 3260 647 3303 esse
686 3260 720 3301 a
759 3258 910 3307 casu,
952 3246 1009 3297 et
1063 3245 1269 3313 praeter
1319 3239 1700 3299 intentionem
1728 3242 1884 3299 divi-

507 3340 664 3382 nam
699 3347 712 3381 ε
742 3328 797 3379 et
823 3327 853 3393 ς
878 3320 1087 3388 7,‘esse
1124 3325 1324 3376 contra
1364 3320 1428 3376 D.
1472 3322 1880 3396 Augustinum‚

526 3410 591 3463 D.
617 3405 918 3468 Thomam,
944 3403 1190 3468 Scotum,
1210 3399 1580 3460 Scholasticos
1596 3404 1878 3477 antiquos,

526 3493 583 3546 et
595 3487 890 3563 graviores
906 3483 1234 3557 leoIogoe,
1256 3482 1354 3554 qui
1372 3490 1504 3541 ante
1519 3490 1576 3542 et
1592 3491 1716 3558 post
1731 3488 1884 3543 Con-

528 3569 736 3626 cilium‘
759 3563 1167 3621 Tridentinum
1190 3561 1510 3619 floruerunt
1538 3585 1551 3619 ε
1574 3570 1629 3622 et
1650 3565 1881 3623 tandem

528 3654 559 3720 ξ
586 3650 642 3713 8,
673 3645 1111 3711 declaravimus,
1151 3658 1254 3716 per
1283 3643 1608 3715 praedictam
1633 3645 1881 3719 gratiam

531 3745 648 3788 non
668 3727 884 3785 salvari
906 3726 1178 3798 plurima,
1203 3740 1328 3796 quae
1346 3725 1659 3782 secundum
1683 3727 1881 3785 Fidem

527 3811 876 3868 catholicam
922 3806 1195 3864 debemus
1233 3805 1560 3863 concedere;
1591 3807 1756 3865 Unde
1782 3824 1883 3866 ar-

525 3895 866 3967 gumentum
894 3888 998 3945 hoc
1038 3887 1099 3942 in
1139 3884 1514 3943 Adversarios
1542 3892 1881 3961 retorquen-

525 3973 662 4029 dum
694 3977 811 4038 est;
839 3968 1113 4041 quoniam
1142 3966 1204 4021 in
1227 3965 1331 4021 hac
1349 3968 1740 4024 controversia
1762 3984 1881 4027 non

524 4055 693 4111 datur
741 4050 997 4107 medium
1047 4049 1201 4103 inter
1245 4048 1492 4120 gratiam
1520 4064 1592 4106 ex
1617 4064 1697 4116 se,
1727 4056 1784 4107 et
1808 4052 1880 4109 ab

525 4137 838 4195 intrinseco
864 4130 1141 4189 efficacem
1168 4170 1181 4194 ,
1225 4134 1282 4184 et
1304 4130 1551 4203 gratiam
1597 4131 1878 4190 efficacem

521 4234 592 4277 ex
618 4220 739 4275 sola
764 4210 1136 4289 praescientia,
1163 4214 1224 4265 ut
1246 4208 1543 4268 iidemmet
1565 4211 1877 4271 affirmant:

520 4301 618 4358 sed
645 4299 830 4375 gratia
854 4293 1048 4352 efficax
1073 4308 1144 4348 ex
1169 4292 1292 4348 sola
1320 4292 1695 4364 praescientia,
1741 4295 1880 4353 inu-

521 4384 662 4450 tilis,
692 4387 748 4439 et
770 4375 1136 4440 insufficiens,
1166 4380 1221 4430 et
1242 4375 1531 4432 contraria
1556 4381 1637 4432 est
1666 4376 1735 4433 ad
1757 4381 1879 4436 sal-

520 4463 740 4521 vandas
795 4458 1150 4516 difficultates
1196 4455 1365 4528 hujus
1411 4456 1667 4513 materiae
1700 4479 1713 4514 ε
1742 4475 1879 4536 ergo

517 4545 703 4621 gratia
723 4547 807 4600 est
827 4540 1022 4599 efficax
1046 4553 1119 4594 ex
1142 4551 1220 4604 se,
1251 4541 1308 4592 et
1328 4534 1399 4592 ab
1428 4536 1763 4596 intrinseco.

343 4653 468 4696 nect·
593 4628 725 4682 285.
743 4625 1005 4697 Arguunt
1024 4616 1449 4689 decimoquinto
1474 4639 1487 4674 ι
1511 4618 1646 4691 quia
1660 4619 1709 4674 si
1731 4621 1879 4678 Deus

346 4711 455 4793 msstm
519 4724 625 4765 sua
669 4700 1087 4778 omnipotentia
1148 4702 1314 4755 utens
1361 4699 1531 4755 vellet
1575 4700 1879 4773 imponere

301 4759 366 4843 (ωε
421 4761 491 4844 33¹²
520 4789 838 4849 absolutam
884 4779 1273 4839 necessitatem
1322 4779 1607 4837 voluntati
1649 4787 1871 4849 creatae‚

307 4856 502 4895 mentum.
519 4886 637 4929 non
660 4872 844 4943 posset
863 4863 921 4919 id
945 4865 1212 4935 praestare
1240 4872 1342 4931 per
1363 4859 1593 4933 aliquod
1613 4860 1875 4921 medium

516 4952 739 5018 fortius,
771 4953 825 5005 et
850 4943 1132 5018 potentius
1160 4940 1379 4997 auxilio
1406 4955 1475 4997 ex
1501 4957 1579 5010 se,
1605 4947 1662 4997 et
1682 4941 1752 4999 ab
1777 4943 1886 5010 in-⁴

516 5034 762 5097 trinseco
786 5024 1012 5091 efficaci,
1039 5039 1169 5078 cum
1193 5019 1343 5078 istud
1367 5019 1570 5079 habeat
1591 5024 1874 5082 essentia-

317 2382 500 2425 ⁴Solutio.

2015 582 2129 638 lem
2156 581 2574 641 connexionem
2595 600 2726 639 cum
2741 582 2946 662 effectu
2971 600 3003 640 a
3025 586 3139 640 Deo
3160 583 3372 657 praein-

2014 668 2172 721 tento
2204 680 2371 740 :ergo
2389 665 2438 722 si
2470 667 2614 722 Deus
2641 665 2712 721 de
2738 665 2885 723 facto
2912 672 3137 724 nostras
3158 667 3368 723 volun-
3392 687 3401 695 ·

2014 747 2156 800 tates
2180 749 2371 800 movet
2398 759 2499 816 per
2528 744 2855 818 hujusmodi
2896 745 3201 812 auxilium,
3235 745 3367 801 illas

2015 824 2273 883 absolute
2292 827 2624 893 necessitat;
2660 825 2810 899 quod
2851 832 3046 884 tamen
3070 832 3155 884 est
3175 831 3373 884 contra

2016 902 2188 961 fidem
2226 926 2239 961 :
2281 921 2415 981 ergo
2445 922 2560 963 non
2587 905 2753 964 debet
2779 906 3004 963 admitti
3036 905 3368 980 praedictum

2015 986 2320 1043 auxilium.

2093 1066 2274 1141 Huius
2299 1066 2472 1124 etiam
2502 1068 2828 1143 argumenti
2870 1067 3165 1141 responsio
3191 1066 3369 1126 habe-
3402 1076 3592 1127 Respon-

2016 1150 2111 1202 tur
2136 1163 2208 1204 ex
2232 1146 2432 1214 dictis;
2462 1149 2736 1220 quoniam
2765 1149 2896 1205 licet
2917 1148 3067 1205 nihil
3101 1148 3175 1204 sit
3201 1148 3370 1206 auxi·
3436 1125 3523 1168 δῆθ’

2017 1227 2097 1285 1ἰο
2124 1228 2544 1302 Augustiniano
2563 1228 2857 1293 efficacius,
2886 1231 3031 1285 Deus
3054 1233 3246 1286 tamen
3269 1244 3371 1303 per

2016 1305 2162 1363 illud
2189 1323 2361 1382 agens
2382 1306 2550 1364 habet
2576 1306 2835 1364 diversos
2857 1306 3054 1364 modos
3076 1307 3366 1374 movendi,

2015 1385 2223 1459 quibus
2250 1386 2637 1444 diversimode
2654 1430 2668 1452 ,
2709 1403 2937 1461 semper
2963 1393 3158 1444 tamen
3184 1387 3373 1445 effica-

2016 1468 2177 1534 citer,
2195 1466 2422 1525 effectus
2439 1467 2812 1540 praeintentos
2826 1469 3165 1541 assequitur.
3184 1470 3375 1533 Quan-

2017 1547 2199 1621 doque
2241 1547 2401 1605 enim
2443 1552 2637 1605 movet
2676 1547 2746 1605 ad
2794 1564 2976 1604 unum
3006 1564 3107 1621 per
3132 1547 3369 1606 modum

2018 1634 2239 1685 naturae
2263 1673 2277 1697 ,
2315 1628 2629 1686 auferendo
2657 1628 3107 1687 indifferentiam
3137 1628 3374 1703 objecti·

2016 1725 2151 1765 vam
2178 1725 2249 1766 ex
2279 1716 2439 1782 parte
2460 1710 2808 1775 intellectus;
2838 1714 2894 1766 et
2915 1714 3047 1765 tunc
3068 1708 3367 1766 necessitat

2018 1791 2373 1846 voluntatem
2422 1789 2701 1856 absolute,
2732 1794 2796 1845 ut
2838 1788 3040 1847 accidit
3068 1789 3130 1845 in
3175 1803 3374 1846 amore

2017 1867 2295 1934 beatifico,
2346 1874 2403 1926 et
2442 1870 2505 1925 in
2552 1867 2838 1941 aliquibus
2891 1867 3139 1925 motibus
3185 1867 3376 1940 primo

2019 1951 2245 2024 primiS.
2294 1950 2644 2023 Quandoque
2686 1966 2824 2011 vero
2869 1955 3062 2006 movet
3089 1948 3160 2006 ad
3190 1963 3371 2006 unum

2019 2029 2381 2103 permodum
2425 2030 2613 2096 liberi,
2668 2028 3046 2103 relinquendo
3090 2030 3154 2085 in
3201 2028 3378 2085 intel-

2018 2112 2162 2168 lectu
2228 2110 2680 2168 indifferentiam
2747 2109 3118 2183 objectivam;
3148 2114 3203 2167 et
3240 2113 3376 2165 tunc

2017 2205 2135 2248 non
2166 2191 2461 2247 necessitat
2482 2190 2754 2258 absolute,
2784 2188 2883 2246 sed
2913 2189 3091 2246 infert
3133 2187 3376 2245 efficaci-

2017 2277 2123 2340 ter,
2176 2286 2238 2328 ac
2267 2271 2662 2328 infallibiliter
2689 2276 2874 2327 actum
2907 2270 3184 2335 liberum;
3212 2272 3270 2325 et
3293 2270 3377 2325 sic

2016 2353 2297 2426 contingit
2315 2351 2702 2410 communiter
2730 2351 2792 2407 in
2821 2352 3038 2409 actibus
3060 2351 3367 2407 viatorum.

2017 2433 2176 2498 Quod
2206 2434 2456 2505 amplius
2476 2431 2751 2489 constabit
2778 2450 2847 2489 ex
2875 2431 3132 2489 dicendis
3157 2431 3282 2486 dub.
3308 2434 3368 2495 7,

2016 2516 2123 2582 94,
2156 2512 2254 2568 ubi
2278 2512 2566 2569 contraria
2588 2513 2775 2568 Suarii
2817 2513 3034 2570 motiva
3078 2510 3366 2568 diluemus

2016 2592 2367 2650 ostendendo
2393 2591 2902 2650 contradictionem
2935 2636 2946 2657 ,
2998 2591 3146 2666 quod
3186 2596 3374 2648 stante

2017 2673 2406 2731 indifferentia
2424 2672 2648 2747 judicii,
2670 2678 2823 2729 actus
2835 2672 3210 2746 subsequutus
3226 2670 3374 2727 liber

2018 2771 2135 2812 non
2162 2756 2255 2812 sit.

2089 2839 2221 2895 286.
2267 2839 2532 2911 Arguunt
2591 2834 2974 2895 decimosexto
3029 2858 3041 2894 ε
3094 2835 3371 2910 quoniam
3424 2871 3556 2915 Deoi-

2016 2927 2202 2979 stante
2246 2921 2501 2978 carentia
2546 2920 2749 2976 auxilii
2777 2937 2847 2977 ex
2873 2937 2935 2977 se
2959 2920 3210 2986 efficacia
3243 2935 3373 2975 ma·
3430 2931 3545 2964 mum

2016 3008 2114 3059 net
2168 3001 2432 3058 voluntas
2473 3000 2805 3057 necessitata
2831 2999 2900 3056 ad
2935 3000 3247 3057 carentiam
3274 3014 3372 3055 co·
3400 2976 3572 3073 ⁵2}qu

2015 3082 2335 3140 existentias
2355 3095 2661 3137 consensus
2681 3096 2810 3136 cum
2841 3080 3058 3137 auxilio
3083 3097 3155 3138 ex
3175 3096 3234 3136 se
3248 3078 3585 3137 effi-m⁰⁰¹⁰¹¹¹·

2015 3164 2130 3221 caci
2164 3186 2178 3219 t
2209 3179 2344 3237 ergo
2373 3167 2569 3218 manet
2596 3161 2930 3219 necessitata
2956 3160 3025 3218 ad
3053 3161 3371 3218 carentiam

2015 3258 2364 3310 consensus;
2413 3242 2673 3316 implicat
2716 3241 2876 3297 enim
2916 3257 3224 3299 consensus
3252 3255 3373 3297 non

2016 3326 2329 3384 coexistens
2380 3325 2599 3381 auxilio
2649 3340 2722 3381 ex
2747 3338 2808 3380 se
2844 3323 3068 3380 efficaci.
3130 3327 3375 3382 Antece-

2015 3409 2156 3466 dens
2184 3406 2412 3465 videtur
2437 3412 2688 3473 certum,
2732 3421 2868 3462 nam
2898 3406 2995 3478 qui
3037 3411 3233 3463 manet
3267 3422 3373 3462 ne-

2015 3490 2308 3548 cessitatus
2348 3488 2418 3546 ad
2463 3487 2777 3544 carentiam
2808 3487 3048 3562 alicujus
3101 3488 3365 3551 extremi,

2014 3578 2211 3629 manet
2273 3572 2450 3628 etiam
2518 3569 2884 3626 necessitatus
2937 3568 3006 3625 ad
3053 3570 3370 3626 carentiam

2014 3653 2296 3727 complexi
2325 3651 2396 3708 ab
2439 3652 2716 3708 extremis
2744 3651 3076 3708 resultantis
3109 3672 3123 3705 ε
3151 3649 3247 3707 sed
3275 3667 3373 3708 ca-

2017 3737 2205 3793 rentia
2241 3734 2625 3793 coexistentiae
2648 3749 2956 3791 consensus
2994 3748 3124 3789 curn
3154 3732 3371 3789 auxilio

2013 3834 2083 3875 ex
2111 3833 2171 3875 se
2214 3816 2420 3874 efficaci
2461 3820 2545 3872 est
2584 3816 2945 3888 complexum
2990 3815 3274 3870 resultans
3299 3830 3371 3871 ex

2012 3897 2266 3955 carentia
2294 3896 2499 3953 auxilii
2529 3917 2541 3951 :
2563 3912 2699 3970 ergo
2719 3900 2904 3951 stante
2923 3894 3179 3951 carentia
3200 3895 3372 3951 auxi-

2015 3980 2079 4036 lii
2104 3982 2300 4035 manet
2319 3978 2586 4033 voluntas
2607 3976 2939 4033 necessitata
2960 3973 3029 4031 ad
3050 3975 3369 4031 carentiam

2013 4058 2394 4117 coexistentia?
2413 4072 2721 4113 consensus
2741 4071 2869 4111 cum
2902 4054 3141 4126 auxilio,

2087 4138 2193 4195 Sed
2223 4139 2325 4196 hoc
2375 4143 2780 4211 argumentum
2829 4151 2946 4193 non
2993 4134 3150 4192 addit
3193 4150 3369 4208 supra
3396 4177 3570 4225 &mm

2014 4219 2159 4278 illud
2184 4261 2197 4285 ,
2246 4217 2395 4291 quod
2423 4221 2455 4288 g
2510 4219 2573 4273 12
2617 4216 2919 4272 diluimus.
2969 4214 3369 4287 Respondetur
3572 4212 3579 4218 ’

2011 4315 2147 4375 ergo
2175 4298 2344 4355 unico
2372 4296 2548 4355 verbo
2571 4341 2584 4366 ,
2634 4296 2945 4353 carentiam
2974 4294 3365 4352 coexistentia!

2011 4394 2317 4437 consensus
2342 4394 2471 4437 cum
2502 4376 2737 4442 auxilio,
2765 4374 3053 4447 adaequate
3078 4380 3370 4449 sumptam

2012 4460 2326 4533 importare
2350 4454 2664 4514 carentiam
2713 4455 2938 4521 auxilii,
2969 4459 3027 4511 et
3051 4455 3369 4512 carentiam

2010 4555 2338 4597 consensus.
2365 4540 2633 4594 Fatemur
2665 4552 2801 4610 ergo
2827 4534 3143 4592 carentiam
3165 4535 3246 4592 sic
3273 4551 3373 4593 ac·-

2008 4625 2229 4692 ceptam
2248 4661 2262 4685 ,
2291 4634 2403 4691 qua
2430 4622 2590 4690 parte
2616 4615 2756 4672 dicit
2778 4614 3094 4673 carentiam
3136 4615 3361 4681 auxilii,

2011 4717 2129 4758 non
2149 4715 2271 4759 esse
2292 4699 2615 4757 formaliter
2636 4696 2880 4754 liberam
2900 4696 3206 4762 voluntati;
3229 4711 3371 4755 nam

2009 4780 2155 4836 sicut
2180 4778 2464 4836 auxilium
2505 4781 2589 4834 est
2608 4792 2640 4832 a
2667 4778 2789 4833 solo
2808 4778 2939 4844 Dee,
2972 4775 3053 4831 sic
3076 4779 3133 4831 et
3160 4776 3371 4833 auxilii

2007 4860 2255 4935 negati0.
2281 4861 2562 4916 Caeterum
2599 4856 2955 4930 inadaequate
2979 4859 3227 4927 sumpta,
3257 4872 3373 4928 qua

2010 4944 2170 5014 parte
2196 4938 2335 4996 dicit
2358 4938 2676 4996 carentiam
2709 4952 3038 5003 consensus,
3075 4933 3259 4992 libera
3283 4943 3372 4993 est

2006 5022 2291 5082 voluntati
2318 5022 2382 5078 in
2409 5025 2533 5078 actu
2576 5019 2766 5092 primo
2793 5033 2911 5075 non
2937 5017 3159 5085 minuS,
3191 5034 3370 5091 quam

3244 5099 3371 5172 ipse
