3647 5753
529 409 606 461 72
1562 390 1654 444 DE
1693 384 1961 444 GRATiA
2001 382 2345 438 EFFICACI.

532 580 796 637 exhiberi.
825 579 893 632 Et
918 560 1120 632 rursus
1147 576 1392 644 Prosper
1431 570 1587 641 epist.
1631 566 1706 621 ad
1733 564 1893 634 Rufi-

545 678 719 725 uum‚·
744 660 980 730 loquens
1023 654 1096 711 de
1139 646 1614 723 semipelagianis
1660 644 1891 716 inquit:

547 743 770 812 Scripta
796 737 1118 807 Auyustini,
1150 733 1346 811 quibus
1383 746 1534 785 error
1559 727 1894 796 Pelayiano-

534 839 658 877 rum
684 815 1349 891 imprimatur-‚infamant
1364 811 1615 875 dicentes,
1631 824 1753 862 eum
1770 804 1895 861 libe-
1933 834 1938 839 ·

533 920 656 958 rum
677 900 975 957 arbitrium
1001 899 1216 970 penitus
1235 895 1521 949 dimovere.
1549 891 1696 944 Tum
1724 885 1895 942 deni-

532 998 640 1056 que
660 998 728 1038 ex
746 982 870 1053 ipso
884 981 938 1034 S.
950 974 1586 1047 Doctore‚quiexpresse
1603 968 1765 1024 docet
1778 964 1890 1021 sibi

534 1061 819 1135 objectum
867 1058 937 1115 ab
970 1052 1331 1113 Adversariis
1378 1050 1553 1106 fuisse
1580 1042 1894 1103 Manichaei

534 1156 767 1209 nomen,
798 1138 959 1212 quasi
988 1153 1088 1210 per
1139 1133 1385 1210 gratiam
1426 1146 1458 1186 a
1509 1144 1570 1185 se
1615 1132 1893 1183 assertam
1943 1186 1946 1187 ⁷

338 1228 500 1280 naug.
532 1212 851 1277 destrueret
876 1216 1219 1273 libertatem.
1275 1211 1424 1284 Quid
1468 1207 1679 1280 (inquit
1707 1204 1806 1260 lib.
1843 1206 1888 1270 1,

533 1307 732 1357 contra
758 1299 1085 1364 Julianum,
1130 1312 1250 1367 cap.
1283 1295 1366 1364 4,)
1400 1306 1591 1345 nomen
1617 1287 1895 1342 dilaniare

533 1383 724 1436 niteris
743 1395 941 1443 meum,
965 1387 1014 1432 et
1028 1375 1381 1432 Ambrosium
1401 1371 1566 1442 facia,
1591 1368 1758 1422 tacito
1779 1367 1896 1437 eJ'us

530 1465 765 1529 nomine,
791 1460 1157 1519 Manichmcm
1184 1456 1214 1511 Ρ
1241 1456 1310 1509 Et
1332 1452 1424 1509 lib.
1449 1454 1504 1512 2.
1536 1456 1727 1505 contra
1754 1446 1896 1500 duas

530 1546 790 1620 epistolas
838 1543 1281 1613 Pelayianorum,
1317 1553 1439 1607 cap.
1481 1536 1526 1600 1,
1558 1533 1678 1589 ait:
1728 1527 1895 1587 Nihil

453 1671 463 1681 .
530 1626 689 1682 aliud
726 1627 1000 1687 nituntur,
1032 1622 1144 1676 nisi
1170 1625 1231 1673 ut
1272 1619 1380 1691 {zac
1412 1612 1668 1670 horribili
1707 1611 1897 1666 hare-si

531 1708 734 1778 objecta
774 1700 1246 1775 (Manichaeorum
1287 1696 1520 1757 scilicet,
1550 1707 1673 1764 quae
1694 1688 1893 1746 eadem

532 1794 617 1845 est
636 1803 768 1844 cum
821 1781 1182 1845 calviniana,
1208 1788 1603 1850 saepenumero
1622 1769 1886 1826 Thomis·

536 1870 608 1924 tis
637 1866 706 1923 ad
736 1861 1096 1920 Adversariis
1146 1853 1633 1923 accommodata),
1665 1852 1822 1922 cujus
1842 1865 1896 1903 se

533 1949 884 2005 adversarios
903 1945 1234 2013 confinyunl,
1265 1939 1472 1993 lateant
1499 1934 1715 1990 inimici
1758 1947 1896 2002 yra-

536 2033 621 2085 tim
634 2027 732 2085 sub
755 2026 915 2081 laude
935 2029 1170 2077 natura.
1191 2015 1532 2074 Incredibile
1553 2017 1747 2069 autem
1766 2024 1894 2066 om·-

538 2109 679 2164 nino
693 2111 792 2170 est,
820 2104 1065 2177 potuisse
1085 2096 1574 2170 semipelagianos
1596 2092 1687 2149 vel
1718 2103 1894 2161 appa-

535 2194 730 2247 renter
755 2185 1141 2260 Augustinum
1183 2179 1252 2236 de
1293 2175 1576 2234 libertatis
1596 2171 1897 2230 eversione

530 2283 811 2333 accusare,
843 2265 891 2320 si
922 2265 976 2320 S.
1010 2265 1211 2319 Doctor
1236 2259 1437 2332 gratiae
1463 2253 1769 2325 efficaciam
1793 2266 1896 2306 ex-

532 2354 767 2423 poneret
824 2343 1244 2417 dependentem
1292 2356 1325 2397 a
1370 2335 1609 2394 scientia
1655 2331 1848 2388 media
1878 2353 1893 2397 3

533 2446 669 2485 nom
687 2430 849 2502 juxta
872 2425 1043 2496 hujus
1062 2420 1313 2478 scientiae
1337 2414 1640 2490 principia,
1668 2425 1898 2468 concor-

527 2511 623 2567 dia
648 2509 847 2584 gratiae
868 2505 1103 2561 efficacis
1124 2519 1255 2558 cum
1280 2500 1544 2555 libertate
1565 2500 1668 2558 est,
1689 2497 1750 2548 ut
1776 2492 1898 2563 ejus

530 2588 757 2662 patroni
785 2588 1119 2657 loquuntur,
1147 2594 1373 2635 summe
1400 2576 1613 2639 suavi8‚
1652 2579 1708 2629 et
1731 2576 1792 2625 ut
1818 2570 1899 2626 sic

529 2669 805 2731 dicamus,
864 2664 1110 2720 mellea:
1158 2659 1367 2731 quippe
1419 2671 1546 2712 cum
1590 2654 1652 2708 in
1695 2664 1896 2707 eorum

528 2749 802 2822 opinione
821 2748 965 2801 Deus
983 2757 1099 2797 non
1124 2743 1350 2794 moveat
1365 2733 1664 2792 efficaciter
1687 2731 1898 2787 volun-

530 2837 723 2897 tatem,
746 2818 844 2885 sed
887 2829 1113 2881 tantum
1136 2820 1441 2880 comitetur
1462 2817 1583 2890 ejus
1610 2806 1898 2869 influxum

531 2911 595 2966 in
610 2911 693 2967 eis
713 2907 1095 2977 actibus,quos
1117 2899 1351 2958 aliunde
1374 2897 1519 2954 vidit
1546 2912 1578 2951 a
1602 2894 1899 2950 voluntate

534 2993 656 3049 fore
700 2985 1027 3046 eliciendos.
1097 2983 1245 3054 Ergo
1284 2981 1341 3034 S.
1392 2981 1593 3033 Doctor
1635 2972 1900 3029 tractavit

530 3075 677 3130 hanc
712 3069 1102 3125 difficultatem
1131 3062 1341 3134 absque
1366 3074 1597 3116 recursu
1628 3055 1696 3111 ad
1720 3055 1901 3110 scien-

530 3156 626 3210 tiae
652 3151 855 3209 mediae
877 3144 1180 3223 principia.
1208 3143 1552 3199 Recolantur
1579 3153 1703 3210 quae
1727 3136 1900 3192 latius

534 3235 787 3292 diximus
811 3232 951 3303 disp.
1005 3231 1025 3285 l
1075 3224 1406 3301 prooemiali,
1458 3238 1576 3294 cap.
1610 3222 1664 3286 4,
1714 3222 1745 3288 ξ
1788 3219 1825 3273 5
1849 3223 1899 3271 et

536 3335 656 3389 cap.
681 3317 734 3382 6,
764 3317 795 3383 ἓ
821 3315 881 3367 2.

322 3411 519 3456 scientim
620 3396 742 3451 104.
784 3390 942 3457 Quod
983 3394 1173 3446 autem
1222 3385 1525 3458 Angelicus
1574 3382 1900 3451 Praeceptor

343 3462 504 3553 3ζῇξῇ
536 3475 780 3550 gratiam
792 3472 1072 3530 efficacem
1089 3485 1216 3525 cum
1236 3465 1498 3522 libertate
1516 3457 1901 3533 composuerit

218 3569 231 3574 ’
324 3563 397 3602 nac
414 3570 505 3628 cqu-
537 3553 989 3627 independenter
1030 3566 1061 3606 a
1111 3546 1349 3605 scientia
1395 3542 1603 3608 media,
1638 3541 1753 3596 alia
1782 3553 1900 3594 non

335 3615 504 3702 οῗᾱοέιῑι·
536 3639 730 3693 minus
779 3631 1070 3692 evidentia
1113 3629 1324 3685 motiva
1364 3622 1727 3698 persuadent.
1762 3620 1898 3675 Pri-

323 3712 696 3799 ffi‘ss‘ffffimum
747 3720 851 3781 est,
882 3709 1030 3785 quod
1072 3713 1136 3766 D.
1178 3708 1429 3762 Thomas
1467 3702 1709 3761 eandem
1750 3701 1899 3755 circa

536 3799 682 3853 hanc
723 3794 1110 3850 difficultatem
1173 3787 1340 3843 habet
1400 3800 1528 3841 cum
1582 3779 1900 3854 Augustino

535 3877 898 3940 sententiam,
926 3879 987 3929 ut
1016 3865 1225 3928 fatetur
1242 3867 1464 3923 Molina
1481 3863 1616 3921 locis
1638 3860 1901 3933 superius

533 3957 735 4022 citatiS,
793 3961 848 4010 et
886 3958 1103 4010 constat
1149 3965 1219 4005 ex
1271 3944 1657 4017 disputatione
1706 3940 1895 4002 citata,

502 4054 649 4109 -cap.
681 4039 738 4100 7,
768 4038 799 4104 ξ
828 4037 882 4088 2.
928 4035 1061 4095 Quae
1113 4033 1305 4083 autem
1344 4022 1519 4079 fuerit
1568 4033 1731 4075 mens
1779 4019 1902 4071 Au-

529 4116 765 4192 gustini,
792 4117 1007 4170 constat
1035 4127 1105 4167 ex
1130 4122 1314 4178 nuper
1341 4104 1524 4160 dictis.

605 4193 926 4254 Secundum
967 4196 1069 4254 est,
1102 4188 1237 4260 quia
1280 4187 1346 4240 D.
1375 4184 1626 4238 Thomas
1678 4178 1742 4234 in
1781 4176 1902 4233 suis

530 4275 758 4349 scriptis
784 4270 1080 4330 evidenter
1121 4264 1319 4323 statuit
1348 4260 1631 4335 principia
1660 4257 1902 4315 omnino

533 4355 824 4416 contraria
873 4350 1125 4409 scientim
1196 4345 1400 4403 mediae
1452 4340 1776 4416 principiiS,
1844 4342 1904 4392 ut

534 4443 648 4498 late
687 4434 1041 4496 ostendimus
1088 4439 1216 4485 tom.
1272 4431 1313 4495 1,
1343 4434 1504 4481 tract.
1532 4426 1585 4489 3,
1617 4424 1759 4494 disp.
1814 4421 1899 4486 10,

317 4538 503 4579 ioannes
532 4520 658 4576 dub.
689 4521 744 4582 4,
788 4523 835 4571 et
886 4517 941 4579 5,
987 4517 1044 4568 et
1103 4508 1399 4566 efficaciter
1446 4502 1690 4577 probant
1731 4503 1897 4557 Joan.

322 4586 567 4676 ‘'fflssfflfha
595 4601 650 4654 S.
682 4596 885 4652 Thom.
913 4601 1041 4647 tom.
1092 4592 1147 4654 2,
1180 4591 1240 4643 in
1270 4590 1288 4642 l
1332 4591 1483 4658 part.
1514 4583 1655 4655 disp.
1687 4584 1742 4649 5,
1787 4586 1899 4635 art.

344 4687 492 4726 fimet·
535 4681 589 4746 4,
625 4676 800 4733 Labat
825 4679 985 4728 tract.
1025 4672 1073 4736 1,
1114 4668 1254 4739 disp.
1288 4668 1338 4731 5,
1369 4663 1494 4719 dub.
1528 4664 1586 4728 9,
1630 4666 1661 4732 ξ
1715 4662 1769 4728 3,
1801 4661 1906 4716 Go-

538 4767 654 4826 net,
708 4760 906 4830 lpart.
945 4757 1107 4807 tract.
1159 4751 1212 4816 3,
1243 4748 1381 4819 disp.
1433 4748 1545 4815 (λς
1585 4746 1641 4798 3.
1686 4744 1907 4798 Recen-

538 4854 767 4897 seamus
788 4832 1127 4891 brevissime
1149 4829 1340 4899 aliqua
1360 4827 1418 4880 S.
1443 4823 1696 4881 Doctoris
1718 4836 1907 4877 asser-

545 4928 621 4976 ta.
651 4920 717 4974 ln
740 4914 947 4989 primis
971 4910 1146 4975 docet,
1180 4904 1596 4980 propositiones
1617 4902 1687 4958 de
1714 4901 1908 4957 futuro

546 4993 899 5070 contingenti
923 5005 1041 5049 non
1062 4987 1271 5046 habere
1292 4984 1737 5044 determinatam
1760 4980 1908 5038 veri-

2013 560 2199 616 ‘tatem
2234 579 2247 614 :
2277 557 2356 614 ita
2397 555 2568 612 habet
2620 556 2637 610 l
2686 553 2948 611 Perierm.
2980 569 3104 624 cap.
3132 553 3187 615 8.
3246 552 3385 614 lect..

2034 641 2116 705 13,
2147 646 2194 694 et
2216 644 2398 715 quaest.
2439 638 2524 701 16,
2553 642 2667 690 art.
2695 636 2750 698 7,
2782 641 2829 688 et
2852 639 3030 710 quast.
3056 634 3111 698 2,
3136 632 3201 686 de
3236 629 3387 689 Veri-

2025 729 2152 787 tate,
2179 728 2286 777 art.
2329 722 2411 785 12,
2442 720 2573 773 etin
2623 720 2669 781 1,
2699 716 2826 771 dist.
2859 716 2949 779 38,
2982 719 3166 790 quast.
3207 715 3255 779 1,
3280 719 3388 769 art.

2024 804 2060 857 5
2110 802 2184 856 ad
2229 804 2283 862 2,
2314 806 2370 856 et
2422 797 2561 855 alibi
2614 811 2760 867 saepe
2793 793 2979 867 :quod
3034 793 3388 867 principium

2025 881 2286 938 funditus
2318 878 2630 935 demolitur
2652 876 2933 950 objectum
2967 874 3222 932 scientiae
3270 890 3392 931 me-

2026 962 2154 1019 diae.
2201 961 2410 1018 Deinde
2430 959 2607 1026 docet,
2636 956 3040 1014 futuritionem
3065 970 3187 1012 esse
3213 953 3392 1011 deno-

2026 1044 2409 1102 minationem
2436 1041 2798 1114 desumptam
2821 1056 2891 1096 ex
2912 1037 3395 1094 determinatione

2025 1141 2251 1182 causae:
2295 1124 2425 1180 ital
2466 1130 2618 1195 part.
2663 1127 2844 1198 quast.
2898 1121 2979 1183 16,
3006 1121 3175 1173 ιιι-ι’]
3216 1117 3295 1173 ad
3338 1117 3390 1183 3,

2024 1211 2080 1264 et
2108 1206 2245 1262 locis
2290 1219 2465 1276 supra
2492 1202 2679 1258 citatis
2718 1218 2787 1258 ex
2827 1196 3236 1272 quaestionibus
3276 1197 3393 1253 dis-

2027 1285 2239 1359 putatis
2273 1306 2285 1341 :
2329 1281 2477 1357 quod
2505 1282 2858 1357 principium
2885 1280 3060 1337 etiam
3089 1278 3396 1335 manifeste

2025 1366 2234 1423 evertit
2256 1364 2509 1421 scientiae
2534 1360 2737 1418 mediae
2758 1359 3059 1434 objectum,
3089 1357 3242 1431 quod
3265 1364 3396 1415 ante

2025 1461 2260 1503 omnem
2279 1445 2376 1501 Dei
2389 1441 2941 1500 determinationem
2963 1437 3226 1512 fingitur.
3255 1436 3396 1495 Ρω-

2026 1536 2169 1583 terea
2192 1526 2365 1591 docet,
2393 1542 2483 1583 res
2507 1541 2540 1581 a
2563 1527 2677 1580 Deo
2697 1523 2864 1579 scitas
2893 1536 3009 1577 non
3029 1535 3152 1577 esse
3175 1520 3400 1591 priores

2026 1609 2145 1681 ejus
2184 1607 2445 1672 scientia,
2488 1603 2585 1661 sed
2634 1602 2819 1675 potius
2846 1617 2878 1657 e
2917 1615 3192 1657 converso
3224 1622 3239 1666 ;
3297 1615 3398 1656 nec

2025 1686 2159 1744 sciri
2204 1702 2238 1742 a
2283 1687 2415 1750 Deo,
2446 1683 2583 1757 quia
2610 1683 2819 1738 futurae
2844 1685 3017 1745 sunt3
3060 1678 3159 1736 sed
3211 1679 3400 1753 potius

2027 1768 2250 1824 futuras
2294 1783 2433 1832 esse,
2467 1767 2603 1838 quia
2639 1781 2672 1821 a
2725 1766 2838 1820 Deo
2883 1762 3145 1818 sciunt-ur
3178 1781 3191 1816 ε
3232 1762 3314 1817 ita
3346 1763 3390 1829 l,

2025 1855 2214 1904 contra
2267 1845 2476 1913 Gentes,
2500 1863 2619 1918 cap.
2651 1847 2743 1908 67,
2774 1846 2871 1902 etl
2910 1849 3055 1915 part.
3087 1834 3275 1919 quasi.
3307 1843 3388 1905 14,

2027 1933 2137 1984 art.
2169 1929 2204 1981 8
2226 1927 2299 1981 ad
2326 1927 2443 1991 3,et
2480 1927 2526 1989 1,
2563 1928 2620 1990 2,
2645 1924 2937 2001 ᾳυωεε.93,
2971 1929 3084 1977 art.
3120 1924 3136 1976 1
3174 1921 3246 1977 ad
3268 1922 3321 1985 3,
3345 1929 3392 1975 et

2026 2015 2207 2086 quast.
2257 2009 2311 2075 2,
2357 2007 2421 2061 de
2473 2004 2727 2069 Veritate,
2779 2011 2889 2059 art.
2926 2004 2989 2057 14
3029 2002 3105 2056 ad
3150 2004 3196 2067 1,
3248 1999 3391 2074 quod

2029 2087 2382 2160 principium
2438 2085 2682 2141 destruit
2745 2083 3056 2140 scientiam
3091 2081 3392 2146 mediam;

2029 2168 2146 2224 haec
2163 2169 2373 2241 quippe
2395 2183 2513 2223 non
2553 2170 2764 2231 causat,
2809 2164 2901 2221 vel
2930 2163 3151 2236 regulat
3180 2162 3388 2229 futura,

2027 2249 2126 2306 sed
2153 2265 2219 2306 ea
2256 2247 2545 2321 supponit,
2576 2253 2633 2304 et
2661 2246 2900 2302 illorum
2946 2245 3255 2301 veritatem
3295 2258 3392 2300 ex·

2031 2332 2239 2404 plorat.
2307 2330 2560 2398 Insuper,
2614 2333 2673 2382 ut
2720 2325 2790 2382 ad
2834 2341 3082 2399 praesens
3121 2331 3392 2398 punctum

2029 2413 2213 2487 magis
2255 2410 2604 2477 accedamuS,
2638 2411 2693 2465 S.
2720 2413 2921 2485 Doctor
2968 2413 3028 2462 ut
3071 2407 3392 2464 libertatem

2032 2501 2290 2552 nostram
2338 2509 2468 2550 cum
2517 2492 2736 2547 divinis
2775 2490 3031 2557 decretiS,
3064 2494 3120 2546 et
3164 2487 3393 2546 auxiliis

2030 2579 2350 2647 componat,
2382 2572 2453 2629 ad
2498 2571 2805 2629 efficaciam
2842 2568 3056 2626 divinae
3081 2567 3392 2626 voluntatis

2032 2657 2296 2722 recurrit,
2324 2672 2449 2729 qua·
2489 2670 2606 2711 non
2648 2654 2837 2710 solum
2869 2652 3097 2725 attingit
3122 2649 3390 2707 substan-

2031 2737 2192 2801 tiam,
2219 2735 2315 2793 sed
2363 2736 2540 2792 etiam
2569 2731 2805 2790 modum
2834 2731 3185 2804 operationis
3213 2752 3227 2787 :
3256 2732 3336 2786 ita
3366 2731 3383 2784 1

2027 2837 2082 2892 p.
2107 2825 2289 2898 quaest.
2331 2818 2414 2885 19,
2446 2823 2554 2871 art.
2584 2817 2637 2881 8,
2668 2822 2716 2869 et
2752 2815 2798 2880 l,
2829 2821 3020 2869 contra
3043 2820 3245 2883 pentes,
3271 2828 3384 2885 cap.

2030 2903 2123 2968 55,
2166 2900 2313 2973 quod
2359 2899 2572 2955 directe
2612 2897 2920 2969 opponitur
2961 2895 3130 2952 modo
3165 2892 3385 2952 dioendi

2029 2983 2479 3062 Molinistarum.
2526 2979 2666 3036 Item
2710 2977 2887 3042 docet,
2941 2976 3390 3049 praedestinatio—

2031 3081 2166 3121 nem
2212 3080 2331 3120 esse
2375 3068 2589 3120 certant
2651 3061 2993 3118 certitudine
3038 3076 3155 3118 non
3210 3061 3389 3118 solum

2034 3143 2421 3217 praescientiae,
2473 3142 2569 3200 sed
2641 3142 2819 3198 etiam
2872 3141 3224 3197 causalitatis
3258 3163 3270 3197 :
3318 3141 3391 3195 ita

2032 3222 2270 3301 quodlib.
2334 3226 2415 3286 12,
2441 3230 2549 3279 art.
2583 3223 2637 3286 3,
2668 3228 2717 3274 et
2746 3227 2929 3297 quast.
2959 3222 3013 3285 6,
3063 3220 3126 3274 de
3179 3220 3392 3277 Verita-

2032 3312 2098 3368 ιε,
2130 3310 2240 3358 art.
2267 3304 2319 3371 3,
2356 3302 2450 3359 nbi
2483 3301 2686 3359 asserit
2707 3301 3028 3372 oppositum
3050 3315 3173 3356 esse
3198 3305 3392 3357 contra

1984 3402 1987 3405 ·
2032 3382 2406 3454 scripturam,
2433 3387 2488 3439 et
2502 3381 2651 3436 dicta
2672 3382 3010 3436 Sanctorum
3028 3379 3206 3452 :quod
3223 3381 3390 3437 etiam

2035 3461 2346 3535 prosternit
2396 3460 2701 3517 efficaciam
2731 3475 2763 3514 a
2808 3458 3049 3534 scientia
3076 3459 3270 3515 media
3295 3457 3389 3514 de-

2035 3543 2377 3617 pendentem
2406 3567 2419 3610 ;
2453 3558 2588 3598 nam
2635 3540 2767 3596 talis
2805 3540 3048 3597 efficacia
3068 3541 3260 3597 solum
3283 3541 3386 3596 im·

2035 3629 2219 3697 portat
2246 3623 2665 3680 connexionem
2687 3636 2817 3676 cum
2839 3620 3038 3678 effectu
3056 3620 3116 3675 in
3141 3621 3196 3676 vi
3224 3636 3391 3693 praes-

2033 3703 2277 3768 cientiae,
2312 3718 2429 3759 non
2458 3702 2522 3757 in
2541 3701 2596 3756 vi
2625 3700 2993 3756 causalitatis.
3027 3699 3269 3756 Tandem
3287 3699 3393 3756 ,do-

2033 3787 2135 3847 cet,
2193 3785 2372 3838 Deum
2421 3780 2651 3855 physice
2690 3795 2921 3836 movere
2966 3796 3165 3836 omnes
3205 3795 3396 3839 causas

2033 3861 2309 3919 secundas
2338 3861 2408 3918 ad
2430 3877 2561 3917 suas
2595 3861 2970 3931 operationeS,
2998 3866 3059 3915 ut
3084 3866 3303 3918 constat
3328 3874 3394 3916 ex

2037 3941 2299 4015 pluribus
2342 3942 2496 4007 locis,
2523 3954 2646 4012 quae
2670 3957 2848 4013 supra
2877 3940 3141 3996 dedimus
3165 3941 3307 4014 disp.
3340 3941 3390 4001 5,

2033 4025 2157 4080 dub.
2208 4025 2262 4089 6,
2298 4030 2353 4080 et
2381 4024 2632 4095 amplius
2677 4022 3066 4095 expendemus
3109 4021 3284 4079 dubio
3309 4023 3399 4077 se-‘

2034 4104 2230 4176 quenti
2266 4124 2278 4158 :
2322 4102 2469 4174 quod
2518 4103 2874 4175 principium
2929 4109 3121 4174 aperte
3162 4106 3396 4176 negatur

2036 4200 2069 4239 a
2095 4183 2408 4240 Molinistis
2432 4184 2718 4240 velutsuae
2733 4181 3007 4238 doctrinae
3021 4183 3392 4239 contrarium.

2035 4262 2371 4319 omittimus
2434 4265 2529 4332 (ne
2577 4264 2846 4320 lectorem
2916 4264 3242 4335 gravemus)
3286 4260 3398 4318 alia

2036 4344 2090 4399 S.
2117 4342 2370 4399 Doctori's
2388 4342 2693 4415 principia,
2713 4357 2838 4414 quae
2865 4341 3083 4415 liquido
3104 4341 3392 4402 evincunt,

2035 4423 2341 4480 efficaciam
2368 4423 2568 4497 gratiae
2608 4438 2726 4480 non
2749 4422 3072 4495 dependere
3098 4439 3130 4479 a
3162 4422 3396 4480 scientia

2036 4503 2246 4568 media,
2277 4502 2376 4578 sed
2404 4518 2526 4559 esse
2555 4502 2872 4576 physicam,
2893 4509 2947 4560 et
2974 4502 3206 4576 physice
3228 4500 3397 4558 infer·

2039 4597 2101 4638 re
2127 4597 2467 4639 consensum
2510 4589 2795 4649 nostrum,
2827 4587 2886 4638 ut
2942 4582 3150 4638 merito
3187 4580 3395 4638 dixerit

2036 4666 2114 4720 M.
2139 4666 2306 4752 Lorca
2327 4663 2624 4719 Generalis
2646 4663 3279 4734 cisterciensium,disp.
3304 4662 3391 4727 21,
3411 4694 3576 4745 „mm

2038 4741 2108 4799 de
2133 4749 2336 4816 gratia,
2369 4742 2550 4798 concl.
2601 4743 2618 4797 l
2654 4763 2667 4798 :
2699 4765 2725 4795 «
2767 4742 2947 4798 nimis
2989 4742 3260 4800 excedere
3282 4755 3393 4804 eos,
3432 4748 3553 4788 mm.

2046 4841 2072 4873 α
2100 4821 2198 4894 qui
2248 4819 2630 4892 insuperabili
2676 4823 3041 4879 contentione
3066 4820 3394 4881 defendunt.

2047 4921 2072 4953 «
2098 4900 2391 4974 physicam
2447 4902 2903 4972 praemotionem,
2971 4917 3143 4975 quam
3203 4899 3398 4959 docent

2047 5001 2073 5032 «
2103 4979 2435 5049 Thomistae,
2462 4979 2691 5038 auferre
2718 4979 3040 5039 libertatem
3061 5005 3075 5048 ;
3097 4985 3151 5037 et
3170 4986 3395 5038 senten—

3223 5063 3357 5118 tiam
