3647 5753
589 376 688 431 136

577 544 788 610 senius,
820 547 878 598 et
916 541 1036 597 alii.
1087 538 1287 610 Liquet
1324 544 1519 616 quarto
1565 533 1834 591 Suarium
1874 534 1935 586 in
1973 538 1978 543 “

578 641 762 698 opusc.
793 621 884 677 lib.
930 622 984 687 3,
1015 637 1134 692 cap.
1176 620 1258 683 13,
1305 617 1515 689 absque
1557 614 1935 671 fundamento

579 704 955 766 existimasse,
988 700 1090 755 illa
1113 697 1292 755 verba
1324 713 1450 769 quae
1480 694 1649 752 habet
1669 695 1836 750 Sotus
1863 689 1932 747 ad

362 799 456 856 Aua
470 800 565 841 sua·
580 787 788 844 calcem
815 785 998 857 quarti
1024 780 1450 837 Sententiarum
1484 797 1496 831 ε
1528 776 1786 850 Quidam=
1809 791 1934 829 vero

379 852 552 949 fss'cffi'ff,
582 868 679 922 hoc
711 874 909 921 taxare
936 861 1222 918 voluerunt
1248 859 1497 924 dicentes,
1528 857 1671 934 quod
1697 856 1933 911 nimium

361 948 566 1000 rejicitur·
583 947 869 1004 tribuerim
915 942 1079 999 libero
1118 940 1350 995 arbitrio
1409 942 1469 993 in
1515 936 1934 1009 justificationis

579 1044 747 1084 causa
769 1028 999 1096 (nempe
1025 1023 1089 1078 in
1116 1020 1336 1078 duobus
1363 1018 1527 1075 libris
1548 1017 1619 1074 de
1645 1021 1850 1073 natura
1876 1019 1933 1070 et

578 1107 803 1185 gratia),
834 1105 963 1162 ideo
991 1120 1022 1160 a
1050 1105 1180 1161 Soto
1201 1102 1412 1175 adjecta
1439 1100 1632 1166 fuisse,
1665 1098 1798 1171 quia
1827 1111 1932 1152 ne-

575 1187 796 1264 gaverit
822 1185 1069 1259 gratiam
1090 1198 1160 1238 ex
1180 1198 1241 1238 se
1259 1180 1555 1242 efficacem,
1580 1193 1752 1251 quam
1777 1192 1932 1232 asse-

580 1273 714 1326 runt
760 1267 862 1325 alii
909 1264 1239 1321 Thomistae.
1284 1263 1418 1327 Hoc,
1454 1261 1708 1333 inquam,
1740 1256 1930 1313 Suarii

570 1350 847 1427 judicium
870 1345 1194 1417 dispellitur
1207 1359 1278 1400 ex
1301 1341 1561 1414 proxime
1580 1339 1764 1406 dictis;
1792 1353 1929 1394 nam

573 1432 670 1505 qui
730 1429 847 1486 Soti
912 1426 1232 1483 doctrinam
1288 1421 1634 1494 carpebant,
1699 1421 1932 1476 fuerant

575 1514 871 1571 iidemmet
909 1510 1024 1567 viri
1060 1507 1202 1564 alias
1229 1504 1523 1569 Catholici,
1554 1504 1652 1576 qui
1680 1503 1928 1577 gratiam

573 1593 713 1651 adeo
739 1591 1016 1650 efficacem
1059 1585 1460 1660 praedicabant,
1493 1588 1556 1638 ut
1583 1584 1842 1639 dicerent
1862 1597 1930 1639 ea

572 1680 778 1739 stante,
803 1687 920 1728 non
947 1675 1099 1725 stare
1119 1671 1450 1739 potestatem
1473 1663 1544 1720 ad
1570 1662 1890 1736 oppositum
1910 1705 1923 1729 ,

576 1774 609 1814 a
628 1756 833 1830 quibus
853 1755 984 1809 Soto
1025 1745 1568 1823 reprehendebatur,
1611 1752 1667 1802 et
1692 1761 1788 1802 eos
1808 1746 1929 1818 ipse

576 1836 813 1911 aequiori
830 1835 958 1908 jure
981 1828 1366 1904 reprehendit.
1399 1826 1556 1892 Quod
1584 1827 1742 1883 enim
1765 1826 1930 1882 Sotus

574 1920 818 1996 gratiam
841 1917 1308 1989 praemoventem,
1334 1916 1387 1967 et
1414 1909 1693 1967 efficacem
1718 1907 1929 1966 docue-

577 2002 671 2067 rit,
696 2001 914 2056 constat
933 2012 1003 2052 ex
1046 2007 1229 2065 nuper
1254 1990 1439 2055 dictis,
1464 1995 1518 2046 et
1538 2005 1608 2046 ex
1631 1989 1753 2060 ipso
1780 1989 1922 2054 loc0,

571 2098 741 2157 quem
782 2079 1019 2135 Suarius
1063 2075 1270 2148 allegat
1295 2096 1309 2138 ;
1352 2088 1488 2128 nam
1536 2070 1616 2126 ibi
1661 2086 1929 2142 expresse

569 2163 765 2229 tradit,
790 2160 1102 2217 motionem
1130 2154 1229 2211 Dei
1254 2152 1594 2227 praevenire,
1620 2156 1676 2207 et
1694 2164 1929 2207 causare

568 2243 866 2303 efficaciter
912 2238 1123 2295 liberas
1173 2239 1403 2309 ‘nostras
1447 2233 1809 2305 operationes
1856 2231 1927 2287 ad

570 2327 753 2381 instar
773 2321 923 2378 aeris
944 2319 1252 2374 fenestram
1274 2314 1525 2370 clausam
1549 2312 1921 2384 impellentis,

569 2421 807 2478 eamque
827 2417 929 2459 suo
950 2401 1208 2474 ingressu
1232 2395 1564 2469 aperientis,
1589 2396 1657 2449 Et
1678 2394 1927 2466 profecto

569 2489 764 2544 Sotum
794 2486 1048 2539 nostram
1093 2477 1436 2535 sententiam
1475 2474 1730 2532 docuisse
1758 2473 1919 2543 vidit,

567 2571 623 2623 et
650 2564 938 2622 confessus
962 2564 1048 2616 est
1066 2557 1362 2614 Molinain
1378 2555 1710 2618 Concordia,
1737 2562 1919 2630 quaest.

579 2647 663 2713 13,
685 2646 829 2716 disp.
858 2644 949 2707 37,
982 2643 1043 2694 in
1061 2639 1354 2711 principio.
1387 2636 1533 2702 Quid
1555 2636 1701 2691 Socii
1729 2651 1925 2695 recur-

572 2729 708 2782 runt
734 2722 802 2779 ad
825 2720 1174 2793 conjecturas
1189 2718 1217 2771 Ρ

389 2819 528 2878 xistus
641 2802 773 2860 202.
814 2797 1069 2856 Tandem
1096 2796 1288 2851 Xistus
1314 2795 1597 2858 Senensis,
1623 2810 1792 2868 quem
1820 2811 1925 2866 pro

380 2875 552 2920 gratum
568 2901 628 2942 se
647 2885 897 2957 allegant
918 2875 1269 2943 Adversarii,
1296 2875 1600 2933 manifeste
1618 2874 1777 2933 docet
1797 2892 1924 2933 nos-

356 2919 541 3013 θίῖῢῖἶὲἑῖ
571 2973 720 3024 tram
747 2961 1090 3020 sententiam
1118 2982 1131 3025 ;
1164 2974 1298 3014 nam
1327 2961 1389 3013 ut
1412 2959 1528 3030 ipse
1550 2958 1725 3015 refert
1768 2959 1863 3014 lib.
1887 2960 1924 3014 6

385 3018 520 3061 ‘mm'
570 3044 835 3104 Biblioth.
881 3048 1095 3105 sanctes,
1125 3045 1376 3094 annotat.
1426 3040 1553 3103 248,
1586 3036 1924 3095 Ambrosius

572 3124 914 3182 Catharinus
938 3118 1189 3184 docebat,
1213 3121 1391 3175 Deum
1415 3134 1532 3175 non
1552 3133 1752 3174 omnes
1772 3120 1923 3175 elec-

571 3212 655 3263 tos
684 3201 1114 3278 praedestinasse
1135 3197 1454 3265 infallibili,
1483 3203 1540 3254 et
1567 3197 1922 3254 immutabili

571 3279 1088 3357 praedestinationis
1110 3277 1351 3342 decreto,
1381 3275 1478 3333 sed
1497 3275 1771 3349 quosdam
1800 3282 1922 3334 tan-

569 3371 691 3421 tum
741 3360 1046 3436 insigniter
1090 3362 1312 3415 sanctos
1344 3378 1357 3413 ε
1384 3357 1534 3413 circa
1578 3357 1754 3413 aliam
1782 3373 1922 3414 vero

566 3446 876 3503 electorum
904 3437 1333 3496 multitudinem
1357 3436 1594 3500 dicebat,
1623 3439 1800 3494 Deum
1825 3438 1921 3493 ha-

566 3525 754 3582 buisse
780 3524 1087 3585 decretum,
1118 3534 1230 3591 quo
1267 3517 1372 3574 sub
1415 3517 1738 3575 conditione
1783 3534 1920 3590 pro-

566 3608 725 3663 misit
750 3602 1164 3663 beatitudinem
1197 3622 1210 3657 :
1255 3600 1344 3656 cui
1372 3598 1595 3656 decreto
1635 3615 1750 3657 non
1788 3616 1918 3658 cor-

566 3686 940 3760 respondebat
984 3681 1266 3740 auxilium
1315 3697 1387 3738 ex
1429 3696 1490 3737 se
1540 3680 1762 3749 efficax,
1818 3680 1917 3738 sed

561 3770 746 3844 gratia
772 3767 1107 3824 indifferens
1121 3763 1367 3836 subjecta
1388 3763 1699 3819 voluntatis
1718 3768 1918 3820 creatae

560 3851 936 3925 dispositioni,
967 3853 1023 3906 et
1051 3861 1149 3920 per
1175 3846 1296 3919 ejus
1324 3843 1629 3901 arbitrium
1671 3844 1917 3900 frustra-

564 3933 713 3989 bilis.
747 3955 771 3983 «
797 3933 971 3997 Hanc,
1006 3927 1192 3999 inquit
1212 3926 1422 3994 Xistus,
1450 3923 1739 3981 Ambrosii
1768 3940 1917 3996 prae-

567 4037 592 4067 «
627 4012 877 4086 ceptoris
917 4010 1030 4066 mei
1057 4006 1401 4064 sententiam
1444 4006 1562 4077 ipse
1606 4005 1746 4062 olim
1774 4006 1916 4064 adeo

565 4119 589 4148 «
633 4110 828 4152 veram
856 4089 1091 4151 credidi.
1121 4094 1178 4145 et
1204 4086 1343 4144 adeo
1370 4091 1558 4159 aptam
1586 4086 1914 4144 existimavi

561 4202 585 4229 a
629 4176 700 4234 ad
739 4172 1067 4233 evellendas
1093 4170 1267 4226 duras
1292 4168 1586 4242 quasdam,
1617 4174 1673 4225 et
1699 4174 1914 4227 atroces

559 4282 583 4312 «
625 4258 696 4315 de
750 4252 1254 4330 praedestinatione
1303 4250 1636 4323 opiniones,
1705 4249 1913 4324 quibus

559 4362 583 4391 ι(
626 4338 875 4395 haeretici
922 4340 1250 4392 nostrorum
1310 4337 1633 4403 temporum
1664 4332 1913 4388 animos

559 4442 583 4471 «
625 4417 977 4491 simplicium
1000 4411 1396 4486 desperatione
1420 4410 1823 4484 impleverant,
1851 4418 1912 4467 ut

558 4522 584 4553 «
625 4515 752 4556 eam
782 4499 853 4555 ab
881 4511 1034 4554 anno
1061 4493 1239 4550 aetatis
1267 4507 1408 4548 meae
1434 4492 1710 4566 vigesimo
1737 4508 1912 4564 usque

558 4604 584 4635 «
626 4580 696 4638 ad
743 4578 1102 4655 trigesimum
1150 4576 1213 4631 in
1260 4574 1476 4642 multis,
1527 4589 1590 4631 ac
1630 4573 1911 4646 praecipue

558 4683 583 4714 «
629 4661 807 4718 ltaliae
852 4656 1090 4715 urbibus
1118 4670 1223 4728 pro
1266 4653 1539 4711 concione
1583 4652 1911 4725 explicave-

557 4767 583 4795 α
626 4744 761 4809 rim,
783 4756 900 4798 non
921 4740 1048 4797 sine
1068 4735 1431 4794 audientium
1455 4736 1675 4808 plausu,
1702 4751 1765 4791 ac
1787 4750 1910 4807 per-

557 4845 582 4876 «
626 4821 987 4879 turbatarum
1014 4817 1298 4875 mentium
1322 4816 1527 4872 fructu.
1555 4816 1695 4870 Cum
1721 4820 1911 4888 postea

557 4927 582 4958 «
610 4902 1168 4966 animadvertissem,
1188 4895 1516 4972 hujusmodi
1535 4896 1909 4954 assertionem

555 5006 580 5037 «
622 4981 1078 5049 difficultatibus,
1125 4987 1183 5038 et
1226 4977 1503 5054 angustiis
1554 4991 1672 5057 non
1717 4976 1909 5049 paucis

1600 363 1693 417 DE
1731 360 2001 416 GRATIA
2042 360 2382 416 EFFICACI.

2070 552 2099 582 α
2139 531 2344 603 premi,
2370 537 2426 588 et
2446 531 2518 588 ob
2547 531 2602 588 id
2626 548 2657 588 a
2687 532 2971 605 plerisque
2992 529 3189 593 doctis,
3221 543 3282 583 ac
3311 527 3421 598 piis

2070 634 2097 666 «
2139 613 2439 687 Theologis
2484 629 2600 670 non
2648 613 2897 686 probari,
2941 612 3119 669 satius
3162 610 3301 665 duxi
3348 607 3423 664 ab

2070 716 2095 746 «
2137 696 2259 769 ejus
2306 695 2705 767 praedicatione
2749 695 3038 759 desistere,
3093 708 3265 765 quam
3326 692 3421 764 pio

2070 797 2096 827 α
2136 776 2492 835 eruditorum
2529 776 2743 852 judicio
2770 775 3094 849 improbata
3119 774 3340 832 docere.
3386 793 3411 823 n

2064 858 2191 914 Haec
2214 865 2349 915 sunt
2376 858 2514 917 adeo
2539 860 2712 925 clara,
2747 865 2805 915 ut
2841 860 2930 916 vel
2959 857 3257 931 apparenti
3299 861 3417 912 ter-

2061 940 2447 1013 giversatione
2479 942 2677 1015 negari
2705 946 2890 1014 queat,
2924 941 3150 995 Xistum
3182 953 3284 1011 pro
3312 953 3420 995 no·

2063 1019 2151 1077 bis
2174 1026 2343 1087 stare,
2388 1029 2442 1078 et
2470 1024 2653 1078 multo
2680 1022 2875 1078 minus
2902 1020 3012 1077 dici
3042 1021 3216 1093 possit
3243 1035 3421 1092 oppo-

2061 1101 2183 1156 sitae
2201 1102 2466 1173 opinioni
2487 1101 2861 1159 subscribere.
2889 1105 3009 1166 Qua
3032 1100 3423 1170 fortqratione

2062 1182 2298 1237 Suarius
2333 1190 2461 1239 lom.
2511 1185 2564 1251 ⁶2,
2596 1184 2661 1238 de
2695 1186 2902 1253 qratia,
2957 1181 3099 1237 lib...
3150 1197 3273 1253 cap.
3325 1181 3416 1244 51,

2060 1280 2212 1319 num.
2263 1265 2355 1330 46,
2387 1263 2542 1330 dicit,
2586 1280 2647 1320 se
2688 1280 2805 1320 non
2834 1263 3045 1319 vidisse
3072 1262 3326 1334 aliquem
3353 1276 3422 1318 ex

2060 1344 2198 1411 suis,
2229 1345 2326 1417 qui
2373 1345 2597 1401 Xistum
2629 1361 2731 1418 pro
2776 1361 2878 1399 sua
2904 1343 3177 1416 opinione
3204 1343 3424 1416 allega-

2063 1426 2158 1483 rit.
2185 1426 2291 1483 Sed
2325 1425 2589 1499 equidem
2626 1424 2823 1482 videre
2852 1424 3034 1497 potuit
3062 1425 3425 1479 Mascarenas

2059 1507 2123 1562 de
2166 1508 2405 1564 auxiliis
2448 1508 2591 1580 disp.
2640 1509 2695 1571 2,
2740 1513 2892 1579 part.
2940 1508 2996 1571 7,
3031 1522 3181 1560 num.
3214 1506 3269 1567 7,
3324 1502 3418 1560 ubi

2061 1589 2229 1645 illum
2251 1588 2386 1644 citat
2411 1593 2609 1644 contra
2643 1586 2889 1661 gratiam
2918 1601 2988 1642 ex
3014 1600 3075 1641 se
3099 1583 3380 1640 efficacem
3410 1609 3422 1650 3

2060 1686 2198 1727 nam
2245 1672 2605 1727 Mascarenas
2644 1686 2785 1742 opus
2828 1667 3009 1723 edidit
3057 1682 3211 1724 anno
3263 1668 3420 1733 1605,

2057 1757 2292 1823 eratque
2321 1752 2647 1817 Lusitanus,
2685 1765 2748 1805 ac
2795 1749 3001 1804 Suario
3050 1746 3384 1804 notissimus
3408 1770 3423 1814 ;

2059 1831 2295 1887 Suarius
2317 1847 2452 1889 vero
2473 1829 2615 1888 obiit
2636 1845 2788 1886 anno
2818 1830 2975 1897 1617,
3006 1833 3062 1884 et
3083 1833 3271 1884 tomus
3297 1826 3421 1900 ejus

2060 1911 2272 1984 prodiit
2293 1913 2481 1969 multo
2527 1915 2651 1984 post
2673 1911 2794 1984 ejus
2839 1914 3103 1966 mortem.
3136 1909 3416 1964 Caeterum

2060 1994 2205 2051 forte
2225 1994 2457 2050 dixiteae
2485 1995 2702 2059 nostris,
2740 1990 2874 2063 quia
2908 1993 3267 2046 Mascarenas
3300 2005 3416 2046 non

2056 2082 2182 2133 erat
2201 2092 2269 2133 ex
2292 2076 2543 2140 Jesuitis,
2569 2075 2832 2149 quamvis
2854 2074 3091 2130 illorum
3115 2071 3419 2144 opiniones

2058 2158 2495 2230 amplecteretur
2528 2171 2688 2212 :non
2733 2154 2891 2212 enim
2941 2152 3226 2210 credimus
3271 2153 3418 2207 Sua-

2061 2238 2213 2293 rium
2242 2235 2527 2292 affectasse
2572 2235 2734 2291 illam
2765 2232 3159 2299 nescientiam,
3191 2246 3265 2287 ne
3316 2247 3419 2303 pa-

2059 2319 2175 2374 lam
2203 2318 2476 2373 fateretur
2505 2315 2701 2371 minus
2729 2319 2877 2370 recte
2903 2314 3209 2388 allegatum
3241 2310 3419 2367 fuisse

2058 2399 2388 2455 Senensem.

2131 2481 2259 2537 203.
2281 2481 2364 2535 Ex
2388 2479 2457 2534 iis
2484 2494 2607 2551 quae
2636 2476 2782 2533 circa
2811 2476 2945 2532 istos
2968 2476 3230 2531 Doctores
3255 2471 3416 2529 dixi-
3429 2481 3592 2524 cousec-

2057 2576 2186 2616 mus
2209 2565 2468 2617 constare
2506 2559 2660 2614 valet
2687 2557 2925 2620 Lectori,
2957 2554 3106 2628 quod
3129 2553 3414 2629 judicium
3445 2535 3621 2586 mmm*

2057 2639 2386 2697 habendum
2409 2639 2484 2694 sit
2509 2637 2579 2695 de
2606 2637 2738 2693 aliis
2763 2635 3055 2712 gravibus,
3085 2639 3141 2691 et
3162 2633 3417 2707 antiquis

2055 2720 2424 2787 AuthoribuS,
2455 2737 2595 2793 quos
2642 2736 2744 2793 pro
2781 2735 2842 2776 se
2886 2721 3179 2790 (tanquam
3225 2716 3419 2772 scien—

2058 2805 2196 2860 tiam
2238 2801 2487 2859 mediam
2531 2801 2738 2874 ubique
2781 2799 3166 2863 buccinantes,
3198 2801 3254 2853 et
3279 2812 3420 2871 gra-

2056 2887 2195 2942 tiam
2241 2901 2313 2942 ex
2355 2900 2415 2941 se
2460 2883 2739 2942 efficacem
2788 2880 3122 2954 longissime
3162 2878 3419 2951 proscri-

2054 2963 2294 3034 bentes),
2312 2963 2560 3037 allegant
2580 2960 2931 3018 Adversarii.
2949 2961 2971 3014 1
2978 2974 3014 3014 n
3029 2973 3141 3032 quo
3158 2957 3416 3028 amplius

2054 3059 2169 3100 non
2216 3043 2618 3108 immoramur,
2650 3040 2785 3114 quia
2831 3044 3091 3111 utsupra
3129 3035 3417 3102 diximus,

2053 3141 2195 3197 opus
2227 3125 2532 3181 molestum
2578 3127 2681 3188 est,
2732 3126 2788 3178 et
2817 3135 2934 3177 non
2981 3120 3121 3177 adeo
3149 3132 3419 3174 necessa-

2055 3206 2230 3261 rium.
2288 3203 2614 3259 Praesertim
2672 3215 2803 3257 cum
2860 3198 3025 3255 nobis
3076 3201 3296 3255 constet
3349 3195 3422 3253 de

2052 3292 2245 3343 mente
2271 3288 2334 3341 D.
2379 3283 2699 3359 Augustini,
2731 3287 2786 3339 et
2827 3283 2889 3337 D.
2920 3281 3171 3343 Thomae,
3203 3278 3420 3349 quibus

2051 3365 2226 3422 dubio
2274 3365 2469 3437 procul
2513 3359 2963 3420 existimandum
2990 3363 3075 3415 est
3118 3356 3421 3431 subscrip-

2050 3446 2192 3502 sisse
2242 3444 2538 3519 graviores
2602 3445 2865 3499 Doctores
2917 3441 3070 3496 inter
3121 3438 3414 3511 antiquos.

2051 3527 2210 3593 Quod
2241 3527 2400 3585 enim
2429 3525 2608 3598 aliqui
2656 3522 2920 3581 moderni
2948 3526 3112 3579 extra
3158 3520 3417 3577 Societa-

2051 3614 2165 3665 tem
2190 3607 2332 3682 ,ejus
2359 3606 2692 3679 opinionem
2721 3607 3008 3667 tueantur,
3055 3600 3252 3673 negari
3306 3617 3418 3658 ne-

2048 3690 2172 3762 quit
2196 3714 2210 3757 ;
2234 3688 2331 3746 sed
2355 3705 2457 3745 nec
2478 3687 2534 3742 id
2559 3687 2709 3743 valet
2731 3682 3162 3758 Augustinianae
3181 3688 3419 3740 senten-

2048 3772 2141 3827 tiae
2185 3770 2592 3827 authoritatem
2645 3766 2988 3839 deprimere.
3041 3764 3226 3819 Immo
3272 3779 3415 3820 cum

2042 3852 2304 3925 juniores
2348 3854 2409 3905 ut
2455 3848 2775 3921 plurimum
2822 3842 3094 3901 novitatis
3140 3843 3418 3914 cupedias

2045 3932 2268 3988 soleant
2294 3928 2466 3986 anxie
2488 3926 2746 3999 ligurire,
2771 3920 3107 3979 mirandum
3122 3927 3224 3985 est,
3254 3921 3415 3995 quod

2046 4015 2230 4070 multo
2252 4013 2445 4085 plures
2469 4026 2585 4067 non
2606 4007 3049 4081 subscripserint
3075 4006 3415 4080 cogitationi

2045 4096 2296 4160 Molinae,
2339 4108 2463 4166 quae
2491 4092 2595 4148 hoc
2631 4089 2938 4162 voluptatis
2961 4103 3168 4163 genere
3203 4102 3411 4144 veram

2044 4173 2390 4233 sententiam
2433 4172 2602 4245 longe
2647 4169 2954 4225 antecellit.
2988 4166 3096 4224 Sed
3141 4166 3415 4225 veritatis

2046 4254 2285 4329 pondus,
2316 4258 2371 4311 et
2399 4250 2716 4309 authoritas
2754 4249 2809 4304 S.
2842 4247 3150 4322 Augustini
3180 4246 3411 4305 nobilia

2043 4336 2277 4412 ingenia
2299 4339 2620 4399 morantur,
2654 4348 2727 4388 ne
2750 4346 3015 4404 rugosam
3044 4328 3415 4401 antiquitatis

2045 4418 2247 4481 faciem
2271 4420 2616 4480 aversanteS,
2645 4412 3002 4470 rumusculos
3023 4416 3408 4483 aucupentur.

2043 4501 2311 4557 Consulat
2348 4498 2446 4571 qui
2489 4497 2656 4569 plura
2699 4493 2997 4561 desiderat,
3041 4492 3305 4559 A-lvarez,
3353 4500 3414 4551 et

2040 4583 2234 4638 Zumel
2281 4579 2419 4637 locis
2463 4593 2638 4649 supra
2676 4575 2879 4643 citatiS,
2930 4580 2987 4632 et
3031 4574 3409 4632 Franciscum

2041 4664 2302 4739 Sylvium
2344 4664 2405 4717 in
2442 4659 2697 4732 opusculo
2722 4659 2785 4713 de
2807 4658 2983 4730 primi
3019 4655 3254 4716 Motoris
3278 4673 3412 4714 mo-

2041 4749 2202 4815 tione,
2230 4744 2328 4801 ubi
2352 4743 2546 4816 plures
2566 4742 2849 4806 DoctoreS,
2870 4737 3151 4811 praecipue
3171 4751 3241 4793 ex
3264 4740 3412 4796 Aca-

2039 4826 2231 4884 demia
2258 4820 2623 4887 Lovaniensi,
2654 4836 2795 4893 quos
2823 4836 2926 4892 pro
2963 4833 3024 4875 se
3053 4816 3227 4875 refert
3254 4818 3411 4876 Sua-

2042 4909 2179 4971 rius,
2207 4911 2416 4965 nostrae
2442 4899 2707 4959 vendicat
2732 4899 3043 4957 sententiae.

3242 5050 3275 5117 ς
3297 5048 3404 5105 lx.
