3647 5753
33 3504 268 3548 Solvitur

39 3610 287 3649 &ulum-

1417 458 1594 514 DISP.
1640 455 1760 520 VII,
1804 452 1966 508 DUB.
2016 453 2057 507 1.
3096 453 3158 506 Π

273 641 593 708 efficacem,
631 643 729 700 vel
761 641 1120 709 inefficacem,
1164 638 1372 714 pendet
1403 654 1437 694 a
1483 635 1678 692 libero-

283 721 553 791 arbitrio,
578 727 641 779 et
656 721 734 778 ab
754 721 952 779 effectu
968 725 1221 794 sequuto.
1253 717 1469 776 Eodem
1493 712 1666 772 modo

283 803 638 879 exponenda
682 810 775 862 est
814 803 1131 862 authoritas
1183 800 1428 858 Concilii
1482 799 1667 855 Seno-

291 885 493 943 nensis
518 927 531 951 ,
585 883 744 957 quod
798 883 1031 941 aliunde
1078 899 1197 941 non
1255 886 1340 939 est
1392 880 1667 935 hactenus

294 964 681 1039 approbatum
709 982 744 1021 a
789 963 931 1022 Sede
975 962 1317 1038 Apostolica.
1368 958 1477 1017 Sed
1519 958 1668 1014 hanc

297 1047 739 1120 responsionem
790 1047 973 1103 fusius
995 1059 1407 1120 prosequemur
1443 1040 1571 1097 dub.
1603 1040 1661 1105 4,

44 1230 257 1271 secun·
378 1209 472 1264 26.
497 1207 774 1283 Arguitur
797 1205 1063 1275 secundo,
1088 1212 1146 1263 et
1164 1204 1340 1262 simul
1363 1203 1667 1276 impugna-

24 1275 140 1319 ’ω
165 1287 256 1320 ar·
303 1295 406 1345 tur
431 1288 724 1361 responsio
765 1304 949 1361 nuper
1000 1287 1133 1345 data
1164 1308 1178 1343 ε
1218 1284 1493 1359 quoniam
1529 1296 1667 1357 gra-

28 1335 270 1377 ΜΗ·

83 1383 218 1420 mm-
303 1371 450 1427 tiam
474 1385 597 1427 esse
640 1369 943 1436 efficacem,
992 1376 1076 1427 est
1102 1369 1401 1427 hominem
1441 1365 1660 1440 gratiae,

299 1454 401 1510 vel
448 1455 562 1510 Deo
589 1467 691 1525 per
714 1452 963 1527 gratiam
1003 1451 1261 1510 moventi
1287 1448 1616 1506 consentire
1649 1467 1662 1501 ε

297 1533 406 1591 sed
454 1533 629 1590 homo
672 1548 1028 1605 quacumque
1070 1532 1256 1608 gratia
1309 1526 1664 1587 antecedenti

299 1620 651 1689 praeventus,
709 1620 892 1688 potest
928 1615 1271 1680 consentire,
1319 1612 1412 1668 vel
1439 1609 1667 1666 dissen-

296 1695 419 1752 tire
443 1710 617 1770 :ergo
645 1700 825 1767 potest
840 1692 1249 1752 consentiendo
1274 1690 1514 1749 reddere
1540 1705 1670 1764 gra-

294 1775 448 1830 tiam
466 1772 763 1838 efficacem,
782 1778 840 1829 et
860 1772 1248 1830 dissentiendo
1271 1769 1508 1828 reddere
1523 1768 1669 1825 inef-

295 1853 536 1911 ficacem
561 1875 575 1910 ε
604 1850 740 1927 er‘go
770 1854 1019 1928 gratiam
1065 1870 1187 1911 esse
1226 1854 1527 1915 efficacem,
1574 1849 1667 1906 vel

295 1933 672 2000 inefficacem,
706 1949 825 1991 non
847 1934 1130 1992 antecedit
1155 1950 1321 1989 usum
1351 1931 1546 1988 liberii
1569 1946 1667 1986 ar-

297 2014 495 2082 bitrii,
548 2014 649 2072 sed
688 2014 758 2071 ab
797 2031 866 2073 eo
892 2014 1191 2089 dependet,
1234 2021 1292 2073 et
1316 2014 1568 2070 sumitur
1596 2009 1668 2067 ab

295 2097 532 2155 effectu.
572 2097 766 2154 Minor
791 2102 1027 2163 constat,
1058 2103 1181 2153 tum
1221 2113 1293 2154 ex
1337 2093 1669 2153 testimonio

298 2177 554 2235 Concilii
582 2176 912 2233 Tridentini
932 2194 1106 2250 supra
1123 2178 1321 2243 relato,
1337 2183 1461 2232 tum
1488 2174 1667 2231 etiam

56 2282 236 2338 usp·
297 2274 380 2314 ex
408 2259 473 2313 D.
500 2257 818 2331 Augustino
841 2258 1017 2312 liade
1029 2259 1250 2331 spiritu,
1282 2263 1331 2311 et
1354 2257 1664 2326 litera,cap.

53 2336 225 2423 ‘gfff
298 2339 404 2404 321,
438 2335 538 2391 ubi
564 2338 673 2393 ait:
704 2335 1023 2394 Consentire
1047 2339 1324 2394 vocationi
1344 2336 1466 2400 Dei,
1491 2335 1575 2391 vel
1599 2334 1669 2390 ab

299 2435 373 2473 ea
400 2417 703 2483 dissentire,
740 2425 934 2475 nostras
952 2418 1252 2475 voluntatis
1275 2425 1400 2479 est„
1425 2415 1668 2472 Elidem

299 2500 476 2557 docet
521 2503 580 2555 in
605 2500 699 2556 lib.
730 2501 793 2555 de
820 2499 1224 2557 Ecclesiasticis
1248 2500 1488 2571 doymat.
1543 2516 1669 2571 cap.

304 2584 380 2637 21
418 2589 466 2635 et
495 2581 587 2637 lib.
627 2583 643 2636 l
677 2582 919 2639 Retract.
969 2600 1089 2655 cap.
1137 2584 1210 2638 22
1249 2587 1305 2637 et
1331 2579 1472 2637 alibi
1500 2595 1668 2652 saepe.

55 2693 264 2737 conar—
397 2662 800 2730 confirmatur,
851 2665 986 2737 quia
1032 2666 1079 2721 si
1119 2664 1305 2738 gratia
1332 2662 1673 2720 antecedens

61 2743 246 2787 mtto.
305 2749 404 2802 est
428 2759 561 2801 vere
595 2745 897 2814 sufficiens,
945 2744 1238 2802 constituit
1266 2744 1563 2801 hominem
1609 2743 1673 2798 in

304 2832 444 2884 actu
492 2825 680 2899 primo
721 2827 986 2899 proximo
1031 2825 1100 2883 ad
1151 2824 1670 2883 consentiendum:

302 2924 453 2984 ergo
496 2907 625 2966 sine
658 2908 851 2980 aliquo
890 2907 1258 2982 superaddito
1302 2909 1455 2964 valet
1503 2908 1675 2964 homo

303 2991 670 3048 consentire:
695 2990 794 3047 sed
807 2991 857 3046 si
880 2991 1216 3056 consentiat,
1246 2990 1492 3065 gratiam
1514 2989 1677 3044 suffi-

303 3073 565 3129 cientem
589 3071 775 3129 reddit
798 3072 1101 3131 efficacem:
1125 3088 1260 3147 ergo
1276 3072 1463 3146 gratia
1480 3070 1677 3128 efficax

305 3172 438 3213 non
476 3155 850 3231 distinguitur
877 3155 1278 3213 antecedenter
1319 3154 1388 3211 ad
1434 3169 1679 3211 consen-

302 3250 448 3291 sum
471 3251 504 3291 a
529 3236 714 3310 gratia
739 3235 1040 3292 sufficienti
1067 3260 1081 3304 ;
1106 3235 1202 3292 sed
1229 3240 1313 3292 est
1342 3234 1466 3307 ipsa
1490 3233 1677 3308 gratia

303 3314 620 3382 sufficiens,
663 3323 942 3388 quatenus
987 3314 1376 3390 dependenter
1417 3329 1450 3369 a
1496 3312 1679 3369 libero

309 3395 565 3453 arbitrio
590 3399 954 3471 consequitur
980 3414 1149 3453 suum
1177 3396 1464 3454 effectum.

392 3478 485 3533 Ad
531 3486 933 3555 argumentum
990 3479 1365 3554 respondetur
1419 3475 1680 3551 negando

311 3559 600 3634 majorem
631 3577 806 3620 :nam
833 3562 1078 3620 efficacia
1097 3561 1296 3637 gratiae
1323 3576 1442 3617 non
1468 3558 1682 3615 consis-

310 3641 391 3697 tit
413 3639 733 3698 formaliter
761 3644 826 3699 in
853 3643 1179 3700 consentire
1210 3639 1515 3704 vocationi,
1548 3654 1679 3695 cum

315 3723 517 3792 ipsum
541 3724 865 3779 consentire
908 3723 983 3778 sit
1023 3721 1251 3778 effectus
1275 3720 1476 3794 gratiae
1504 3718 1682 3774 effica-

313 3800 456 3864 cis;
507 3798 600 3855 sed
638 3803 899 3858 consistit
944 3802 1008 3858 in
1056 3802 1250 3874 aliquo
1297 3797 1675 3866 antecedenti,

313 3876 480 3952 quod
517 3881 903 3952 operationem
950 3880 1344 3938 infallibiliter
1383 3880 1580 3944 infert,
1622 3883 1685 3932 ut

311 3965 546 4017 constat
563 3977 633 4017 ex
658 3963 931 4019 hactenus
958 3963 1142 4020 dictis.
1194 3965 1304 4018 Per
1332 3962 1522 4034 ipsum
1549 3974 1686 4032 ergo

312 4040 666 4107 consentire,
693 4047 791 4098 aut
830 4041 1135 4100 dissentire
1162 4058 1280 4098 non
1318 4039 1685 4098 constituitur

309 4119 512 4193 gratia
542 4119 601 4175 in
647 4137 768 4178 esse
807 4121 1062 4189 efficaciS,
1091 4123 1180 4179 vel
1217 4120 1518 4177 inefficacis
1544 4143 1558 4186 3
1588 4115 1686 4174 sed

315 4205 555 4257 tantum
606 4201 929 4260 declaratur
955 4209 1226 4277 tanquam
1270 4218 1370 4276 per
1396 4201 1681 4264 effectum,

309 4296 459 4339 eam
489 4282 661 4340 fuisse
685 4284 986 4350 efficacem,
1020 4287 1111 4342 vel
1138 4283 1503 4340 inefficacem.
1531 4283 1687 4336 Rur-

313 4381 428 4421 sus
455 4365 525 4420 ad
569 4365 858 4424 minorem
893 4366 1200 4424 dicendum
1242 4372 1346 4432 est,
1386 4364 1687 4422 hominem

309 4444 520 4521 gratia
574 4446 779 4503 efficaci
841 4452 1200 4519 praeventum
1243 4462 1403 4520 posse
1454 4443 1687 4517 quidem

309 4525 641 4584 dissentire
668 4528 731 4582 in
777 4544 946 4583 sensu
974 4527 1179 4594 diviso,
1211 4533 1268 4583 et
1289 4530 1559 4599 potestate
1580 4540 1690 4580 an-

319 4603 610 4666 tecedenti
643 4631 657 4672 ;
706 4607 954 4663 minime
1003 4607 1232 4664 veroin
1258 4621 1428 4663 sensu
1456 4618 1690 4676 compo-

313 4691 478 4751 sito:
531 4692 588 4743 et
648 4693 922 4760 potestate
983 4686 1372 4759 consequenti,
1427 4685 1551 4741 sive
1619 4682 1690 4740 ad

303 4768 670 4830 exercitium
698 4767 1038 4825 reducenda.
1073 4768 1341 4824 Primum
1381 4765 1590 4822 sufficit
1619 4763 1691 4820 ad

74 3564 232 3606 ²18¹}-

304 4846 668 4910 salvandam
697 4847 1046 4915 libertatem,
1078 4851 1132 4905 et
1146 4845 1461 4905 secundum
1490 4844 1560 4901 ad
1583 4845 1694 4899 sal-

312 4931 580 4993 vandam
630 4930 838 5005 gratim
888 4929 1194 4987 efficaciam
1260 4925 1691 4985 antecedentem

303 5028 692 5080 consensum,
725 5015 783 5067 et
823 5009 1306 5083 independentem
1334 5007 1555 5066 abillo.
1579 5009 1694 5063 Nec

303 5093 655 5171 oppositum
695 5090 905 5148 docent
942 5091 1370 5155 Tridentinum,
1401 5092 1459 5145 et
1480 5090 1543 5144 D.
1572 5090 1694 5142 Au-

1799 632 2080 707 gustinuS,
2115 636 2176 687 ut
2194 630 2333 687 satis
2346 632 2564 686 constat
2582 642 2654 683 ex
2669 625 2940 682 hactenus
2970 622 3154 679 dictis.
3194 636 3197 639 ’

1803 713 1967 770 Unde
2005 728 2134 769 cum
2161 710 2378 775 dicunt,
2409 723 2531 765 esse
2558 708 2620 763 in
2662 709 2933 779 potestate
2957 702 3162 760 volun-

1800 795 1936 852 tatis
1962 791 2245 851 vocationi
2279 790 2377 846 Dei
2424 787 2766 852 consentire,
2799 785 2892 842 vel
2931 782 3159 839 dissen-

1801 878 1932 944 tire,
1982 875 2319 946 neutiquam
2371 868 2683 929 exciudunt
2734 884 2837 941 pro
2879 879 3158 922 consensu

1803 956 2197 1014 necessitatem
2238 951 2444 1009 auxilii
2487 946 2873 1005 antecedentis
2898 942 3153 1007 efficaciS,

1802 1037 1902 1096 sed
1934 1053 2062 1094 eam
2085 1038 2416 1108 supponunt
2446 1052 2458 1087 ε
2500 1045 2656 1096 nam,
2692 1032 2755 1084 ut
2795 1025 2983 1098 inquit
3004 1023 3158 1082 idem

1801 1118 2156 1194 Augustinus
2197 1115 2298 1172 lib.
2331 1114 2400 1170 de
2426 1116 2662 1170 correct.
2693 1114 2748 1165 et
2793 1109 2999 1182 gratia,
3032 1120 3157 1176 cap.
3200 1105 3341 1160 DQ!-

1811 1201 1876 1256 14
1905 1220 1918 1255 :
1946 1197 2044 1257 Sic
2068 1198 2224 1263 velle,
2250 1203 2300 1250 et
2329 1194 2467 1250 nolle
2494 1195 2554 1247 in
2580 1190 2826 1254 volentis,
2858 1187 2943 1242 vel
2971 1185 3161 1240 nolen-
3211 1160 3338 1246 gnuffii..
3369 1216 3377 1224 ·

1801 1285 1875 1338 tis
1894 1287 2264 1356 estpotestate,
2304 1284 2366 1332 ut
2410 1277 2663 1332 divinam
2696 1272 3033 1327 voluntatem
3052 1282 3161 1321 non

1802 1362 2081 1436 impediat,
2123 1366 2223 1417 aut
2261 1363 2471 1431 superet
2488 1359 2824 1429 potestatem.
2844 1347 2952 1406 Sed
2971 1348 3159 1404 solum

1804 1443 2133 1506 intendunt,
2185 1439 2334 1514 quod
2362 1436 2652 1509 supposita
2697 1429 2952 1506 qualibet
2976 1426 3162 1502 gratia

1805 1524 2037 1599 praevia,
2079 1524 2346 1579 voluntas
2392 1517 2574 1574 libere
2616 1512 2980 1575 consentiat;
3024 1523 3160 1564 nam

1804 1607 1884 1662 ita
1906 1621 2007 1679 per
2029 1605 2192 1661 illam
2219 1601 2465 1677 gratiam
2492 1594 2860 1670 conjungitur
2884 1587 3164 1648 infallibi-

1804 1688 1939 1744 liter
1960 1703 2086 1742 cum
2116 1698 2415 1747 consensu,
2457 1678 2607 1753 quod
2637 1673 3026 1734 nihilominus
3069 1685 3164 1727 re·-

1804 1771 1950 1827 tinet
1964 1768 2275 1842 potentiam
2301 1760 2727 1820 antecedentem
2744 1756 2813 1814 ad
2835 1755 3160 1811 dissensum

1803 1851 2117 1909 secundum
2144 1865 2224 1916 se,
2256 1853 2312 1904 et
2338 1846 2402 1901 in
2429 1859 2599 1902 sensu
2627 1840 2831 1904 diviso,
2889 1840 2952 1891 ut
2981 1833 3163 1907 magis

1803 1931 2225 1989 declarabimus
2251 1922 2376 1983 dub‘.
2397 1927 2452 1982 4.

1883 2012 1965 2067 Ad
1990 2009 2491 2082 confirmationem
2514 2004 2809 2060 constatex
2831 1996 2996 2053 dictis
3016 1994 3161 2066 disp.
3180 2006 3365 2057 Respon-

1803 2095 1860 2160 5,
1902 2093 2033 2147 dub.
2062 2094 2118 2158 6,
2149 2093 2241 2160 §7
2268 2114 2281 2156 ;
2309 2104 2445 2145 nam
2488 2080 2754 2157 quamvis
2802 2076 2990 2153 gratia
3030 2089 3166 2129 vere
3203 2055 3354 2147 cffl‘ffffl,

1804 2172 2087 2230 sufficiens
2142 2174 2366 2242 praestet
2393 2163 2704 2241 potentiam
2735 2156 3061 2232 proximam
3094 2151 3164 2208 ad
3181 2152 3363 2197 mationi—

1805 2251 2113 2328 agendum,
2144 2248 2292 2323 quod
2316 2254 2477 2305 vocat
2504 2240 2854 2316 Augustinus
2878 2233 3164 2292 auxilium

1808 2331 2219 2408 possibilitatis,
2261 2334 2319 2387 et
2359 2323 2709 2403 adjutorium
2746 2321 2864 2375 sine
2890 2332 2994 2394 quo
3014 2329 3123 2368 non
3150 2334 3165 2364 .-

1808 2413 1992 2471 adhuc
2040 2410 2425 2468 nihilominus
2462 2403 2779 2478 requiritur
2824 2397 2940 2453 alia
2983 2391 3169 2469 gratia

1808 2493 2162 2567 conjungens
2216 2491 2379 2546 illam
2430 2483 2741 2560 potentiam
2789 2492 2918 2534 cum
2961 2487 3169 2545 opera-

1809 2572 2141 2648 tione,quod
2172 2572 2324 2629 idem
2356 2566 2705 2643 Augustinus
2731 2558 2980 2633 appellat
3003 2552 3173 2610 auxi-

1811 2656 1957 2712 lium
1980 2653 2238 2718 actioniS,
2288 2658 2343 2709 et
2366 2645 2715 2723 adjutorium
2743 2658 2868 2697 cum
2887 2654 2992 2715 quo
3013 2653 3032 2701 ;
3050 2638 3173 2690 est-

1809 2753 1920 2810 que
1965 2736 2163 2793 efficax
2204 2730 2604 2791 antecedenter
2659 2723 2728 2781 ad
2785 2731 3125 2778 consensum
3150 2758 3161 2770 .

1815 2817 1982 2874 Unde
2020 2830 2280 2874 concesso
2327 2813 2389 2868 in
2436 2810 2540 2866 hoc
2585 2806 2756 2862 sensu
2793 2796 3169 2859 antecedenti,

1811 2896 2284 2972 distinguendum
2331 2898 2416 2950 est
2464 2890 2723 2964 primum
2772 2893 3124 2952 consequens
3154 2897 3166 2931 ε

1813 2979 1963 3051 Eryo
1978 2982 2094 3035 sine
2113 2980 2299 3055 aliquo
2322 2975 2435 3030 alio
2468 2967 2824 3044 superaddito
2846 2962 2988 3018 valet
3014 2960 3172 3013 homo

1811 3061 2130 3125 consentire,
2160 3060 2431 3130 potestate
2453 3044 2827 3109 antecedenti,
2844 3049 2899 3099 et
2921 3040 2984 3096 in
2998 3053 3170 3126 sensu

1813 3140 2019 3205 diviso,
2050 3135 2415 3195 concedimus
2440 3155 2453 3189 ε
2486 3132 2757 3206 potestate
2782 3122 3168 3192 consequenti,

1812 3221 1954 3278 etin
1980 3234 2151 3276 sensu
2177 3214 2507 3289 compositO,
2538 3202 2932 3282 conjungendo
2957 3197 3179 3255 scilicet·

1812 3317 2156 3360 consensum
2205 3314 2334 3355 cum
2379 3292 2637 3351 carentia
2659 3285 2912 3363 praedicti
2941 3279 3166 3344 auxilii,

1816 3398 2110 3458 negamus.
2159 3382 2227 3435 Et
2252 3374 2460 3435 deinde
2500 3376 2741 3446 negatur
2786 3365 3040 3423 absolute
3078 3374 3172 3417 se-

1815 3464 2003 3523 cunda
2029 3459 2453 3535 consequentia,
2504 3471 2629 3529 quae
2656 3456 2717 3508 ut
2737 3452 2973 3514 teneret,
3001 3442 3174 3501 debe-

1817 3553 1906 3604 ret
1948 3558 2271 3618 supponere
2317 3542 2381 3598 in
2441 3536 2678 3595 homine
2718 3533 3051 3604 potestatem
3105 3521 3176 3579 ad

1816 3622 2284 3699 conjungendum
2304 3630 2646 3676 consensum
2673 3625 2801 3668 cum
2814 3606 2998 3682 gratia
3017 3602 3178 3658 suffi-

1816 3705 2013 3769 cienti,
2044 3709 2101 3760 et
2125 3718 2255 3758 cum
2282 3697 2540 3756 carentia
2562 3691 2766 3751 auxilii
2805 3683 3041 3745 efficacis
3070 3697 3179 3738 an-

1819 3784 2158 3848 tecedentis;
2189 3783 2271 3837 sic
2300 3780 2462 3836 enim
2507 3774 2753 3852 gratiam
2775 3786 2847 3826 ex
2872 3784 2931 3823 se
2952 3768 3177 3821 tantum

1817 3865 2191 3923 sufficientem
2230 3858 2489 3917 redderet
2525 3854 2824 3913 efficacem.
2850 3844 2957 3903 Sed
2981 3841 3180 3901 accidit

1819 3946 2166 4020 oppositum,
2202 3945 2263 3997 ut
2288 3942 2507 3996 constat
2532 3951 2603 3992 ex
2623 3931 2805 3989 dictis,
2840 3930 2910 3983 Et
2930 3924 3179 3999 profecto

1821 4029 1925 4085 illa
1965 4026 2199 4083 Molinae
2250 4016 2616 4092 consequutio
2650 4014 2716 4068 in
2744 4006 3058 4068 Concordia
3083 4006 3175 4060 cit.

1820 4109 1922 4183 sol.
1954 4107 2087 4175 426,
2118 4110 2148 4176 §
2179 4104 2445 4161 Proeterea
2464 4117 2483 4152 .·
2521 4097 2590 4154 Si
2615 4093 2899 4149 auxilium
2923 4094 2999 4144 est
3020 4086 3183 4159 suffi-

1821 4193 2003 4247 ciens:
2042 4203 2165 4257 erqo
2222 4183 2521 4240 arbitrium
2564 4179 2746 4250 ipsum
2792 4189 2895 4227 sua
2935 4182 3182 4238 coopera-

1823 4275 1988 4338 tione,
2027 4276 2076 4325 et
2123 4270 2322 4323 innata
2371 4264 2615 4320 libertate
2658 4262 2828 4331 potest
2872 4249 3011 4308 illud
3037 4247 3178 4302 idem

1822 4351 2260 4428 efficaoeefficere;
2286 4346 2376 4402 vel
2401 4343 2551 4400 nihil
2580 4335 2884 4401 concludit,
2912 4331 3002 4388 vel
3023 4328 3183 4385 evin-

1825 4435 1899 4491 cit
1934 4431 2183 4489 liberum
2215 4427 2526 4485 arbitrium
2565 4440 2669 4480 sua
2708 4421 2907 4474 innata
2934 4411 3180 4467 libertate

1825 4513 2152 4571 discernere
2190 4524 2374 4565 unum
2404 4504 2702 4562 hominem
2748 4496 2818 4555 ab
2846 4495 2961 4551 alio
2984 4492 3047 4548 in
3075 4505 3183 4547 ne-

1825 4594 1978 4670 gotio
2022 4592 2244 4648 salutis.
2288 4586 2449 4653 Quod
2493 4599 2667 4657 quam
2715 4574 3026 4637 absurdum
3079 4570 3174 4636 sit,

1826 4672 2184 4734 ostendimus
2204 4675 2236 4739 g
2264 4663 2631 4742 praecedenti.

1900 4760 1972 4814 27
1983 4799 1995 4812 .
2021 4753 2297 4828 Arguitur
2319 4748 2488 4806 tertio
2510 4743 2812 4817 :quoniam
2853 4739 3006 4797 idem
3028 4735 3186 4793 auxi·
3199 4751 3386 4793 Tertium

1828 4841 1999 4903 lium,
2024 4833 2174 4909 quod
2205 4833 2269 4888 in
2296 4846 2414 4887 uno
2445 4832 2529 4884 est
2560 4825 2776 4889 efficax,
2801 4827 2886 4878 est
2926 4817 3183 4876 inefficax
3202 4809 3294 4892 mg,
3313 4817 3396 4890 ug,

1829 4921 1891 4976 in
1935 4918 2052 4976 alio
2080 4937 2094 4972 t
2122 4929 2260 4988 ergo
2284 4909 2574 4969 auxilium
2601 4921 2721 4963 non
2749 4902 2958 4960 dicitur
2990 4897 3185 4955 efficax

1829 5003 1946 5060 nisi
1986 4999 2056 5057 ab
2082 4997 2302 5055 effectu.
2336 4987 2750 5063 Consequentia
2774 4991 2861 5042 est
2884 4982 3142 5058 legitima
3169 5001 3182 5042 ;

1830 5098 1965 5140 nam
1994 5081 2043 5136 si
2072 5077 2358 5135 auxilium
2387 5070 2622 5130 haberet
2667 5064 3067 5124 antecedenter
3115 5057 3185 5114 ad
