3647 5753
482 410 594 465 288
1436 411 1531 465 DE
1570 406 2057 464 CERTITUDINE
2096 406 2412 463 GRATIAE.

481 583 710 642 subesse
754 587 985 652 falsum,
1017 603 1080 645 se
1123 603 1246 646 esse
1283 587 1349 644 in
1386 585 1592 662 gratia.
1635 584 1844 641 Omnis

482 665 641 722 enim
671 665 810 723 fides
848 667 1047 724 divina
1071 669 1202 725 talis
1222 674 1325 733 est,
1352 674 1413 723 ut
1438 668 1492 725 ei
1518 668 1726 724 falsum
1753 683 1846 722 su·

483 745 642 802 besse
683 762 798 804 non
825 748 1031 805 valeat.
1068 748 1232 805 Unde
1259 748 1580 806 Concilium
1607 762 1843 805 omnem

481 826 883 885 certitudinem
912 827 1045 885 fidei
1074 826 1592 896 divinae.excludit,
1621 828 1747 885 sive
1770 827 1846 883 sit

484 905 834 975 immediata,
867 908 991 965 sive
1017 907 1287 973 mediata,
1319 907 1442 965 sive
1469 907 1839 973 universalia,

482 988 605 1043 sive
626 988 1006 1060 particularis
1035 992 1105 1046 Et
1125 990 1487 1058 catharinae,
1519 989 1616 1062 qui
1645 995 1707 1046 ut
1727 989 1846 1046 ful-

481 1085 618 1126 men
639 1071 880 1126 Concilii
907 1070 1172 1145 declinet,
1198 1072 1363 1144 eique
1388 1072 1482 1129 vel
1504 1076 1697 1145 aperte
1714 1088 1847 1129 con-

483 1148 781 1216 tradicere,
812 1153 903 1207 vel
928 1151 998 1207 ab
1020 1152 1255 1225 antiqua
1275 1154 1563 1210 sententia
1585 1150 1846 1210 recedere

482 1245 601 1287 non
647 1230 928 1297 videatur,
957 1234 1203 1289 recurrit
1246 1233 1316 1291 ad
1355 1232 1643 1307 quandam
1672 1231 1845 1290 fidem

480 1310 764 1377 divinam,
789 1313 880 1368 cui
897 1312 1355 1372 falsumsubesse
1377 1315 1568 1387 possit,
1588 1314 1849 1387 implicat

483 1394 546 1449 in
569 1394 856 1461 terminiS,
880 1399 939 1452 et
956 1395 1189 1453 vocibus
1210 1395 1357 1453 ludit
1375 1419 1389 1462 ς
1407 1411 1545 1453 nam
1567 1401 1849 1470 repugnat

480 1473 629 1546 quod
670 1474 789 1531 ulla
828 1474 969 1533 fides
1014 1477 1301 1534 innitatur
1344 1477 1530 1549 reipsa
1556 1477 1655 1533 Dei
1684 1477 1845 1534 testi-

480 1554 699 1620 moni0,
744 1560 798 1610 et
840 1556 1094 1622 fallatur,
1123 1561 1183 1612 ut
1203 1555 1566 1613 ostendemus
1591 1559 1651 1611 in
1677 1563 1842 1612 tract.

479 1634 543 1688 de
567 1633 721 1700 Fide,
759 1635 900 1709 disp.
931 1638 987 1702 2,
1016 1638 1144 1694 dub.
1173 1639 1228 1693 4.
1262 1636 1370 1715 Sed
1395 1637 1517 1710 ejus
1561 1637 1846 1693 sententia

481 1714 662 1772 adhuc
691 1719 872 1793 magis
898 1716 1289 1776 confutabitur
1308 1734 1379 1776 ex
1406 1717 1740 1776 immediate
1759 1718 1847 1775 di-

478 1795 690 1853 cendis.

261 1876 452 1921 secunda
561 1879 614 1934 8.
648 1877 963 1936 Dicendum
982 1895 1107 1936 esse
1131 1879 1397 1947 secundo,
1431 1879 1728 1938 hominem
1750 1897 1844 1938 se-

294 1927 456 2019 ὓῖῗιῗξη
486 1958 640 2013 cluso
667 1959 929 2030 specialis
958 1960 1327 2017 revelationis
1367 1960 1691 2035 privilegio,
1724 1975 1843 2017 non

488 2052 648 2109 posse
705 2037 916 2095 babere
973 2038 1378 2097 certitudinem
1436 2042 1719 2098 moralem
1778 2039 1845 2095 in

486 2116 675 2187 primo
713 2118 912 2192 gradu,
963 2135 1132 2191 quem
1180 2136 1353 2192 supra
1398 2139 1555 2177 num.
1585 2123 1620 2176 2
1653 2121 1844 2194 expli-

484 2196 727 2264 cuimuS,
765 2198 887 2254 sive
912 2215 1035 2272 quae
1056 2200 1291 2271 aequalis
1317 2200 1392 2256 sit
1410 2202 1483 2268 ei,
1515 2217 1628 2274 qua
1654 2201 1844 2258 credi-

485 2293 614 2332 mus
647 2281 889 2337 Romam
918 2296 1061 2337 esse.
1096 2283 1253 2337 Hanc
1286 2283 1710 2341 conclusionem
1737 2281 1841 2339 do-

483 2368 615 2419 cent
642 2363 923 2420 Authores
948 2382 1104 2421 nram.
1136 2366 1172 2420 6
1195 2367 1362 2423 relati
1388 2367 1657 2440 (exceptis
1683 2368 1836 2434 Sot0‚

483 2445 539 2499 et
565 2444 763 2517 vega)
787 2448 844 2499 et
868 2445 1253 2502 communiter
1281 2448 1627 2504 recentiores
1653 2447 1842 2503 Theo-

277 2520 466 2564 medina.
486 2523 628 2598 logi,
685 2523 918 2583 Medina
971 2526 1034 2580 in
1089 2528 1390 2598 praesenti,
1435 2531 1666 2584 Arauxo
1708 2527 1834 2584 dub.

271 2573 454 2663 Acrggess’
484 2606 538 2671 4,
564 2605 734 2660 concl.
778 2607 833 2672 2,
861 2607 1042 2662 Gonet
1060 2606 1202 2680 disp.
1228 2610 1283 2674 5,
1333 2617 1446 2664 art.
1492 2610 1547 2674 2,
1598 2607 1836 2665 conclus,

271 2669 465 2765 uffflffi·
493 2688 538 2752 Ι,
581 2690 637 2741 et
676 2686 800 2742 alii.
844 2686 1306 2744 Fundamentum
1350 2689 1699 2763 praecipuum
1728 2690 1840 2746 hu-

478 2767 573 2840 jus
598 2766 930 2823 assertionis
955 2767 1277 2825 desumitur
1315 2785 1387 2825 ex
1413 2769 1606 2826 verbis
1634 2771 1841 2827 Conci·-

486 2847 551 2904 lii
603 2844 931 2904 Tridentini
985 2847 1248 2921 proxime
1300 2849 1521 2915 relatis,
1565 2856 1622 2908 et
1661 2857 1841 2925 potest

482 2927 563 2983 ita
601 2928 845 3000 proponi
877 2942 1050 2984 :nam
1097 2928 1375 2987 certitudo
1420 2932 1659 2989 moralis
1697 2930 1840 2990 adeo

482 3024 709 3083 magna,
731 3014 794 3064 ut
818 3014 1180 3083 comparetur
1199 3010 1550 3079 certitudini,
1575 3029 1687 3086 qua
1710 3029 1839 3071 cre-

480 3089 672 3145 dimus
718 3091 960 3145 Romam
1003 3105 1145 3155 esse,
1176 3091 1428 3148 excludit
1471 3097 1616 3158 actu,
1647 3098 1704 3151 et
1730 3093 1839 3150 ha-

479 3169 601 3226 bitu
642 3169 905 3236 dubium,
936 3177 993 3227 et
1036 3170 1455 3229 formidinem:
1500 3171 1600 3230 sed
1640 3173 1833 3242 homo,

476 3251 704 3307 excluso
759 3251 1022 3323 specialis
1074 3251 1444 3308 revelationis
1496 3253 1832 3329 privilegio,

479 3346 597 3388 non
638 3329 806 3388 habet
836 3337 1056 3388 tantam
1102 3348 1218 3389 suae
1243 3331 1670 3406 justificationis
1705 3351 1837 3392 cer-

477 3410 805 3478 titudinem,
839 3417 901 3467 ut
944 3418 1089 3481 actu,
1119 3419 1176 3472 et
1215 3411 1411 3470 habitu
1438 3414 1702 3472 excludat
1725 3416 1837 3473 du-

477 3491 657 3557 bium,
700 3498 755 3550 et
803 3491 1178 3550 formidinem
1226 3516 1239 3551 ε
1300 3511 1436 3570 ergo
1494 3512 1612 3554 non
1666 3497 1838 3554 habet

472 3574 753 3631 moralem
793 3589 909 3631 suae
941 3574 1177 3649 justitiae
1201 3574 1606 3634 certitudinem
1643 3593 1837 3650 aequa-

473 3654 588 3711 lem
612 3655 723 3719 illi,
754 3670 866 3727 qua
892 3654 1179 3712 credimus
1206 3657 1449 3713 Romam
1476 3672 1618 3715 esse.
1650 3659 1835 3733 Major

469 3740 555 3791 est
575 3734 909 3802 manifesta3
940 3751 1077 3793 nam
1098 3734 1171 3793 de
1207 3737 1514 3795 existentia
1539 3740 1754 3806 Romae,
1778 3744 1835 3797 et

469 3815 752 3872 similium
780 3814 1150 3889 objectorum,
1183 3816 1246 3872 in
1274 3833 1522 3890 quorum
1561 3817 1834 3877 testifica-

469 3897 685 3953 tionem
708 3912 908 3953 omnes
930 3897 1212 3964 homines,
1237 3903 1293 3955 et
1319 3899 1581 3956 nationes
1601 3901 1833 3973 conspi-

471 3984 621 4045 rant,
647 3983 763 4034 tam
788 3995 1058 4053 magnam
1093 3979 1497 4037 certitudinem
1529 3981 1826 4048 habemus,

469 4064 530 4114 ut
571 4075 687 4116 non
733 4060 922 4117 solum
962 4067 1086 4116 actu
1128 4075 1246 4117 non
1291 4060 1688 4130 formidemus,
1733 4069 1831 4119 aut

466 4138 792 4196 dubitemus
815 4163 829 4205 3
871 4137 969 4195 sed
995 4140 1171 4196 etiam
1221 4144 1282 4195 ut
1327 4141 1420 4197 vel
1466 4142 1742 4209 volentes,
1773 4148 1831 4200 et

463 4226 734 4277 conantes
755 4218 1038 4285 dubitare,
1064 4226 1119 4278 et
1141 4219 1476 4287 formidare,
1510 4237 1627 4279 non
1656 4224 1831 4296 possi-

466 4316 595 4356 mus
628 4301 802 4358 :satis
827 4300 988 4358 enim
1018 4306 1277 4374 penetrat
1302 4301 1647 4369 intellectus,
1677 4304 1829 4376 qnod

466 4384 596 4439 licet
660 4398 778 4439 non
834 4389 1111 4457 repugnet
1176 4383 1565 4459 metaphysice
1626 4400 1829 4443 omnes

463 4464 728 4522 homines
771 4463 994 4537 decipi;
1035 4464 1376 4523 incredibile
1414 4471 1610 4524 tamen
1647 4468 1741 4535 sit,
1770 4473 1830 4525 et

461 4561 759 4618 nunquam
805 4545 1162 4620 contingens,
1202 4545 1353 4619 quod
1399 4562 1601 4605 omnes
1648 4549 1827 4605 simul

457 4626 838 4700 decipiantur,
859 4627 952 4683 vel
980 4624 1050 4683 ad
1072 4643 1248 4684 unam
1274 4626 1582 4686 falsitatem
1604 4630 1827 4703 conspi-

460 4712 590 4765 rent
621 4727 634 4762 :
677 4704 913 4763 aliunde
953 4706 1128 4763 etiam
1155 4707 1385 4762 nullum
1414 4706 1586 4765 habet
1611 4708 1827 4766 funda-

456 4792 741 4853 mentum,
758 4790 820 4842 ut
839 4784 1195 4843 fabricentur
1214 4788 1564 4845 contrariam
1591 4789 1826 4862 opinio·

457 4883 613 4936 nem,
636 4881 761 4939 quae
783 4871 978 4923 tamen
1006 4865 1217 4940 absque
1234 4868 1402 4924 omni
1425 4869 1644 4927 motivo
1667 4873 1827 4928 stare

455 4947 653 5020 nequit
685 4969 698 5004 ε
722 4945 876 5017 unde
899 4952 1017 5004 tam
1039 4952 1184 5014 actu,
1214 4964 1387 5020 quam
1412 4948 1610 5006 habitu
1633 4952 1825 5008 exclu-

454 5027 539 5083 dit
574 5043 807 5084 omnem
856 5026 1250 5095 formidinem,
1284 5034 1342 5085 et
1378 5026 1626 5086 dubium
1666 5030 1820 5088 circa

1976 583 2302 657 oppositum
2334 604 2349 640 z
2376 598 2515 658 ergo
2540 584 2820 641 certitudo
2846 587 2964 640 tam
3006 596 3233 656 magna,
3282 582 3343 633 ut

1975 664 2189 737 aequari
2218 665 2391 737 possit
2428 664 2783 730 certitudini,
2815 680 2926 737 qua
2950 666 3195 720 Romam
3221 675 3343 719 esse

1976 744 2280 815 credimus,
2323 762 2497 805 omne
2540 745 2803 814 dubium,
2846 751 2902 804 et
2940 742 3336 810 formidinem,

1975 831 2095 883 tam
2146 833 2292 895 actu,
2348 844 2522 901 quam
2574 826 2772 885 habitu
2825 825 3097 886 excludit.
3148 825 3342 882 Minor

1976 912 2167 964 autem
2216 907 2530 981 probatur;
2561 924 2699 965 nam
2745 908 2843 981 qui
2871 913 3015 976 actu,
3047 911 3105 963 et
3142 905 3340 963 habitu

1976 986 2228 1044 excludit
2246 987 2507 1056 dubium,
2533 993 2589 1046 et
2611 987 2987 1046 formidinem
3007 987 3157 1044 circa
3176 1001 3340 1043 suam

1972 1066 2277 1140 J'ustitiam,
2309 1070 2506 1141 nequit
2545 1068 2617 1126 de
2644 1069 2747 1125 illa
2774 1066 3111 1133 formidare,
3137 1072 3195 1124 et
3232 1065 3344 1123 du-

1978 1146 2182 1215 bitare,
2214 1154 2276 1204 ut
2302 1164 2374 1206 ex
2398 1165 2459 1207 se
2491 1150 2672 1223 liquet
2704 1171 2718 1206 :
2746 1149 2844 1207 sed
2872 1150 3000 1206 licet
3026 1148 3199 1206 homo
3227 1163 3345 1206 non

1978 1228 2180 1287 debeat
2192 1246 2421 1305 semper
2440 1238 2563 1290 actu
2579 1231 2863 1298 dubitare,
2890 1237 2989 1289 aut
3002 1228 3342 1296 formidare;

1978 1309 2376 1380 nihilominus,
2407 1313 2522 1371 nisi
2561 1312 2769 1371 habeat
2802 1328 2919 1369 suae
2938 1310 3176 1386 justitiae
3211 1325 3345 1383 spe-

1977 1389 2181 1446 cialem
2229 1394 2664 1458 revelationem,
2708 1398 2792 1450 est
2837 1393 2903 1449 in
2946 1391 3049 1449 tali
3095 1389 3343 1463 disposi-

1979 1470 2153 1539 tione,
2178 1478 2243 1529 ut
2260 1472 2544 1542 dubitare,
2564 1481 2621 1533 et
2640 1474 2957 1533 formidare
2978 1473 3189 1546 possit-x
3209 1474 3345 1545 Qui-

1980 1549 2105 1606 libet
2136 1554 2300 1622 enim,
2336 1558 2396 1609 ut
2431 1554 2618 1628 inquit
2658 1554 2999 1620 Concilium,
3029 1554 3162 1608 dum
3198 1554 3345 1625 seip-
3371 1559 3536 1620 concil.

1976 1630 2119 1698 sum,
2173 1649 2436 1711 suamque
2475 1636 2765 1708 propriam
2814 1634 3196 1705 infirmitatem
3219 1674 3234 1698 ,
3294 1640 3344 1688 et
3357 1610 3555 1656 Trideut.

1978 1711 2446 1784 indispositionem
2489 1717 2731 1788 respicit,
2761 1716 2825 1770 de
2869 1731 2974 1771 sua
3009 1715 3198 1785 qratia
3223 1712 3346 1785 for-

1976 1792 2207 1859 midare,
2229 1801 2280 1850 et
2306 1798 2493 1852 timere
2506 1804 2679 1869 potest
2701 1816 2719 1851 :
2738 1812 2874 1871 ergo
2904 1795 3093 1863 homo,
3124 1795 3347 1853 secluso

1975 1873 2236 1945 specialis
2265 1878 2634 1936 revelationis
2674 1876 2998 1952 privilegio,
3030 1890 3150 1933 non
3176 1873 3348 1932 habet

1976 1955 2194 2010 tantam
2220 1972 2337 2014 suae
2355 1958 2591 2032 justitiae
2617 1956 3040 2023 certitudinem,
3087 1958 3148 2011 ut
3193 1960 3338 2021 actu,

1975 2038 2033 2089 et
2057 2032 2255 2092 habitu
2295 2054 2470 2097 omne
2493 2037 2734 2096 dubium
2761 2043 2816 2095 et
2836 2035 3211 2096 formidinem
3239 2050 3345 2092 ex-

1975 2112 2187 2172 cludat.

2051 2196 2439 2258 confirmatur
2479 2200 2670 2274 primo
2696 2198 2967 2256 omnibus
2997 2195 3343 2255 testimoniis
3371 2202 3533 2245 conflr-

1975 2277 2301 2350 Scripturae,
2326 2286 2385 2338 et
2404 2283 2661 2347 Patrum,
2686 2296 2811 2352 quae
2824 2277 3088 2337 dedimus
3110 2294 3262 2333 num.
3281 2278 3339 2343 ὃς
3385 2254 3537 2354 ,ξὲξὲξῖ

1977 2374 2112 2415 nam
2141 2360 2204 2417 in
2231 2363 2316 2418 eis
2343 2379 2459 2420 non
2481 2364 2667 2420 solum
2689 2359 3014 2419 excluditur
3039 2357 3337 2427 certitudO,

1973 2456 2098 2515 quae
2125 2444 2409 2515 pertineat
2435 2443 2506 2500 ad
2530 2443 2706 2501 fidem
2729 2442 2994 2501 divinam
3036 2440 3345 2498 immedia-

1974 2527 2112 2589 tam,
2133 2529 2231 2580 aut
2244 2525 2554 2582 mediatam
2562 2550 2579 2593 ;
2594 2525 2691 2583 sed
2711 2525 2888 2583 etiam
2904 2522 3203 2588 certitudo,
3222 2537 3347 2595 quae

1975 2601 2231 2662 absolute
2256 2605 2391 2661 talis
2418 2606 2513 2672 sit,
2539 2611 2595 2663 et
2622 2605 2886 2664 excludat
2910 2619 3144 2662 omnem
3170 2603 3348 2659 timo-

1976 2697 2119 2749 rem,
2145 2689 2203 2740 et
2226 2682 2491 2751 dubium,
2516 2685 2639 2743 sive
2657 2702 2784 2758 quae
2804 2686 3159 2742 intellectum
3180 2697 3343 2740 secu-

1975 2777 2105 2817 rum
2127 2763 2370 2821 omnino
2392 2763 2625 2833 reddat;
2657 2764 2968 2838 procedunt
2992 2763 3153 2819 enim
3176 2761 3345 2820 inde-

1973 2839 2156 2909 finite,
2206 2843 2520 2918 docentque
2571 2845 2868 2903 hominem
2915 2857 3077 2918 posse
3121 2840 3194 2900 de
3238 2859 3343 2901 sua

1967 2924 2374 2999 justificatione
2416 2927 2624 2984 timere
2668 2926 2868 3000 :atqui
2911 2923 3193 2983 certitudo
3217 2929 3337 2981 tam

1973 3022 2201 3080 magna,
2232 3013 2295 3066 ut
2321 3009 2633 3065 assimilari
2660 3015 2829 3082 queat
2869 3008 2979 3073 illi,
3010 3023 3122 3080 qua
3148 3006 3339 3064 credi-

1972 3102 2101 3142 mus
2127 3089 2370 3145 Romam
2392 3105 2532 3154 esse,
2558 3094 2644 3146 est
2667 3086 2948 3146 certitudo
2970 3087 3227 3144 absolute
3247 3092 3336 3144 ta-

1972 3167 2063 3232 lis,
2092 3172 2147 3223 et
2172 3170 2407 3242 expellit
2433 3170 2724 3235 timorem,
2758 3185 2821 3226 ac
2847 3167 3110 3236 dubium,
3143 3174 3205 3224 ut
3229 3182 3335 3225 ex-

1971 3248 2253 3321 perientia
2285 3250 2462 3323 liquet
2506 3266 2683 3324 :ergo
2728 3251 2922 3317 hom0,
2946 3251 3164 3307 secluso
3202 3264 3335 3322 spe-

1969 3330 2130 3401 cialis
2152 3332 2523 3391 revelationis
2550 3332 2876 3408 privilegio,
2904 3331 3102 3405 nequit
3122 3329 3336 3388 habere

1968 3414 2190 3468 tantam
2216 3412 2367 3469 circa
2405 3429 2570 3470 suam
2594 3414 2879 3487 justitiam
2904 3409 3329 3478 certitudinem,

1968 3496 2244 3563 quantam
2266 3492 2437 3550 habet
2462 3492 2533 3550 de
2554 3495 2753 3551 Romae
2778 3491 3105 3551 existentia.

2043 3570 2434 3630 confirmatur
2478 3574 2740 3642 secundo,
2783 3579 2840 3632 et
2863 3573 3002 3630 satis
3029 3566 3301 3645 urgenter
3315 3593 3330 3637 3
3398 3587 3477 3630 se·

1968 3665 2107 3707 nam
2125 3652 2175 3708 si
2205 3653 2414 3727 aliquis
2437 3658 2657 3711 tantam
2680 3652 2917 3711 haberet
2940 3668 3056 3709 suar
3072 3650 3329 3725 justitiae,
3372 3636 3524 3679 ΝΜΟ·

1967 3733 2060 3790 vel
2101 3736 2461 3793 remissionis
2501 3742 2858 3809 peccatorum
2903 3732 3332 3797 certitudinem,

1965 3820 2243 3886 quantam
2284 3815 2454 3873 habet
2477 3816 2548 3873 de
2575 3818 2769 3873 Romae
2794 3815 3121 3880 existentia,
3155 3818 3340 3886 posset

1965 3893 2175 3968 absque
2220 3898 2545 3955 temeritate
2583 3899 2916 3973 juramento
2963 3897 3252 3960 affirmare
3276 3908 3339 3950 se

1964 3990 2086 4033 esse
2119 3976 2358 4050 justum,
2386 3982 2447 4034 et
2482 3977 2593 4034 sibi
2623 3979 2863 4036 remissa
2890 3977 3067 4035 fuisse
3095 3978 3334 4049 peccata,

1962 4056 2109 4112 sicut
2136 4054 2344 4130 absque
2384 4059 2710 4116 temeritate
2757 4063 2935 4131 potest
2969 4057 3097 4130 quis
3136 4056 3337 4130 jurare

1965 4136 2209 4193 Romam
2254 4138 2501 4196 existere
2533 4159 2546 4195 ε
2576 4140 2732 4213 atqui
2780 4139 2952 4197 homo
2980 4137 3176 4210 nequit
3201 4133 3337 4191 abs—

1961 4233 2071 4291 que
2097 4219 2422 4277 temeritate
2445 4220 2647 4295 jurare
2679 4237 2741 4278 se
2766 4235 2888 4278 esse
2909 4220 2972 4276 in
2998 4218 3185 4294 gratia
3208 4217 3331 4283 Dei,

1962 4302 2060 4355 aut
2099 4298 2213 4356 sibi
2256 4300 2478 4358 remitti
2520 4308 2743 4374 peccata
2776 4322 2790 4358 ε
2830 4316 2966 4374 ergo
3005 4300 3176 4357 homo
3217 4313 3333 4356 non

1961 4382 2181 4436 tantam
2227 4397 2344 4438 suae
2383 4382 2618 4455 justitiae
2661 4380 3069 4439 certitudinem
3117 4377 3287 4436 habet
3317 4421 3331 4444 ,

1958 4466 2235 4535 quantam
2287 4463 2459 4522 habet
2496 4464 2649 4521 circa
2692 4467 2889 4522 Romae
2939 4460 3327 4520 existentiam.

1961 4542 2246 4601 Probatur
2273 4545 2470 4604 minor
2513 4561 2587 4603 ex
2627 4544 2962 4604 Innocentio
2988 4546 3084 4612 111,
3116 4547 3179 4600 in
3203 4559 3325 4617 cap.

1957 4624 2139 4682 ultim.
2170 4624 2235 4680 de
2266 4633 2494 4698 pumat.
2533 4628 2821 4694 canonica,
2861 4625 2959 4683 ubi
2988 4623 3333 4682 temeritatis

1957 4704 2215 4772 damnat,
2252 4705 2410 4780 ,quod
2455 4706 2691 4782 quidam
2729 4708 3201 4782 Archiepiscopus
3226 4703 3331 4783 Ri—

1957 4786 2224 4844 suntinus
2246 4787 2533 4862 juraverit
2557 4804 2618 4847 se
2635 4804 2759 4847 esse
2779 4789 3107 4846 immunem
3133 4803 3164 4844 a
3193 4784 3331 4859 qui-

1958 4866 2197 4925 busdam
2224 4869 2590 4939 criminibus,
2613 4871 2685 4929 de
2705 4870 2912 4945 quibus
2933 4868 3321 4936 accusabatur,

1957 4953 2122 5006 utens
2148 4950 2614 5024 aequivocatione,
2643 4950 2797 5024 quod
2824 4950 3094 5024 praedicta
3118 4949 3323 5006 delicta

1956 5030 2066 5089 sibi
2090 5032 2330 5090 remissa
2348 5038 2539 5091 essent
2554 5049 2748 5092 coram
2772 5035 2887 5092 Deo
2906 5048 3009 5107 per
3031 5032 3326 5106 poeniten-

3150 5115 3319 5170 tiam.
