3647 5753
1391 492 1569 548 DISP.
1615 492 1710 559 111,
1754 492 1920 550 DUB.
1964 495 2059 551 IV.
3055 508 3157 563 591

307 681 332 713 «
375 660 561 736 gratia
580 677 705 720 esse
748 679 868 722 non
915 670 1115 738 potest.
1159 668 1228 721 Et
1280 666 1393 722 tale
1436 663 1669 722 credere

307 765 334 798 α
377 744 697 818 requiritur
737 746 808 803 ad
863 747 1331 822 iustificationem
1357 790 1370 814 ,
1415 751 1478 803 ut
1517 750 1670 821 patet

308 846 334 879 ιι
374 826 545 882 Rom.
563 826 597 880 4
617 826 911 884 :credenti
929 829 992 887 in
1006 828 1266 902 eum,qui
1278 826 1548 904 justificat
1563 828 1669 883 im-

308 928 334 961 «
378 906 560 980 pium,
593 905 736 964 fides
758 916 1055 982 reputatur
1084 911 1155 968 ad
1177 910 1482 986 Justitiam.
1510 930 1535 963 »
1557 909 1668 966 Ubi

305 992 499 1060 aperte
517 989 680 1048 docet
705 991 772 1046 D.
796 991 1003 1049 Thom.
1035 997 1224 1050 actum
1253 991 1389 1049 fidei
1421 1007 1539 1048 non
1559 991 1669 1047 ha-

301 1068 438 1129 bere
459 1071 745 1129 rationem
771 1073 996 1132 ultimae
1018 1073 1416 1148 dispositionis
1444 1073 1514 1131 ad
1541 1089 1670 1148 gra-

301 1153 465 1223 tiam,
492 1153 608 1211 nisi
628 1154 704 1211 sit
731 1159 886 1212 actus
912 1154 1050 1213 fidei
1077 1156 1359 1225 formatae,
1388 1154 1537 1230 quod
1564 1171 1670 1213 ex-

301 1234 547 1309 plicatur
593 1251 694 1309 per
731 1238 940 1293 credere
968 1240 1027 1294 in
1052 1237 1249 1295 Deum.
1301 1238 1449 1304 Quid
1477 1243 1669 1294 autem

301 1316 472 1375 addat
493 1315 724 1376 credere
764 1319 827 1376 in
850 1322 1029 1378 Deum
1057 1337 1234 1395 supra
1278 1319 1511 1378 credere
1531 1321 1663 1385 De0,

300 1398 397 1455 vel
416 1399 618 1465 Deum,
644 1400 888 1473 explicat
910 1401 1033 1475 ipse
1053 1403 1108 1460 S.
1132 1404 1334 1459 Doctor
1348 1403 1460 1469 22,
1481 1405 1663 1478 quaest.

300 1480 357 1549 2,
381 1486 494 1536 art.
524 1481 561 1536 2
580 1482 642 1535 in
666 1498 813 1554 corp.
839 1481 938 1538 ubi
963 1483 1044 1540 ait
1070 1503 1083 1538 :
1112 1504 1138 1536 α
1182 1483 1240 1539 Si
1287 1498 1425 1539 vero
1477 1479 1669 1539 consi-

307 1582 335 1614 «
378 1560 610 1618 deretur
649 1563 821 1621 tertio
847 1563 1017 1622 modo
1038 1557 1325 1638 'objectum
1367 1561 1522 1631 fidei,
1576 1578 1671 1620 se-

307 1664 334 1697 «
377 1642 631 1699 cundum
651 1645 801 1718 quod
829 1645 1152 1703 intellectus
1179 1651 1262 1702 est
1290 1650 1479 1703 motus
1502 1661 1535 1701 a
1563 1661 1670 1703 vo-

308 1745 335 1779 «
376 1724 617 1794 luntate,
648 1727 729 1783 sic
757 1727 991 1800 ponitur
1012 1732 1167 1784 actus
1188 1725 1322 1784 fidei
1345 1728 1578 1785 credere
1606 1726 1671 1783 in

309 1828 335 1859 «
375 1808 591 1873 Deum;
630 1808 843 1865 veritas
881 1809 1040 1866 enim
1070 1807 1260 1881 prima
1301 1808 1371 1866 ad
1402 1810 1671 1866 volunta-

308 1911 334 1942 «
375 1893 492 1946 tem
540 1890 807 1961 refertur,
845 1891 1162 1950 secundum
1189 1891 1341 1966 quod
1370 1891 1542 1948 habet
1572 1908 1671 1947 ra-

304 1994 332 2028 «
375 1972 596 2029 tionem
614 1970 803 2031 finis.»
825 1976 909 2031 Ex
929 1973 1139 2047 quibus
1162 1973 1358 2047 liquet,
1376 1973 1524 2046 quod
1543 1973 1672 2029 licet

299 2054 474 2112 homo
501 2071 601 2129 per
623 2055 884 2113 habitum
933 2055 1086 2123 fidei,
1113 2061 1170 2114 et
1212 2055 1671 2128 independenter

302 2136 632 2194 acharitate
677 2137 853 2210 possit
905 2137 1139 2195 credere
1180 2140 1316 2203 De0,
1342 2138 1434 2193 vel
1464 2139 1665 2201 Deum,

304 2224 367 2275 ut
387 2224 537 2293 patet
564 2220 627 2275 in
672 2219 1058 2292 peccatoribus
1087 2218 1395 2286 fidelibus;
1448 2218 1672 2275 nihilo-

304 2300 500 2356 minus
527 2302 723 2375 nequit
762 2301 995 2359 credere
1044 2301 1107 2358 in
1150 2303 1351 2366 Deum,
1400 2299 1514 2355 nisi
1571 2314 1670 2372 per

301 2381 642 2439 charitatem
706 2387 1004 2440 moveatur
1056 2382 1120 2438 in
1172 2385 1351 2438 Deum
1394 2381 1670 2437 ultimum
1726 2416 1729 2417 ν

307 2464 482 2522 finem
506 2508 521 2531 ,
564 2465 661 2536 qui
690 2469 775 2521 est
819 2467 1120 2539 proprium
1172 2465 1352 2538 ipsius
1373 2464 1671 2520 charitatis

306 2545 606 2621 objectum.
623 2548 744 2610 Qua
767 2546 990 2602 ratione
1008 2545 1155 2603 dixit
1182 2549 1245 2603 D.
1262 2545 1466 2602 Thom.
1485 2544 1668 2617 priori

304 2626 654 2693 testimonie,
679 2625 829 2698 quod
849 2626 1080 2683 credere
1116 2628 1180 2682 in
1208 2629 1388 2683 Deum
1411 2631 1496 2682 est
1515 2631 1670 2683 actus

302 2707 437 2765 fidei
479 2707 760 2773 formatas,
790 2708 888 2780 qui
937 2725 969 2765 a
990 2708 1212 2783 justitia
1249 2706 1508 2781 separari
1552 2722 1670 2763 non

304 2794 502 2861 potest.
527 2791 669 2843 Cum
691 2803 827 2862 ergo
874 2787 944 2845 de
985 2805 1215 2846 assensu
1259 2787 1412 2855 fidei,
1439 2788 1540 2860 qui
1586 2793 1670 2844 est

300 2869 532 2928 credere
559 2870 622 2926 in
652 2872 1084 2938 Deum,asserat
1103 2885 1224 2928 esse
1254 2870 1518 2926 ultimam
1547 2867 1669 2925 dis-

301 2952 643 3025 positionem
692 2951 763 3008 ad
797 2951 1103 3026 justitiam,
1151 2953 1342 3024 palam
1387 2951 1663 3024 sequitur,

298 3034 448 3106 quod
476 3033 780 3106 praedictus
808 3038 962 3090 actus
989 3049 1108 3091 non
1148 3033 1354 3091 habeat
1382 3032 1664 3091 rationem

302 3117 523 3171 ultimae
542 3114 954 3188 dispositioniS,
983 3115 1099 3170 nisi
1117 3131 1149 3171 a
1169 3114 1375 3188 gratia,
1401 3120 1457 3170 et
1484 3112 1668 3169 chari-

301 3204 432 3265 tate,
456 3204 729 3271 tanquam
753 3215 784 3255 a
815 3198 1101 3271 principio
1127 3196 1404 3262 effectivo,
1435 3197 1525 3253 vel
1566 3212 1669 3268 per

300 3279 671 3346 elicientiam,
705 3280 796 3336 vel
836 3294 936 3352 per
964 3278 1278 3351 imperium
1325 3275 1666 3350 dependeat.

304 3361 500 3435 Liquet
518 3361 713 3426 etiam,
740 3375 914 3433 quam
936 3364 1131 3432 aperte
1158 3359 1212 3415 S.
1249 3360 1451 3415 Doctor
1480 3357 1669 3413 faveat

304 3446 520 3498 mutuae
540 3440 860 3498 causalitati
895 3440 1048 3496 inter
1074 3439 1323 3513 gratiam
1350 3445 1405 3494 et
1435 3437 1670 3494 ultimas

305 3520 708 3593 dispositiones
767 3519 837 3577 ad
902 3536 1031 3578 eam
1085 3519 1497 3594 recipiendam.
1558 3522 1670 3576 Per

306 3601 457 3675 quod
499 3602 682 3675 magis
728 3601 1073 3658 roborantur
1099 3618 1225 3675 quae
1277 3601 1533 3660 diximus
1561 3608 1669 3657 toto

121 3690 131 3694 ”
307 3683 672 3812 άιιόἶνωοεά.
697 3691 745 3738 et
772 3686 803 3753 ἓ
822 3683 1046 3755 praeced.

80 3776 282 3824 Solvitur
381 3760 430 3813 Α

513 3756 822 3815 secundam
845 3756 1218 3832 obJ‘ectionem
1244 3756 1664 3829 respondetur,

83 3827 289 3875 secunda.
310 3838 614 3913 tripliciter
661 3856 821 3912 posse
865 3839 1226 3913 contingere,
1266 3838 1415 3912 quod
1452 3838 1670 3896 attritio

306 3927 610 3981 concurrat
659 3922 730 3979 ad
781 3927 1221 3979 sacramentum.
1273 3922 1487 3988 Primo,
1518 3921 1567 3976 si
1606 3920 1670 3976 in

309 4003 433 4077 ipso
472 4004 733 4071 instanti,
758 4003 822 4060 in
866 4020 978 4077 quo
1005 4001 1296 4076 perficitur
1337 4017 1670 4059 sacramen-

308 4092 448 4154 tum,
473 4092 528 4143 et
569 4086 783 4159 impius
816 4084 1176 4162 justificatur,
1211 4085 1432 4141 attritio
1475 4100 1662 4157 perse·

307 4173 468 4226 veret
494 4168 553 4224 in
575 4184 637 4225 se
657 4167 1005 4224 formaliter.
1029 4165 1305 4235 Secundo,
1337 4167 1386 4221 si
1418 4181 1533 4222 non
1547 4181 1671 4238 per-

307 4252 539 4305 maneat
583 4247 908 4305 formaliter
951 4247 1014 4304 in
1060 4247 1251 4320 seipsa
1276 4290 1290 4315 ,
1346 4248 1671 4319 perseveret

306 4336 502 4389 tamen
522 4329 852 4388 virtualiter
872 4331 937 4387 in
958 4331 1151 4403 aliquo
1172 4330 1289 4387 alio
1315 4332 1440 4386 actu
1463 4327 1665 4396 libero,

305 4419 362 4472 et
382 4414 640 4481 honesto,
670 4413 768 4486 qui
792 4420 927 4470 tunc
953 4413 1283 4471 formaliter
1329 4411 1496 4469 adsit.
1525 4413 1670 4469 Ter-

308 4495 409 4561 tio,
434 4494 484 4551 si
513 4493 706 4551 necin
735 4493 940 4565 seipsa,
978 4509 1084 4551 nec
1123 4493 1188 4549 in
1217 4492 1332 4549 alio
1378 4497 1501 4548 actu
1538 4507 1671 4565 per-

307 4569 531 4637 severet
551 4577 896 4644 formaliter,
928 4581 1026 4633 aut
1050 4575 1382 4632 virtualiter
1409 4575 1667 4649 physice3

312 4665 648 4734 permaneat
679 4664 875 4716 tamen
920 4657 1239 4724 moraliter,
1271 4655 1409 4728 quia
1455 4662 1671 4714 retrac-

311 4747 429 4801 tata
456 4758 572 4800 non
601 4746 705 4808 est,
736 4745 801 4796 ut
842 4740 1216 4814 contingeret,
1270 4739 1318 4795 si
1367 4739 1495 4811 quis
1523 4756 1671 4812 prae-

312 4824 505 4882 missis
526 4822 838 4888 attritione,
868 4827 925 4879 et
943 4820 1299 4879 confessione
1320 4819 1672 4877 alienaretur

311 4924 343 4965 a
368 4905 634 4964 sensibus
661 4909 793 4961 ante
833 4901 1254 4961 absolutionem
1281 4906 1672 4958 sacramenta-

310 4991 447 5047 lem.
478 4984 852 5045 concedimus
866 4982 1385 5059 ergo,attritionem
1408 4981 1471 5038 in
1484 4982 1673 5055 primo

308 5088 439 5129 casu
467 5085 592 5127 esse
615 5067 979 5125 meritoriam
1020 5066 1156 5123 vitae
1194 5069 1454 5130 aeternae3
1486 5062 1582 5121 sed
1612 5063 1671 5121 id

310 5168 431 5212 non
456 5148 627 5208 habet
639 5165 713 5207 ex
738 5164 902 5206 mera
912 5147 1316 5224 conjunctione
1333 5144 1403 5204 ad
1424 5145 1672 5221 gratiam

1799 665 2271 737 sanctificantem,
2302 671 2398 728 sed
2426 672 2561 745 quia
2602 680 2769 746 prout
2796 675 2859 732 in
2908 677 3012 734 illo
3040 677 3165 734 ins-

1800 747 1945 802 tanti
1966 757 2356 820 conservatur,
2394 753 2676 827 dependet
2718 772 2751 811 a
2791 758 2975 830 gratia
3030 764 3163 815 tan—

1800 843 1972 901 quam
1995 845 2027 887 a
2047 832 2332 905 principio
2358 836 2615 894 effectivo
2658 837 2913 906 radicali,
2941 842 3030 898 cui
3059 858 3166 899 au-

1799 910 2011 968 xilium
2054 914 2336 972 attritioni
2372 917 2703 975 deserviens
2730 919 3161 981 subordinatur.

1802 993 2091 1065 Dependet
2116 996 2292 1053 etiam
2328 999 2547 1057 attritio
2592 1004 2726 1057 tunc
2749 1017 3094 1072 permanens
3135 1021 3168 1062 a

1800 1071 2096 1144 charitate,
2129 1079 2220 1133 vel
2249 1076 2404 1150 quia
2425 1079 2542 1136 haec
2569 1080 2754 1135 virtus
2775 1080 2838 1136 in
2866 1083 3056 1154 prima
3078 1085 3168 1141 sui

1801 1153 2095 1213 infusione
2123 1160 2451 1233 prorumpit
2473 1162 2536 1217 in
2565 1161 2861 1234 propriam
2891 1168 3175 1237 operatio-

1802 1253 1959 1305 nem,
1990 1255 2104 1311 qua
2132 1240 2380 1314 imperat
2414 1258 2613 1300 omnes
2660 1251 2815 1301 actus
2843 1249 2977 1302 tunc
3017 1249 3173 1306 elici-

1802 1322 1906 1384 tos,
1933 1324 2030 1375 aut
2054 1328 2432 1391 conservatos,
2457 1339 2664 1397 eosque
2691 1327 2868 1383 refert
2895 1327 2965 1383 ad
2990 1331 3171 1388 Deum

1802 1399 2075 1458 ultimum
2122 1402 2320 1470 finem,
2364 1409 2426 1461 ut
2477 1405 2668 1464 docuit
2709 1409 2958 1482 Cajetan.
3015 1413 3059 1478 l,
3112 1414 3168 1480 2,

1840 1491 1987 1540 uaest.
2020 1485 2141 1550 113,
2166 1494 2278 1542 art.
2308 1487 2344 1541 3
2370 1511 2384 1555 ;
2409 1487 2500 1543 vel
2529 1487 2666 1560 quia
2693 1488 2825 1545 licet
2874 1490 3174 1550 charitatis

1846 1560 2033 1619 abitus
2059 1564 2122 1620 in
2155 1567 2548 1638 operationem
2600 1582 2717 1624 non
2762 1575 2943 1637 exeat,
2990 1571 3060 1628 ab
3107 1589 3175 1631 eo

1802 1648 1998 1701 tamen
2018 1643 2277 1712 effluunt,
2310 1651 2365 1704 et
2404 1647 2712 1706 dimanant
2752 1650 2908 1706 modi
2935 1652 3171 1724 quidam
3221 1704 3242 1717 .

1805 1725 2105 1782 relationis
2121 1727 2478 1800 perficientes
2501 1732 2802 1803 potentias,
2835 1733 3085 1802 habitus,
3119 1742 3174 1793 et

1804 1812 1960 1863 actus
2006 1810 2226 1880 proprii
2253 1812 2528 1883 suppositi
2559 1856 2569 1876 ,
2607 1829 2707 1884 per
2735 1830 2875 1886 quos
2903 1815 3171 1884 mediate,

1803 1889 1896 1945 vel
1926 1888 2258 1948 immediate
2283 1908 2379 1948 eos
2433 1893 2608 1950 refert
2655 1894 2723 1949 ad
2755 1898 3055 1968 proprium
3102 1898 3173 1954 fi-

1804 1986 1959 2039 nem,
1988 1977 2047 2027 ut
2072 1988 2143 2029 ex
2173 1974 2423 2046 professo
2445 1975 2861 2052 explicabimus
2885 1987 3045 2037 tract.
3065 2000 3174 2059 seq.

1802 2053 1944 2125 disp.
1974 2055 2028 2122 4,
2060 2054 2188 2131 dub.
2214 2055 2248 2108 5
2273 2062 2323 2110 et
2349 2055 2475 2112 dub.
2507 2058 2561 2113 6.
2591 2057 2745 2114 Idem
2764 2063 3174 2131 proportiona-

1804 2135 1999 2193 biliter
2026 2134 2089 2191 in
2115 2136 2363 2194 secundo
2383 2154 2511 2194 casu
2545 2137 2794 2196 dicimus
2821 2140 2892 2199 de
2914 2144 3039 2212 illo,
3074 2152 3172 2201 aut

1803 2216 1922 2273 illis
1950 2215 2167 2272 actibus
2194 2217 2465 2284 honestis,
2488 2219 2550 2275 in
2572 2220 2780 2293 quibus
2803 2225 3022 2282 attritio
3045 2227 3171 2282 vir-

1803 2298 2037 2355 tualiter
2058 2306 2406 2372 perseverat.
2437 2302 2500 2356 In
2525 2303 2692 2360 tertio
2739 2319 2872 2360 vero
2898 2320 3029 2361 casu
3078 2307 3171 2363 di-

1803 2380 2046 2438 cendum
2080 2386 2183 2447 est,
2238 2382 2536 2441 hominem
2592 2401 2691 2458 per
2739 2394 3169 2446 sacramentum

1803 2479 1932 2519 cum
1957 2463 2252 2520 attritione
2272 2464 2607 2538 justificari,
2637 2483 2753 2523 non
2810 2474 3005 2524 tamen
3045 2485 3173 2527 me-

1804 2544 1920 2601 reri
1949 2545 2127 2600 vitam
2155 2550 2449 2612 aeternam,
2482 2547 2615 2619 quia
2652 2547 2715 2603 in
2739 2548 2981 2604 instanti
2998 2549 3171 2622 justi-

1801 2625 2086 2683 ficationis
2127 2627 2355 2683 nullum
2385 2626 2555 2684 habet
2602 2635 2790 2685 actum
2839 2629 3166 2698 honestum,

1801 2707 1897 2779 qui
1928 2706 2101 2780 possit
2137 2723 2237 2780 per
2261 2708 2510 2781 gratiam
2535 2713 2670 2765 tunc
2707 2708 3039 2783 productam
3080 2712 3172 2767 di-

1799 2786 2080 2862 gnificari.
2110 2786 2273 2844 Unde
2298 2787 2345 2843 si
2375 2788 2546 2846 homo
2587 2791 2771 2846 alium
2801 2798 2988 2847 actum
3049 2808 3167 2850 non

1801 2870 2033 2929 eliceret
2079 2869 2141 2927 in
2188 2874 2444 2944 ternpore
2498 2870 2834 2930 immediate
2879 2879 3165 2949 sequenti,

1802 2953 1892 3008 vel
1921 2952 2056 3025 quia
2094 2952 2286 3008 statim
2330 2959 2672 3021 moreretur,
2706 2955 2799 3010 vel
2841 2956 2980 3027 quia
3037 2973 3171 3029 per·

1803 3039 2031 3105 petuam
2055 3031 2369 3088 amentiam
2411 3033 2755 3100 incurreret,
2809 3051 2926 3091 non
2969 3052 3172 3094 conse·

1800 3118 2073 3186 queretur
2103 3111 2349 3185 gloriam
2380 3128 2479 3183 per
2502 3113 2737 3170 modum
2759 3129 3002 3180 coronae,
3027 3121 3083 3172 et
3111 3123 3172 3173 ut

1802 3193 2107 3267 praemium
2128 3192 2248 3247 suis
2265 3193 2490 3249 meritis
2511 3194 2788 3263 debitum,
2815 3195 2912 3252 sed
2942 3202 3169 3253 tantum

1804 3292 1905 3350 per
1925 3273 2160 3331 modum
2189 3272 2557 3331 haereditatis.

1876 3357 1971 3411 86.
2013 3358 2125 3410 Nec
2152 3354 2474 3427 oppositum
2503 3356 2791 3432 colligitur
2836 3372 2907 3413 ex
2950 3374 3169 3419 canone
3208 3367 3330 3409 :aens

1801 3435 2179 3502 Tridentino;
2207 3452 2343 3492 nam
2373 3438 2696 3495 Concilium
2744 3442 2963 3506 statuit,
2997 3459 3170 3516 opera
3186 3415 3378 3511 ξὸῐᾶἷῖξὶ.

1803 3517 1953 3575 bona
1974 3516 2229 3574 hominis
2271 3517 2566 3592 justificati
2595 3535 2717 3577 esse
2745 3522 3051 3580 meritoria
3076 3524 3169 3580 vi-

1802 3606 1873 3657 tae
1898 3603 2144 3656 aeternae.
2178 3600 2242 3653 In
2282 3604 2478 3656 nostro
2506 3605 2696 3657 autem
2729 3618 2860 3659 casu
2898 3605 3082 3675 nulla,
3112 3611 3174 3662 ut

1801 3679 2161 3754 supponitur,
2188 3677 2402 3735 dantur
2422 3695 2597 3751 opera
2643 3680 2812 3749 bona,
2838 3701 2965 3757 quae
2993 3686 3169 3758 justi-

1801 3762 2002 3819 ficatus
2027 3759 2222 3816 fecerit
2248 3781 2260 3817 :
2279 3759 2431 3816 unde
2448 3759 2750 3833 praedictus
2767 3781 2927 3821 casus
2945 3766 3169 3824 alienus

1801 3849 1886 3903 est
1906 3860 1940 3899 a
1965 3842 2448 3899 determinatione
2477 3844 2740 3900 Concilii.
2769 3846 2927 3910 Quod
2954 3853 3013 3903 ut
3040 3852 3168 3907 evi-

1801 3923 2030 3982 dentius
2051 3926 2286 3988 constat,
2317 3924 2439 3997 ejus
2467 3923 2646 3980 verba
2670 3925 3005 4000 subjicimus
3029 3951 3041 3986 ε
3067 3933 3171 3987 «Si

1810 4029 1837 4062 α
1876 4006 2003 4081 quis
2018 4004 2496 4062 dixerithominis
2506 4005 2801 4079 justificati
2827 4008 2976 4066 bona
2994 4027 3170 4084 opera

1807 4110 1834 4140 α
1877 4090 1958 4146 ita
1983 4103 2103 4145 esse
2130 4086 2281 4145 dona
2296 4087 2414 4151 Dei,
2450 4091 2513 4142 ut
2540 4102 2658 4146 non
2679 4088 2798 4145 sint
2818 4090 2994 4147 etiam
3019 4090 3170 4150 bona

1808 4192 1834 4225 α
1879 4169 2059 4242 ipsius
2081 4165 2373 4242 justificati
2390 4168 2628 4236 merita;
2656 4175 2751 4225 aut
2793 4170 2982 4243 ipsum
3000 4172 3174 4247 justi-

1809 4273 1836 4305 α
1877 4249 2107 4306 ficatum
2158 4247 2324 4305 bonis
2370 4248 2657 4320 operibus,
2686 4266 2810 4323 quae
2837 4251 2907 4307 ab
2954 4267 3020 4309 eo
3072 4269 3172 4326 per

1807 4354 1835 4385 α
1879 4331 1980 4388 Dei
1995 4328 2264 4405 gratiam,
2289 4332 2345 4385 et
2365 4330 2496 4385 Jesu
2522 4330 2734 4386 Christi
2754 4332 3049 4399 meritum,
3076 4350 3167 4390 cu·

1808 4434 1835 4466 α
1875 4412 1966 4486 ius
1989 4408 2318 4467 membrum
2340 4410 2541 4466 vivum
2568 4416 2671 4475 est.
2695 4410 2860 4479 fiunt,
2895 4429 3011 4470 non
3034 4430 3174 4473 vere

1810 4516 1837 4548 α
1879 4492 2092 4550 mereri
2119 4495 2493 4564 augmentum
2540 4491 2758 4565 gratiae,
2791 4492 2973 4550 vitam
3003 4501 3176 4555 aster-

1811 4596 1837 4629 «
1880 4590 2036 4638 nam,
2066 4577 2123 4630 et
2150 4572 2329 4645 ipsius
2352 4572 2485 4628 vitae
2523 4577 2767 4638 aeternae,
2793 4573 2843 4629 si
2872 4580 3069 4633 tamen
3108 4578 3171 4635 in

1808 4679 1836 4711 ιι
1878 4656 2064 4732 gratia
2089 4654 2413 4722 decesserit,
2444 4655 2975 4727 consequutionem,
3004 4665 3172 4734 atque

1809 4760 1837 4794 α
1878 4740 2053 4797 etiam
2078 4737 2279 4813 gloriae
2293 4742 2684 4812 augmentum,
2706 4737 3013 4797 anathema
3035 4742 3167 4799 sit.»

1804 4819 1912 4878 Sed
1941 4837 2045 4893 pro
2071 4818 2276 4893 majori
2300 4818 2684 4892 intelligentia
2704 4834 2925 4884 eorum,
2960 4837 3084 4894 quae
3107 4823 3170 4880 in

1806 4900 1960 4971 hoc§
1983 4899 2256 4965 diximus,
2289 4896 2539 4955 videnda
2583 4897 2826 4956 omnino
2871 4906 3008 4956 sunt
3047 4918 3174 4974 quae

1805 4980 2059 5038 dicemus
2086 4987 2248 5036 tract.
2263 4996 2370 5057 seq.
2396 4978 2538 5052 disp.
2567 4980 2602 5034 4
2630 4996 2726 5052 per
2752 4987 2944 5048 totam,
2974 4981 3069 5038 ubi
3098 4999 3170 5042 ex

1807 5062 2060 5138 professo
2104 5057 2471 5117 firmabimus
2508 5076 2575 5116 ea
2604 5060 2911 5134 principia,
2963 5063 3174 5136 quibus

1807 5142 2082 5202 innititur
2109 5144 2514 5216 argumentum
2535 5139 2807 5198 hactenus
2837 5142 3070 5201 factum.
