3647 5753
499 390 608 445 582
1170 391 1261 444 DE
1304 389 1908 446 DISPOSITIONIBUS
1948 392 2042 444 AD
2082 388 2741 443 JUSTIFICATIONEM.

300 574 459 617 nfrho.
497 561 754 620 docuisse
773 559 1002 617 videtur
1018 563 1080 616 D.
1106 561 1315 618 Thom.
1341 562 1359 616 l
1383 570 1534 634 part.
1561 571 1742 635 quast.
1762 563 1857 627 76,

498 652 610 700 art.
639 646 674 699 6
721 644 796 698 ad
830 646 875 700 1.
908 642 1228 716 Respondet
1255 643 1522 710 secundo,
1555 642 1703 716 quod
1731 643 1863 700 licet

497 741 565 782 ea
595 731 796 781 mutua
822 725 1125 782 causalitas
1168 724 1507 783 admittatur
1545 727 1698 783 inter
1738 726 1863 783 for-—

499 821 657 861 mam
696 804 1152 872 substantialem,
1184 812 1239 862 et
1275 806 1606 875 accidentia,
1639 821 1763 880 quae
1792 807 1863 863 ad

498 887 666 942 illam
683 891 1109 957 consequuntur
1128 911 1142 954 ;
1162 886 1515 943 admittenda
1532 894 1726 943 tamen
1744 901 1862 943 non

496 974 582 1025 est
606 970 762 1025 inter
788 968 1057 1043 gratiam,
1093 975 1147 1025 et
1175 975 1347 1036 actus,
1375 970 1471 1042 qui
1501 969 1569 1025 ad
1593 967 1863 1042 justifica-

498 1052 716 1109 tionem
744 1051 1061 1125 disponunt
1088 1073 1100 1107 :
1131 1052 1406 1123 quoniam
1432 1052 1526 1108 isti
1556 1058 1731 1118 actuS,
1765 1052 1861 1108 in-

496 1133 638 1205 quit,
672 1137 807 1188 sunt
834 1134 1058 1199 vitaleS,
1090 1137 1145 1188 et
1168 1130 1359 1198 liberi,
1390 1139 1447 1189 et
1474 1138 1536 1189 ut
1563 1134 1702 1190 tales
1722 1147 1862 1188 con-

497 1218 741 1269 currunt
762 1213 832 1269 ad
855 1212 1206 1269 infusionem
1220 1214 1437 1286 gratiae,
1454 1229 1661 1286 nempe
1680 1213 1861 1271 deno-

502 1293 780 1350 minando
802 1309 930 1350 eam
959 1293 1138 1350 libere
1155 1294 1412 1360 votitam,
1431 1310 1528 1350 seu
1551 1309 1861 1366 consequu-

500 1381 638 1430 tam.
660 1372 1046 1438 Quamobrem
1072 1371 1326 1445 praedicti
1344 1379 1499 1430 actus
1521 1374 1862 1431 antecedunt

497 1454 744 1528 gratiam
774 1455 837 1509 in
862 1470 1073 1528 genere
1101 1470 1284 1526 causce
1306 1454 1628 1521 efficientis;
1659 1455 1860 1511 vitali-

498 1543 582 1593 tas
610 1536 838 1607 quippe,
871 1541 927 1592 et
956 1534 1192 1591 libertas
1221 1535 1290 1591 ad
1315 1534 1467 1591 istud
1492 1550 1673 1608 genus
1698 1551 1860 1609 spec-

498 1622 639 1673 tant.
669 1619 802 1681 Quae
827 1616 973 1672 ratio
1000 1631 1119 1671 non
1148 1617 1362 1672 militat
1384 1617 1446 1672 in
1476 1615 1861 1673 accidentibus

496 1695 973 1769 consequentibus
1019 1695 1270 1752 formam
1310 1695 1766 1762 substantialem,
1799 1700 1861 1752 ut

499 1777 663 1835 facile
689 1775 1078 1835 consideranti
1103 1776 1405 1834 constabit.

304 1875 445 1918 Prima
571 1857 677 1914 Sed
708 1864 946 1930 utraque
970 1856 1265 1930 responsio
1291 1862 1376 1913 est
1397 1857 1764 1914 insufficiens„
1792 1859 1860 1913 Et

274 1925 456 2018 vffiffss·
500 1937 687 2009 prima
717 1945 799 1994 est
841 1943 1041 1994 contra
1079 1953 1446 1994 communem
1487 1938 1861 2011 philosopho-

501 2035 629 2074 rum
657 2018 1005 2075 sententiam
1037 2041 1051 2084 ;
1081 2033 1282 2074 omnes
1308 2019 1518 2092 quippe
1546 2019 1855 2086 affirmant,

498 2102 744 2157 calorem
770 2107 832 2156 ut
854 2107 975 2158 octo
995 2116 1117 2157 esse
1141 2101 1407 2156 ultimam
1424 2100 1859 2174 dispositionem

497 2182 567 2239 ad
607 2182 856 2240 formam
886 2184 1040 2258 ignis
1075 2183 1361 2256 (quamvis
1403 2200 1521 2241 non
1550 2184 1692 2241 levis
1718 2202 1860 2243 con-

494 2261 775 2322 troversia
796 2266 871 2321 sit
899 2267 1053 2323 inter
1083 2267 1234 2332 illos,
1269 2280 1343 2321 an
1375 2264 1676 2337 praedictus
1702 2268 1859 2324 calor

489 2352 868 2418 consequatur
898 2346 1150 2404 formam
1182 2346 1349 2421 ignis.
1381 2351 1437 2402 et
1461 2348 1767 2420 recipiatur
1796 2349 1858 2404 in

490 2432 606 2483 toto
645 2426 991 2499 composito;
1040 2443 1117 2483 an
1163 2443 1301 2484 vero
1343 2427 1483 2484 insit
1527 2428 1860 2486 immediate

492 2509 769 2575 materiae‚
821 2514 875 2564 et
919 2509 996 2563 sit
1048 2508 1201 2565 idem
1249 2525 1495 2566 numero
1534 2510 1690 2566 calor
1727 2527 1858 2567 cum

484 2589 894 2663 praeexistenti)
927 2612 938 2645 ε
968 2591 1123 2662 atqui
1156 2590 1456 2663 praedictus
1476 2592 1631 2648 calor
1655 2598 1715 2648 ut
1740 2599 1859 2649 octo

492 2673 763 2730 convenit
791 2674 993 2729 formae
1026 2673 1178 2745 ignis
1212 2672 1527 2729 secundum
1570 2689 1735 2729 suam
1766 2675 1860 2730 ul-

494 2756 698 2811 timam
740 2754 1148 2820 differentiam,
1208 2758 1268 2808 ut
1318 2771 1388 2811 ex
1435 2770 1495 2811 se
1546 2757 1755 2827 liquet;
1804 2762 1861 2814 et

495 2835 728 2892 aliunde
779 2837 943 2909 juxta
993 2850 1362 2891 communem
1422 2836 1858 2896 Thomistarum

488 2916 828 2989 opinionem
876 2913 1188 2971 accidentia
1225 2923 1557 2987 supponunt
1608 2916 1858 2975 sormam

488 2996 951 3064 substantialem,
983 3001 1038 3052 et
1080 2996 1439 3069 recipiuntur
1467 2998 1530 3054 in
1559 3002 1674 3057 toto
1701 3016 1860 3057 com-

494 3081 676 3155 posito
710 3095 887 3154 :ergo
928 3078 1125 3134 minus
1172 3085 1319 3135 recte
1376 3080 1669 3147 asseritur,
1710 3082 1859 3154 quod

494 3161 809 3220 accidentia
834 3160 1238 3231 consequentia
1280 3160 1528 3218 formam
1551 3169 1860 3235 -nequeunt

495 3244 565 3300 ad
587 3244 709 3317 ejus
732 3239 1215 3299 introductionem
1239 3241 1561 3315 disponere,
1583 3245 1696 3300 nisi
1726 3261 1862 3317 qua-

494 3333 661 3383 tenus
689 3329 1117 3398 consequuntur
1159 3337 1342 3380 unum
1369 3324 1633 3399 gradum,
1663 3333 1720 3383 et
1740 3326 1862 3383 dis-

495 3413 716 3482 ponunt
742 3406 813 3465 ad
840 3408 1041 3463 alium.
1074 3406 1220 3461 Tum
1255 3406 1450 3473 etiam,
1478 3407 1615 3479 quia
1644 3409 1706 3464 in
1735 3410 1863 3467 ins-

491 3492 658 3558 tanti,
693 3492 754 3547 in
783 3505 894 3562 quo
919 3489 1183 3546 educitur
1211 3487 1398 3545 forma
1448 3489 1619 3561 igniS,
1654 3492 1863 3565 aliquis
1896 3522 1901 3527 ·

491 3571 852 3630 calor'adest
892 3570 1202 3643 disponens
1245 3568 1314 3626 ad
1357 3571 1636 3644 praedictae
1663 3573 1865 3633 formae

491 3653 877 3719 eductionem,
904 3657 959 3708 et
981 3651 1368 3723 receptionem
1402 3676 1412 3707 :
1436 3653 1536 3708 sed
1561 3654 1625 3709 in
1645 3669 1713 3712 eo
1750 3657 1865 3713 ins-

493 3736 638 3793 tanti
686 3750 803 3791 non
848 3733 1018 3789 datur
1059 3733 1175 3789 nisi
1214 3733 1369 3790 calor
1407 3739 1468 3790 ut
1518 3741 1658 3802 octo,
1690 3744 1746 3794 et
1773 3738 1864 3794 hic

492 3816 762 3873 convenit
790 3815 992 3871 formae
1019 3814 1172 3888 ignis
1193 3814 1505 3871 secundum
1531 3833 1695 3873 suam
1724 3819 1865 3874 ulti-

496 3912 652 3952 mam
682 3894 1072 3952 differentiam
1101 3894 1473 3952 consideratas
1507 3918 1519 3951 ε
1548 3912 1684 3972 ergo
1709 3897 1863 3955 idem

493 3975 641 4049 quod
672 3976 849 4048 priuS.
882 3979 1031 4032 Tum
1069 3982 1363 4048 praeterea,
1396 3976 1531 4049 quia
1558 3980 1624 4034 D.
1654 3979 1859 4036 Thom.

496 4058 634 4114 locis
661 4058 848 4113 citatis
882 4056 1009 4114 dub.
1039 4058 1260 4130 praeced.
1292 4061 1323 4127 g
1353 4059 1404 4123 3,
1440 4059 1744 4118 manifeste
1772 4078 1864 4119 re-

496 4137 799 4212 cognoscit,
856 4136 1004 4210 quod
1052 4137 1115 4191 iu
1184 4138 1422 4193 instanti
1475 4141 1866 4211 generationis

499 4219 660 4277 adest
698 4218 894 4291 aliqua
934 4217 1235 4291 dispositio
1270 4221 1589 4277 necessario
1611 4238 1867 4281 connexa

498 4318 630 4360 cum
663 4301 851 4358 forma
877 4299 1089 4374 genita,
1116 4317 1291 4373 quam
1331 4301 1573 4374 proinde
1619 4307 1867 4378 appellat

500 4383 959 4463 dispositionem,
993 4398 1116 4453 quae
1142 4389 1226 4453 est
1256 4384 1631 4454 necessitans;
1665 4388 1868 4462 hujus-

502 4465 655 4523 modi
687 4482 823 4523 vero
851 4463 1150 4536 dispositio
1198 4467 1539 4522 necessitans
1569 4483 1688 4523 non
1727 4485 1867 4526 con-

500 4548 651 4603 sistit
673 4547 735 4602 in
761 4545 1142 4603 accidentibus
1163 4548 1638 4620 consequentibus
1658 4552 1868 4626 gradus

500 4630 848 4702 superioreS,
882 4630 996 4686 haec
1018 4630 1227 4702 quippe
1249 4631 1648 4690 indifferenter
1668 4650 1869 4691 conve·

504 4712 674 4768 niunt
698 4708 962 4783 pluribus
989 4709 1227 4773 sormis;
1256 4711 1354 4769 sed
1397 4714 1653 4770 consistit
1681 4716 1744 4772 in
1774 4732 1868 4773 ac-

500 4789 824 4849 cidentibus
845 4791 1320 4848 convenientibus
1337 4791 1536 4850 formae
1553 4795 1868 4852 secundum

501 4887 667 4927 suam
696 4869 966 4926 ultimam
1001 4869 1409 4940 differentiam,
1443 4874 1726 4947 siquidem
1755 4876 1870 4931 hu-

500 4951 750 5026 jusmodi
776 4952 1089 5009 accidentia
1111 4955 1431 5011 necessario
1451 4963 1870 5015 connectuntur

505 5048 636 5089 cum
668 5029 936 5104 praedicta
972 5032 1162 5090 forma
1194 5055 1206 5089 :
1235 5049 1370 5108 ergo
1393 5035 1705 5094 accidentia
1732 5055 1869 5097 con-

1995 560 2288 617 venientia
2320 560 2519 617 sormae
2541 558 2852 617 secundum
2894 572 3059 612 suam
3083 555 3353 611 ultimam

1995 639 2402 706 differentiam,
2450 641 2518 697 ad
2570 640 2811 697 eandem
2861 638 3112 695 sormam
3160 635 3356 708 dispo-

1996 730 2161 780 nunt.
2188 727 2334 779 Tum
2363 723 2627 796 denique,
2662 724 2796 796 quia
2844 720 3195 794 praecipuum
3241 717 3356 773 dis·
3395 721 3400 726 “

1998 805 2293 876 positionis
2314 805 2561 862 officium
2589 811 2670 861 est
2697 818 3017 877 expurgare
3037 800 3352 874 subjectum

1995 903 2028 943 a
2054 885 2522 959 dispositionibus
2552 885 2751 942 formae
2782 883 3104 949 contrariiS,
3129 887 3185 938 et
3207 880 3349 938 illud

1994 969 2401 1033 determinare,
2434 976 2488 1027 et
2510 971 2738 1026 trahere
2760 969 2829 1025 ad
2854 967 3348 1041 participationem

1995 1051 2277 1125 praedictae
2323 1052 2523 1109 formae
2557 1072 2569 1107 ε
2618 1051 2774 1123 atqui
2816 1050 3042 1106 nullum
3091 1047 3350 1104 accidens

1996 1139 2173 1206 potest
2196 1133 2271 1188 ita
2300 1132 2595 1190 commode
2625 1133 2739 1188 base
2768 1146 3008 1186 munera
3037 1128 3199 1186 obire
3227 1144 3348 1186 res-

1995 1221 2150 1286 pectu
2185 1214 2383 1271 formas
2405 1215 2571 1288 igni5‚
2605 1215 2747 1269 sicut
2774 1215 2928 1269 calor
2957 1218 3016 1267 ut
3043 1216 3165 1268 octo
3193 1235 3206 1279 ;
3242 1213 3350 1269 iste

1991 1297 2200 1369 quippe
2228 1298 2466 1353 omnino
2488 1303 2763 1370 expurgat
2787 1295 3092 1351 materiam
3122 1310 3154 1350 a
3176 1295 3350 1365 frigi-

1993 1379 2167 1434 ditate
2194 1379 2502 1440 contraria‚
2528 1384 2582 1434 et
2611 1379 2773 1434 illam
2802 1378 3044 1434 omnino
3072 1376 3349 1433 determi-

1994 1465 2092 1515 nat
2114 1459 2183 1515 ad
2213 1460 2460 1516 formam
2485 1459 2655 1532 igniS,
2680 1475 2808 1514 cum
2831 1474 2941 1531 qua
2966 1458 3085 1529 ipse
3112 1458 3265 1513 calor
3289 1465 3347 1513 ut

1992 1546 2115 1597 octo
2155 1542 2470 1597 necessario
2497 1541 2851 1597 connectitur
2885 1554 3056 1612 :ergo
3094 1540 3250 1595 calor
3289 1546 3348 1592 ut

1992 1626 2114 1678 octo
2134 1628 2216 1677 est
2235 1638 2368 1677 vera
2389 1620 2684 1693 dispositio
2706 1620 2774 1676 ad
2805 1621 3052 1677 formam
3078 1619 3230 1693 ignis
3256 1643 3270 1686 ;
3294 1626 3349 1675 et

1990 1717 2194 1774 conseq
2202 1708 2399 1759 uenter
2410 1701 2718 1758 accidentia
2732 1701 3135 1758 convenientia
3147 1701 3348 1757 formae

1990 1781 2303 1838 secundum
2328 1797 2490 1837 suam
2521 1782 2786 1837 ultimam
2810 1781 3200 1846 differentiam
3230 1797 3348 1853 pos-

1992 1870 2127 1919 sunt
2154 1863 2221 1920 ad
2245 1863 2486 1920 eandem
2511 1862 2758 1919 formam
2788 1862 3106 1934 disponet-e,
3138 1869 3194 1919 et
3220 1863 3344 1919 siue

1992 1942 2366 2000 fundamento
2394 1941 2696 2000 adhibetur
2719 1943 2823 1998 illa
2843 1943 3103 1998 Juuioris
3126 1941 3348 1999 restric-

1991 2025 2089 2080 tio.
2118 2028 2231 2081 Nec
2258 2023 2347 2080 illi
2378 2024 2530 2080 favet
2554 2026 2614 2079 D.
2641 2024 2847 2080 Thom.
2873 2025 2984 2079 loco
3008 2026 3066 2079 in
3091 2040 3229 2095 resp.
3258 2026 3343 2077 ci-

1991 2111 2104 2159 tato
2131 2106 2297 2178 ‚·quia
2341 2107 2396 2161 S.
2443 2107 2642 2161 Doctor
2694 2106 2880 2161 solum
2936 2104 3155 2170 asserit,
3198 2103 3345 2176 quod

1992 2186 2304 2243 accidentia
2355 2188 2758 2259 consequentia
2808 2186 3051 2260 gradum
3097 2185 3350 2259 superio·

1994 2283 2116 2324 rem
2138 2266 2453 2340 disponunt
2474 2266 2542 2323 ad
2564 2267 2807 2342 gradum
2826 2267 3182 2332 inferiorem
3200 2263 3347 2338 quod

1990 2348 2222 2421 quidem
2245 2350 2614 2405 verissimum
2643 2349 2727 2405 est
2756 2350 3037 2422 loquendo
3061 2348 3129 2406 de
3154 2347 3352 2421 dispo-

1990 2432 2200 2488 sitione
2229 2447 2344 2487 non
2370 2432 2760 2495 necessitante,
2791 2431 2889 2487 sed
2937 2436 3162 2504 aptante
3208 2428 3353 2484 sub-

1985 2516 2196 2588 jectum
2227 2513 2296 2569 ad
2343 2513 2612 2570 formam.
2646 2516 2922 2570 Caeterum
2980 2528 3082 2568 nec
3120 2511 3221 2580 ibi,
3249 2527 3353 2568 nec

1992 2593 2131 2649 alibi
2170 2599 2354 2667 negat,
2405 2592 2554 2666 quod
2596 2594 2908 2651 accidentia
2947 2595 3350 2666 consequentia

1990 2674 2232 2749 gradum
2256 2674 2612 2737 inferiorem,
2639 2677 2732 2731 vel
2755 2676 2934 2731 aliurn
2976 2674 3225 2748 gradum
3254 2676 3352 2731 in·-

1992 2753 2356 2821 termedium,
2385 2752 2454 2809 ad
2483 2752 2728 2811 eundem
2749 2754 2992 2827 gradum
3016 2755 3351 2828 disponant,

1992 2837 2173 2894 immo
2206 2834 2362 2892 docet
2403 2836 2746 2908 oppositum,
2775 2841 2834 2891 ut
2861 2841 3079 2893 constat
3105 2853 3176 2895 ex
3216 2856 3353 2911 pro-

1988 2918 2146 2973 xime
2166 2915 2347 2972 dictis.
2377 2918 2441 2971 In
2469 2932 2534 2972 eo
2563 2924 2753 2974 autem
2790 2918 2907 2973 loco
2938 2920 3228 2992 praecipue
3258 2922 3353 2977 in-

1992 2997 2191 3063 tendit,
2217 2996 2366 3070 quod
2396 3004 2528 3055 ante
2557 2998 2811 3071 primum
2856 3000 3104 3072 gradum
3153 3002 3354 3060 formae

1990 3078 2381 3136 substantialis
2420 3081 2582 3136 nulla
2612 3080 3082 3156 praeintelligitur
3104 3082 3353 3156 disposi-

1994 3160 2071 3217 tio
2093 3162 2473 3227 accidentaliS,
2493 3178 2560 3218 eo
2581 3162 2728 3234 quod
2753 3164 2994 3219 materia
3015 3163 3203 3235 seipsa
3224 3183 3351 3224 ma-

1994 3249 2088 3299 net
2116 3243 2498 3300 determinata
2522 3244 2589 3300 ad
2621 3244 2868 3301 formam
2895 3245 3209 3303 secundum
3239 3252 3352 3322 pri-

1993 3340 2156 3380 mum
2178 3322 2421 3398 gradum
2442 3324 2688 3392 essendi;
2707 3332 2762 3382 et
2784 3324 2886 3381 hac
2904 3327 3126 3387 ratione
3140 3331 3352 3401 optime

1993 3405 2156 3470 vitat,
2188 3404 2338 3477 quod
2367 3404 2565 3462 anima
2596 3406 2894 3463 rationalis
2920 3408 3154 3465 uniatur
3180 3416 3352 3466 mate·

1996 3487 2096 3543 riae
2122 3485 2512 3542 mediantibus
2539 3485 3007 3561 dispositionibus
3036 3490 3349 3548 accidenta-

1995 3566 2166 3632 libus,
2200 3573 2260 3624 ut
2287 3574 2711 3641 argumentum,
2737 3569 2827 3624 cui
2870 3571 3133 3637 occurrit,
3160 3572 3349 3628 inten-

1993 3646 2180 3705 debat

2067 3732 2171 3786 76.
2240 3731 2492 3787 Secunda
2560 3735 2851 3804 responsio
2919 3733 3344 3789 insufficientior
3400 3746 3566 3802 Poste—

1996 3811 2176 3867 adhuc
2203 3817 2324 3877 est;
2356 3813 2629 3884 quoniam
2669 3812 3148 3887 supposi10,quod
3187 3812 3344 3869 calor
3380 3806 3570 3897 ,0232ss
3625 3866 3647 3889 ,Ι

1997 3910 2051 3948 v.
2077 3909 2130 3966 g.
2167 3899 2225 3947 ut
2249 3900 2371 3950 octo
2401 3894 2662 3965 procedat
2682 3894 2934 3950 effective
2958 3909 3055 3967 per
3082 3893 3350 3950 dimana-
3392 3893 3580 3988 {22:³3

1996 3974 2213 4029 tionem
2270 3991 2302 4029 a
2343 3974 2531 4031 forma
2577 3975 2747 4048 ignis,
2780 3981 2834 4031 et
2872 3974 3255 4031 nihilominus
3284 3974 3355 4031 ad
3469 3972 3481 3987 ⁴
3565 3976 3570 3983 ²

1996 4068 2124 4108 eam
2148 4052 2624 4110 introducendam
2647 4054 2876 4128 physice
2896 4053 3176 4126 disponat,
3192 4055 3359 4110 nulla

1999 4135 2396 4209 repugnantiae
2425 4136 2568 4192 ratio
2591 4142 2772 4209 potest
2792 4136 3169 4211 assignari,ob
3185 4153 3361 4209 quam

1998 4221 2244 4288 nequeat
2288 4218 2575 4289 componi,
2607 4218 2756 4290 quod
2803 4225 2957 4274 actus
2997 4218 3364 4276 contritionis

1999 4295 2263 4368 procedat
2291 4312 2319 4351 a
2343 4296 2527 4370 gratia
2551 4303 2821 4370 tanquam
2846 4314 2876 4354 a
2901 4297 3186 4370 principio
3206 4297 3368 4355 effec-

1999 4377 2135 4442 tivo,
2171 4384 2226 4431 et
2254 4384 2446 4433 tamen
2488 4376 2751 4449 disponat
2779 4378 2848 4434 ad
2878 4377 3364 4436 introductionem

2001 4458 2282 4531 praedictae
2310 4460 2526 4533 gratiae.
2555 4461 2914 4532 Praecipuum
2951 4462 3161 4535 quippe
3188 4463 3367 4519 moti-

1999 4558 2158 4607 vum,
2193 4557 2399 4614 nempe
2421 4559 2647 4600 causam
2679 4543 3035 4611 efficientem,
3065 4560 3182 4600 non
3205 4560 3369 4618 posse

1999 4638 2032 4677 a
2059 4637 2161 4678 suo
2201 4622 2400 4679 effectu
2428 4623 2763 4696 dependere,
2795 4624 3099 4698 ipsumque
3138 4630 3369 4682 antece—

1999 4705 2134 4762 dere
2163 4705 2225 4760 in
2257 4706 2419 4762 omni
2441 4721 2669 4779 genere,
2696 4705 2986 4764 devictum
3010 4714 3207 4765 manet
3229 4724 3372 4782 pra)-

1999 4786 2150 4845 dicto
2186 4789 2469 4861 exemplo.
2504 4789 2561 4844 Si
2608 4789 2767 4846 enim
2809 4788 2936 4847 fieri
2988 4796 3187 4865 potest,
3218 4790 3370 4863 quod

2002 4870 2189 4927 forma
2218 4872 2372 4944 ignis
2398 4871 2472 4926 sit
2502 4872 2662 4944 prior
2688 4873 3031 4945 simpliciter
3058 4873 3375 4930 accidenti-

2002 4951 2104 5007 bus
2127 4951 2197 5008 ab
2222 4968 2286 5007 ea
2302 4951 2756 5019 dimanantibu5‚
2788 4960 2843 5010 et
2863 4955 3071 5011 existat
3089 4954 3377 5029 simplici-

2003 5040 2088 5090 ter
2106 5040 2238 5091 ante
2265 5035 2389 5101 illa;
2408 5042 2462 5092 et
2480 5042 2672 5094 tamen
2689 5035 2759 5092 ab
2779 5036 2862 5094 eis
2882 5036 3286 5111 dependeat,et
3302 5038 3376 5095 ad

3270 5121 3381 5177 illa
