<?xml version="1.0" encoding="UTF-8"?>
<!DOCTYPE html PUBLIC "-//W3C//DTD XHTML 1.0 Transitional//EN"
    "http://www.w3.org/TR/xhtml1/DTD/xhtml1-transitional.dtd">
<html xmlns="http://www.w3.org/1999/xhtml" xml:lang="en" lang="en">
 <head>
  <title>
</title>
<meta http-equiv="Content-Type" content="text/html;charset=utf-8" />
  <meta name='ocr-system' content='tesseract 3.04.00' />
  <meta name='ocr-capabilities' content='ocr_page ocr_carea ocr_par ocr_line ocrx_word'/>
</head>
<body>
  <div class='ocr_page' id='page_1' title='image "./collegiisalmant00carmgoog_0518.png"; bbox 0 0 3647 5753; ppageno 0'>
   <div class='ocr_carea' id='block_1_1' title="bbox 270 597 428 692">
    <p class='ocr_par' dir='ltr' id='par_1_1' title="bbox 270 597 428 692">
     <span class='ocr_line' id='line_1_1' title="bbox 270 597 428 641; baseline -0.013 0"><span class='ocrx_word' id='word_1_1' title='bbox 270 597 428 641; x_wconf 78' lang='lat' dir='ltr'><strong>Confir-</strong></span> 
     </span>
     <span class='ocr_line' id='line_1_2' title="bbox 276 651 420 692; baseline -0.014 0"><span class='ocrx_word' id='word_1_2' title='bbox 276 651 420 692; x_wconf 74' lang='lat' dir='ltr'><strong>matur.</strong></span> 
     </span>
    </p>
   </div>
   <div class='ocr_carea' id='block_1_2' title="bbox 226 1881 437 2034">
    <p class='ocr_par' dir='ltr' id='par_1_2' title="bbox 226 1881 437 2034">
     <span class='ocr_line' id='line_1_3' title="bbox 226 1881 437 1975; baseline -0.005 0"><span class='ocrx_word' id='word_1_3' title='bbox 226 1881 437 1975; x_wconf 47' lang='lat'><strong>3⁰2⁰&amp;</strong></span> 
     </span>
     <span class='ocr_line' id='line_1_4' title="bbox 273 1980 396 2034; baseline -0.008 -10"><span class='ocrx_word' id='word_1_4' title='bbox 273 1980 396 2034; x_wconf 78' lang='lat' dir='ltr'><strong>plius.</strong></span> 
     </span>
    </p>
   </div>
   <div class='ocr_carea' id='block_1_3' title="bbox 461 409 572 466">
    <p class='ocr_par' dir='ltr' id='par_1_3' title="bbox 461 409 572 466">
     <span class='ocr_line' id='line_1_5' title="bbox 461 409 572 466; baseline 0.009 -1"><span class='ocrx_word' id='word_1_5' title='bbox 461 409 572 466; x_wconf 82' lang='lat'><strong>496</strong></span> 
     </span>
    </p>
   </div>
   <div class='ocr_carea' id='block_1_4' title="bbox 459 572 1823 3164">
    <p class='ocr_par' dir='ltr' id='par_1_4' title="bbox 460 572 1823 1868">
     <span class='ocr_line' id='line_1_6' title="bbox 463 572 1820 652; baseline -0.004 -17"><span class='ocrx_word' id='word_1_6' title='bbox 463 578 888 652; x_wconf 83' lang='lat' dir='ltr'>supernaturali</span> <span class='ocrx_word' id='word_1_7' title='bbox 911 576 1027 634; x_wconf 84' lang='lat' dir='ltr'><strong>fine</strong></span> <span class='ocrx_word' id='word_1_8' title='bbox 1054 575 1270 634; x_wconf 85' lang='lat' dir='ltr'><strong>destrui</strong></span> <span class='ocrx_word' id='word_1_9' title='bbox 1300 591 1416 632; x_wconf 91' lang='lat' dir='ltr'><strong>non</strong></span> <span class='ocrx_word' id='word_1_10' title='bbox 1438 572 1589 631; x_wconf 88' lang='lat' dir='ltr'><strong>valet</strong></span> <span class='ocrx_word' id='word_1_11' title='bbox 1610 572 1820 646; x_wconf 80' lang='lat' dir='ltr'><strong>absque</strong></span> 
     </span>
     <span class='ocr_line' id='line_1_7' title="bbox 462 653 1820 721; baseline -0.006 -6"><span class='ocrx_word' id='word_1_12' title='bbox 462 660 838 715; x_wconf 83' lang='lat' dir='ltr'><strong>conversione</strong></span> <span class='ocrx_word' id='word_1_13' title='bbox 876 659 969 714; x_wconf 87' lang='lat' dir='ltr'><strong>vel</strong></span> <span class='ocrx_word' id='word_1_14' title='bbox 1008 657 1395 721; x_wconf 86' lang='lat' dir='ltr'><strong>eminentiali,</strong></span> <span class='ocrx_word' id='word_1_15' title='bbox 1448 656 1538 711; x_wconf 91' lang='lat' dir='ltr'><strong>vel</strong></span> <span class='ocrx_word' id='word_1_16' title='bbox 1588 653 1820 710; x_wconf 82' lang='lat' dir='ltr'><strong>formali</strong></span> 
     </span>
     <span class='ocr_line' id='line_1_8' title="bbox 465 736 1819 810; baseline -0.005 -13"><span class='ocrx_word' id='word_1_17' title='bbox 465 741 534 797; x_wconf 86' lang='lat' dir='ltr'><strong>ad</strong></span> <span class='ocrx_word' id='word_1_18' title='bbox 557 743 737 797; x_wconf 89' lang='lat' dir='ltr'><strong>Deum</strong></span> <span class='ocrx_word' id='word_1_19' title='bbox 768 740 1041 796; x_wconf 89' lang='lat' dir='ltr'><strong>ultimum</strong></span> <span class='ocrx_word' id='word_1_20' title='bbox 1068 739 1246 796; x_wconf 90' lang='lat' dir='ltr'><strong>finem</strong></span> <span class='ocrx_word' id='word_1_21' title='bbox 1273 736 1776 810; x_wconf 80' lang='lat' dir='ltr'><strong>supernaturalem</strong></span> <span class='ocrx_word' id='word_1_22' title='bbox 1806 755 1819 790; x_wconf 72' lang='grc' dir='ltr'><strong><em>ε</em></strong></span> 
     </span>
     <span class='ocr_line' id='line_1_9' title="bbox 463 819 1822 895; baseline -0.003 -17"><span class='ocrx_word' id='word_1_23' title='bbox 463 827 519 878; x_wconf 89' lang='grc'><strong>91</strong></span> <span class='ocrx_word' id='word_1_24' title='bbox 541 822 700 894; x_wconf 91' lang='lat' dir='ltr'><strong>prior</strong></span> <span class='ocrx_word' id='word_1_25' title='bbox 719 821 979 879; x_wconf 79' lang='lat' dir='ltr'><strong>consistit</strong></span> <span class='ocrx_word' id='word_1_26' title='bbox 1005 821 1068 877; x_wconf 91' lang='lat' dir='ltr'><strong>in</strong></span> <span class='ocrx_word' id='word_1_27' title='bbox 1107 821 1293 895; x_wconf 88' lang='lat' dir='ltr'><strong>gratia</strong></span> <span class='ocrx_word' id='word_1_28' title='bbox 1319 819 1711 876; x_wconf 86' lang='lat' dir='ltr'><strong>sanctificante</strong></span> <span class='ocrx_word' id='word_1_29' title='bbox 1732 823 1822 874; x_wconf 91' lang='lat' dir='ltr'><strong>to-</strong></span> 
     </span>
     <span class='ocr_line' id='line_1_10' title="bbox 465 899 1822 972; baseline -0.005 -12"><span class='ocrx_word' id='word_1_30' title='bbox 465 910 588 960; x_wconf 92' lang='lat' dir='ltr'><strong>tum</strong></span> <span class='ocrx_word' id='word_1_31' title='bbox 618 905 915 961; x_wconf 89' lang='lat' dir='ltr'><strong>bominem</strong></span> <span class='ocrx_word' id='word_1_32' title='bbox 963 903 1355 972; x_wconf 88' lang='lat' dir='ltr'><strong>habitualiter,</strong></span> <span class='ocrx_word' id='word_1_33' title='bbox 1402 919 1464 959; x_wconf 90' lang='lat' dir='ltr'><strong>ac</strong></span> <span class='ocrx_word' id='word_1_34' title='bbox 1494 899 1822 957; x_wconf 81' lang='lat' dir='ltr'><strong>radicaliter</strong></span> 
     </span>
     <span class='ocr_line' id='line_1_11' title="bbox 462 984 1822 1061; baseline -0.004 -20"><span class='ocrx_word' id='word_1_35' title='bbox 462 988 578 1043; x_wconf 90' lang='lat' dir='ltr'><strong>Deo</strong></span> <span class='ocrx_word' id='word_1_36' title='bbox 598 985 934 1061; x_wconf 85' lang='lat' dir='ltr'><strong>subjiciente</strong></span> <span class='ocrx_word' id='word_1_37' title='bbox 958 1008 972 1052; x_wconf 92' lang='lat'>;</span> <span class='ocrx_word' id='word_1_38' title='bbox 999 985 1279 1057; x_wconf 79' lang='lat' dir='ltr'><strong>posterior</strong></span> <span class='ocrx_word' id='word_1_39' title='bbox 1295 1000 1430 1041; x_wconf 92' lang='lat' dir='ltr'><strong>vero</strong></span> <span class='ocrx_word' id='word_1_40' title='bbox 1453 984 1514 1038; x_wconf 89' lang='lat' dir='ltr'><strong>in</strong></span> <span class='ocrx_word' id='word_1_41' title='bbox 1538 987 1661 1038; x_wconf 89' lang='lat' dir='ltr'><strong>actu</strong></span> <span class='ocrx_word' id='word_1_42' title='bbox 1682 996 1822 1037; x_wconf 89' lang='lat' dir='ltr'><strong>con-</strong></span> 
     </span>
     <span class='ocr_line' id='line_1_12' title="bbox 466 1064 1822 1140; baseline -0.004 -17"><span class='ocrx_word' id='word_1_43' title='bbox 466 1068 736 1137; x_wconf 89' lang='lat' dir='ltr'><strong>tritionis,</strong></span> <span class='ocrx_word' id='word_1_44' title='bbox 771 1069 863 1125; x_wconf 90' lang='lat' dir='ltr'><strong>vel</strong></span> <span class='ocrx_word' id='word_1_45' title='bbox 883 1067 1213 1123; x_wconf 88' lang='lat' dir='ltr'><strong>charitatis:</strong></span> <span class='ocrx_word' id='word_1_46' title='bbox 1245 1065 1343 1123; x_wconf 91' lang='lat' dir='ltr'><strong>sed</strong></span> <span class='ocrx_word' id='word_1_47' title='bbox 1370 1064 1699 1140; x_wconf 84' lang='lat' dir='ltr'><strong>hujusmodi</strong></span> <span class='ocrx_word' id='word_1_48' title='bbox 1727 1079 1822 1119; x_wconf 85' lang='lat' dir='ltr'><strong>ac-</strong></span> 
     </span>
     <span class='ocr_line' id='line_1_13' title="bbox 464 1144 1821 1221; baseline -0.004 -17"><span class='ocrx_word' id='word_1_49' title='bbox 464 1155 554 1205; x_wconf 88' lang='lat' dir='ltr'><strong>tus</strong></span> <span class='ocrx_word' id='word_1_50' title='bbox 604 1150 735 1212; x_wconf 86' lang='lat' dir='ltr'><strong>elici</strong></span> <span class='ocrx_word' id='word_1_51' title='bbox 789 1165 906 1205; x_wconf 91' lang='lat' dir='ltr'><strong>non</strong></span> <span class='ocrx_word' id='word_1_52' title='bbox 954 1153 1149 1221; x_wconf 88' lang='lat' dir='ltr'><strong>potest,</strong></span> <span class='ocrx_word' id='word_1_53' title='bbox 1205 1148 1317 1203; x_wconf 90' lang='lat' dir='ltr'><strong>nisi</strong></span> <span class='ocrx_word' id='word_1_54' title='bbox 1358 1144 1746 1219; x_wconf 86' lang='lat' dir='ltr'><strong>dependenter</strong></span> <span class='ocrx_word' id='word_1_55' title='bbox 1789 1160 1821 1200; x_wconf 90' lang='lat' dir='ltr'><strong>a</strong></span> 
     </span>
     <span class='ocr_line' id='line_1_14' title="bbox 460 1226 1823 1305; baseline -0.004 -19"><span class='ocrx_word' id='word_1_56' title='bbox 460 1230 664 1305; x_wconf 89' lang='lat' dir='ltr'><strong>gratia,</strong></span> <span class='ocrx_word' id='word_1_57' title='bbox 698 1236 972 1303; x_wconf 86' lang='lat' dir='ltr'><strong>tanquam</strong></span> <span class='ocrx_word' id='word_1_58' title='bbox 995 1245 1029 1285; x_wconf 88' lang='lat' dir='ltr'><strong>a</strong></span> <span class='ocrx_word' id='word_1_59' title='bbox 1056 1228 1339 1302; x_wconf 89' lang='lat' dir='ltr'><strong>principio</strong></span> <span class='ocrx_word' id='word_1_60' title='bbox 1360 1226 1618 1284; x_wconf 85' lang='lat' dir='ltr'><strong>effectivo</strong></span> <span class='ocrx_word' id='word_1_61' title='bbox 1645 1246 1658 1281; x_wconf 72' lang='grc' dir='ltr'>ε</span> <span class='ocrx_word' id='word_1_62' title='bbox 1686 1239 1823 1298; x_wconf 91' lang='lat' dir='ltr'><strong>ergo</strong></span> 
     </span>
     <span class='ocr_line' id='line_1_15' title="bbox 463 1305 1821 1382; baseline -0.006 -14"><span class='ocrx_word' id='word_1_63' title='bbox 463 1312 690 1368; x_wconf 83' lang='lat' dir='ltr'><strong>aversio</strong></span> <span class='ocrx_word' id='word_1_64' title='bbox 736 1327 768 1366; x_wconf 92' lang='lat' dir='ltr'><strong>a</strong></span> <span class='ocrx_word' id='word_1_65' title='bbox 814 1313 929 1367; x_wconf 94' lang='lat' dir='ltr'><strong>Deo</strong></span> <span class='ocrx_word' id='word_1_66' title='bbox 980 1308 1098 1366; x_wconf 91' lang='lat' dir='ltr'><strong>fine</strong></span> <span class='ocrx_word' id='word_1_67' title='bbox 1136 1307 1563 1382; x_wconf 82' lang='lat' dir='ltr'><strong>supernaturali</strong></span> <span class='ocrx_word' id='word_1_68' title='bbox 1604 1305 1821 1362; x_wconf 87' lang='lat' dir='ltr'><strong>destrui</strong></span> 
     </span>
     <span class='ocr_line' id='line_1_16' title="bbox 461 1385 1821 1464; baseline -0.004 -18"><span class='ocrx_word' id='word_1_69' title='bbox 461 1405 581 1446; x_wconf 90' lang='lat' dir='ltr'><strong>non</strong></span> <span class='ocrx_word' id='word_1_70' title='bbox 609 1395 790 1463; x_wconf 88' lang='lat' dir='ltr'><strong>potest</strong></span> <span class='ocrx_word' id='word_1_71' title='bbox 834 1390 1044 1464; x_wconf 88' lang='lat' dir='ltr'><strong>absque</strong></span> <span class='ocrx_word' id='word_1_72' title='bbox 1072 1388 1365 1445; x_wconf 84' lang='lat' dir='ltr'><strong>infusione</strong></span> <span class='ocrx_word' id='word_1_73' title='bbox 1384 1386 1582 1461; x_wconf 63' lang='lat' dir='ltr'><strong>gratias</strong></span> <span class='ocrx_word' id='word_1_74' title='bbox 1606 1385 1821 1441; x_wconf 86' lang='lat' dir='ltr'><strong>sancti-</strong></span> 
     </span>
     <span class='ocr_line' id='line_1_17' title="bbox 461 1465 1821 1543; baseline -0.004 -18"><span class='ocrx_word' id='word_1_75' title='bbox 461 1467 688 1526; x_wconf 85' lang='lat' dir='ltr'><strong>ficantis</strong></span> <span class='ocrx_word' id='word_1_76' title='bbox 708 1494 722 1536; x_wconf 95' lang='lat'>;</span> <span class='ocrx_word' id='word_1_77' title='bbox 756 1476 1044 1543; x_wconf 90' lang='lat' dir='ltr'><strong>peccatum</strong></span> <span class='ocrx_word' id='word_1_78' title='bbox 1079 1473 1270 1525; x_wconf 87' lang='lat' dir='ltr'><strong>autem</strong></span> <span class='ocrx_word' id='word_1_79' title='bbox 1311 1467 1555 1524; x_wconf 89' lang='lat' dir='ltr'><strong>mortale</strong></span> <span class='ocrx_word' id='word_1_80' title='bbox 1582 1465 1646 1521; x_wconf 89' lang='lat' dir='ltr'><strong>in</strong></span> <span class='ocrx_word' id='word_1_81' title='bbox 1672 1470 1821 1521; x_wconf 87' lang='lat' dir='ltr'><strong>statu</strong></span> 
     </span>
     <span class='ocr_line' id='line_1_18' title="bbox 463 1547 1822 1624; baseline -0.002 -18"><span class='ocrx_word' id='word_1_82' title='bbox 463 1567 741 1624; x_wconf 90' lang='lat' dir='ltr'><strong>purorum</strong></span> <span class='ocrx_word' id='word_1_83' title='bbox 784 1553 1158 1609; x_wconf 90' lang='lat' dir='ltr'><strong>commissum</strong></span> <span class='ocrx_word' id='word_1_84' title='bbox 1188 1551 1526 1622; x_wconf 86' lang='lat' dir='ltr'><strong>importaret</strong></span> <span class='ocrx_word' id='word_1_85' title='bbox 1566 1547 1822 1605; x_wconf 81' lang='lat' dir='ltr'><strong>aversio-</strong></span> 
     </span>
     <span class='ocr_line' id='line_1_19' title="bbox 464 1631 1822 1706; baseline -0.002 -19"><span class='ocrx_word' id='word_1_86' title='bbox 464 1645 596 1689; x_wconf 88' lang='lat' dir='ltr'><strong>nem</strong></span> <span class='ocrx_word' id='word_1_87' title='bbox 620 1649 653 1688; x_wconf 90' lang='lat' dir='ltr'><strong>a</strong></span> <span class='ocrx_word' id='word_1_88' title='bbox 678 1636 788 1689; x_wconf 92' lang='lat' dir='ltr'><strong>Deo</strong></span> <span class='ocrx_word' id='word_1_89' title='bbox 814 1631 1242 1706; x_wconf 88' lang='lat' dir='ltr'><strong>supernaturali</strong></span> <span class='ocrx_word' id='word_1_90' title='bbox 1267 1631 1400 1695; x_wconf 87' lang='lat' dir='ltr'><strong>fine,</strong></span> <span class='ocrx_word' id='word_1_91' title='bbox 1428 1635 1489 1686; x_wconf 90' lang='lat' dir='ltr'><strong>ut</strong></span> <span class='ocrx_word' id='word_1_92' title='bbox 1514 1633 1730 1686; x_wconf 89' lang='lat' dir='ltr'><strong>constat</strong></span> <span class='ocrx_word' id='word_1_93' title='bbox 1750 1644 1822 1685; x_wconf 87' lang='lat' dir='ltr'><strong>ex</strong></span> 
     </span>
     <span class='ocr_line' id='line_1_20' title="bbox 463 1708 1823 1789; baseline -0.001 -22"><span class='ocrx_word' id='word_1_94' title='bbox 463 1710 631 1768; x_wconf 90' lang='lat' dir='ltr'><strong>dictis</strong></span> <span class='ocrx_word' id='word_1_95' title='bbox 670 1716 701 1782; x_wconf 66' lang='grc' dir='ltr'><strong>ἓ</strong></span> <span class='ocrx_word' id='word_1_96' title='bbox 752 1714 787 1769; x_wconf 88' lang='grc'><strong>3</strong></span> <span class='ocrx_word' id='word_1_97' title='bbox 813 1737 827 1783; x_wconf 89' lang='lat'>;</span> <span class='ocrx_word' id='word_1_98' title='bbox 857 1731 993 1789; x_wconf 90' lang='lat' dir='ltr'><strong>ergo</strong></span> <span class='ocrx_word' id='word_1_99' title='bbox 1019 1712 1197 1769; x_wconf 89' lang='lat' dir='ltr'><strong>deleri</strong></span> <span class='ocrx_word' id='word_1_100' title='bbox 1247 1727 1363 1768; x_wconf 93' lang='lat' dir='ltr'><strong>non</strong></span> <span class='ocrx_word' id='word_1_101' title='bbox 1392 1716 1575 1785; x_wconf 88' lang='lat' dir='ltr'><strong>posset</strong></span> <span class='ocrx_word' id='word_1_102' title='bbox 1613 1708 1823 1782; x_wconf 90' lang='lat' dir='ltr'><strong>absque</strong></span> 
     </span>
     <span class='ocr_line' id='line_1_21' title="bbox 464 1794 1299 1868; baseline 0 -19"><span class='ocrx_word' id='word_1_103' title='bbox 464 1794 743 1867; x_wconf 79' lang='lat' dir='ltr'><strong>praedictae</strong></span> <span class='ocrx_word' id='word_1_104' title='bbox 768 1797 966 1868; x_wconf 83' lang='lat' dir='ltr'><strong>gratiae</strong></span> <span class='ocrx_word' id='word_1_105' title='bbox 988 1794 1299 1850; x_wconf 79' lang='lat' dir='ltr'><strong>infusione.</strong></span> 
     </span>
    </p>

    <p class='ocr_par' dir='ltr' id='par_1_5' title="bbox 459 1872 1822 3164">
     <span class='ocr_line' id='line_1_22' title="bbox 537 1872 1822 1949; baseline -0.002 -18"><span class='ocrx_word' id='word_1_106' title='bbox 537 1874 942 1943; x_wconf 80' lang='lat' dir='ltr'><strong>confirmatur,</strong></span> <span class='ocrx_word' id='word_1_107' title='bbox 957 1881 1014 1933; x_wconf 86' lang='lat' dir='ltr'><strong>et</strong></span> <span class='ocrx_word' id='word_1_108' title='bbox 1025 1877 1343 1949; x_wconf 86' lang='lat' dir='ltr'><strong>explicatur</strong></span> <span class='ocrx_word' id='word_1_109' title='bbox 1361 1872 1608 1930; x_wconf 88' lang='lat' dir='ltr'><strong>secundo</strong></span> <span class='ocrx_word' id='word_1_110' title='bbox 1643 1894 1656 1928; x_wconf 88' lang='lat'>:</span> <span class='ocrx_word' id='word_1_111' title='bbox 1678 1888 1822 1945; x_wconf 90' lang='lat' dir='ltr'><strong>quo-</strong></span> 
     </span>
     <span class='ocr_line' id='line_1_23' title="bbox 465 1952 1822 2031; baseline -0.003 -19"><span class='ocrx_word' id='word_1_112' title='bbox 465 1957 625 2013; x_wconf 86' lang='lat' dir='ltr'><strong>niam</strong></span> <span class='ocrx_word' id='word_1_113' title='bbox 667 1958 916 2031; x_wconf 86' lang='lat' dir='ltr'><strong>privatio</strong></span> <span class='ocrx_word' id='word_1_114' title='bbox 961 1956 1292 2013; x_wconf 88' lang='lat' dir='ltr'><strong>voluntaria</strong></span> <span class='ocrx_word' id='word_1_115' title='bbox 1329 1955 1530 2028; x_wconf 82' lang='lat' dir='ltr'><strong>gratiae</strong></span> <span class='ocrx_word' id='word_1_116' title='bbox 1564 1952 1822 2010; x_wconf 87' lang='lat' dir='ltr'><strong>sanctifi-</strong></span> 
     </span>
     <span class='ocr_line' id='line_1_24' title="bbox 461 2035 1822 2113; baseline -0.004 -17"><span class='ocrx_word' id='word_1_117' title='bbox 461 2041 644 2096; x_wconf 88' lang='lat' dir='ltr'><strong>cantis</strong></span> <span class='ocrx_word' id='word_1_118' title='bbox 672 2039 797 2096; x_wconf 91' lang='lat' dir='ltr'><strong>tolli</strong></span> <span class='ocrx_word' id='word_1_119' title='bbox 826 2055 943 2095; x_wconf 92' lang='lat' dir='ltr'><strong>non</strong></span> <span class='ocrx_word' id='word_1_120' title='bbox 984 2044 1165 2113; x_wconf 89' lang='lat' dir='ltr'><strong>potest</strong></span> <span class='ocrx_word' id='word_1_121' title='bbox 1191 2038 1304 2094; x_wconf 89' lang='lat' dir='ltr'><strong>nisi</strong></span> <span class='ocrx_word' id='word_1_122' title='bbox 1347 2037 1438 2092; x_wconf 89' lang='lat' dir='ltr'><strong>vel</strong></span> <span class='ocrx_word' id='word_1_123' title='bbox 1484 2035 1696 2092; x_wconf 89' lang='lat' dir='ltr'><strong>directe</strong></span> <span class='ocrx_word' id='word_1_124' title='bbox 1725 2037 1822 2091; x_wconf 89' lang='lat' dir='ltr'><strong>in-</strong></span> 
     </span>
     <span class='ocr_line' id='line_1_25' title="bbox 463 2117 1820 2195; baseline -0.001 -20"><span class='ocrx_word' id='word_1_125' title='bbox 463 2119 755 2176; x_wconf 81' lang='lat' dir='ltr'><strong>fundendo</strong></span> <span class='ocrx_word' id='word_1_126' title='bbox 770 2121 1035 2195; x_wconf 83' lang='lat' dir='ltr'><strong>gratiam,</strong></span> <span class='ocrx_word' id='word_1_127' title='bbox 1058 2121 1148 2176; x_wconf 90' lang='lat' dir='ltr'><strong>vel</strong></span> <span class='ocrx_word' id='word_1_128' title='bbox 1166 2117 1442 2175; x_wconf 87' lang='lat' dir='ltr'><strong>indirecte</strong></span> <span class='ocrx_word' id='word_1_129' title='bbox 1458 2117 1820 2178; x_wconf 85' lang='lat' dir='ltr'><strong>retractando</strong></span> 
     </span>
     <span class='ocr_line' id='line_1_26' title="bbox 462 2201 1820 2276; baseline -0.002 -17"><span class='ocrx_word' id='word_1_130' title='bbox 462 2211 650 2259; x_wconf 89' lang='lat' dir='ltr'><strong>actum</strong></span> <span class='ocrx_word' id='word_1_131' title='bbox 689 2204 1146 2276; x_wconf 78' lang='lat' dir='ltr'><strong>peccaminosum</strong></span> <span class='ocrx_word' id='word_1_132' title='bbox 1196 2201 1572 2274; x_wconf 88' lang='lat' dir='ltr'><strong>praeteritum,</strong></span> <span class='ocrx_word' id='word_1_133' title='bbox 1616 2201 1714 2272; x_wconf 91' lang='lat' dir='ltr'><strong>qui</strong></span> <span class='ocrx_word' id='word_1_134' title='bbox 1744 2201 1820 2256; x_wconf 91' lang='lat' dir='ltr'><strong>il-</strong></span> 
     </span>
     <span class='ocr_line' id='line_1_27' title="bbox 463 2281 1821 2356; baseline -0.003 -17"><span class='ocrx_word' id='word_1_135' title='bbox 463 2285 580 2340; x_wconf 89' lang='lat' dir='ltr'><strong>lam</strong></span> <span class='ocrx_word' id='word_1_136' title='bbox 620 2285 1005 2356; x_wconf 90' lang='lat' dir='ltr'><strong>privationem</strong></span> <span class='ocrx_word' id='word_1_137' title='bbox 1033 2283 1263 2339; x_wconf 87' lang='lat' dir='ltr'><strong>induxit</strong></span> <span class='ocrx_word' id='word_1_138' title='bbox 1289 2303 1302 2344; x_wconf 87' lang='lat'>;</span> <span class='ocrx_word' id='word_1_139' title='bbox 1328 2288 1384 2338; x_wconf 91' lang='lat' dir='ltr'><strong>et</strong></span> <span class='ocrx_word' id='word_1_140' title='bbox 1412 2282 1501 2337; x_wconf 88' lang='lat' dir='ltr'><strong>hic</strong></span> <span class='ocrx_word' id='word_1_141' title='bbox 1539 2281 1821 2337; x_wconf 88' lang='lat' dir='ltr'><strong>secundus</strong></span> 
     </span>
     <span class='ocr_line' id='line_1_28' title="bbox 460 2360 1815 2436; baseline -0.001 -17"><span class='ocrx_word' id='word_1_142' title='bbox 460 2362 663 2420; x_wconf 88' lang='lat' dir='ltr'><strong>modus</strong></span> <span class='ocrx_word' id='word_1_143' title='bbox 689 2365 1072 2419; x_wconf 88' lang='lat' dir='ltr'><strong>essentialiter</strong></span> <span class='ocrx_word' id='word_1_144' title='bbox 1093 2361 1371 2436; x_wconf 91' lang='lat' dir='ltr'><strong>dependet</strong></span> <span class='ocrx_word' id='word_1_145' title='bbox 1394 2360 1463 2417; x_wconf 91' lang='lat' dir='ltr'><strong>ab</strong></span> <span class='ocrx_word' id='word_1_146' title='bbox 1491 2362 1595 2417; x_wconf 88' lang='lat' dir='ltr'><strong>illo</strong></span> <span class='ocrx_word' id='word_1_147' title='bbox 1608 2362 1815 2432; x_wconf 87' lang='lat' dir='ltr'><strong>primo,</strong></span> 
     </span>
     <span class='ocr_line' id='line_1_29' title="bbox 463 2440 1819 2516; baseline -0.001 -18"><span class='ocrx_word' id='word_1_148' title='bbox 463 2449 523 2498; x_wconf 92' lang='lat' dir='ltr'><strong>ut</strong></span> <span class='ocrx_word' id='word_1_149' title='bbox 568 2443 990 2500; x_wconf 89' lang='lat' dir='ltr'><strong>declaravimus</strong></span> <span class='ocrx_word' id='word_1_150' title='bbox 1051 2443 1227 2501; x_wconf 88' lang='lat' dir='ltr'><strong>dubio</strong></span> <span class='ocrx_word' id='word_1_151' title='bbox 1275 2440 1613 2516; x_wconf 80' lang='lat' dir='ltr'><strong>praecedenti</strong></span> <span class='ocrx_word' id='word_1_152' title='bbox 1668 2462 1681 2496; x_wconf 71' lang='grc' dir='ltr'><strong>ε</strong></span> <span class='ocrx_word' id='word_1_153' title='bbox 1722 2441 1819 2497; x_wconf 90' lang='lat' dir='ltr'><strong>sed</strong></span> 
     </span>
     <span class='ocr_line' id='line_1_30' title="bbox 461 2524 1821 2596; baseline -0.003 -16"><span class='ocrx_word' id='word_1_154' title='bbox 461 2530 749 2596; x_wconf 87' lang='lat' dir='ltr'><strong>peccatum</strong></span> <span class='ocrx_word' id='word_1_155' title='bbox 765 2524 1128 2580; x_wconf 88' lang='lat' dir='ltr'><strong>habitualein</strong></span> <span class='ocrx_word' id='word_1_156' title='bbox 1154 2528 1302 2579; x_wconf 88' lang='lat' dir='ltr'><strong>statu</strong></span> <span class='ocrx_word' id='word_1_157' title='bbox 1327 2537 1602 2595; x_wconf 90' lang='lat' dir='ltr'><strong>purorum</strong></span> <span class='ocrx_word' id='word_1_158' title='bbox 1624 2536 1821 2577; x_wconf 89' lang='lat' dir='ltr'><strong>essen-</strong></span> 
     </span>
     <span class='ocr_line' id='line_1_31' title="bbox 459 2604 1821 2679; baseline -0.003 -17"><span class='ocrx_word' id='word_1_159' title='bbox 459 2605 681 2662; x_wconf 85' lang='lat' dir='ltr'><strong>tialiter</strong></span> <span class='ocrx_word' id='word_1_160' title='bbox 734 2607 1071 2679; x_wconf 89' lang='lat' dir='ltr'><strong>importaret</strong></span> <span class='ocrx_word' id='word_1_161' title='bbox 1119 2606 1502 2678; x_wconf 88' lang='lat' dir='ltr'><strong>privationem</strong></span> <span class='ocrx_word' id='word_1_162' title='bbox 1549 2604 1821 2660; x_wconf 90' lang='lat' dir='ltr'><strong>volunta-</strong></span> 
     </span>
     <span class='ocr_line' id='line_1_32' title="bbox 464 2684 1820 2760; baseline -0.004 -18"><span class='ocrx_word' id='word_1_163' title='bbox 464 2686 615 2742; x_wconf 90' lang='lat' dir='ltr'><strong>riam</strong></span> <span class='ocrx_word' id='word_1_164' title='bbox 642 2687 840 2760; x_wconf 73' lang='lat' dir='ltr'><strong>gratiae</strong></span> <span class='ocrx_word' id='word_1_165' title='bbox 867 2684 1272 2742; x_wconf 88' lang='lat' dir='ltr'><strong>sanctificantis</strong></span> <span class='ocrx_word' id='word_1_166' title='bbox 1302 2701 1314 2735; x_wconf 90' lang='lat'><strong>:</strong></span> <span class='ocrx_word' id='word_1_167' title='bbox 1367 2700 1503 2757; x_wconf 91' lang='lat' dir='ltr'><strong>ergo</strong></span> <span class='ocrx_word' id='word_1_168' title='bbox 1531 2700 1648 2740; x_wconf 91' lang='lat' dir='ltr'><strong>non</strong></span> <span class='ocrx_word' id='word_1_169' title='bbox 1689 2699 1820 2756; x_wconf 86' lang='lat' dir='ltr'><strong>pos-</strong></span> 
     </span>
     <span class='ocr_line' id='line_1_33' title="bbox 462 2764 1818 2840; baseline -0.002 -17"><span class='ocrx_word' id='word_1_170' title='bbox 462 2772 548 2823; x_wconf 87' lang='lat' dir='ltr'><strong>set</strong></span> <span class='ocrx_word' id='word_1_171' title='bbox 598 2765 805 2840; x_wconf 87' lang='lat' dir='ltr'><strong>absque</strong></span> <span class='ocrx_word' id='word_1_172' title='bbox 847 2765 1113 2838; x_wconf 83' lang='lat' dir='ltr'><strong>praedicta</strong></span> <span class='ocrx_word' id='word_1_173' title='bbox 1163 2767 1351 2839; x_wconf 82' lang='lat' dir='ltr'><strong>gratia</strong></span> <span class='ocrx_word' id='word_1_174' title='bbox 1391 2764 1591 2821; x_wconf 78' lang='lat' dir='ltr'><strong>deleri,</strong></span> <span class='ocrx_word' id='word_1_175' title='bbox 1623 2766 1818 2821; x_wconf 87' lang='lat' dir='ltr'><strong>Minor</strong></span> 
     </span>
     <span class='ocr_line' id='line_1_34' title="bbox 461 2845 1821 2926; baseline -0.004 -19"><span class='ocrx_word' id='word_1_176' title='bbox 461 2854 678 2907; x_wconf 87' lang='lat' dir='ltr'><strong>constat</strong></span> <span class='ocrx_word' id='word_1_177' title='bbox 718 2863 788 2905; x_wconf 86' lang='lat' dir='ltr'><strong>ex</strong></span> <span class='ocrx_word' id='word_1_178' title='bbox 829 2847 1102 2904; x_wconf 90' lang='lat' dir='ltr'><strong>hactenus</strong></span> <span class='ocrx_word' id='word_1_179' title='bbox 1153 2846 1338 2926; x_wconf 80' lang='lat' dir='ltr'><strong>dictis,</strong></span> <span class='ocrx_word' id='word_1_180' title='bbox 1389 2847 1522 2920; x_wconf 88' lang='lat' dir='ltr'><strong>quia</strong></span> <span class='ocrx_word' id='word_1_181' title='bbox 1569 2845 1821 2904; x_wconf 75' lang='lat' dir='ltr'><strong>carentIa</strong></span> 
     </span>
     <span class='ocr_line' id='line_1_35' title="bbox 460 2930 1820 3005; baseline -0.001 -20"><span class='ocrx_word' id='word_1_182' title='bbox 460 2930 677 3005; x_wconf 72' lang='lat' dir='ltr'><strong>gratiae,</strong></span> <span class='ocrx_word' id='word_1_183' title='bbox 708 2946 833 3003; x_wconf 83' lang='lat' dir='ltr'><strong>quae</strong></span> <span class='ocrx_word' id='word_1_184' title='bbox 861 2931 924 2985; x_wconf 92' lang='lat' dir='ltr'><strong>in</strong></span> <span class='ocrx_word' id='word_1_185' title='bbox 969 2934 1115 2985; x_wconf 88' lang='lat' dir='ltr'><strong>statu</strong></span> <span class='ocrx_word' id='word_1_186' title='bbox 1147 2946 1445 3002; x_wconf 90' lang='lat' dir='ltr'><strong>purorum,</strong></span> <span class='ocrx_word' id='word_1_187' title='bbox 1495 2934 1551 2986; x_wconf 90' lang='lat' dir='ltr'><strong>et</strong></span> <span class='ocrx_word' id='word_1_188' title='bbox 1592 2935 1820 2985; x_wconf 84' lang='lat' dir='ltr'><strong>antece-</strong></span> 
     </span>
     <span class='ocr_line' id='line_1_36' title="bbox 461 3007 1818 3084; baseline -0.001 -18"><span class='ocrx_word' id='word_1_189' title='bbox 461 3011 664 3068; x_wconf 89' lang='lat' dir='ltr'><strong>denter</strong></span> <span class='ocrx_word' id='word_1_190' title='bbox 691 3011 761 3066; x_wconf 91' lang='lat' dir='ltr'><strong>ad</strong></span> <span class='ocrx_word' id='word_1_191' title='bbox 791 3015 1078 3084; x_wconf 89' lang='lat' dir='ltr'><strong>peccatum</strong></span> <span class='ocrx_word' id='word_1_192' title='bbox 1106 3027 1280 3084; x_wconf 88' lang='lat' dir='ltr'><strong>grave</strong></span> <span class='ocrx_word' id='word_1_193' title='bbox 1319 3010 1489 3067; x_wconf 88' lang='lat' dir='ltr'><strong>habet</strong></span> <span class='ocrx_word' id='word_1_194' title='bbox 1536 3007 1818 3066; x_wconf 81' lang='lat' dir='ltr'><strong>rationem</strong></span> 
     </span>
     <span class='ocr_line' id='line_1_37' title="bbox 463 3090 1819 3164; baseline 0 -17"><span class='ocrx_word' id='word_1_195' title='bbox 463 3091 745 3163; x_wconf 86' lang='lat' dir='ltr'><strong>simplicis</strong></span> <span class='ocrx_word' id='word_1_196' title='bbox 780 3090 1122 3164; x_wconf 85' lang='lat' dir='ltr'><strong>negationis,</strong></span> <span class='ocrx_word' id='word_1_197' title='bbox 1168 3090 1459 3157; x_wconf 89' lang='lat' dir='ltr'><strong>transiret,</strong></span> <span class='ocrx_word' id='word_1_198' title='bbox 1511 3107 1577 3147; x_wconf 91' lang='lat' dir='ltr'><strong>eo</strong></span> <span class='ocrx_word' id='word_1_199' title='bbox 1618 3107 1819 3162; x_wconf 89' lang='lat' dir='ltr'><strong>suppo-</strong></span> 
     </span>
    </p>
   </div>
   <div class='ocr_carea' id='block_1_5' title="bbox 374 3171 1821 3245">
    <p class='ocr_par' dir='ltr' id='par_1_6' title="bbox 374 3171 1821 3245">
     <span class='ocr_line' id='line_1_38' title="bbox 374 3171 1821 3245; baseline -0.001 -17"><span class='ocrx_word' id='word_1_200' title='bbox 374 3202 385 3210; x_wconf 82' lang='lat'><strong>·</strong></span> <span class='ocrx_word' id='word_1_201' title='bbox 462 3172 591 3240; x_wconf 84' lang='lat' dir='ltr'><strong>sito,</strong></span> <span class='ocrx_word' id='word_1_202' title='bbox 618 3172 680 3227; x_wconf 92' lang='lat' dir='ltr'><strong>in</strong></span> <span class='ocrx_word' id='word_1_203' title='bbox 711 3172 1277 3245; x_wconf 78' lang='lat' dir='ltr'><strong>privationem.’l&#39;um</strong></span> <span class='ocrx_word' id='word_1_204' title='bbox 1300 3171 1435 3243; x_wconf 89' lang='lat' dir='ltr'><strong>quia</strong></span> <span class='ocrx_word' id='word_1_205' title='bbox 1460 3178 1605 3228; x_wconf 90' lang='lat' dir='ltr'><strong>esset</strong></span> <span class='ocrx_word' id='word_1_206' title='bbox 1623 3187 1821 3228; x_wconf 88' lang='lat' dir='ltr'><strong>caren-</strong></span> 
     </span>
    </p>
   </div>
   <div class='ocr_carea' id='block_1_6' title="bbox 268 4637 419 4678">
    <p class='ocr_par' dir='ltr' id='par_1_7' title="bbox 268 4637 419 4678">
     <span class='ocr_line' id='line_1_39' title="bbox 268 4637 419 4678; baseline 0.007 -1"><span class='ocrx_word' id='word_1_207' title='bbox 268 4637 321 4677; x_wconf 82' lang='lat' dir='ltr'><strong>ln</strong></span> <span class='ocrx_word' id='word_1_208' title='bbox 368 4643 419 4678; x_wconf 87' lang='lat' dir='ltr'><strong>uo</strong></span> 
     </span>
    </p>
   </div>
   <div class='ocr_carea' id='block_1_7' title="bbox 244 4687 445 4729">
    <p class='ocr_par' dir='ltr' id='par_1_8' title="bbox 244 4687 445 4729">
     <span class='ocr_line' id='line_1_40' title="bbox 244 4687 445 4729; baseline 0.01 -2"><span class='ocrx_word' id='word_1_209' title='bbox 244 4691 346 4727; x_wconf 80' lang='lat' dir='ltr'><strong>cons</strong></span> <span class='ocrx_word' id='word_1_210' title='bbox 365 4687 445 4729; x_wconf 81' lang='lat' dir='ltr'><strong>ste·</strong></span> 
     </span>
    </p>
   </div>
   <div class='ocr_carea' id='block_1_8' title="bbox 460 3251 1821 4700">
    <p class='ocr_par' dir='ltr' id='par_1_9' title="bbox 460 3251 1821 4619">
     <span class='ocr_line' id='line_1_41' title="bbox 462 3251 1820 3325; baseline -0.001 -18"><span class='ocrx_word' id='word_1_211' title='bbox 462 3253 542 3309; x_wconf 86' lang='lat' dir='ltr'><strong>tia</strong></span> <span class='ocrx_word' id='word_1_212' title='bbox 567 3253 930 3325; x_wconf 81' lang='lat' dir='ltr'><strong>perfectionis</strong></span> <span class='ocrx_word' id='word_1_213' title='bbox 956 3258 1120 3325; x_wconf 81' lang='lat' dir='ltr'><strong>aptae,</strong></span> <span class='ocrx_word' id='word_1_214' title='bbox 1160 3252 1290 3308; x_wconf 90' lang='lat' dir='ltr'><strong>licet</strong></span> <span class='ocrx_word' id='word_1_215' title='bbox 1332 3268 1450 3308; x_wconf 89' lang='lat' dir='ltr'><strong>non</strong></span> <span class='ocrx_word' id='word_1_216' title='bbox 1478 3251 1683 3325; x_wconf 72' lang='lat' dir='ltr'><strong>debitae</strong></span> <span class='ocrx_word' id='word_1_217' title='bbox 1708 3275 1722 3319; x_wconf 89' lang='lat'>;</span> <span class='ocrx_word' id='word_1_218' title='bbox 1748 3251 1820 3307; x_wconf 89' lang='lat' dir='ltr'><strong>ad</strong></span> 
     </span>
     <span class='ocr_line' id='line_1_42' title="bbox 463 3333 1821 3407; baseline 0 -17"><span class='ocrx_word' id='word_1_219' title='bbox 463 3350 634 3407; x_wconf 88' lang='lat' dir='ltr'><strong>quam</strong></span> <span class='ocrx_word' id='word_1_220' title='bbox 683 3333 1138 3407; x_wconf 89' lang='lat' dir='ltr'><strong>participandam</strong></span> <span class='ocrx_word' id='word_1_221' title='bbox 1168 3334 1339 3391; x_wconf 89' lang='lat' dir='ltr'><strong>homo</strong></span> <span class='ocrx_word' id='word_1_222' title='bbox 1371 3350 1432 3391; x_wconf 90' lang='lat' dir='ltr'><strong>se</strong></span> <span class='ocrx_word' id='word_1_223' title='bbox 1458 3334 1739 3407; x_wconf 83' lang='lat' dir='ltr'><strong>ineptum,</strong></span> <span class='ocrx_word' id='word_1_224' title='bbox 1763 3338 1821 3390; x_wconf 89' lang='lat' dir='ltr'><strong>et</strong></span> 
     </span>
     <span class='ocr_line' id='line_1_43' title="bbox 466 3413 1816 3487; baseline -0.001 -18"><span class='ocrx_word' id='word_1_225' title='bbox 466 3415 1049 3487; x_wconf 86' lang='lat' dir='ltr'><strong>improportionatum</strong></span> <span class='ocrx_word' id='word_1_226' title='bbox 1107 3413 1313 3471; x_wconf 80' lang='lat' dir='ltr'><strong>faceret</strong></span> <span class='ocrx_word' id='word_1_227' title='bbox 1355 3430 1453 3486; x_wconf 90' lang='lat' dir='ltr'><strong>per</strong></span> <span class='ocrx_word' id='word_1_228' title='bbox 1501 3420 1816 3486; x_wconf 90' lang='lat' dir='ltr'><strong>peccatum.</strong></span> 
     </span>
     <span class='ocr_line' id='line_1_44' title="bbox 464 3495 1819 3568; baseline 0.001 -19"><span class='ocrx_word' id='word_1_229' title='bbox 464 3496 612 3550; x_wconf 84' lang='lat' dir='ltr'><strong>Tum</strong></span> <span class='ocrx_word' id='word_1_230' title='bbox 641 3496 775 3568; x_wconf 92' lang='lat' dir='ltr'><strong>quia</strong></span> <span class='ocrx_word' id='word_1_231' title='bbox 803 3496 973 3552; x_wconf 86' lang='lat' dir='ltr'><strong>homo</strong></span> <span class='ocrx_word' id='word_1_232' title='bbox 1006 3495 1260 3568; x_wconf 90' lang='lat' dir='ltr'><strong>graviter</strong></span> <span class='ocrx_word' id='word_1_233' title='bbox 1289 3510 1522 3567; x_wconf 87' lang='lat' dir='ltr'><strong>peccans</strong></span> <span class='ocrx_word' id='word_1_234' title='bbox 1550 3495 1819 3551; x_wconf 86' lang='lat' dir='ltr'><strong>volunta—</strong></span> 
     </span>
     <span class='ocr_line' id='line_1_45' title="bbox 467 3575 1820 3651; baseline -0.003 -17"><span class='ocrx_word' id='word_1_235' title='bbox 467 3577 553 3634; x_wconf 91' lang='lat' dir='ltr'><strong>rie</strong></span> <span class='ocrx_word' id='word_1_236' title='bbox 591 3578 916 3634; x_wconf 87' lang='lat' dir='ltr'><strong>excluderet</strong></span> <span class='ocrx_word' id='word_1_237' title='bbox 954 3577 1365 3651; x_wconf 88' lang='lat' dir='ltr'><strong>subjectionem</strong></span> <span class='ocrx_word' id='word_1_238' title='bbox 1402 3578 1725 3633; x_wconf 88' lang='lat' dir='ltr'><strong>naturalem</strong></span> <span class='ocrx_word' id='word_1_239' title='bbox 1756 3575 1820 3631; x_wconf 90' lang='lat' dir='ltr'><strong>in</strong></span> 
     </span>
     <span class='ocr_line' id='line_1_46' title="bbox 465 3656 1819 3731; baseline -0.003 -17"><span class='ocrx_word' id='word_1_240' title='bbox 465 3672 532 3714; x_wconf 92' lang='lat' dir='ltr'><strong>eo</strong></span> <span class='ocrx_word' id='word_1_241' title='bbox 552 3663 699 3713; x_wconf 88' lang='lat' dir='ltr'><strong>statu</strong></span> <span class='ocrx_word' id='word_1_242' title='bbox 726 3657 979 3714; x_wconf 84' lang='lat' dir='ltr'><strong>debitam</strong></span> <span class='ocrx_word' id='word_1_243' title='bbox 1028 3660 1139 3715; x_wconf 87' lang='lat' dir='ltr'><strong>Deo</strong></span> <span class='ocrx_word' id='word_1_244' title='bbox 1184 3679 1197 3713; x_wconf 91' lang='lat'><strong>:</strong></span> <span class='ocrx_word' id='word_1_245' title='bbox 1239 3673 1374 3731; x_wconf 90' lang='lat' dir='ltr'><strong>ergo</strong></span> <span class='ocrx_word' id='word_1_246' title='bbox 1403 3674 1435 3713; x_wconf 88' lang='lat' dir='ltr'><strong>a</strong></span> <span class='ocrx_word' id='word_1_247' title='bbox 1461 3656 1686 3713; x_wconf 77' lang='lat' dir='ltr'><strong>fortiori</strong></span> <span class='ocrx_word' id='word_1_248' title='bbox 1715 3671 1819 3711; x_wconf 83' lang='lat' dir='ltr'><strong>vo-</strong></span> 
     </span>
     <span class='ocr_line' id='line_1_47' title="bbox 466 3737 1818 3812; baseline 0 -19"><span class='ocrx_word' id='word_1_249' title='bbox 466 3738 720 3794; x_wconf 86' lang='lat' dir='ltr'><strong>luntarie</strong></span> <span class='ocrx_word' id='word_1_250' title='bbox 788 3738 1113 3795; x_wconf 85' lang='lat' dir='ltr'><strong>excluderet</strong></span> <span class='ocrx_word' id='word_1_251' title='bbox 1163 3737 1479 3810; x_wconf 88' lang='lat' dir='ltr'><strong>quamlibet</strong></span> <span class='ocrx_word' id='word_1_252' title='bbox 1539 3739 1818 3812; x_wconf 84' lang='lat' dir='ltr'><strong>majorem</strong></span> 
     </span>
     <span class='ocr_line' id='line_1_48' title="bbox 463 3820 1820 3895; baseline -0.001 -19"><span class='ocrx_word' id='word_1_253' title='bbox 463 3820 872 3895; x_wconf 84' lang='lat' dir='ltr'><strong>subjectionem</strong></span> <span class='ocrx_word' id='word_1_254' title='bbox 900 3820 1010 3877; x_wconf 89' lang='lat' dir='ltr'><strong>sibi</strong></span> <span class='ocrx_word' id='word_1_255' title='bbox 1054 3820 1403 3894; x_wconf 87' lang='lat' dir='ltr'><strong>possibilem,</strong></span> <span class='ocrx_word' id='word_1_256' title='bbox 1433 3821 1660 3892; x_wconf 90' lang='lat' dir='ltr'><strong>qualem</strong></span> <span class='ocrx_word' id='word_1_257' title='bbox 1688 3834 1820 3892; x_wconf 86' lang='lat' dir='ltr'><strong>pos-</strong></span> 
     </span>
     <span class='ocr_line' id='line_1_49' title="bbox 462 3899 1818 3975; baseline -0.001 -19"><span class='ocrx_word' id='word_1_258' title='bbox 462 3907 548 3957; x_wconf 85' lang='lat' dir='ltr'><strong>set</strong></span> <span class='ocrx_word' id='word_1_259' title='bbox 582 3899 791 3957; x_wconf 90' lang='lat' dir='ltr'><strong>habere</strong></span> <span class='ocrx_word' id='word_1_260' title='bbox 838 3917 937 3972; x_wconf 87' lang='lat' dir='ltr'><strong>per</strong></span> <span class='ocrx_word' id='word_1_261' title='bbox 977 3902 1243 3975; x_wconf 81' lang='lat' dir='ltr'><strong>gratiam.</strong></span> <span class='ocrx_word' id='word_1_262' title='bbox 1289 3902 1437 3956; x_wconf 80' lang='lat' dir='ltr'><strong>&#39;rum</strong></span> <span class='ocrx_word' id='word_1_263' title='bbox 1479 3901 1613 3972; x_wconf 92' lang='lat' dir='ltr'><strong>quia</strong></span> <span class='ocrx_word' id='word_1_264' title='bbox 1648 3900 1818 3956; x_wconf 90' lang='lat' dir='ltr'><strong>homo</strong></span> 
     </span>
     <span class='ocr_line' id='line_1_50' title="bbox 462 3981 1818 4057; baseline -0.001 -20"><span class='ocrx_word' id='word_1_265' title='bbox 462 3984 718 4057; x_wconf 88' lang='lat' dir='ltr'><strong>graviter</strong></span> <span class='ocrx_word' id='word_1_266' title='bbox 742 3998 975 4056; x_wconf 90' lang='lat' dir='ltr'><strong>peccans</strong></span> <span class='ocrx_word' id='word_1_267' title='bbox 998 3988 1229 4054; x_wconf 86' lang='lat' dir='ltr'><strong>poneret</strong></span> <span class='ocrx_word' id='word_1_268' title='bbox 1253 3982 1578 4039; x_wconf 88' lang='lat' dir='ltr'><strong>voluntarie</strong></span> <span class='ocrx_word' id='word_1_269' title='bbox 1598 3981 1818 4038; x_wconf 88' lang='lat' dir='ltr'><strong>obicem</strong></span> 
     </span>
     <span class='ocr_line' id='line_1_51' title="bbox 465 4062 1821 4139; baseline -0.001 -20"><span class='ocrx_word' id='word_1_270' title='bbox 465 4071 880 4139; x_wconf 81' lang='lat' dir='ltr'><strong>repugnantem</strong></span> <span class='ocrx_word' id='word_1_271' title='bbox 908 4063 1124 4136; x_wconf 82' lang='lat' dir='ltr'><strong>gratiae,</strong></span> <span class='ocrx_word' id='word_1_272' title='bbox 1155 4078 1328 4135; x_wconf 91' lang='lat' dir='ltr'><strong>quam</strong></span> <span class='ocrx_word' id='word_1_273' title='bbox 1354 4062 1558 4118; x_wconf 89' lang='lat' dir='ltr'><strong>saltem</strong></span> <span class='ocrx_word' id='word_1_274' title='bbox 1587 4062 1650 4117; x_wconf 90' lang='lat' dir='ltr'><strong>in</strong></span> <span class='ocrx_word' id='word_1_275' title='bbox 1671 4078 1821 4120; x_wconf 90' lang='lat' dir='ltr'><strong>com·</strong></span> 
     </span>
     <span class='ocr_line' id='line_1_52' title="bbox 464 4143 1820 4217; baseline -0.001 -17"><span class='ocrx_word' id='word_1_276' title='bbox 464 4146 651 4211; x_wconf 91' lang='lat' dir='ltr'><strong>muni,</strong></span> <span class='ocrx_word' id='word_1_277' title='bbox 684 4150 739 4201; x_wconf 91' lang='lat' dir='ltr'><strong>et</strong></span> <span class='ocrx_word' id='word_1_278' title='bbox 767 4146 830 4200; x_wconf 89' lang='lat' dir='ltr'><strong>in</strong></span> <span class='ocrx_word' id='word_1_279' title='bbox 862 4143 1098 4201; x_wconf 82' lang='lat' dir='ltr'><strong>confuso</strong></span> <span class='ocrx_word' id='word_1_280' title='bbox 1124 4147 1500 4217; x_wconf 86' lang='lat' dir='ltr'><strong>cognosceret,</strong></span> <span class='ocrx_word' id='word_1_281' title='bbox 1543 4148 1820 4214; x_wconf 87' lang='lat' dir='ltr'><strong>quatenus</strong></span> 
     </span>
     <span class='ocr_line' id='line_1_53' title="bbox 465 4221 1820 4297; baseline -0.002 -16"><span class='ocrx_word' id='word_1_282' title='bbox 465 4225 652 4297; x_wconf 90' lang='lat' dir='ltr'><strong>ipsum</strong></span> <span class='ocrx_word' id='word_1_283' title='bbox 683 4241 800 4281; x_wconf 90' lang='lat' dir='ltr'><strong>non</strong></span> <span class='ocrx_word' id='word_1_284' title='bbox 828 4225 1048 4289; x_wconf 90' lang='lat' dir='ltr'><strong>lateret,</strong></span> <span class='ocrx_word' id='word_1_285' title='bbox 1086 4227 1268 4279; x_wconf 91' lang='lat' dir='ltr'><strong>Deum</strong></span> <span class='ocrx_word' id='word_1_286' title='bbox 1296 4221 1588 4278; x_wconf 89' lang='lat' dir='ltr'><strong>continere</strong></span> <span class='ocrx_word' id='word_1_287' title='bbox 1623 4223 1820 4279; x_wconf 91' lang='lat' dir='ltr'><strong>omnia</strong></span> 
     </span>
     <span class='ocr_line' id='line_1_54' title="bbox 463 4302 1820 4378; baseline -0.001 -17"><span class='ocrx_word' id='word_1_288' title='bbox 463 4305 780 4378; x_wconf 89' lang='lat' dir='ltr'><strong>possibilia,</strong></span> <span class='ocrx_word' id='word_1_289' title='bbox 812 4318 1177 4378; x_wconf 66' lang='lat' dir='ltr'><strong>quaecumque</strong></span> <span class='ocrx_word' id='word_1_290' title='bbox 1203 4302 1321 4357; x_wconf 87' lang='lat' dir='ltr'><strong>sint</strong></span> <span class='ocrx_word' id='word_1_291' title='bbox 1368 4322 1379 4356; x_wconf 77' lang='grc' dir='ltr'><strong>ε</strong></span> <span class='ocrx_word' id='word_1_292' title='bbox 1421 4316 1557 4375; x_wconf 87' lang='lat' dir='ltr'><strong>ergo</strong></span> <span class='ocrx_word' id='word_1_293' title='bbox 1583 4317 1650 4358; x_wconf 92' lang='lat' dir='ltr'><strong>eo</strong></span> <span class='ocrx_word' id='word_1_294' title='bbox 1696 4302 1820 4376; x_wconf 92' lang='lat' dir='ltr'><strong>ipso</strong></span> 
     </span>
     <span class='ocr_line' id='line_1_55' title="bbox 462 4380 1820 4455; baseline -0.001 -15"><span class='ocrx_word' id='word_1_295' title='bbox 462 4383 771 4452; x_wconf 89' lang='lat' dir='ltr'><strong>induceret,</strong></span> <span class='ocrx_word' id='word_1_296' title='bbox 795 4391 854 4442; x_wconf 90' lang='lat' dir='ltr'><strong>et</strong></span> <span class='ocrx_word' id='word_1_297' title='bbox 884 4385 1202 4441; x_wconf 90' lang='lat' dir='ltr'><strong>incurreret</strong></span> <span class='ocrx_word' id='word_1_298' title='bbox 1229 4381 1618 4439; x_wconf 88' lang='lat' dir='ltr'><strong>voluntariam</strong></span> <span class='ocrx_word' id='word_1_299' title='bbox 1641 4380 1820 4455; x_wconf 87' lang='lat' dir='ltr'><strong>ipsius</strong></span> 
     </span>
     <span class='ocr_line' id='line_1_56' title="bbox 460 4463 1821 4540; baseline 0 -20"><span class='ocrx_word' id='word_1_300' title='bbox 460 4466 660 4540; x_wconf 72' lang='lat' dir='ltr'><strong>gratias</strong></span> <span class='ocrx_word' id='word_1_301' title='bbox 686 4465 1091 4539; x_wconf 85' lang='lat' dir='ltr'><strong>privationem.</strong></span> <span class='ocrx_word' id='word_1_302' title='bbox 1123 4466 1260 4530; x_wconf 82' lang='lat' dir='ltr'><strong>Quae</strong></span> <span class='ocrx_word' id='word_1_303' title='bbox 1283 4463 1499 4519; x_wconf 89' lang='lat' dir='ltr'><strong>motiva</strong></span> <span class='ocrx_word' id='word_1_304' title='bbox 1528 4463 1700 4518; x_wconf 86' lang='lat' dir='ltr'><strong>latius</strong></span> <span class='ocrx_word' id='word_1_305' title='bbox 1726 4479 1821 4520; x_wconf 88' lang='lat' dir='ltr'><strong>ex·</strong></span> 
     </span>
     <span class='ocr_line' id='line_1_57' title="bbox 463 4545 901 4619; baseline 0.002 -18"><span class='ocrx_word' id='word_1_306' title='bbox 463 4545 769 4619; x_wconf 89' lang='lat' dir='ltr'><strong>pendimus</strong></span> <span class='ocrx_word' id='word_1_307' title='bbox 790 4550 820 4616; x_wconf 67' lang='grc' dir='ltr'>ἓ</span> <span class='ocrx_word' id='word_1_308' title='bbox 848 4548 901 4602; x_wconf 86' lang='lat'><strong>3.</strong></span> 
     </span>
    </p>

    <p class='ocr_par' dir='ltr' id='par_1_10' title="bbox 534 4622 1815 4700">
     <span class='ocr_line' id='line_1_58' title="bbox 534 4622 1815 4700; baseline -0.005 -15"><span class='ocrx_word' id='word_1_309' title='bbox 534 4629 669 4685; x_wconf 77' lang='lat'><strong>277.</strong></span> <span class='ocrx_word' id='word_1_310' title='bbox 713 4628 798 4683; x_wconf 87' lang='lat' dir='ltr'><strong>Ex</strong></span> <span class='ocrx_word' id='word_1_311' title='bbox 816 4626 1024 4700; x_wconf 86' lang='lat' dir='ltr'><strong>quibus</strong></span> <span class='ocrx_word' id='word_1_312' title='bbox 1042 4625 1229 4683; x_wconf 87' lang='lat' dir='ltr'><strong>decisa</strong></span> <span class='ocrx_word' id='word_1_313' title='bbox 1262 4629 1460 4682; x_wconf 89' lang='lat' dir='ltr'><strong>manet</strong></span> <span class='ocrx_word' id='word_1_314' title='bbox 1497 4622 1815 4691; x_wconf 77' lang='lat' dir='ltr'><strong>difficultaS,</strong></span> 
     </span>
    </p>
   </div>
   <div class='ocr_carea' id='block_1_9' title="bbox 256 4707 1815 4786">
    <p class='ocr_par' dir='ltr' id='par_1_11' title="bbox 256 4707 1815 4786">
     <span class='ocr_line' id='line_1_59' title="bbox 256 4707 1815 4786; baseline -0.006 -16"><span class='ocrx_word' id='word_1_315' title='bbox 256 4737 419 4780; x_wconf 62' lang='lat' dir='ltr'><strong>mm.</strong></span> <span class='ocrx_word' id='word_1_316' title='bbox 459 4728 633 4786; x_wconf 90' lang='lat' dir='ltr'><strong>quam</strong></span> <span class='ocrx_word' id='word_1_317' title='bbox 661 4717 822 4766; x_wconf 79' lang='lat' dir='ltr'><strong>tract.</strong></span> <span class='ocrx_word' id='word_1_318' title='bbox 863 4712 944 4777; x_wconf 82' lang='lat'><strong>15,</strong></span> <span class='ocrx_word' id='word_1_319' title='bbox 978 4710 1118 4782; x_wconf 80' lang='lat' dir='ltr'><strong>disp.</strong></span> <span class='ocrx_word' id='word_1_320' title='bbox 1150 4710 1232 4775; x_wconf 83' lang='grc'><strong>16,</strong></span> <span class='ocrx_word' id='word_1_321' title='bbox 1260 4726 1314 4763; x_wconf 82' lang='grc' dir='ltr'><strong>η.</strong></span> <span class='ocrx_word' id='word_1_322' title='bbox 1351 4708 1470 4775; x_wconf 85' lang='grc'><strong>153,</strong></span> <span class='ocrx_word' id='word_1_323' title='bbox 1504 4707 1815 4781; x_wconf 78' lang='lat' dir='ltr'><strong>tetigimu5‚</strong></span> 
     </span>
    </p>
   </div>
   <div class='ocr_carea' id='block_1_10' title="bbox 261 4785 417 4829">
    <p class='ocr_par' dir='ltr' id='par_1_12' title="bbox 261 4785 417 4829">
     <span class='ocr_line' id='line_1_60' title="bbox 261 4785 417 4829; baseline 0.006 -1"><span class='ocrx_word' id='word_1_324' title='bbox 261 4785 355 4829; x_wconf 82' lang='lat' dir='ltr'><strong>cula</strong></span> <span class='ocrx_word' id='word_1_325' title='bbox 374 4785 417 4829; x_wconf 87' lang='lat' dir='ltr'><strong>ln</strong></span> 
     </span>
    </p>
   </div>
   <div class='ocr_carea' id='block_1_11' title="bbox 246 4836 444 4889">
    <p class='ocr_par' dir='ltr' id='par_1_13' title="bbox 246 4836 444 4889">
     <span class='ocr_line' id='line_1_61' title="bbox 246 4836 444 4889; baseline 0.025 -15"><span class='ocrx_word' id='word_1_326' title='bbox 246 4836 360 4879; x_wconf 74' lang='lat' dir='ltr'><strong>statu</strong></span> <span class='ocrx_word' id='word_1_327' title='bbox 374 4845 444 4889; x_wconf 83' lang='lat' dir='ltr'><strong>pu·</strong></span> 
     </span>
    </p>
   </div>
   <div class='ocr_carea' id='block_1_12' title="bbox 259 4890 414 4930">
    <p class='ocr_par' dir='ltr' id='par_1_14' title="bbox 259 4890 414 4930">
     <span class='ocr_line' id='line_1_62' title="bbox 259 4890 414 4930; baseline 0.019 -3"><span class='ocrx_word' id='word_1_328' title='bbox 259 4890 414 4930; x_wconf 63' lang='lat' dir='ltr'><strong>tomm-</strong></span> 
     </span>
    </p>
   </div>
   <div class='ocr_carea' id='block_1_13' title="bbox 459 4787 1823 5104">
    <p class='ocr_par' dir='ltr' id='par_1_15' title="bbox 459 4787 1823 5104">
     <span class='ocr_line' id='line_1_63' title="bbox 459 4787 1821 4867; baseline -0.006 -17"><span class='ocrx_word' id='word_1_329' title='bbox 459 4799 515 4850; x_wconf 91' lang='lat' dir='ltr'><strong>et</strong></span> <span class='ocrx_word' id='word_1_330' title='bbox 541 4793 703 4867; x_wconf 84' lang='lat' dir='ltr'><strong>cujus</strong></span> <span class='ocrx_word' id='word_1_331' title='bbox 729 4790 1139 4847; x_wconf 90' lang='lat' dir='ltr'><strong>resolutionem</strong></span> <span class='ocrx_word' id='word_1_332' title='bbox 1172 4787 1241 4845; x_wconf 90' lang='lat' dir='ltr'><strong>ad</strong></span> <span class='ocrx_word' id='word_1_333' title='bbox 1283 4793 1620 4861; x_wconf 84' lang='lat' dir='ltr'><strong>praesentem</strong></span> <span class='ocrx_word' id='word_1_334' title='bbox 1669 4793 1821 4843; x_wconf 87' lang='lat' dir='ltr'><strong>trac-</strong></span> 
     </span>
     <span class='ocr_line' id='line_1_64' title="bbox 460 4868 1821 4942; baseline -0.007 -11"><span class='ocrx_word' id='word_1_335' title='bbox 460 4878 640 4932; x_wconf 87' lang='lat' dir='ltr'><strong>tatum</strong></span> <span class='ocrx_word' id='word_1_336' title='bbox 671 4872 1023 4938; x_wconf 86' lang='lat' dir='ltr'><strong>remisimus,</strong></span> <span class='ocrx_word' id='word_1_337' title='bbox 1055 4870 1119 4927; x_wconf 90' lang='lat' dir='ltr'><strong>in</strong></span> <span class='ocrx_word' id='word_1_338' title='bbox 1146 4885 1258 4942; x_wconf 92' lang='lat' dir='ltr'><strong>quo</strong></span> <span class='ocrx_word' id='word_1_339' title='bbox 1300 4868 1563 4926; x_wconf 89' lang='lat' dir='ltr'><strong>videlicet</strong></span> <span class='ocrx_word' id='word_1_340' title='bbox 1601 4868 1821 4925; x_wconf 87' lang='lat' dir='ltr'><strong>consis—</strong></span> 
     </span>
     <span class='ocr_line' id='line_1_65' title="bbox 459 4949 1821 5022; baseline -0.007 -10"><span class='ocrx_word' id='word_1_341' title='bbox 459 4962 605 5013; x_wconf 89' lang='lat' dir='ltr'><strong>teret</strong></span> <span class='ocrx_word' id='word_1_342' title='bbox 656 4952 1043 5011; x_wconf 82' lang='lat' dir='ltr'><strong>essentialiter</strong></span> <span class='ocrx_word' id='word_1_343' title='bbox 1082 4949 1327 5016; x_wconf 85' lang='lat' dir='ltr'><strong>macula,</strong></span> <span class='ocrx_word' id='word_1_344' title='bbox 1357 4949 1479 5007; x_wconf 91' lang='lat' dir='ltr'><strong>sive</strong></span> <span class='ocrx_word' id='word_1_345' title='bbox 1531 4954 1821 5022; x_wconf 88' lang='lat' dir='ltr'><strong>peccatum</strong></span> 
     </span>
     <span class='ocr_line' id='line_1_66' title="bbox 462 5028 1823 5104; baseline -0.004 -15"><span class='ocrx_word' id='word_1_346' title='bbox 462 5035 759 5091; x_wconf 89' lang='lat' dir='ltr'><strong>habituale</strong></span> <span class='ocrx_word' id='word_1_347' title='bbox 781 5032 844 5087; x_wconf 92' lang='lat' dir='ltr'><strong>in</strong></span> <span class='ocrx_word' id='word_1_348' title='bbox 863 5038 1010 5088; x_wconf 89' lang='lat' dir='ltr'><strong>statu</strong></span> <span class='ocrx_word' id='word_1_349' title='bbox 1034 5045 1334 5104; x_wconf 90' lang='lat' dir='ltr'><strong>purorum.</strong></span> <span class='ocrx_word' id='word_1_350' title='bbox 1358 5031 1505 5085; x_wconf 78' lang='lat' dir='ltr'><strong>Nam</strong></span> <span class='ocrx_word' id='word_1_351' title='bbox 1525 5028 1573 5085; x_wconf 93' lang='lat' dir='ltr'><strong>si</strong></span> <span class='ocrx_word' id='word_1_352' title='bbox 1595 5044 1679 5097; x_wconf 89' lang='lat' dir='ltr'><strong>ea,</strong></span> <span class='ocrx_word' id='word_1_353' title='bbox 1699 5043 1823 5102; x_wconf 81' lang='lat' dir='ltr'><strong>quae</strong></span> 
     </span>
    </p>
   </div>
   <div class='ocr_carea' id='block_1_14' title="bbox 1390 397 2341 461">
    <p class='ocr_par' dir='ltr' id='par_1_16' title="bbox 1390 397 2341 461">
     <span class='ocr_line' id='line_1_67' title="bbox 1390 397 2341 461; baseline -0.005 0"><span class='ocrx_word' id='word_1_354' title='bbox 1390 406 1481 461; x_wconf 85' lang='lat' dir='ltr'><strong>DE</strong></span> <span class='ocrx_word' id='word_1_355' title='bbox 1520 397 2099 458; x_wconf 85' lang='lat' dir='ltr'><strong>JUSTIFICATIONE</strong></span> <span class='ocrx_word' id='word_1_356' title='bbox 2138 400 2341 456; x_wconf 87' lang='lat' dir='ltr'><strong>IMPII.</strong></span> 
     </span>
    </p>
   </div>
   <div class='ocr_carea' id='block_1_15' title="bbox 1950 567 3374 4949">
    <p class='ocr_par' dir='ltr' id='par_1_17' title="bbox 1950 567 3318 3406">
     <span class='ocr_line' id='line_1_68' title="bbox 1953 567 3317 637; baseline -0.003 -9"><span class='ocrx_word' id='word_1_357' title='bbox 1953 572 2223 629; x_wconf 88' lang='lat' dir='ltr'><strong>hactenus</strong></span> <span class='ocrx_word' id='word_1_358' title='bbox 2267 571 2523 629; x_wconf 84' lang='lat' dir='ltr'><strong>diximus</strong></span> <span class='ocrx_word' id='word_1_359' title='bbox 2567 587 2704 628; x_wconf 89' lang='lat' dir='ltr'><strong>vera</strong></span> <span class='ocrx_word' id='word_1_360' title='bbox 2729 575 2884 637; x_wconf 89' lang='lat' dir='ltr'><strong>sunt,</strong></span> <span class='ocrx_word' id='word_1_361' title='bbox 2936 567 3317 627; x_wconf 86' lang='lat' dir='ltr'><strong>asserendum</strong></span> 
     </span>
     <span class='ocr_line' id='line_1_69' title="bbox 1952 650 3317 728; baseline -0.003 -17"><span class='ocrx_word' id='word_1_362' title='bbox 1952 659 2056 720; x_wconf 90' lang='lat' dir='ltr'><strong>est,</strong></span> <span class='ocrx_word' id='word_1_363' title='bbox 2089 654 2416 728; x_wconf 78' lang='lat' dir='ltr'><strong>praedictam</strong></span> <span class='ocrx_word' id='word_1_364' title='bbox 2443 655 2730 711; x_wconf 89' lang='lat' dir='ltr'><strong>maculam</strong></span> <span class='ocrx_word' id='word_1_365' title='bbox 2756 653 3065 710; x_wconf 86' lang='lat' dir='ltr'><strong>consistere</strong></span> <span class='ocrx_word' id='word_1_366' title='bbox 3101 652 3165 708; x_wconf 92' lang='lat' dir='ltr'><strong>in</strong></span> <span class='ocrx_word' id='word_1_367' title='bbox 3190 650 3317 724; x_wconf 90' lang='lat' dir='ltr'><strong>pri-</strong></span> 
     </span>
     <span class='ocr_line' id='line_1_70' title="bbox 1953 731 3315 807; baseline -0.003 -15"><span class='ocrx_word' id='word_1_368' title='bbox 1953 736 2183 793; x_wconf 89' lang='lat' dir='ltr'><strong>vatione</strong></span> <span class='ocrx_word' id='word_1_369' title='bbox 2232 736 2564 793; x_wconf 88' lang='lat' dir='ltr'><strong>voluntaria</strong></span> <span class='ocrx_word' id='word_1_370' title='bbox 2613 734 2813 807; x_wconf 84' lang='lat' dir='ltr'><strong>gratiae</strong></span> <span class='ocrx_word' id='word_1_371' title='bbox 2863 731 3274 790; x_wconf 86' lang='lat' dir='ltr'><strong>sanctificantis</strong></span> <span class='ocrx_word' id='word_1_372' title='bbox 3299 758 3315 802; x_wconf 84' lang='lat'>;</span> 
     </span>
     <span class='ocr_line' id='line_1_71' title="bbox 1954 815 3316 892; baseline -0.004 -15"><span class='ocrx_word' id='word_1_373' title='bbox 1954 823 2120 892; x_wconf 87' lang='lat' dir='ltr'><strong>atque</strong></span> <span class='ocrx_word' id='word_1_374' title='bbox 2142 818 2268 878; x_wconf 87' lang='lat' dir='ltr'><strong>ideo</strong></span> <span class='ocrx_word' id='word_1_375' title='bbox 2295 835 2468 877; x_wconf 92' lang='lat' dir='ltr'><strong>omne</strong></span> <span class='ocrx_word' id='word_1_376' title='bbox 2494 824 2781 892; x_wconf 90' lang='lat' dir='ltr'><strong>peccatum</strong></span> <span class='ocrx_word' id='word_1_377' title='bbox 2803 815 3095 874; x_wconf 88' lang='lat' dir='ltr'><strong>habituale</strong></span> <span class='ocrx_word' id='word_1_378' title='bbox 3121 815 3316 889; x_wconf 85' lang='lat' dir='ltr'><strong>cujus-</strong></span> 
     </span>
     <span class='ocr_line' id='line_1_72' title="bbox 1953 899 3300 976; baseline -0.005 -16"><span class='ocrx_word' id='word_1_379' title='bbox 1953 919 2194 976; x_wconf 88' lang='lat' dir='ltr'><strong>cumque</strong></span> <span class='ocrx_word' id='word_1_380' title='bbox 2219 908 2399 959; x_wconf 87' lang='lat' dir='ltr'><strong>status</strong></span> <span class='ocrx_word' id='word_1_381' title='bbox 2443 903 2507 958; x_wconf 90' lang='lat' dir='ltr'><strong>in</strong></span> <span class='ocrx_word' id='word_1_382' title='bbox 2533 901 2798 975; x_wconf 77' lang='lat' dir='ltr'><strong>praedicta</strong></span> <span class='ocrx_word' id='word_1_383' title='bbox 2820 899 3147 974; x_wconf 88' lang='lat' dir='ltr'><strong>privatione</strong></span> <span class='ocrx_word' id='word_1_384' title='bbox 3173 913 3300 955; x_wconf 91' lang='lat' dir='ltr'><strong>con·</strong></span> 
     </span>
     <span class='ocr_line' id='line_1_73' title="bbox 1952 980 3313 1056; baseline -0.001 -16"><span class='ocrx_word' id='word_1_385' title='bbox 1952 985 2171 1051; x_wconf 89' lang='lat' dir='ltr'><strong>sistere,</strong></span> <span class='ocrx_word' id='word_1_386' title='bbox 2201 990 2257 1041; x_wconf 92' lang='lat' dir='ltr'><strong>et</strong></span> <span class='ocrx_word' id='word_1_387' title='bbox 2275 990 2684 1056; x_wconf 89' lang='lat' dir='ltr'><strong>consequenter</strong></span> <span class='ocrx_word' id='word_1_388' title='bbox 2702 999 2824 1041; x_wconf 85' lang='grc'><strong>9559</strong></span> <span class='ocrx_word' id='word_1_389' title='bbox 2852 980 3109 1056; x_wconf 79' lang='lat' dir='ltr'><strong>ejusdem</strong></span> <span class='ocrx_word' id='word_1_390' title='bbox 3131 980 3313 1038; x_wconf 87' lang='lat' dir='ltr'><strong>ratio-</strong></span> 
     </span>
     <span class='ocr_line' id='line_1_74' title="bbox 1955 1062 3314 1144; baseline -0.002 -22"><span class='ocrx_word' id='word_1_391' title='bbox 1955 1066 2065 1122; x_wconf 85' lang='lat' dir='ltr'><strong>nis.</strong></span> <span class='ocrx_word' id='word_1_392' title='bbox 2099 1068 2168 1121; x_wconf 86' lang='lat' dir='ltr'><strong>Et</strong></span> <span class='ocrx_word' id='word_1_393' title='bbox 2191 1064 2422 1138; x_wconf 91' lang='lat' dir='ltr'><strong>quidem</strong></span> <span class='ocrx_word' id='word_1_394' title='bbox 2465 1065 2585 1122; x_wconf 70' lang='grc'><strong>11999</strong></span> <span class='ocrx_word' id='word_1_395' title='bbox 2625 1064 2904 1137; x_wconf 85' lang='lat' dir='ltr'><strong>posterior</strong></span> <span class='ocrx_word' id='word_1_396' title='bbox 2943 1062 3314 1144; x_wconf 77' lang='lat' dir='ltr'><strong>pars&#39;mani-</strong></span> 
     </span>
     <span class='ocr_line' id='line_1_75' title="bbox 1954 1142 3313 1220; baseline 0.001 -19"><span class='ocrx_word' id='word_1_397' title='bbox 1954 1145 2093 1203; x_wconf 81' lang='lat' dir='ltr'><strong>feste</strong></span> <span class='ocrx_word' id='word_1_398' title='bbox 2113 1147 2372 1220; x_wconf 88' lang='lat' dir='ltr'><strong>sequitur</strong></span> <span class='ocrx_word' id='word_1_399' title='bbox 2415 1161 2487 1202; x_wconf 89' lang='lat' dir='ltr'><strong>ex</strong></span> <span class='ocrx_word' id='word_1_400' title='bbox 2549 1145 2754 1218; x_wconf 90' lang='lat' dir='ltr'><strong>priori.</strong></span> <span class='ocrx_word' id='word_1_401' title='bbox 2803 1144 2908 1200; x_wconf 88' lang='lat' dir='ltr'><strong>llla</strong></span> <span class='ocrx_word' id='word_1_402' title='bbox 2967 1159 3105 1201; x_wconf 90' lang='lat' dir='ltr'><strong>vero</strong></span> <span class='ocrx_word' id='word_1_403' title='bbox 3147 1142 3313 1202; x_wconf 79' lang='grc'><strong>199119</strong></span> 
     </span>
     <span class='ocr_line' id='line_1_76' title="bbox 1955 1225 3314 1301; baseline -0.001 -15"><span class='ocrx_word' id='word_1_404' title='bbox 1955 1227 2231 1301; x_wconf 90' lang='lat' dir='ltr'><strong>probatur</strong></span> <span class='ocrx_word' id='word_1_405' title='bbox 2254 1243 2327 1284; x_wconf 89' lang='lat' dir='ltr'><strong>ex</strong></span> <span class='ocrx_word' id='word_1_406' title='bbox 2372 1226 2566 1295; x_wconf 86' lang='lat' dir='ltr'><strong>dictis;</strong></span> <span class='ocrx_word' id='word_1_407' title='bbox 2588 1227 2862 1300; x_wconf 83' lang='lat' dir='ltr'><strong>quoniam</strong></span> <span class='ocrx_word' id='word_1_408' title='bbox 2888 1231 3180 1298; x_wconf 90' lang='lat' dir='ltr'><strong>peccatum</strong></span> <span class='ocrx_word' id='word_1_409' title='bbox 3205 1225 3314 1284; x_wconf 81' lang='lat' dir='ltr'><strong>ha-</strong></span> 
     </span>
     <span class='ocr_line' id='line_1_77' title="bbox 1956 1307 3312 1384; baseline 0 -18"><span class='ocrx_word' id='word_1_410' title='bbox 1956 1310 2171 1368; x_wconf 90' lang='lat' dir='ltr'><strong>bituale</strong></span> <span class='ocrx_word' id='word_1_411' title='bbox 2195 1316 2282 1368; x_wconf 88' lang='lat' dir='ltr'><strong>est</strong></span> <span class='ocrx_word' id='word_1_412' title='bbox 2324 1308 2611 1384; x_wconf 90' lang='lat' dir='ltr'><strong>quoddam</strong></span> <span class='ocrx_word' id='word_1_413' title='bbox 2652 1311 2874 1366; x_wconf 86' lang='lat' dir='ltr'><strong>malum</strong></span> <span class='ocrx_word' id='word_1_414' title='bbox 2918 1309 3099 1382; x_wconf 77' lang='lat' dir='ltr'><strong>culpae</strong></span> <span class='ocrx_word' id='word_1_415' title='bbox 3129 1307 3312 1366; x_wconf 83' lang='lat' dir='ltr'><strong>homi-</strong></span> 
     </span>
     <span class='ocr_line' id='line_1_78' title="bbox 1955 1388 3311 1457; baseline 0 -9"><span class='ocrx_word' id='word_1_416' title='bbox 1955 1408 2089 1448; x_wconf 90' lang='lat' dir='ltr'><strong>nem</strong></span> <span class='ocrx_word' id='word_1_417' title='bbox 2119 1392 2428 1449; x_wconf 88' lang='lat' dir='ltr'><strong>intrinsece</strong></span> <span class='ocrx_word' id='word_1_418' title='bbox 2455 1390 2724 1457; x_wconf 87' lang='lat' dir='ltr'><strong>afficiens,</strong></span> <span class='ocrx_word' id='word_1_419' title='bbox 2756 1390 2898 1447; x_wconf 89' lang='lat' dir='ltr'><strong>etin</strong></span> <span class='ocrx_word' id='word_1_420' title='bbox 2916 1405 2985 1446; x_wconf 87' lang='lat' dir='ltr'><strong>ea</strong></span> <span class='ocrx_word' id='word_1_421' title='bbox 3005 1388 3311 1448; x_wconf 77' lang='lat' dir='ltr'><strong>habituati-</strong></span> 
     </span>
     <span class='ocr_line' id='line_1_79' title="bbox 1955 1470 3306 1547; baseline -0.002 -16"><span class='ocrx_word' id='word_1_422' title='bbox 1955 1480 2041 1531; x_wconf 91' lang='lat' dir='ltr'><strong>ter</strong></span> <span class='ocrx_word' id='word_1_423' title='bbox 2069 1489 2460 1547; x_wconf 86' lang='lat' dir='ltr'><strong>perseverans,</strong></span> <span class='ocrx_word' id='word_1_424' title='bbox 2481 1479 2544 1528; x_wconf 88' lang='lat' dir='ltr'><strong>ut</strong></span> <span class='ocrx_word' id='word_1_425' title='bbox 2567 1476 2787 1531; x_wconf 88' lang='lat' dir='ltr'><strong>constat</strong></span> <span class='ocrx_word' id='word_1_426' title='bbox 2800 1487 2872 1528; x_wconf 86' lang='lat' dir='ltr'><strong>ex</strong></span> <span class='ocrx_word' id='word_1_427' title='bbox 2897 1470 3064 1528; x_wconf 86' lang='lat' dir='ltr'><strong>dictis</strong></span> <span class='ocrx_word' id='word_1_428' title='bbox 3082 1471 3225 1544; x_wconf 66' lang='lat' dir='ltr'><strong>dis-p.</strong></span> <span class='ocrx_word' id='word_1_429' title='bbox 3257 1474 3306 1538; x_wconf 89' lang='lat'><strong>1,</strong></span> 
     </span>
     <span class='ocr_line' id='line_1_80' title="bbox 1953 1554 3314 1624; baseline 0 -12"><span class='ocrx_word' id='word_1_430' title='bbox 1953 1557 2079 1613; x_wconf 84' lang='lat' dir='ltr'><strong>dub.</strong></span> <span class='ocrx_word' id='word_1_431' title='bbox 2121 1559 2168 1624; x_wconf 86' lang='lat' dir='ltr'><strong>l;</strong></span> <span class='ocrx_word' id='word_1_432' title='bbox 2191 1555 2289 1614; x_wconf 89' lang='lat' dir='ltr'><strong>sed</strong></span> <span class='ocrx_word' id='word_1_433' title='bbox 2318 1571 2519 1614; x_wconf 84' lang='lat' dir='ltr'><strong>omnes</strong></span> <span class='ocrx_word' id='word_1_434' title='bbox 2545 1555 2635 1611; x_wconf 84' lang='lat' dir='ltr'><strong>bae</strong></span> <span class='ocrx_word' id='word_1_435' title='bbox 2660 1554 3016 1612; x_wconf 87' lang='lat' dir='ltr'><strong>conditiones</strong></span> <span class='ocrx_word' id='word_1_436' title='bbox 3031 1555 3314 1612; x_wconf 87' lang='lat' dir='ltr'><strong>conveni-</strong></span> 
     </span>
     <span class='ocr_line' id='line_1_81' title="bbox 1957 1635 3313 1709; baseline -0.002 -14"><span class='ocrx_word' id='word_1_437' title='bbox 1957 1644 2086 1695; x_wconf 88' lang='lat' dir='ltr'><strong>rent</strong></span> <span class='ocrx_word' id='word_1_438' title='bbox 2129 1639 2415 1702; x_wconf 83' lang='lat' dir='ltr'><strong>carentiae,</strong></span> <span class='ocrx_word' id='word_1_439' title='bbox 2458 1652 2556 1693; x_wconf 89' lang='lat' dir='ltr'><strong>seu</strong></span> <span class='ocrx_word' id='word_1_440' title='bbox 2607 1636 2922 1708; x_wconf 86' lang='lat' dir='ltr'><strong>privationi</strong></span> <span class='ocrx_word' id='word_1_441' title='bbox 2961 1635 3162 1709; x_wconf 80' lang='lat' dir='ltr'><strong>gratiae</strong></span> <span class='ocrx_word' id='word_1_442' title='bbox 3190 1641 3313 1708; x_wconf 86' lang='lat' dir='ltr'><strong>post</strong></span> 
     </span>
     <span class='ocr_line' id='line_1_82' title="bbox 1956 1718 3313 1795; baseline -0.001 -18"><span class='ocrx_word' id='word_1_443' title='bbox 1956 1726 2242 1794; x_wconf 89' lang='lat' dir='ltr'><strong>peccatum</strong></span> <span class='ocrx_word' id='word_1_444' title='bbox 2269 1736 2443 1795; x_wconf 87' lang='lat' dir='ltr'><strong>grave</strong></span> <span class='ocrx_word' id='word_1_445' title='bbox 2470 1719 2535 1774; x_wconf 89' lang='lat' dir='ltr'><strong>in</strong></span> <span class='ocrx_word' id='word_1_446' title='bbox 2554 1723 2705 1775; x_wconf 89' lang='lat' dir='ltr'><strong>statu</strong></span> <span class='ocrx_word' id='word_1_447' title='bbox 2735 1734 3016 1791; x_wconf 91' lang='lat' dir='ltr'><strong>purorum</strong></span> <span class='ocrx_word' id='word_1_448' title='bbox 3039 1718 3313 1775; x_wconf 85' lang='lat' dir='ltr'><strong>commis-</strong></span> 
     </span>
     <span class='ocr_line' id='line_1_83' title="bbox 1952 1797 3313 1876; baseline -0.001 -19"><span class='ocrx_word' id='word_1_449' title='bbox 1952 1818 2082 1858; x_wconf 90' lang='lat' dir='ltr'><strong>sum</strong></span> <span class='ocrx_word' id='word_1_450' title='bbox 2115 1818 2290 1876; x_wconf 87' lang='lat' dir='ltr'><strong>:ergo</strong></span> <span class='ocrx_word' id='word_1_451' title='bbox 2324 1802 2568 1866; x_wconf 89' lang='lat' dir='ltr'><strong>macula,</strong></span> <span class='ocrx_word' id='word_1_452' title='bbox 2593 1806 2651 1856; x_wconf 87' lang='lat' dir='ltr'><strong>et</strong></span> <span class='ocrx_word' id='word_1_453' title='bbox 2690 1805 2980 1872; x_wconf 85' lang='lat' dir='ltr'><strong>peccatum</strong></span> <span class='ocrx_word' id='word_1_454' title='bbox 3021 1797 3313 1856; x_wconf 82' lang='lat' dir='ltr'><strong>habituale</strong></span> 
     </span>
     <span class='ocr_line' id='line_1_84' title="bbox 1955 1878 3314 1952; baseline -0.001 -15"><span class='ocrx_word' id='word_1_455' title='bbox 1955 1881 2209 1952; x_wconf 64' lang='lat' dir='ltr'><strong>praedicti</strong></span> <span class='ocrx_word' id='word_1_456' title='bbox 2237 1887 2415 1938; x_wconf 89' lang='lat' dir='ltr'><strong>status</strong></span> <span class='ocrx_word' id='word_1_457' title='bbox 2440 1881 2502 1936; x_wconf 90' lang='grc'><strong>111</strong></span> <span class='ocrx_word' id='word_1_458' title='bbox 2528 1880 2629 1936; x_wconf 84' lang='grc'><strong>1911</strong></span> <span class='ocrx_word' id='word_1_459' title='bbox 2665 1879 2937 1947; x_wconf 88' lang='lat' dir='ltr'><strong>carentia,</strong></span> <span class='ocrx_word' id='word_1_460' title='bbox 2964 1878 3087 1935; x_wconf 85' lang='lat' dir='ltr'><strong>sive</strong></span> <span class='ocrx_word' id='word_1_461' title='bbox 3116 1879 3314 1951; x_wconf 83' lang='lat' dir='ltr'><strong>priva-</strong></span> 
     </span>
     <span class='ocr_line' id='line_1_85' title="bbox 1954 1960 3312 2033; baseline 0.001 -15"><span class='ocrx_word' id='word_1_462' title='bbox 1954 1964 2108 2020; x_wconf 89' lang='lat' dir='ltr'><strong>tione</strong></span> <span class='ocrx_word' id='word_1_463' title='bbox 2135 1962 2482 2020; x_wconf 87' lang='lat' dir='ltr'><strong>consisteret.</strong></span> <span class='ocrx_word' id='word_1_464' title='bbox 2532 1960 2816 2018; x_wconf 91' lang='lat' dir='ltr'><strong>Suadetur</strong></span> <span class='ocrx_word' id='word_1_465' title='bbox 2841 1962 3055 2026; x_wconf 90' lang='lat' dir='ltr'><strong>minor,</strong></span> <span class='ocrx_word' id='word_1_466' title='bbox 3086 1961 3220 2033; x_wconf 91' lang='lat' dir='ltr'><strong>quia</strong></span> <span class='ocrx_word' id='word_1_467' title='bbox 3245 1962 3312 2019; x_wconf 85' lang='lat' dir='ltr'><strong>in</strong></span> 
     </span>
     <span class='ocr_line' id='line_1_86' title="bbox 1956 2042 3307 2118; baseline -0.001 -18"><span class='ocrx_word' id='word_1_468' title='bbox 1956 2044 2160 2117; x_wconf 88' lang='lat' dir='ltr'><strong>primis</strong></span> <span class='ocrx_word' id='word_1_469' title='bbox 2196 2044 2450 2101; x_wconf 87' lang='lat' dir='ltr'><strong>carentia</strong></span> <span class='ocrx_word' id='word_1_470' title='bbox 2477 2044 2684 2118; x_wconf 87' lang='lat' dir='ltr'><strong>gratia,</strong></span> <span class='ocrx_word' id='word_1_471' title='bbox 2729 2042 3020 2114; x_wconf 89' lang='lat' dir='ltr'><strong>supposito</strong></span> <span class='ocrx_word' id='word_1_472' title='bbox 3067 2048 3307 2114; x_wconf 80' lang='lat' dir='ltr'><strong>peccate,</strong></span> 
     </span>
     <span class='ocr_line' id='line_1_87' title="bbox 1954 2121 3306 2197; baseline -0.001 -17"><span class='ocrx_word' id='word_1_473' title='bbox 1954 2140 2072 2181; x_wconf 90' lang='lat' dir='ltr'><strong>non</strong></span> <span class='ocrx_word' id='word_1_474' title='bbox 2094 2123 2327 2180; x_wconf 88' lang='lat' dir='ltr'><strong>haberet</strong></span> <span class='ocrx_word' id='word_1_475' title='bbox 2351 2125 2635 2180; x_wconf 89' lang='lat' dir='ltr'><strong>rationem</strong></span> <span class='ocrx_word' id='word_1_476' title='bbox 2656 2121 2939 2194; x_wconf 87' lang='lat' dir='ltr'><strong>simplicis</strong></span> <span class='ocrx_word' id='word_1_477' title='bbox 2965 2122 3306 2197; x_wconf 85' lang='lat' dir='ltr'><strong>negationis,</strong></span> 
     </span>
     <span class='ocr_line' id='line_1_88' title="bbox 1952 2203 3313 2277; baseline -0.002 -17"><span class='ocrx_word' id='word_1_478' title='bbox 1952 2204 2051 2262; x_wconf 88' lang='lat' dir='ltr'><strong>sed</strong></span> <span class='ocrx_word' id='word_1_479' title='bbox 2077 2208 2223 2261; x_wconf 87' lang='lat' dir='ltr'><strong>esset</strong></span> <span class='ocrx_word' id='word_1_480' title='bbox 2250 2205 2490 2261; x_wconf 85' lang='lat' dir='ltr'><strong>moralis</strong></span> <span class='ocrx_word' id='word_1_481' title='bbox 2518 2203 2766 2275; x_wconf 81' lang='lat' dir='ltr'><strong>privatio</strong></span> <span class='ocrx_word' id='word_1_482' title='bbox 2816 2203 3029 2277; x_wconf 84' lang='lat' dir='ltr'><strong>gratiae,</strong></span> <span class='ocrx_word' id='word_1_483' title='bbox 3061 2253 3064 2256; x_wconf 12' lang='grc' dir='ltr'><strong>Α</strong></span> <span class='ocrx_word' id='word_1_484' title='bbox 3090 2207 3150 2257; x_wconf 85' lang='grc'><strong>111</strong></span> <span class='ocrx_word' id='word_1_485' title='bbox 3197 2217 3313 2258; x_wconf 82' lang='grc'><strong>1111-</strong></span> 
     </span>
     <span class='ocr_line' id='line_1_89' title="bbox 1955 2283 3313 2357; baseline -0.002 -15"><span class='ocrx_word' id='word_1_486' title='bbox 1955 2302 2114 2342; x_wconf 88' lang='lat' dir='ltr'><strong>mero</strong></span> <span class='ocrx_word' id='word_1_487' title='bbox 2136 2284 2477 2357; x_wconf 70' lang='lat' dir='ltr'><strong>praecedenti</strong></span> <span class='ocrx_word' id='word_1_488' title='bbox 2503 2283 2893 2357; x_wconf 86' lang='lat' dir='ltr'><strong>exposuimus.</strong></span> <span class='ocrx_word' id='word_1_489' title='bbox 2923 2285 3138 2338; x_wconf 87' lang='lat' dir='ltr'><strong>Rursus</strong></span> <span class='ocrx_word' id='word_1_490' title='bbox 3168 2298 3313 2353; x_wconf 69' lang='grc'><strong>11199-</strong></span> 
     </span>
     <span class='ocr_line' id='line_1_90' title="bbox 1954 2359 3310 2437; baseline -0.002 -17"><span class='ocrx_word' id='word_1_491' title='bbox 1954 2365 2102 2422; x_wconf 90' lang='lat' dir='ltr'><strong>dicta</strong></span> <span class='ocrx_word' id='word_1_492' title='bbox 2151 2365 2395 2437; x_wconf 90' lang='lat' dir='ltr'><strong>privatio</strong></span> <span class='ocrx_word' id='word_1_493' title='bbox 2421 2370 2566 2422; x_wconf 87' lang='lat' dir='ltr'><strong>esset</strong></span> <span class='ocrx_word' id='word_1_494' title='bbox 2612 2363 2975 2429; x_wconf 84' lang='lat' dir='ltr'><strong>voluntaria;</strong></span> <span class='ocrx_word' id='word_1_495' title='bbox 3023 2359 3310 2433; x_wconf 89' lang='lat' dir='ltr'><strong>siquidem</strong></span> 
     </span>
     <span class='ocr_line' id='line_1_91' title="bbox 1954 2442 3313 2517; baseline -0.003 -16"><span class='ocrx_word' id='word_1_496' title='bbox 1954 2445 2320 2501; x_wconf 89' lang='lat' dir='ltr'><strong>induceretur</strong></span> <span class='ocrx_word' id='word_1_497' title='bbox 2351 2461 2450 2517; x_wconf 91' lang='lat' dir='ltr'><strong>per</strong></span> <span class='ocrx_word' id='word_1_498' title='bbox 2492 2450 2680 2502; x_wconf 88' lang='lat' dir='ltr'><strong>actum</strong></span> <span class='ocrx_word' id='word_1_499' title='bbox 2722 2442 3196 2515; x_wconf 83' lang='lat' dir='ltr'><strong>peccaminosum.</strong></span> <span class='ocrx_word' id='word_1_500' title='bbox 3223 2442 3313 2497; x_wconf 84' lang='lat' dir='ltr'><strong>Ex</strong></span> 
     </span>
     <span class='ocr_line' id='line_1_92' title="bbox 1952 2524 3315 2600; baseline -0.001 -17"><span class='ocrx_word' id='word_1_501' title='bbox 1952 2544 2063 2600; x_wconf 92' lang='lat' dir='ltr'><strong>quo</strong></span> <span class='ocrx_word' id='word_1_502' title='bbox 2090 2527 2170 2592; x_wconf 88' lang='lat' dir='ltr'><strong>fit,</strong></span> <span class='ocrx_word' id='word_1_503' title='bbox 2204 2534 2266 2584; x_wconf 91' lang='lat' dir='ltr'><strong>ut</strong></span> <span class='ocrx_word' id='word_1_504' title='bbox 2296 2543 2412 2584; x_wconf 92' lang='lat' dir='ltr'><strong>non</strong></span> <span class='ocrx_word' id='word_1_505' title='bbox 2441 2533 2621 2600; x_wconf 89' lang='lat' dir='ltr'><strong>posset</strong></span> <span class='ocrx_word' id='word_1_506' title='bbox 2645 2542 2762 2582; x_wconf 90' lang='lat' dir='ltr'><strong>non</strong></span> <span class='ocrx_word' id='word_1_507' title='bbox 2789 2524 3001 2582; x_wconf 88' lang='lat' dir='ltr'><strong>habere</strong></span> <span class='ocrx_word' id='word_1_508' title='bbox 3025 2525 3315 2581; x_wconf 89' lang='lat' dir='ltr'><strong>rationem</strong></span> 
     </span>
     <span class='ocr_line' id='line_1_93' title="bbox 1955 2604 3317 2680; baseline -0.003 -15"><span class='ocrx_word' id='word_1_509' title='bbox 1955 2610 2182 2680; x_wconf 88' lang='lat' dir='ltr'><strong>peccati.</strong></span> <span class='ocrx_word' id='word_1_510' title='bbox 2226 2607 2442 2665; x_wconf 90' lang='lat' dir='ltr'><strong>Deinde</strong></span> <span class='ocrx_word' id='word_1_511' title='bbox 2481 2608 2790 2664; x_wconf 90' lang='lat' dir='ltr'><strong>intrinsece</strong></span> <span class='ocrx_word' id='word_1_512' title='bbox 2834 2605 3083 2662; x_wconf 86' lang='lat' dir='ltr'><strong>afficeret</strong></span> <span class='ocrx_word' id='word_1_513' title='bbox 3120 2604 3317 2661; x_wconf 73' lang='lat' dir='ltr'><strong>homi-</strong></span> 
     </span>
     <span class='ocr_line' id='line_1_94' title="bbox 1955 2683 3314 2761; baseline -0.003 -17"><span class='ocrx_word' id='word_1_514' title='bbox 1955 2704 2087 2744; x_wconf 91' lang='lat' dir='ltr'><strong>nem</strong></span> <span class='ocrx_word' id='word_1_515' title='bbox 2127 2705 2193 2745; x_wconf 90' lang='lat' dir='ltr'><strong>eo</strong></span> <span class='ocrx_word' id='word_1_516' title='bbox 2222 2688 2412 2754; x_wconf 89' lang='lat' dir='ltr'><strong>modo,</strong></span> <span class='ocrx_word' id='word_1_517' title='bbox 2455 2704 2568 2761; x_wconf 92' lang='lat' dir='ltr'><strong>quo</strong></span> <span class='ocrx_word' id='word_1_518' title='bbox 2595 2686 2860 2744; x_wconf 62' lang='lat' dir='ltr'><strong>carentiae</strong></span> <span class='ocrx_word' id='word_1_519' title='bbox 2885 2684 3160 2742; x_wconf 88' lang='lat' dir='ltr'><strong>dicuntur</strong></span> <span class='ocrx_word' id='word_1_520' title='bbox 3188 2683 3314 2741; x_wconf 88' lang='lat' dir='ltr'><strong>affi-</strong></span> 
     </span>
     <span class='ocr_line' id='line_1_95' title="bbox 1952 2763 3316 2843; baseline -0.004 -16"><span class='ocrx_word' id='word_1_521' title='bbox 1952 2785 2079 2827; x_wconf 91' lang='lat' dir='ltr'><strong>cere</strong></span> <span class='ocrx_word' id='word_1_522' title='bbox 2103 2786 2206 2826; x_wconf 89' lang='lat' dir='ltr'><strong>sua</strong></span> <span class='ocrx_word' id='word_1_523' title='bbox 2234 2770 2502 2843; x_wconf 87' lang='lat' dir='ltr'><strong>subjecta.</strong></span> <span class='ocrx_word' id='word_1_524' title='bbox 2529 2767 2785 2825; x_wconf 87' lang='lat' dir='ltr'><strong>Tandem</strong></span> <span class='ocrx_word' id='word_1_525' title='bbox 2812 2772 2956 2823; x_wconf 87' lang='lat' dir='ltr'><strong>esset</strong></span> <span class='ocrx_word' id='word_1_526' title='bbox 2981 2765 3122 2838; x_wconf 88' lang='lat' dir='ltr'><strong>quid</strong></span> <span class='ocrx_word' id='word_1_527' title='bbox 3146 2763 3316 2822; x_wconf 88' lang='lat' dir='ltr'><strong>habi-</strong></span> 
     </span>
     <span class='ocr_line' id='line_1_96' title="bbox 1953 2845 3315 2923; baseline -0.002 -17"><span class='ocrx_word' id='word_1_528' title='bbox 1953 2851 2125 2917; x_wconf 87' lang='lat' dir='ltr'><strong>tuale,</strong></span> <span class='ocrx_word' id='word_1_529' title='bbox 2151 2849 2435 2923; x_wconf 85' lang='lat' dir='ltr'><strong>siquidem</strong></span> <span class='ocrx_word' id='word_1_530' title='bbox 2457 2847 2787 2908; x_wconf 86' lang='lat' dir='ltr'><strong>excluderet</strong></span> <span class='ocrx_word' id='word_1_531' title='bbox 2812 2846 3170 2904; x_wconf 88' lang='lat' dir='ltr'><strong>habitualem</strong></span> <span class='ocrx_word' id='word_1_532' title='bbox 3194 2845 3315 2903; x_wconf 84' lang='lat' dir='ltr'><strong>for-</strong></span> 
     </span>
     <span class='ocr_line' id='line_1_97' title="bbox 1952 2926 3315 3003; baseline -0.002 -16"><span class='ocrx_word' id='word_1_533' title='bbox 1952 2948 2129 2995; x_wconf 88' lang='lat' dir='ltr'><strong>mam,</strong></span> <span class='ocrx_word' id='word_1_534' title='bbox 2155 2933 2244 2988; x_wconf 90' lang='lat' dir='ltr'><strong>cui</strong></span> <span class='ocrx_word' id='word_1_535' title='bbox 2260 2933 2324 2988; x_wconf 90' lang='lat' dir='ltr'><strong>in</strong></span> <span class='ocrx_word' id='word_1_536' title='bbox 2347 2930 2517 2988; x_wconf 93' lang='lat' dir='ltr'><strong>modo</strong></span> <span class='ocrx_word' id='word_1_537' title='bbox 2540 2926 2934 3003; x_wconf 88' lang='lat' dir='ltr'><strong>permanendi,</strong></span> <span class='ocrx_word' id='word_1_538' title='bbox 2952 2932 3008 2984; x_wconf 89' lang='lat' dir='ltr'><strong>et</strong></span> <span class='ocrx_word' id='word_1_539' title='bbox 3031 2926 3315 2984; x_wconf 86' lang='lat' dir='ltr'><strong>afficiendi</strong></span> 
     </span>
     <span class='ocr_line' id='line_1_98' title="bbox 1952 3008 3316 3085; baseline -0.002 -18"><span class='ocrx_word' id='word_1_540' title='bbox 1952 3012 2265 3085; x_wconf 83' lang='lat' dir='ltr'><strong>subJ&#39;ectum</strong></span> <span class='ocrx_word' id='word_1_541' title='bbox 2301 3010 2758 3069; x_wconf 88' lang='lat' dir='ltr'><strong>commensurari</strong></span> <span class='ocrx_word' id='word_1_542' title='bbox 2804 3008 3057 3066; x_wconf 87' lang='lat' dir='ltr'><strong>deberet.</strong></span> <span class='ocrx_word' id='word_1_543' title='bbox 3104 3009 3316 3064; x_wconf 86' lang='lat' dir='ltr'><strong>Omnes</strong></span> 
     </span>
     <span class='ocr_line' id='line_1_99' title="bbox 1953 3087 3317 3168; baseline -0.003 -19"><span class='ocrx_word' id='word_1_544' title='bbox 1953 3094 2129 3168; x_wconf 84' lang='lat' dir='ltr'><strong>igitur</strong></span> <span class='ocrx_word' id='word_1_545' title='bbox 2162 3092 2537 3159; x_wconf 80' lang='lat' dir='ltr'><strong>conditiones,</strong></span> <span class='ocrx_word' id='word_1_546' title='bbox 2569 3107 2693 3165; x_wconf 79' lang='lat' dir='ltr'><strong>quae</strong></span> <span class='ocrx_word' id='word_1_547' title='bbox 2738 3088 2809 3146; x_wconf 91' lang='lat' dir='ltr'><strong>ad</strong></span> <span class='ocrx_word' id='word_1_548' title='bbox 2850 3087 3317 3146; x_wconf 89' lang='lat' dir='ltr'><strong>constituendum</strong></span> 
     </span>
     <span class='ocr_line' id='line_1_100' title="bbox 1955 3170 3314 3247; baseline -0.005 -15"><span class='ocrx_word' id='word_1_549' title='bbox 1955 3182 2241 3247; x_wconf 87' lang='lat' dir='ltr'><strong>peccatum</strong></span> <span class='ocrx_word' id='word_1_550' title='bbox 2261 3174 2552 3231; x_wconf 89' lang='lat' dir='ltr'><strong>habituale</strong></span> <span class='ocrx_word' id='word_1_551' title='bbox 2568 3171 2917 3236; x_wconf 88' lang='lat' dir='ltr'><strong>desiderant,</strong></span> <span class='ocrx_word' id='word_1_552' title='bbox 2934 3170 3314 3227; x_wconf 85' lang='lat' dir='ltr'><strong>convenirent</strong></span> 
     </span>
     <span class='ocr_line' id='line_1_101' title="bbox 1951 3251 3318 3327; baseline -0.004 -16"><span class='ocrx_word' id='word_1_553' title='bbox 1951 3256 2237 3323; x_wconf 84' lang='lat' dir='ltr'><strong>carentiae,</strong></span> <span class='ocrx_word' id='word_1_554' title='bbox 2259 3271 2357 3312; x_wconf 90' lang='lat' dir='ltr'><strong>seu</strong></span> <span class='ocrx_word' id='word_1_555' title='bbox 2389 3251 2700 3327; x_wconf 90' lang='lat' dir='ltr'><strong>privationi</strong></span> <span class='ocrx_word' id='word_1_556' title='bbox 2715 3251 3064 3327; x_wconf 80' lang='lat' dir='ltr'><strong>gratiae,quae</strong></span> <span class='ocrx_word' id='word_1_557' title='bbox 3085 3266 3156 3307; x_wconf 88' lang='lat' dir='ltr'><strong>ex</strong></span> <span class='ocrx_word' id='word_1_558' title='bbox 3187 3264 3318 3322; x_wconf 82' lang='lat' dir='ltr'><strong>peo-</strong></span> 
     </span>
     <span class='ocr_line' id='line_1_102' title="bbox 1950 3331 3318 3406; baseline -0.001 -14"><span class='ocrx_word' id='word_1_559' title='bbox 1950 3342 2075 3392; x_wconf 90' lang='lat' dir='ltr'><strong>cato</strong></span> <span class='ocrx_word' id='word_1_560' title='bbox 2085 3336 2314 3392; x_wconf 87' lang='lat' dir='ltr'><strong>mortali</strong></span> <span class='ocrx_word' id='word_1_561' title='bbox 2335 3336 2397 3391; x_wconf 91' lang='lat' dir='ltr'><strong>in</strong></span> <span class='ocrx_word' id='word_1_562' title='bbox 2417 3339 2565 3390; x_wconf 86' lang='lat' dir='ltr'><strong>statu</strong></span> <span class='ocrx_word' id='word_1_563' title='bbox 2580 3348 2858 3406; x_wconf 90' lang='lat' dir='ltr'><strong>purorum</strong></span> <span class='ocrx_word' id='word_1_564' title='bbox 2876 3331 3318 3403; x_wconf 89' lang='lat' dir='ltr'><strong>relinqueretur.</strong></span> 
     </span>
    </p>

    <p class='ocr_par' dir='ltr' id='par_1_18' title="bbox 1951 3410 3374 4949">
     <span class='ocr_line' id='line_1_103' title="bbox 2026 3410 3319 3485; baseline -0.002 -15"><span class='ocrx_word' id='word_1_565' title='bbox 2026 3415 2110 3471; x_wconf 86' lang='lat' dir='ltr'><strong>Ad</strong></span> <span class='ocrx_word' id='word_1_566' title='bbox 2133 3417 2248 3472; x_wconf 78' lang='lat' dir='ltr'><strong>haec</strong></span> <span class='ocrx_word' id='word_1_567' title='bbox 2274 3438 2287 3472; x_wconf 87' lang='lat'><strong>:</strong></span> <span class='ocrx_word' id='word_1_568' title='bbox 2319 3416 2561 3479; x_wconf 88' lang='lat' dir='ltr'><strong>macula,</strong></span> <span class='ocrx_word' id='word_1_569' title='bbox 2587 3430 2686 3470; x_wconf 91' lang='lat' dir='ltr'><strong>seu</strong></span> <span class='ocrx_word' id='word_1_570' title='bbox 2709 3417 2996 3485; x_wconf 89' lang='lat' dir='ltr'><strong>peccatum</strong></span> <span class='ocrx_word' id='word_1_571' title='bbox 3025 3410 3319 3467; x_wconf 90' lang='lat' dir='ltr'><strong>habituale</strong></span> 
     </span>
     <span class='ocr_line' id='line_1_104' title="bbox 1952 3492 3318 3565; baseline -0.004 -14"><span class='ocrx_word' id='word_1_572' title='bbox 1952 3496 2209 3552; x_wconf 88' lang='lat' dir='ltr'><strong>consistit</strong></span> <span class='ocrx_word' id='word_1_573' title='bbox 2247 3497 2310 3552; x_wconf 90' lang='lat' dir='ltr'><strong>in</strong></span> <span class='ocrx_word' id='word_1_574' title='bbox 2350 3511 2418 3552; x_wconf 92' lang='lat' dir='ltr'><strong>eo</strong></span> <span class='ocrx_word' id='word_1_575' title='bbox 2446 3495 2620 3560; x_wconf 86' lang='lat' dir='ltr'><strong>ma10‚</strong></span> <span class='ocrx_word' id='word_1_576' title='bbox 2650 3492 2800 3565; x_wconf 90' lang='lat' dir='ltr'><strong>quod</strong></span> <span class='ocrx_word' id='word_1_577' title='bbox 2838 3497 2923 3549; x_wconf 89' lang='lat' dir='ltr'><strong>est</strong></span> <span class='ocrx_word' id='word_1_578' title='bbox 2966 3492 3318 3565; x_wconf 63' lang='lat' dir='ltr'><strong>praecipuum</strong></span> 
     </span>
     <span class='ocr_line' id='line_1_105' title="bbox 1953 3572 3319 3650; baseline -0.001 -19"><span class='ocrx_word' id='word_1_579' title='bbox 1953 3575 2105 3632; x_wconf 89' lang='lat' dir='ltr'><strong>inter</strong></span> <span class='ocrx_word' id='word_1_580' title='bbox 2142 3593 2228 3643; x_wconf 91' lang='lat' dir='ltr'><strong>ea,</strong></span> <span class='ocrx_word' id='word_1_581' title='bbox 2258 3593 2382 3650; x_wconf 76' lang='lat' dir='ltr'><strong>quae</strong></span> <span class='ocrx_word' id='word_1_582' title='bbox 2407 3592 2478 3633; x_wconf 91' lang='lat' dir='ltr'><strong>ex</strong></span> <span class='ocrx_word' id='word_1_583' title='bbox 2507 3579 2728 3647; x_wconf 86' lang='lat' dir='ltr'><strong>peccato</strong></span> <span class='ocrx_word' id='word_1_584' title='bbox 2756 3573 2964 3629; x_wconf 89' lang='lat' dir='ltr'><strong>actuali</strong></span> <span class='ocrx_word' id='word_1_585' title='bbox 2988 3573 3053 3629; x_wconf 90' lang='lat' dir='ltr'><strong>in</strong></span> <span class='ocrx_word' id='word_1_586' title='bbox 3081 3572 3319 3629; x_wconf 85' lang='lat' dir='ltr'><strong>bomine</strong></span> 
     </span>
     <span class='ocr_line' id='line_1_106' title="bbox 1953 3654 3316 3729; baseline -0.004 -16"><span class='ocrx_word' id='word_1_587' title='bbox 1953 3657 2361 3729; x_wconf 86' lang='lat' dir='ltr'><strong>relinquuntur</strong></span> <span class='ocrx_word' id='word_1_588' title='bbox 2394 3677 2407 3712; x_wconf 78' lang='grc' dir='ltr'><strong><em>ε</em></strong></span> <span class='ocrx_word' id='word_1_589' title='bbox 2455 3654 2561 3713; x_wconf 87' lang='lat' dir='ltr'><strong>sed</strong></span> <span class='ocrx_word' id='word_1_590' title='bbox 2615 3654 2861 3727; x_wconf 88' lang='lat' dir='ltr'><strong>privatio</strong></span> <span class='ocrx_word' id='word_1_591' title='bbox 2909 3655 3109 3727; x_wconf 71' lang='lat' dir='ltr'><strong>gratim</strong></span> <span class='ocrx_word' id='word_1_592' title='bbox 3169 3656 3316 3708; x_wconf 89' lang='lat' dir='ltr'><strong>esset</strong></span> 
     </span>
     <span class='ocr_line' id='line_1_107' title="bbox 1953 3734 3313 3811; baseline -0.005 -17"><span class='ocrx_word' id='word_1_593' title='bbox 1953 3740 2172 3795; x_wconf 89' lang='lat' dir='ltr'><strong>malum</strong></span> <span class='ocrx_word' id='word_1_594' title='bbox 2216 3734 2563 3811; x_wconf 74' lang='lat' dir='ltr'><strong>praecipuum</strong></span> <span class='ocrx_word' id='word_1_595' title='bbox 2592 3736 2743 3792; x_wconf 89' lang='lat' dir='ltr'><strong>inter</strong></span> <span class='ocrx_word' id='word_1_596' title='bbox 2770 3751 2856 3802; x_wconf 90' lang='lat' dir='ltr'><strong>ea,</strong></span> <span class='ocrx_word' id='word_1_597' title='bbox 2883 3751 3008 3808; x_wconf 84' lang='lat' dir='ltr'><strong>quae</strong></span> <span class='ocrx_word' id='word_1_598' title='bbox 3030 3734 3313 3804; x_wconf 66' lang='lat' dir='ltr'><strong>reunque-</strong></span> 
     </span>
     <span class='ocr_line' id='line_1_108' title="bbox 1955 3816 3314 3893; baseline -0.005 -18"><span class='ocrx_word' id='word_1_599' title='bbox 1955 3825 2155 3876; x_wconf 91' lang='lat' dir='ltr'><strong>rentur</strong></span> <span class='ocrx_word' id='word_1_600' title='bbox 2180 3836 2250 3876; x_wconf 84' lang='lat' dir='ltr'><strong>ex</strong></span> <span class='ocrx_word' id='word_1_601' title='bbox 2280 3825 2500 3892; x_wconf 90' lang='lat' dir='ltr'><strong>peccato</strong></span> <span class='ocrx_word' id='word_1_602' title='bbox 2537 3819 2700 3893; x_wconf 90' lang='lat' dir='ltr'><strong>gravi</strong></span> <span class='ocrx_word' id='word_1_603' title='bbox 2731 3816 3036 3874; x_wconf 87' lang='lat' dir='ltr'><strong>commisso</strong></span> <span class='ocrx_word' id='word_1_604' title='bbox 3064 3816 3124 3870; x_wconf 91' lang='lat' dir='ltr'><strong>in</strong></span> <span class='ocrx_word' id='word_1_605' title='bbox 3163 3818 3314 3869; x_wconf 60' lang='lat' dir='ltr'><strong>statu</strong></span> 
     </span>
     <span class='ocr_line' id='line_1_109' title="bbox 1955 3896 3318 3974; baseline -0.003 -19"><span class='ocrx_word' id='word_1_606' title='bbox 1955 3917 2274 3973; x_wconf 87' lang='lat' dir='ltr'><strong>purorum:</strong></span> <span class='ocrx_word' id='word_1_607' title='bbox 2324 3917 2461 3974; x_wconf 90' lang='lat' dir='ltr'><strong>ergo</strong></span> <span class='ocrx_word' id='word_1_608' title='bbox 2503 3906 2792 3973; x_wconf 90' lang='lat' dir='ltr'><strong>peccatum</strong></span> <span class='ocrx_word' id='word_1_609' title='bbox 2835 3896 3128 3954; x_wconf 88' lang='lat' dir='ltr'><strong>habituale</strong></span> <span class='ocrx_word' id='word_1_610' title='bbox 3170 3909 3318 3967; x_wconf 79' lang='lat' dir='ltr'><strong>prae-</strong></span> 
     </span>
     <span class='ocr_line' id='line_1_110' title="bbox 1953 3974 3319 4051; baseline -0.004 -16"><span class='ocrx_word' id='word_1_611' title='bbox 1953 3979 2088 4036; x_wconf 88' lang='lat' dir='ltr'><strong>dicti</strong></span> <span class='ocrx_word' id='word_1_612' title='bbox 2109 3986 2288 4036; x_wconf 90' lang='lat' dir='ltr'><strong>status</strong></span> <span class='ocrx_word' id='word_1_613' title='bbox 2311 3981 2644 4037; x_wconf 87' lang='lat' dir='ltr'><strong>consisteret</strong></span> <span class='ocrx_word' id='word_1_614' title='bbox 2671 3979 2733 4035; x_wconf 93' lang='lat' dir='ltr'><strong>in</strong></span> <span class='ocrx_word' id='word_1_615' title='bbox 2762 3975 3090 4051; x_wconf 86' lang='lat' dir='ltr'><strong>hujusmodi</strong></span> <span class='ocrx_word' id='word_1_616' title='bbox 3118 3974 3319 4049; x_wconf 81' lang='lat' dir='ltr'><strong>gratiae</strong></span> 
     </span>
     <span class='ocr_line' id='line_1_111' title="bbox 1955 4056 3319 4134; baseline -0.004 -18"><span class='ocrx_word' id='word_1_617' title='bbox 1955 4061 2295 4134; x_wconf 88' lang='lat' dir='ltr'><strong>privatione.</strong></span> <span class='ocrx_word' id='word_1_618' title='bbox 2324 4059 2603 4116; x_wconf 88' lang='lat' dir='ltr'><strong>Suadetur</strong></span> <span class='ocrx_word' id='word_1_619' title='bbox 2643 4060 2858 4124; x_wconf 89' lang='lat' dir='ltr'><strong>minor,</strong></span> <span class='ocrx_word' id='word_1_620' title='bbox 2907 4056 3046 4129; x_wconf 87' lang='lat' dir='ltr'><strong>quia</strong></span> <span class='ocrx_word' id='word_1_621' title='bbox 3070 4072 3141 4112; x_wconf 87' lang='lat' dir='ltr'><strong>ex</strong></span> <span class='ocrx_word' id='word_1_622' title='bbox 3188 4070 3319 4127; x_wconf 88' lang='lat' dir='ltr'><strong>pec-</strong></span> 
     </span>
     <span class='ocr_line' id='line_1_112' title="bbox 1952 4130 3374 4212; baseline -0.004 -15"><span class='ocrx_word' id='word_1_623' title='bbox 1952 4146 2075 4198; x_wconf 89' lang='lat' dir='ltr'><strong>cato</strong></span> <span class='ocrx_word' id='word_1_624' title='bbox 2120 4142 2327 4197; x_wconf 87' lang='lat' dir='ltr'><strong>actuali</strong></span> <span class='ocrx_word' id='word_1_625' title='bbox 2377 4140 2629 4212; x_wconf 80' lang='lat' dir='ltr'><strong>praedicti</strong></span> <span class='ocrx_word' id='word_1_626' title='bbox 2667 4144 2848 4196; x_wconf 87' lang='lat' dir='ltr'><strong>status</strong></span> <span class='ocrx_word' id='word_1_627' title='bbox 2891 4136 3321 4211; x_wconf 73' lang='lat' dir='ltr'><strong>relinqueretur</strong></span> <span class='ocrx_word' id='word_1_628' title='bbox 3365 4130 3374 4139; x_wconf 86' lang='lat'>&#39;</span> 
     </span>
     <span class='ocr_line' id='line_1_113' title="bbox 1952 4213 3323 4285; baseline -0.003 -9"><span class='ocrx_word' id='word_1_629' title='bbox 1952 4225 2008 4277; x_wconf 90' lang='lat' dir='ltr'><strong>et</strong></span> <span class='ocrx_word' id='word_1_630' title='bbox 2026 4220 2279 4277; x_wconf 88' lang='lat' dir='ltr'><strong>carentia</strong></span> <span class='ocrx_word' id='word_1_631' title='bbox 2297 4218 2655 4276; x_wconf 88' lang='lat' dir='ltr'><strong>rectitudinis</strong></span> <span class='ocrx_word' id='word_1_632' title='bbox 2672 4217 2973 4285; x_wconf 90' lang='lat' dir='ltr'><strong>naturalis,</strong></span> <span class='ocrx_word' id='word_1_633' title='bbox 2994 4222 3049 4272; x_wconf 90' lang='lat' dir='ltr'><strong>et</strong></span> <span class='ocrx_word' id='word_1_634' title='bbox 3063 4213 3323 4272; x_wconf 81' lang='lat' dir='ltr'><strong>carentia</strong></span> 
     </span>
     <span class='ocr_line' id='line_1_114' title="bbox 1954 4300 3320 4373; baseline -0.005 -16"><span class='ocrx_word' id='word_1_635' title='bbox 1954 4301 2311 4359; x_wconf 89' lang='lat' dir='ltr'><strong>rectitudinis</strong></span> <span class='ocrx_word' id='word_1_636' title='bbox 2337 4300 2796 4373; x_wconf 89' lang='lat' dir='ltr'><strong>supernaturalis</strong></span> <span class='ocrx_word' id='word_1_637' title='bbox 2821 4323 2835 4365; x_wconf 90' lang='lat'>;</span> <span class='ocrx_word' id='word_1_638' title='bbox 2867 4313 3004 4354; x_wconf 92' lang='lat' dir='ltr'><strong>nam</strong></span> <span class='ocrx_word' id='word_1_639' title='bbox 3029 4300 3320 4369; x_wconf 88' lang='lat' dir='ltr'><strong>peccatum</strong></span> 
     </span>
     <span class='ocr_line' id='line_1_115' title="bbox 1951 4378 3324 4457; baseline -0.004 -19"><span class='ocrx_word' id='word_1_640' title='bbox 1951 4398 2127 4457; x_wconf 90' lang='lat' dir='ltr'><strong>grave</strong></span> <span class='ocrx_word' id='word_1_641' title='bbox 2167 4387 2464 4456; x_wconf 88' lang='lat' dir='ltr'><strong>utramque</strong></span> <span class='ocrx_word' id='word_1_642' title='bbox 2487 4380 2890 4439; x_wconf 90' lang='lat' dir='ltr'><strong>rectitudinem</strong></span> <span class='ocrx_word' id='word_1_643' title='bbox 2917 4378 3116 4444; x_wconf 88' lang='lat' dir='ltr'><strong>violat,</strong></span> <span class='ocrx_word' id='word_1_644' title='bbox 3145 4381 3204 4432; x_wconf 89' lang='lat' dir='ltr'><strong>et</strong></span> <span class='ocrx_word' id='word_1_645' title='bbox 3227 4391 3324 4433; x_wconf 81' lang='lat' dir='ltr'><strong>ex·</strong></span> 
     </span>
     <span class='ocr_line' id='line_1_116' title="bbox 1954 4462 3322 4539; baseline -0.004 -19"><span class='ocrx_word' id='word_1_646' title='bbox 1954 4463 2131 4521; x_wconf 87' lang='lat' dir='ltr'><strong>cludit</strong></span> <span class='ocrx_word' id='word_1_647' title='bbox 2158 4485 2171 4520; x_wconf 91' lang='lat'>:</span> <span class='ocrx_word' id='word_1_648' title='bbox 2213 4463 2311 4521; x_wconf 89' lang='lat' dir='ltr'><strong>sed</strong></span> <span class='ocrx_word' id='word_1_649' title='bbox 2344 4466 2528 4521; x_wconf 90' lang='lat' dir='ltr'><strong>multo</strong></span> <span class='ocrx_word' id='word_1_650' title='bbox 2546 4463 2781 4539; x_wconf 90' lang='lat' dir='ltr'><strong>gravius</strong></span> <span class='ocrx_word' id='word_1_651' title='bbox 2809 4462 3031 4519; x_wconf 87' lang='lat' dir='ltr'><strong>malum</strong></span> <span class='ocrx_word' id='word_1_652' title='bbox 3051 4465 3199 4516; x_wconf 88' lang='lat' dir='ltr'><strong>esset</strong></span> <span class='ocrx_word' id='word_1_653' title='bbox 3223 4473 3322 4515; x_wconf 90' lang='lat' dir='ltr'><strong>ca-</strong></span> 
     </span>
     <span class='ocr_line' id='line_1_117' title="bbox 1956 4543 3322 4619; baseline -0.004 -17"><span class='ocrx_word' id='word_1_654' title='bbox 1956 4547 2143 4603; x_wconf 90' lang='lat' dir='ltr'><strong>rentia</strong></span> <span class='ocrx_word' id='word_1_655' title='bbox 2196 4546 2557 4604; x_wconf 89' lang='lat' dir='ltr'><strong>rectitudinis</strong></span> <span class='ocrx_word' id='word_1_656' title='bbox 2609 4543 3090 4619; x_wconf 83' lang='lat' dir='ltr'><strong>supernaturalis,</strong></span> <span class='ocrx_word' id='word_1_657' title='bbox 3146 4555 3322 4614; x_wconf 90' lang='lat' dir='ltr'><strong>quam</strong></span> 
     </span>
     <span class='ocr_line' id='line_1_118' title="bbox 1953 4622 3320 4697; baseline -0.004 -12"><span class='ocrx_word' id='word_1_658' title='bbox 1953 4628 2208 4685; x_wconf 87' lang='lat' dir='ltr'><strong>carentia</strong></span> <span class='ocrx_word' id='word_1_659' title='bbox 2250 4628 2612 4685; x_wconf 89' lang='lat' dir='ltr'><strong>rectitudinis</strong></span> <span class='ocrx_word' id='word_1_660' title='bbox 2658 4627 2941 4683; x_wconf 87' lang='lat' dir='ltr'><strong>naturalis</strong></span> <span class='ocrx_word' id='word_1_661' title='bbox 2966 4649 2980 4693; x_wconf 80' lang='lat'><em>3</em></span> <span class='ocrx_word' id='word_1_662' title='bbox 3034 4622 3320 4697; x_wconf 88' lang='lat' dir='ltr'><strong>siquidem</strong></span> 
     </span>
     <span class='ocr_line' id='line_1_119' title="bbox 1955 4704 3325 4777; baseline -0.003 -13"><span class='ocrx_word' id='word_1_663' title='bbox 1955 4709 2059 4765; x_wconf 90' lang='lat' dir='ltr'><strong>illa</strong></span> <span class='ocrx_word' id='word_1_664' title='bbox 2088 4708 2364 4766; x_wconf 89' lang='lat' dir='ltr'><strong>rectitudo</strong></span> <span class='ocrx_word' id='word_1_665' title='bbox 2389 4715 2475 4766; x_wconf 87' lang='lat' dir='ltr'><strong>est</strong></span> <span class='ocrx_word' id='word_1_666' title='bbox 2496 4709 2679 4765; x_wconf 91' lang='lat' dir='ltr'><strong>multo</strong></span> <span class='ocrx_word' id='word_1_667' title='bbox 2705 4707 3096 4772; x_wconf 84' lang='lat' dir='ltr'><strong>excellentior,</strong></span> <span class='ocrx_word' id='word_1_668' title='bbox 3123 4711 3181 4761; x_wconf 90' lang='lat' dir='ltr'><strong>et</strong></span> <span class='ocrx_word' id='word_1_669' title='bbox 3208 4704 3325 4777; x_wconf 91' lang='lat' dir='ltr'><strong>pri-</strong></span> 
     </span>
     <span class='ocr_line' id='line_1_120' title="bbox 1954 4786 3321 4865; baseline -0.002 -19"><span class='ocrx_word' id='word_1_670' title='bbox 1954 4790 2213 4847; x_wconf 88' lang='lat' dir='ltr'><strong>vationes</strong></span> <span class='ocrx_word' id='word_1_671' title='bbox 2241 4792 2575 4865; x_wconf 88' lang='lat' dir='ltr'><strong>regulantur</strong></span> <span class='ocrx_word' id='word_1_672' title='bbox 2603 4805 2704 4862; x_wconf 89' lang='lat' dir='ltr'><strong>per</strong></span> <span class='ocrx_word' id='word_1_673' title='bbox 2748 4789 2965 4846; x_wconf 85' lang='lat' dir='ltr'><strong>formas</strong></span> <span class='ocrx_word' id='word_1_674' title='bbox 2991 4786 3321 4861; x_wconf 83' lang='lat' dir='ltr'><strong>oppositas:</strong></span> 
     </span>
     <span class='ocr_line' id='line_1_121' title="bbox 1953 4870 3323 4949; baseline -0.004 -19"><span class='ocrx_word' id='word_1_675' title='bbox 1953 4888 2089 4947; x_wconf 90' lang='lat' dir='ltr'><strong>ergo</strong></span> <span class='ocrx_word' id='word_1_676' title='bbox 2106 4872 2353 4945; x_wconf 89' lang='lat' dir='ltr'><strong>privatio</strong></span> <span class='ocrx_word' id='word_1_677' title='bbox 2367 4874 2567 4949; x_wconf 78' lang='lat' dir='ltr'><strong>gratiae</strong></span> <span class='ocrx_word' id='word_1_678' title='bbox 2576 4877 2721 4929; x_wconf 90' lang='lat' dir='ltr'><strong>esset</strong></span> <span class='ocrx_word' id='word_1_679' title='bbox 2736 4871 3087 4944; x_wconf 83' lang='lat' dir='ltr'><strong>praecipuum</strong></span> <span class='ocrx_word' id='word_1_680' title='bbox 3098 4870 3323 4926; x_wconf 89' lang='lat' dir='ltr'><strong>malum</strong></span> 
     </span>
    </p>
   </div>
   <div class='ocr_carea' id='block_1_16' title="bbox 1955 4950 3326 5160">
    <p class='ocr_par' dir='ltr' id='par_1_19' title="bbox 1955 4950 3326 5160">
     <span class='ocr_line' id='line_1_122' title="bbox 1955 4950 3324 5028; baseline -0.003 -17"><span class='ocrx_word' id='word_1_681' title='bbox 1955 4955 2109 5011; x_wconf 90' lang='lat' dir='ltr'><strong>inter</strong></span> <span class='ocrx_word' id='word_1_682' title='bbox 2147 4969 2234 5019; x_wconf 89' lang='lat' dir='ltr'><strong>ea,</strong></span> <span class='ocrx_word' id='word_1_683' title='bbox 2269 4971 2393 5028; x_wconf 82' lang='lat' dir='ltr'><strong>quae</strong></span> <span class='ocrx_word' id='word_1_684' title='bbox 2430 4972 2502 5013; x_wconf 88' lang='lat' dir='ltr'><strong>ex</strong></span> <span class='ocrx_word' id='word_1_685' title='bbox 2542 4960 2667 5010; x_wconf 88' lang='lat' dir='ltr'><strong>actu</strong></span> <span class='ocrx_word' id='word_1_686' title='bbox 2695 4953 2905 5026; x_wconf 90' lang='lat' dir='ltr'><strong>peccati</strong></span> <span class='ocrx_word' id='word_1_687' title='bbox 2931 4951 3226 5010; x_wconf 90' lang='lat' dir='ltr'><strong>commissi</strong></span> <span class='ocrx_word' id='word_1_688' title='bbox 3260 4950 3324 5007; x_wconf 89' lang='lat' dir='ltr'><strong>in</strong></span> 
     </span>
     <span class='ocr_line' id='line_1_123' title="bbox 1955 5029 3259 5159; baseline -0.002 -73"><span class='ocrx_word' id='word_1_689' title='bbox 1955 5034 2104 5086; x_wconf 87' lang='lat' dir='ltr'><strong>statu</strong></span> <span class='ocrx_word' id='word_1_690' title='bbox 2133 5044 2414 5102; x_wconf 90' lang='lat' dir='ltr'><strong>purorum</strong></span> <span class='ocrx_word' id='word_1_691' title='bbox 2442 5029 2927 5101; x_wconf 84' lang='lat' dir='ltr'><strong>relinquerentur.</strong></span> <span class='ocrx_word' id='word_1_692' title='bbox 3209 5105 3259 5159; x_wconf 74' lang='lat' dir='ltr'>N</span> 
     </span>
     <span class='ocr_line' id='line_1_124' title="bbox 3260 5117 3326 5160; baseline 0 0"><span class='ocrx_word' id='word_1_693' title='bbox 3260 5117 3326 5160; x_wconf 87' lang='lat' dir='ltr'><strong>ec</strong></span> 
     </span>
    </p>
   </div>
  </div>
 </body>
</html>
