3647 5753
548 300 681 402 ‘700'

506 540 511 545 ·
543 513 755 581 mium,
780 512 929 588 quod
954 513 1028 568 sit
1075 511 1290 568 bonum
1318 508 1657 584 simpliciter
1686 526 1699 562 ε
1729 508 1911 566 meri-

546 601 672 651 tum
701 611 840 652 vero
881 594 1030 668 apud
1060 593 1346 658 homines,
1379 596 1572 664 utpote
1602 590 1912 663 respiciens

544 682 824 750 tanquam
868 676 1172 750 praemium
1218 676 1408 731 solum
1439 674 1656 730 bonum
1698 678 1914 744 tempo-

522 758 690 824 ‘rale,
721 764 777 814 et
829 757 1140 814 secundum
1169 754 1326 828 quid,
1372 755 1560 828 potius
1603 752 1911 810 dicendum

548 845 634 898 est
660 841 937 897 meritum
961 838 1274 896 secundum
1296 837 1453 911 quid.
1480 838 1547 891 Et
1562 836 1666 892 hac
1691 836 1914 893 ratione

549 924 1306 997 communisTheologorum
1336 938 1469 977 usus
1492 918 1791 977 attendens
1820 934 1916 991 po-

550 1005 666 1060 tius
689 1003 759 1060 ad
789 1006 1112 1077 praemium,
1144 1001 1293 1077 quod
1339 1002 1649 1073 unicuique
1675 1016 1745 1056 ex
1773 1013 1915 1072 prae-

551 1084 719 1141 dictis
746 1085 973 1142 meritis
1011 1084 1269 1149 debetur,
1302 1099 1473 1156 quam
1498 1081 1566 1138 ad
1588 1095 1792 1137 eorum
1817 1095 1914 1135 ra-

550 1163 739 1222 tiones
788 1165 1062 1222 formales
1088 1209 1099 1227 .
1141 1163 1263 1237 jam
1309 1162 1577 1228 obtinuit,
1631 1166 1692 1217 ut
1722 1160 1913 1218 solum

552 1245 827 1302 meritum
857 1245 1007 1318 apud
1030 1246 1209 1302 Deum
1228 1260 1327 1317 per
1349 1243 1830 1308 antonomasiam,
1859 1245 1916 1297 et

550 1328 954 1386 excellentiam
982 1326 1205 1383 dicatur
1232 1327 1505 1383 meritum
1554 1322 1828 1389 absolute,
1860 1327 1917 1379 et

552 1408 895 1482 simpliciter
923 1433 936 1475 ;
966 1409 1241 1464 meritum
1290 1423 1427 1465 vero
1455 1408 1609 1464 inter
1650 1404 1917 1462 homines

555 1490 876 1563 appelletur
904 1505 1033 1545 cum
1075 1487 1267 1544 addito
1293 1489 1569 1545 meritum
1610 1488 1789 1553 civile,
1821 1485 1916 1542 vel

554 1570 896 1637 humanum,
932 1575 1027 1624 aut
1049 1570 1322 1625 meritum
1354 1568 1815 1659 interJiomineS.

629 1650 742 1706 Per
767 1646 916 1722 quod
940 1651 1091 1720 patet
1136 1650 1275 1704 satis
1323 1646 1392 1704 ad
1424 1648 1776 1721 propositam
1809 1643 1916 1704 ob-

549 1728 855 1803 jectionem
888 1753 903 1796 ;
953 1744 1089 1784 nam
1145 1728 1396 1785 admissa
1451 1729 1661 1802 majori
1730 1724 1916 1800 quoad

556 1809 807 1883 primam
830 1815 1069 1882 partem,
1104 1808 1363 1883 neganda
1390 1815 1473 1866 est
1498 1807 1684 1881 quoad
1711 1823 1918 1865 secun-

553 1888 688 1946 dam
717 1913 730 1956 ;
764 1904 879 1945 non
908 1888 1067 1945 enim
1091 1889 1366 1945 meritum
1391 1887 1541 1961 apud
1573 1891 1750 1945 Deum
1779 1887 1918 1943 dici-

553 1976 649 2025 tur
671 1968 944 2024 meritum
974 1968 1338 2040 simpliciter,
1364 1969 1498 2042 quia
1520 1967 1612 2024 illi
1637 1967 1911 2033 absolute,

554 2057 611 2109 et
629 2051 739 2106 sim
749 2051 971 2123 pliciter
993 2052 1296 2108 conveniat
1313 2051 1457 2108 ratio
1472 2052 1688 2116 meriti,
1711 2065 1918 2124 nempe

548 2135 643 2208 jus
691 2132 761 2189 ad
803 2133 1111 2205 praemium
1139 2158 1154 2201 ;
1207 2133 1306 2191 sed
1362 2139 1593 2206 propter
1634 2134 1917 2191 rationem

553 2213 726 2272 modo
747 2213 977 2271 dictam.
1013 2213 1177 2271 Unde
1199 2214 1450 2270 admissa
1474 2214 1650 2272 etiam
1698 2214 1916 2270 minori

550 2297 736 2369 (juxta
781 2295 929 2351 hanc
976 2295 1348 2368 posteriorem
1395 2296 1766 2367 solutionem)
1810 2311 1919 2354 ne-

553 2375 743 2450 ganda
768 2380 853 2430 est
880 2373 1137 2432 absolute
1156 2377 1578 2448 consequentia.

1036 2554 1350 2597 ARTICULUS
1378 2556 1434 2596 11.

560 2659 705 2713 Utrum
728 2670 887 2723 aliqum
911 2669 1005 2710 sine
1029 2668 1171 2720 qratia
1192 2668 1330 2720 possit
1354 2667 1511 2711 mereri·
1535 2669 1665 2711 vitam
1688 2672 1919 2712 aeternam?

602 2805 671 2850 Ad
694 2806 919 2850 secundum
948 2804 1011 2847 sic
1037 2803 1289 2855 proceditur.
1312 2805 1502 2850 Videtur.
1522 2804 1631 2857 quod
1648 2805 1800 2858 aliquis
1826 2804 1920 2850 sine

514 2905 517 2906 a
555 2862 687 2914 gratia
703 2860 833 2914 possit
853 2860 1000 2905 mereri
1022 2865 1147 2901 vitam
1165 2864 1357 2903 :uternam
1374 2879 1386 2910 ;
1406 2859 1509 2903 iliud
1528 2858 1639 2904 enim
1654 2860 1773 2904 bomo
1791 2870 1814 2904 a
1828 2861 1920 2905 Deo

555 2924 749 2966 meretur.
767 2917 821 2959 ad
840 2916 949 2969 quod
975 2915 1178 2975 divinitus
1194 2915 1424 2964 ordinatur,
1439 2916 1543 2959 sicut
1563 2916 1717 2960 dictum
1734 2923 1798 2961 est
1813 2936 1825 2959 .·
1843 2917 1920 2961 sed

554 2975 676 3019 homo
706 2976 929 3019 secuudum
956 2986 1069 3018 suam
1100 2980 1285 3018 naturam
1315 2975 1530 3018 ordinatur
1547 2975 1600 3018 ad
1620 2975 1921 3020 beatitudinem

554 3033 661 3076 sicut
690 3033 741 3076 ad
763 3035 898 3082 tinem,
920 3033 1028 3076 unde
1058 3033 1182 3075 etiam
1202 3032 1446 3075 naturaiiter
1461 3031 1614 3084 appetit
1631 3042 1726 3076 esse
1742 3037 1888 3077 beatus
1906 3053 1918 3077 ε

554 3100 656 3142 ergo
683 3088 802 3131 bomo
830 3099 903 3142 per
930 3100 1002 3132 sua
1036 3088 1251 3138 naturalia.
1282 3089 1437 3143 absque
1468 3089 1597 3142 gratia
1616 3090 1766 3133 mereri
1786 3096 1922 3143 potest

556 3145 872 3194 beatitudinem.
893 3157 983 3199 quai
1001 3152 1063 3189 est
1084 3152 1166 3190 vita
1185 3150 1354 3189 aiterua.

606 3202 828 3245 Praeterea:
846 3200 964 3244 Idem
976 3212 1091 3254 opus,
1105 3205 1257 3253 quanto
1275 3208 1339 3244 est
1357 3201 1493 3243 minus
1512 3201 1711 3248 debitum.
1730 3206 1845 3245 tanto
1856 3206 1921 3244 est

557 3257 689 3310 magis
718 3258 974 3300 meritorium
992 3276 1002 3300 :
1021 3257 1096 3300 sed
1127 3257 1261 3300 minus
1279 3257 1462 3300 debitum
1481 3262 1544 3301 est
1562 3257 1728 3309 bonum,
1747 3258 1857 3311 quod
1876 3259 1920 3301 tit

556 3316 609 3358 ab
639 3326 704 3368 eo.
724 3317 793 3370 qui
815 3315 1047 3359 minoribus
1078 3315 1293 3360 beneficiis
1316 3321 1379 3359 est
1407 3321 1654 3367 praeventus.
1675 3318 1773 3359 Cum
1793 3315 1921 3368 igitur

556 3372 647 3421 iile.
676 3374 743 3425 qui
776 3372 900 3414 babet
928 3372 1059 3415 solum
1090 3373 1194 3416 bona
1226 3371 1441 3420 naturalia,
1468 3372 1628 3415 minora
1645 3370 1846 3415 beneticia
1865 3371 1920 3414 sit

555 3436 830 3482 consequutus
856 3440 880 3471 a
900 3430 1004 3481 Deo,
1025 3440 1144 3482 quam
1178 3430 1268 3480 ille,
1296 3428 1364 3481 qui
1396 3439 1486 3472 cum
1516 3428 1771 3472 naturalibus
1797 3429 1923 3473 babet

553 3486 746 3538 gratuita,
783 3485 951 3527 videtur
980 3485 1089 3537 quod
1119 3485 1212 3537 ejus
1240 3496 1365 3538 opera
1393 3485 1477 3528 sint
1504 3484 1612 3536 apud
1638 3486 1771 3528 Deum
1791 3486 1921 3538 inagis

554 3542 796 3590 uieritoria;
833 3545 875 3583 ct
909 3542 985 3583 ista
1012 3539 1046 3582 si
1070 3541 1158 3590 ille.
1178 3541 1246 3594 qni
1268 3540 1593 3594 babetgratiam‚
1611 3546 1743 3593 potest
1769 3542 1918 3584 mereri

550 3599 693 3698 Ξὲίἐιὲιο
721 3598 844 3642 modo
879 3597 1007 3642 vitain
1042 3604 1257 3650 aeteruam.
1290 3599 1417 3642 multo
1454 3599 1585 3653 inagis
1620 3600 1695 3643 ilie
1729 3610 1799 3653 qui
1838 3610 1919 3643 nou

600 3711 839 3754 Praeterea:
871 3709 1178 3760 Misericordia.
1209 3716 1251 3754 et
1279 3709 1512 3753 liberalitas
1541 3712 1620 3755 Dei
1648 3712 1690 3755 in
1712 3712 1920 3757 infinitum

549 3765 715 3808 excedit
733 3766 1077 3818 inisericordiam,
1089 3772 1132 3810 et
1153 3764 1440 3809 liberalitatem
1462 3766 1675 3811 humanam
1693 3787 1704 3811 ε
1720 3770 1795 3814 scd
1816 3780 1920 3813 unus

552 3823 673 3866 bomo
698 3828 832 3875 potest
860 3824 967 3876 apud
1004 3825 1133 3867 alium
1168 3823 1333 3872 mereri,
1365 3821 1527 3867 etiamsi
1563 3835 1769 3878 nunquam
1803 3839 1919 3871 ruam

551 3877 726 3931 gratiam
759 3884 855 3921 autc
887 3879 1071 3923 babuerit
1103 3898 1113 3922 :
1146 3890 1245 3932 crgo
1273 3881 1453 3928 videtur,
1481 3882 1590 3932 quod
1624 3884 1753 3926 multo
1787 3886 1921 3938 magis

554 3937 675 4001 bomo
710 3935 865 3987 absque
901 3936 1033 3988 gratia
1076 3936 1199 3980 vitam
1237 3942 1431 3980 aeternam
1471 3940 1602 3990 possit
1634 3951 1661 3981 a
1697 3942 1789 3985 Dco
1833 3952 1918 3986 uie-

554 4001 653 4035 rcri.

603 4047 687 4091 Sed
706 4053 848 4091 contra
865 4053 945 4099 est,
964 4049 1074 4102 quod
1092 4050 1313 4101 Apostolus
1340 4049 1443 4093 dicit
1461 4051 1580 4093 Rom.
1601 4053 1627 4093 6
1645 4070 1657 4094 :
1676 4053 1819 4097 Gratia
1837 4052 1917 4097 Dei

552 4105 637 4148 vita
655 4109 824 4148 aeterna.

603 4161 853 4212 nesponoeo
888 4161 1122 4211 dicendum,
1153 4160 1263 4214 quod
1294 4160 1473 4205 bominis
1502 4162 1595 4207 sinc
1618 4164 1747 4216 gratia
1767 4165 1919 4219 duplex

550 4221 682 4260 status
700 4216 957 4260 considerari
978 4222 1126 4269 potest.
1148 4217 1255 4260 sicut
1274 4229 1395 4271 supra
1419 4218 1573 4262 dictum
1599 4226 1676 4264 est.
1697 4222 1814 4263 Unus
1830 4221 1919 4275 qui-

552 4273 645 4316 dem
678 4279 833 4316 naturae
863 4273 1049 4326 integrm.
1079 4274 1213 4325 qualis
1243 4274 1321 4317 suit
1352 4276 1395 4317 in
1419 4276 1552 4319 Adam
1578 4282 1674 4320 ante
1691 4283 1915 4329 peccatum.

551 4331 673 4373 Alius
690 4335 825 4372 autem
846 4337 1000 4374 natura„-
1019 4336 1236 4383 corrtiptae,
1255 4330 1361 4374 sicut
1377 4337 1442 4374 est
1469 4332 1510 4374 in
1531 4331 1652 4375 nobis
1680 4338 1778 4376 ante
1804 4344 1918 4387 repa·

553 4389 753 4432 rationem
768 4389 927 4441 gratim.
944 4389 987 4431 Si
1002 4389 1327 4442 crgoloquamur
1346 4390 1398 4433 de
1413 4391 1576 4434 bomine
1590 4390 1724 4444 quoad
1741 4392 1918 4444 primum

552 4453 718 4496 statum.
738 4447 800 4490 sic
819 4457 897 4490 una
917 4447 1077 4490 ratione
1097 4457 1177 4489 non
1197 4452 1329 4498 potest
1351 4448 1469 4491 bomo
1487 4449 1636 4492 mereri
1656 4449 1811 4504 absque
1829 4462 1918 4504 gra-

556 4503 612 4544 tia
641 4505 766 4546 vitam
796 4509 990 4546 asterisam
1026 4512 1097 4555 per
1123 4514 1217 4556 pura
1238 4504 1469 4555 naturalia3
1497 4504 1590 4558 quia
1614 4504 1779 4550 scilicet
1797 4517 1918 4550 meri·

555 4568 639 4604 tuni
659 4561 837 4606 bominis
858 4561 1063 4615 dependet
1081 4572 1133 4607 ex
1152 4563 1500 4616 pra-ordinatione
1527 4563 1684 4608 divina.
1704 4565 1834 4608 Actus
1848 4576 1919 4609 au-

553 4627 636 4663 tem
654 4621 943 4674 cujuscumque
963 4621 1022 4665 rei
1046 4632 1125 4665 non
1144 4622 1361 4666 ordinatur
1375 4621 1578 4666 divinitus
1593 4622 1648 4666 ad
1665 4622 1823 4676 aliquid
1848 4632 1918 4667 ex·

552 4678 707 4722 cedens
744 4680 1047 4732 proportionem
1083 4679 1262 4733 virtutis,
1295 4692 1385 4734 quae
1414 4689 1479 4724 est
1508 4681 1751 4735 principium
1777 4687 1915 4732 actus;

554 4737 630 4780 boc
660 4739 771 4780 enim
802 4743 935 4781 estex
956 4738 1214 4782 institutione
1244 4739 1398 4781 divium
1429 4739 1718 4792 providentiae,
1739 4745 1781 4782 ut
1811 4740 1918 4783 niiiil

550 4800 646 4848 agat
663 4796 769 4840 ultra
787 4806 900 4839 suani
927 4798 1135 4840 virtutem.
1156 4797 1250 4839 Vita
1269 4801 1405 4841 autem
1430 4802 1583 4840 aeterna
1622 4803 1685 4842 est
1710 4799 1918 4850 quoddam

552 4854 705 4898 bonum
733 4855 939 4898 excedens
970 4855 1274 4907 proportionem
1307 4862 1464 4899 natura:
1482 4861 1657 4906 creatae:
1679 4855 1772 4910 quia
1790 4857 1917 4900 etiam

551 4911 723 4954 excedit
740 4911 1038 4964 cognitionem,
1056 4918 1096 4954 et
1118 4911 1371 4956 desiderium
1393 4912 1501 4964 ejus.
1529 4913 1751 4956 secundum
1774 4913 1877 4956 iliud
1898 4917 1916 4956 1

549 4967 605 5010 ad
623 4967 806 5011 Corintb.
830 4971 856 5010 2
876 4987 887 5012 ι
906 4970 994 5013 Nec
1023 4967 1167 5012 oculus
1199 4967 1318 5019 vidit.
1350 4979 1427 5013 nec
1442 4968 1556 5014 auris
1579 4970 1755 5021 audivit,
1777 4979 1855 5014 nec
1873 4970 1917 5014 in

1593 339 1686 393 DE
1726 338 2031 393 NATURA
2070 338 2347 396 MERITI.

2050 524 2125 559 cor
2143 515 2323 561 hominis
2338 520 2543 563 ascendit.
2561 522 2616 563 Et
2641 520 2742 565 inde
2759 526 2839 571 cst.
2858 521 2967 576 quod
2986 520 3099 564 uuila
3117 524 3269 563 natura
3284 524 3414 562 creati

2043 579 2110 618 est
2125 575 2332 620 sufficiens
2349 578 2597 630 principium
2615 590 2731 623 actus
2756 579 2957 623 meritorii
2993 580 3091 622 vita,-
3121 583 3313 628 aeternae,
3337 574 3412 618 nisi

2044 633 2344 685 superaddatur
2361 635 2528 690 aliquod
2548 638 2862 691 supernaturale
2880 637 3046 687 donum.
3066 636 3176 690 quod
3194 635 3333 689 gratia
3357 633 3411 676 di·

2045 689 2168 753 citur.
2205 690 2250 732 Si
2283 700 2380 735 vero
2410 692 2626 746 loquamur
2656 693 2709 736 de
2728 699 2892 737 nomine
2910 693 2988 736 sub
3007 700 3176 746 peccato
3192 692 3410 741 existente.

2043 745 2215 809 additur
2232 756 2322 790 cum
2336 748 2412 792 boc
2434 750 2615 794 secunda
2635 750 2755 802 ratio.
2780 756 2945 803 propter
2964 749 3309 802 impedimentum
3326 756 3411 801 pec-

2045 808 2143 867 cati.
2159 804 2260 848 cum
2277 805 2388 849 enim
2406 814 2618 860 peccatum
2636 808 2692 852 sit
2709 807 2896 861 quaedam
2915 806 2995 851 Dei
3016 807 3171 849 offensa
3187 805 3410 849 excludens

2045 870 2068 901 a
2088 865 2170 924 vita
2189 866 2342 904 aeterna
2365 863 2423 913 (ut
2443 869 2551 915 patet
2565 874 2637 917 per
2654 874 2776 917 supra
2807 864 2935 910 dicta)
2958 863 3096 905 nulius
3116 862 3160 905 in
3187 868 3303 905 statu
3330 870 3412 914 pec-

2045 921 2125 959 cati
2144 916 2330 961 existens
2348 924 2483 971 potest
2502 926 2626 965 vitam
2644 927 2842 965 aeternam
2869 920 3035 969 mereri,
3067 919 3147 962 nisi
3183 920 3305 971 prins
3329 920 3411 961 Deo

2047 973 2356 1025 reconcilietur.
2376 975 2553 1021 dimisso
2574 983 2754 1030 peccato.
2773 976 2884 1031 quod
2902 976 2947 1019 iit
2967 985 3038 1028 per
3056 973 3234 1027 gratiam
3249 994 3261 1017 ι
3284 984 3412 1027 peca-

2047 1029 2127 1073 tori
2141 1029 2252 1073 enim
2269 1042 2350 1074 non
2366 1032 2540 1076 debetur
2552 1035 2652 1083 vita.
2663 1034 2739 1078 scd
2751 1045 2878 1083 mors.
2889 1032 3116 1076 secundum
3134 1030 3244 1074 illud
3257 1032 3412 1074 Rome:

2046 1085 2264 1138 Stipendia
2279 1090 2436 1140 peccati
2457 1100 2581 1133 mors.

2097 1141 2163 1184 Ad
2176 1141 2348 1195 primum
2360 1153 2462 1197 ergo
2474 1145 2516 1188 di
2522 1146 2712 1197 cendum,
2723 1143 2833 1198 quod
2848 1145 2963 1187 Deus
2974 1142 3185 1186 ordinavit
3200 1142 3410 1186 buaianain

2048 1204 2234 1243 naturam
2250 1200 2304 1243 acl
2323 1201 2446 1244 tinem
2464 1202 2561 1244 vitae
2588 1207 2756 1246 aeterua>
2773 1199 3122 1254 consequendum.
3143 1208 3226 1242 non
3256 1197 3409 1251 propria

2048 1255 2216 1306 virtute.
2230 1256 2306 1299 sed
2326 1266 2398 1308 per
2412 1258 2612 1301 auxilium
2626 1257 2784 1310 gratim.
2800 1258 2853 1299 Et
2870 1257 2948 1299 boc
2967 1255 3090 1299 modo
3105 1255 3200 1308 ejus
3214 1260 3333 1298 actus
3349 1263 3411 1306 po·

2048 1315 2131 1354 test
2140 1320 2234 1356 esse
2260 1313 2497 1357 meritorius
2507 1320 2603 1357 vitae
2619 1318 2801 1357 aeternae.

2098 1367 2163 1409 Ad
2176 1368 2399 1411 secundum
2415 1367 2649 1419 dicendum.
2665 1368 2773 1422 quod
2787 1369 2909 1412 bomo
2921 1368 3013 1411 sine
3030 1365 3162 1420 gratia
3182 1375 3270 1409 non
3285 1370 3410 1417 potest

2049 1420 2202 1466 habere
2231 1425 2392 1477 aequale
2417 1436 2520 1476 opus
2549 1425 2681 1477 operi,
2713 1423 2820 1477 quod
2852 1432 2905 1467 ex
2935 1422 3065 1476 gratia
3085 1421 3303 1473 procedit,·
3321 1420 3406 1472 quin

2050 1482 2203 1530 quanto
2230 1485 2295 1522 est
2320 1479 2543 1531 perfectius
2569 1479 2817 1532 principium
2834 1477 3028 1527 actionis,
3048 1482 3164 1520 tanto
3180 1481 3248 1520 est
3265 1475 3409 1529 perrec-

2049 1533 2131 1577 tior
2151 1535 2274 1577 actio.
2296 1537 2543 1590 sequeretur
2556 1542 2691 1579 autem
2706 1536 2827 1587 ratio,
2845 1532 3054 1587 supposita
3073 1533 3313 1586 aequalitate
3324 1542 3408 1584 ope·

2048 1589 2226 1633 rationis
2244 1590 2474 1643 utrobique.

2098 1647 2163 1689 Ad
2185 1647 2349 1691 tertium
2363 1647 2600 1699 dicendum.
2615 1650 2724 1702 quod
2742 1652 2935 1703 quantum
2951 1647 3007 1691 ad
3024 1646 3197 1699 primam
3214 1645 3408 1689 rationem

2050 1704 2260 1748 inductam
2292 1703 2557 1748 dissimiliter
2580 1714 2627 1748 se
2657 1704 2781 1748 habet
2799 1704 2842 1746 in
2861 1705 2967 1753 Deo.
2986 1702 3091 1747 etin
3109 1702 3305 1752 bomine.-
3324 1711 3407 1744 nam

2051 1762 2172 1804 bomo
2194 1760 2386 1804 virtutem
2405 1761 2694 1805 benefaciendi
2715 1761 2835 1804 liabet
2855 1771 2877 1803 a
2898 1762 3004 1809 Deo,
3024 1768 3105 1802 non
3122 1764 3264 1801 autem
3279 1757 3330 1800 ab
3346 1757 3407 1799 iio-

2050 1817 2187 1867 miiic;
2218 1823 2261 1860 et
2292 1815 2388 1860 ideo
2405 1828 2428 1859 a
2449 1819 2538 1861 Deo
2556 1829 2637 1860 nou
2668 1823 2800 1870 potest
2819 1818 2940 1860 homo
2969 1815 3128 1869 aliquid
3147 1813 3315 1863 mereri,
3333 1811 3406 1856 nisi

2051 1882 2124 1926 per
2138 1872 2290 1916 donum
2303 1873 2411 1925 ejus.
2427 1874 2547 1923 Quod
2559 1874 2782 1925 Apostolus
2793 1872 3007 1923 signanter
3024 1870 3223 1924 exprimit
3239 1870 3379 1913 dicens
3395 1884 3405 1910 :

2049 1927 2153 1979 Quis
2173 1928 2286 1979 prior
2301 1928 2418 1972 dedit
2429 1928 2485 1979 ci,
2502 1928 2808 1971 ctretribuetur
2823 1928 2917 1971 iiii?
2933 1926 3015 1971 Sed
3032 1926 3085 1969 ab
3100 1927 3267 1969 bomine
3284 1926 3410 1985 potest

2050 1984 2145 2038 quis
2163 1983 2314 2026 mereri
2333 1990 2550 2037 antequam
2567 1984 2621 2026 ab
2639 1993 2691 2027 eo
2708 1985 2929 2037 acceperit.
2950 1993 3022 2037 per
3039 1981 3083 2025 id
3102 1981 3214 2035 quod
3224 1984 3405 2044 accepite

2050 2042 2155 2084 Dee.
2190 2040 2276 2083 Sed
2294 2047 2487 2094 quantum
2506 2041 2559 2083 ad
2579 2041 2800 2083 secundam
2828 2046 3029 2084 rationem
3047 2042 3249 2090 sumptam
3262 2047 3313 2081 ex
3329 2047 3404 2079 im·

2051 2096 2290 2149 pedimento
2318 2097 2489 2149 peccati,
2519 2098 2659 2141 simile
2685 2103 2749 2141 est
2780 2098 2832 2141 de
2853 2097 3033 2146 bomine.
3050 2095 3165 2139 etde
3185 2097 3300 2145 Deo;
3318 2092 3405 2148 qula

2050 2153 2176 2196 etiam
2197 2155 2316 2198 bomo
2333 2154 2387 2197 ab
2404 2153 2489 2197 aiio
2508 2155 2656 2199 mereri
2678 2165 2760 2196 non
2781 2159 2928 2206 potest,
2950 2163 3070 2208 quem
3096 2152 3268 2196 offendit
3285 2151 3404 2203 prius.

2052 2210 2134 2255 nisi
2154 2210 2420 2256 satisfaciens
2436 2212 2745 2256 reconcilietur.

2129 2336 2460 2394 Conclusio:
2499 2340 2694 2411 Neque
2736 2338 2799 2393 in
2827 2341 2976 2393 statu
3006 2340 3227 2391 naturas
3260 2333 3402 2389 inte-

2051 2435 2190 2494 grae,
2237 2434 2419 2492 neque
2461 2421 2524 2475 in
2564 2425 2711 2474 statu
2755 2423 2976 2474 naturae
3017 2419 3189 2490 lapsae
3234 2419 3405 2487 potest

2053 2501 2227 2557 homo
2250 2499 2459 2573 absque
2485 2501 2672 2574 gratia
2700 2515 2802 2571 per
2830 2515 2973 2572 pura
2998 2497 3286 2555 naturalia
3318 2495 3404 2551 vi-

2053 2586 2171 2637 tam
2198 2587 2474 2638 aeternam
2498 2579 2836 2653 promereri.

2521 2766 2835 2810 ARTICULUS
2861 2767 2945 2808 111.

2083 2881 2226 2924 Utrum
2251 2880 2368 2925 homo
2395 2882 2439 2925 in
2465 2880 2606 2933 qratia
2641 2879 2891 2921 constitutus
2920 2878 3057 2931 possit
3079 2874 3232 2919 mereri
3256 2873 3381 2918 vitam

2472 2935 2673 2979 aetemcim
2697 2945 2753 2977 ea:
2777 2934 2992 2986 condiyuo.

2101 3077 2169 3120 Ad
2189 3076 2356 3120 tertium
2374 3077 2435 3120 sic
2459 3076 2708 3129 proceditur.
2739 3074 2915 3118 Videtur
2932 3071 3039 3127 quod
3066 3072 3184 3115 homo
3208 3070 3250 3113 iu
3274 3068 3403 3122 gratia

2054 3133 2302 3186 constitutus
2332 3143 2413 3175 nou
2433 3133 2563 3185 possit
2594 3129 2744 3176 mereri
2763 3131 2889 3173 vitam
2907 3137 3100 3173 aeternam
3118 3137 3171 3171 ex
3187 3125 3401 3177 condigno.
3479 3125 3508 3144 ⁸·

2052 3189 2168 3233 Dicit
2184 3189 2295 3233 enirn
2313 3189 2534 3243 Apostolus
2549 3187 2603 3230 ad
2623 3191 2742 3230 Rom.
2758 3191 2796 3230 3:
2808 3189 2901 3230 Non
2913 3190 3008 3229 suut
3022 3184 3234 3236 condigna
3250 3180 3404 3247 passio·

2054 3256 2129 3290 nes
2148 3249 2270 3301 liujus
2285 3247 2482 3299 temporis
2497 3247 2551 3289 ad
2570 3247 2746 3289 sutuiam
2764 3244 2951 3296 gloriam,
2979 3253 3071 3296 quae
3098 3239 3342 3286 revelabitur
3359 3248 3406 3281 in

2054 3306 2187 3348 nobis.
2208 3305 2291 3349 Sed
2312 3305 2418 3347 inter
2435 3304 2517 3347 alia
2536 3313 2658 3356 opera
2690 3301 2899 3345 meritoria
2920 3300 3093 3344 maxime
3112 3299 3407 3362 videntur-effic

2054 3363 2277 3405 meritoria:
2298 3364 2538 3403 Sanctorum
2558 3361 2798 3412 passiones:
2817 3368 2917 3409 ergo
2936 3356 3048 3400 uuila
3064 3365 3184 3409 opera
3200 3354 3406 3397 hominnm

2052 3425 2147 3463 sunt
2165 3418 2375 3464 meritoria
2393 3419 2488 3462 vita·
2506 3425 2673 3461 asternae
2698 3427 2750 3461 ex
2768 3417 2989 3469 condigno.
3111 3469 3119 3476 ι
3168 3468 3176 3477 .

2102 3479 2309 3520 Praeterea
2330 3495 2341 3519 ε
2371 3479 2503 3526 Super
2534 3474 2637 3517 iliud
2667 3475 2786 3515 Rom.
2806 3476 2853 3515 6:
2883 3471 3024 3515 Gratia
3043 3472 3121 3513 Dei
3141 3475 3218 3512 vita
3237 3473 3407 3518 aetema.

2054 3533 2158 3577 dicit
2188 3534 2324 3576 Gloss.
2354 3534 2498 3575 Posset
2530 3537 2641 3574 recte
2667 3528 2831 3572 dicere:
2851 3526 3112 3580 Stipendium
3128 3525 3302 3578 justitiae
3324 3525 3410 3568 vita

2052 3599 2222 3640 aeterna,
2254 3596 2297 3633 ut
2335 3589 2676 3641 intelligeremus.
2703 3589 2834 3630 Deum
2865 3587 2918 3629 ad
2948 3593 3146 3630 aeteruam
3203 3583 3211 3592 '
3335 3593 3409 3637 pro

2052 3660 2125 3694 sua
2147 3648 2412 3693 miseratione
2431 3658 2505 3689 nos
2522 3647 2765 3699 perducere,
2785 3656 2867 3688 non
2886 3645 3045 3688 meritis
3063 3645 3234 3688 uostris.
3618 3643 3621 3672 ⁹

2053 3708 2162 3763 quod
2189 3718 2242 3752 ex
2272 3705 2478 3757 condigno
2507 3702 2599 3756 quis
2631 3710 2825 3749 meretur.
2850 3713 2932 3746 nou
2961 3712 3015 3746 ex
3034 3588 3580 3800 miserati&

2051 3778 2103 3811 ex
2134 3765 2282 3809 merito
2315 3762 2467 3814 accipit
2503 3781 2515 3805 ε
2549 3771 2651 3814 ergo
2687 3762 2864 3812 videtur,
2891 3761 3000 3816 quod
3026 3760 3147 3804 bomo
3175 3772 3264 3805 uon
3291 3765 3438 3816 possit

2051 3832 2125 3875 per
2142 3822 2315 3874 gratiam
2334 3818 2482 3864 mereri
2504 3820 2626 3861 vitam
2646 3824 2842 3862 aeternam
2859 3829 2911 3861 ex
2937 3816 3163 3868 condigno.

2101 3883 2307 3924 Praetcrca
2337 3896 2348 3921 ι
2382 3879 2494 3920 lilud
2515 3877 2703 3922 meritum
2725 3877 2887 3920 videtur
2903 3886 2996 3920 csse
3015 3874 3290 3930 condignum,
3313 3881 3434 3933 quod

2052 3943 2236 3990 aequatur
2267 3934 2465 3978 mercedi.
2498 3935 2580 3978 Sed
2612 3934 2749 3977 nuilus
2776 3938 2892 3976 actus
2921 3934 3140 3986 praesentis
3159 3934 3266 3978 vita:
3293 3943 3437 3989 potest

2051 3994 2205 4048 aequari
2235 3993 2334 4035 vitai
2365 3997 2545 4040 aeterme.
2566 4001 2657 4044 qua:
2676 3991 2969 4043 coguitionem,
2987 3994 3031 4033 et
3049 3990 3316 4037 desiderium
3337 4004 3438 4039 nos·

2052 4057 2158 4094 trum
2195 4049 2377 4100 excedit,
2404 4047 2569 4093 excedit
2598 4049 2724 4091 etiam
2755 4049 3010 4099 charitatem,
3043 4048 3109 4091 vel
3144 4049 3438 4097 dilectionem

2051 4109 2147 4160 vim,
2177 4109 2283 4151 sicut
2313 4114 2355 4151 et
2385 4106 2552 4150 excedit
2582 4112 2767 4148 naturam
2790 4116 2917 4158 :ergo
2937 4105 3057 4148 homo
3074 4116 3156 4148 nou
3188 4114 3335 4160 potes-1
3359 4123 3438 4166 per

2050 4165 2221 4217 gratiani
2236 4164 2388 4208 mci-cri
2408 4164 2532 4207 vitain
2549 4168 2742 4206 aiter-naui
2761 4173 2812 4205 ex
2828 4162 3049 4217 condigno.

2100 4222 2184 4266 Sed
2199 4226 2365 4265 contra:
2387 4221 2435 4262 Id
2455 4221 2565 4273 quod
2578 4221 2767 4264 redditur
2786 4221 3011 4264 secundum
3025 4221 3183 4274 justum
3195 4224 3437 4283 judicium,

2052 4278 2216 4323 videtur
2244 4288 2336 4322 esse
2362 4289 2518 4322 merces
2536 4279 2769 4329 condigna:
2791 4278 2864 4322 scd
2897 4277 2979 4321 vita
3010 4285 3394 4338 atteras-redditur
3412 4300 3439 4333 a

2049 4339 2141 4381 Deo
2177 4337 2399 4381 secuudum
2431 4337 2636 4388 judicium
2667 4336 2868 4389 justitiae.
2903 4337 3131 4383 secuudum
3169 4337 3279 4387 iilud
3316 4348 3345 4388 9.
3379 4347 3439 4391 ad

3596 3475 3621 3719 Ἰ

2051 4393 2305 4436 Timotii.4:
2336 4396 2385 4436 In
2417 4393 2578 4446 reliquo
2610 4393 2890 4456 reposita-est
2913 4393 3014 4436 mihi
3044 4405 3200 4440 corona
3232 4399 3251 4452 j
3327 4401 3336 4411 ·
3423 4437 3438 4456 ,

2051 4460 2171 4503 quam
2208 4449 2356 4493 reddet
2386 4450 2485 4492 milii
2518 4452 2720 4492 Dominus
2740 4460 2782 4491 in
2801 4449 2873 4492 iila
2894 4406 3582 4546 dtejustusjudeffiX

2052 4510 2172 4552 liomo
2191 4515 2370 4552 meretur
2387 4509 2512 4551 vitam
2533 4513 2726 4552 aeternam
2745 4519 2796 4550 ex
2816 4508 3037 4560 condigno.

2100 4566 2350 4618 Respondeo
2369 4566 2602 4616 dicendum,
2623 4566 2730 4619 quod
2749 4576 2849 4619 opus
2869 4567 3128 4613 meritorium
3147 4570 3348 4622 bominis
3365 4581 3448 4626 du.

2049 4623 2217 4676 pliciter
2244 4623 2500 4666 considerari
2534 4629 2677 4676 potest.
2701 4627 2793 4667 Uno
2813 4624 2935 4668 modo
2951 4626 3181 4672 secundum
3205 4636 3328 4684 quod
3348 4649 3449 4692 pm.

2050 4680 2164 4724 cedit
2179 4691 2231 4724 ex
2250 4681 2385 4723 libero
2401 4680 2590 4723 arbitrio.
2611 4681 2709 4724 Alio
2723 4682 2845 4724 modo
2858 4683 3080 4726 secundnm
3100 4688 3215 4739 quod
3236 4696 3449 4743 procedit

2049 4747 2102 4781 ex
2120 4739 2250 4792 gratia
2265 4738 2446 4790 Spiritus
2458 4740 2605 4781 sancti.
2621 4739 2665 4780 Si
2684 4740 2971 4784 consideretur
2982 4743 3214 4788 secundum
3237 4749 3447 4800 substan.

2052 4794 2149 4837 tiam
2181 4794 2334 4848 operis,
2353 4800 2396 4836 et
2426 4797 2651 4838 secundum
2668 4796 2776 4850 quod
2793 4798 2983 4849 procedit
2997 4809 3050 4843 cx
3068 4800 3212 4845 libero
3229 4805 3428 4858 arbitrio

2050 4853 2112 4896 sic
2144 4863 2224 4895 nou
2256 4857 2390 4904 potest
2408 4852 2466 4895 ibi
2486 4863 2580 4896 esse
2597 4853 2874 4907 condigiiitas‚
2895 4861 3061 4908 propter
3079 4858 3312 4908 maximam
3335 4849 3446 4917 inael

2050 4912 2290 4965 qualitatem
2311 4929 2321 4961 ;
2352 4911 2426 4953 sed
2461 4917 2526 4954 cst
2545 4911 2605 4955 ibi
2623 4913 2859 4966 congruitas
2877 4920 3043 4967 propter
3058 4920 3276 4970 quandam
3295 4939 3445 4982 aequa.

2050 4969 2208 5013 litatem
2240 4970 2531 5023 proportionis.
2561 4970 2736 5014 Videtur
2766 4981 2879 5015 emm
2907 4981 3148 5027 congruum.
3179 4984 3229 5026 ut
3265 4982 3438 5034 homin.

3228 5048 3437 5093 operanti

3587 4547 3621 4566 w
