3647 5753
507 420 617 474 516
1436 415 1528 468 DE
1556 413 2140 469 JUSTIFICATIONE
2181 413 2380 479 IMPII.

326 600 450 646 Ratio
583 589 713 643 308.
747 586 1003 644 Secundo
1031 587 1304 660 probatur
1335 588 1574 652 ratione,
1607 586 1742 659 quia
1766 601 1867 642 ca-

301 651 494 746 ,ζὲξὲἳῇ
512 669 696 725 tentia
718 671 1049 726 voluntaria
1072 669 1314 726 fervoris
1327 668 1643 735 charitatis,
1671 668 1734 723 in
1756 682 1868 739 qua

507 750 764 808 diximus
805 752 1114 810 consistere
1157 753 1464 809 essentiam
1507 750 1717 824 peccati
1764 766 1869 807 ve-

511 831 705 899 nialis,
739 832 955 889 auferri
998 850 1115 890 non
1143 835 1295 890 valet
1323 834 1438 890 nisi
1466 833 1559 890 vel
1588 831 1870 888 indirecte

513 930 613 989 per
640 914 918 971 efficacem
969 915 1335 989 praecedentis
1383 916 1590 990 peccati
1632 913 1870 971 actualis

513 996 994 1061 retractationem,
1031 997 1119 1052 vel
1148 995 1360 1054 directe
1407 1013 1508 1070 per
1555 994 1873 1052 restitutio-

513 1093 649 1134 nem
680 1077 932 1150 praedicti
952 1079 1198 1136 fervoris
1226 1101 1238 1134 ε
1268 1079 1366 1136 sed
1406 1077 1729 1135 retractatio
1758 1078 1871 1132 im-

515 1164 703 1232 portat
731 1162 981 1232 aliquem
1010 1167 1212 1227 actum,
1241 1166 1301 1217 ut
1321 1178 1390 1218 ex
1418 1178 1478 1217 se
1505 1162 1685 1233 liquet
1711 1181 1723 1214 ε
1754 1158 1876 1214 fer-

516 1257 622 1298 vor
647 1241 841 1306 etiam,
873 1243 936 1297 in
963 1249 1242 1315 quantum
1284 1244 1431 1310 talis,
1465 1258 1581 1300 non
1608 1240 1744 1297 dicit
1770 1240 1879 1295 ha-

518 1321 704 1378 bitum
731 1322 1009 1393 (alioquin
1052 1329 1338 1396 peccatum
1368 1324 1597 1381 veniale
1625 1323 1877 1395 aliquem

521 1403 781 1460 habitum
822 1405 1202 1478 excluderet);
1247 1406 1345 1464 sed
1372 1408 1647 1480 importat
1673 1411 1879 1462 exten-

517 1483 762 1548 sionem,
796 1490 852 1540 et
870 1486 1293 1558 expeditionem
1314 1487 1604 1560 quandam
1632 1487 1702 1543 ad
1731 1485 1880 1543 bona

522 1580 713 1638 opera,
741 1570 804 1620 ut
821 1582 995 1637 supra
1021 1566 1276 1623 diximus
1310 1590 1322 1624 ε
1353 1584 1489 1642 ergo
1516 1569 1721 1635 forma,
1757 1582 1882 1638 quae

526 1644 860 1718 requiritur,
906 1651 960 1702 et
987 1647 1189 1703 sufficit
1217 1648 1286 1704 ad
1310 1652 1665 1721 peccatorum
1688 1648 1885 1704 venia-

526 1728 672 1783 lium
713 1726 1174 1794 destructionem,
1209 1745 1326 1786 non
1353 1730 1611 1787 consistit
1638 1730 1700 1785 in
1748 1746 1885 1803 gra-

528 1808 607 1864 tia
634 1806 1041 1876 sanctificante,
1068 1811 1159 1866 vel
1189 1811 1251 1867 in
1275 1811 1389 1867 alio
1409 1811 1559 1869 dono
1581 1809 1881 1876 habituali,

526 1889 625 1947 sed
666 1894 985 1951 necessario
1030 1895 1306 1967 importat
1349 1896 1600 1969 aliquam
1631 1892 1887 1952 hominis

529 1972 939 2044 operationem.
1420 2011 1445 2014 -

336 2056 491 2099 Confir-

606 2045 992 2104 confirmatur
1015 2051 1221 2123 primo,
1241 2053 1374 2125 quia
1391 2053 1579 2110 forma
1597 2050 1889 2122 expellens

345 2111 491 2207 ffifflss,
534 2132 754 2200 peccata
782 2129 1032 2186 venialia
1061 2130 1226 2189 debet
1273 2134 1411 2207 ipsis
1459 2146 1779 2207 repugnare
1819 2145 1892 2184 ex

532 2209 740 2263 natura
776 2208 877 2274 rei,
904 2215 958 2264 et
988 2226 1109 2267 esse
1137 2213 1256 2268 illis
1295 2213 1797 2286 incompossibilis,
1832 2215 1893 2265 ut

532 2303 705 2359 supra
733 2286 985 2345 diximus
1006 2291 1173 2348 com-l.
1204 2295 1260 2360 ἒς
1290 2296 1445 2366 atqui
1470 2285 1672 2368 gratia,
1698 2298 1753 2350 et
1780 2295 1895 2351 alia

533 2368 684 2425 dona
700 2369 1014 2426 habitualia
1035 2389 1149 2428 non
1172 2374 1382 2431 habent
1411 2375 1895 2448 incompossibili*

536 2452 730 2514 tatem,
758 2451 847 2505 vel
874 2455 1312 2526 repugnantiam
1335 2473 1406 2512 ex
1430 2462 1635 2513 natura
1660 2457 1742 2513 rei
1764 2472 1894 2512 cum

539 2529 776 2599 peccatis
818 2531 1174 2598 venialibu53
1205 2550 1236 2591 e
1279 2542 1479 2592 contra
1519 2552 1656 2592 vero
1704 2537 1897 2608 plures

538 2612 674 2663 sunt
709 2613 880 2674 actuS,
913 2612 1009 2683 qui
1041 2620 1259 2683 peccata
1281 2616 1534 2671 venialia
1561 2633 1749 2672 secum
1780 2632 1898 2672 non

542 2691 882 2762 permittunt
914 2712 925 2744 ε
955 2707 1088 2766 erga
1117 2696 1359 2751 mutatio
1395 2696 1667 2769 requisita
1688 2696 1757 2753 ad
1779 2696 1900 2753 des-

544 2773 887 2828 tructionem
928 2775 1248 2831 venialium
1284 2794 1400 2834 non
1430 2779 1687 2834 consistit
1726 2780 1787 2835 in
1813 2779 1901 2835 in-

544 2855 770 2911 fusione
811 2855 1048 2929 alicujus
1077 2854 1213 2914 doni
1255 2858 1564 2917 habitualis
1612 2860 1902 2934 praecisive

541 2937 775 3008 sumpti.
792 2934 889 2991 sed
907 2938 1224 2994 necessario
1238 2941 1630 3013 complectitur
1647 2943 1900 3014 aliquam

546 3019 801 3077 hominis
841 3022 1253 3091 operationem.
1305 3024 1499 3080 Minor
1542 3023 1726 3096 quoad
1775 3025 1902 3097 pri-

546 3115 703 3155 mam
735 3105 973 3171 partem,
1008 3102 1070 3156 in
1098 3118 1208 3174 qua
1235 3110 1318 3158 est
1357 3103 1676 3173 difficultaS,
1708 3110 1904 3162 osten-

545 3180 703 3236 ditur
731 3202 743 3236 :
775 3186 895 3237 tum
923 3183 1055 3254 quia
1083 3183 1273 3257 gratia
1299 3185 1680 3251 sanctificam,
1706 3191 1762 3242 et
1789 3186 1905 3242 alia

546 3261 697 3318 dona
719 3262 1037 3319 habitualia
1065 3263 1133 3319 de
1155 3265 1300 3321 facto
1323 3272 1748 3339 componuntur
1770 3283 1904 3323 cum

550 3343 787 3415 peccatis
833 3344 1178 3400 venialibus.
1210 3346 1356 3402 Tum
1384 3348 1519 3419 quia
1549 3364 1619 3405 ex
1646 3348 1907 3421 opposito

548 3422 728 3488 fieret,
760 3424 907 3497 quod
954 3424 1126 3481 homo
1170 3427 1419 3484 existens
1447 3430 1508 3485 in
1548 3430 1753 3503 gratia,
1787 3445 1907 3486 non

547 3511 730 3578 posset
755 3512 971 3563 retenta
991 3509 1195 3581 gratia,
1225 3515 1279 3565 et
1308 3511 1370 3566 in
1398 3527 1565 3567 sensu
1596 3512 1908 3584 composito

547 3590 706 3645 illius
736 3607 962 3664 peecare
991 3592 1314 3659 venialiter,
1340 3594 1487 3649 sicut
1508 3594 1612 3649 hac
1638 3593 1708 3649 de
1739 3609 1910 3649 causa

543 3670 729 3742 justus
775 3671 970 3742 nequit
1018 3672 1080 3727 in
1126 3688 1293 3728 sensu
1341 3673 1652 3746 composito
1680 3688 1910 3745 peccare

551 3750 902 3806 mortaliter:
921 3767 1268 3824 consequens
1291 3758 1373 3809 est
1399 3753 1641 3809 omnino
1671 3754 1905 3818 falsum,

551 3835 613 3886 ut
636 3837 853 3886 constat
899 3847 969 3886 ex
995 3848 1167 3904 supra
1197 3832 1361 3888 dictis
1400 3838 1431 3903 ξ
1475 3836 1522 3901 l;
1563 3850 1697 3908 ergo
1724 3835 1912 3907 gratia

553 3912 929 3981 sanctificanS,
976 3919 1031 3970 et
1074 3915 1189 3971 alia
1236 3915 1386 3972 dona
1428 3914 1746 3972 habitualia
1795 3932 1912 3973 non

559 3995 770 4052 habent
790 3996 1161 4052 sufficientem
1188 3998 1604 4071 oppositionem
1626 4015 1756 4054 cum
1784 4015 1914 4071 pec-

560 4079 696 4135 catis
723 4077 1068 4143 venialihuS,
1103 4084 1162 4133 ut
1189 4080 1292 4135 illa
1317 4081 1560 4152 ‘possint
1587 4080 1909 4138 excludere.

401 4182 474 4225 se·
633 4160 1020 4219 confirmatur
1036 4161 1301 4227 secundo,
1321 4163 1455 4234 quia
1479 4162 1749 4235 praedicta
1763 4161 1916 4219 dona

365 4229 514 4274 cundo.
559 4241 877 4298 habitualia
905 4258 1021 4299 non
1061 4243 1245 4316 magis
1266 4248 1638 4316 opponuntur
1659 4244 1762 4299 uni
1785 4259 1918 4317 pec-

558 4331 682 4382 cato
727 4326 962 4392 veniali,
994 4342 1167 4398 quam
1214 4326 1386 4382 aliis:
1416 4342 1552 4399 ergo
1580 4327 1673 4382 vel
1719 4326 1919 4383 omnia

559 4408 889 4474 excludunt,
935 4411 1026 4467 vel
1074 4411 1303 4466 nullum
1350 4408 1650 4480 expellunt
1701 4430 1714 4464 ε
1763 4408 1919 4482 atqui

562 4495 780 4547 certum
807 4496 907 4558 est,
939 4491 1086 4563 quod
1115 4488 1382 4564 praedicta
1426 4487 1575 4545 dona
1602 4488 1922 4546 habitualia

563 4587 681 4630 non
696 4573 1005 4629 excludunt
1025 4574 1221 4630 omnia
1241 4577 1459 4645 peccata
1481 4572 1734 4628 venialia
1755 4586 1922 4645 :ergo

564 4670 682 4711 non
710 4652 922 4710 habent
965 4654 1382 4727 oppositionem
1430 4652 1830 4719 sufficientem,
1862 4655 1924 4707 ut

566 4733 797 4807 aliquod
825 4735 1133 4807 expellant.

639 4814 1026 4873 confirmatur
1053 4817 1241 4883 tertie,
1272 4816 1408 4889 quia
1446 4815 1633 4889 gratia
1669 4811 1925 4871 sanctifi-

565 4897 761 4963 ficanS,
792 4902 850 4954 et
888 4898 1002 4954 alia
1048 4897 1199 4955 dona
1245 4897 1565 4954 habitualia
1600 4896 1838 4952 fuerunt
1863 4895 1926 4950 in

565 4981 851 5054 Apostolis
871 4996 1001 5036 cum
1023 4981 1359 5037 excellentia
1387 4978 1653 5052 quadam,
1681 4983 1800 5035 tam
1830 4979 1929 5034 in-

567 5062 864 5128 tensioniS,
896 5079 1069 5136 quam
1108 5062 1493 5123 extensionis;
1536 5064 1592 5118 et
1620 5058 1928 5117 nihilomi-

372 4823 530 4866 Tertio.

1999 600 2109 640 nus
2138 600 2254 640 non
2276 582 2655 640 excludebant
2677 581 2745 638 ab
2768 582 2886 637 illis
2916 581 3109 653 aliqua
3139 584 3362 653 peccata

1999 665 2271 730 venialia,
2302 663 2584 736 siquidem
2614 679 2816 720 eorum
2845 679 2955 719 vox
2989 668 3073 719 est
3115 661 3265 734 apud
3293 662 3360 716 D.

1999 748 2163 802 Joan.
2197 744 2260 800 in
2296 747 2341 810 l,
2373 760 2501 800 can.
2542 746 2559 799 l
2600 743 2712 802 :Si
2750 745 3061 799 dixerimus
3101 745 3579 815 quantumi-ronna.

1999 833 2278 899 peccatum
2317 843 2426 880 non
2462 825 2740 890 habenam,
2771 827 2879 897 ipsi
2907 842 3004 879 nos
3030 824 3360 890 seducimur,

2000 914 2052 961 et
2077 907 2283 961 veritas
2326 907 2385 959 in
2411 906 2565 961 nobis
2610 924 2719 961 non
2756 912 2850 961 est.
2902 905 2970 962 Si
3008 905 3367 973 confiteamur

2003 994 2221 1061 peccata
2242 993 2449 1051 nostra,
2473 987 2648 1057 fidelis
2672 993 2768 1051 est,
2793 993 2843 1040 et
2859 989 3057 1058 justus‘,
3091 995 3152 1041 ut
3171 987 3367 1041 remit-

2006 1075 2087 1124 tat
2119 1067 2277 1122 nobis
2300 1074 2520 1139 peccata
2567 1074 2772 1131 nostra,
2805 1075 2853 1121 et
2897 1068 3148 1123 emundet
3172 1084 3270 1122 nos
3295 1067 3365 1122 ab

2005 1150 2156 1205 omni
2178 1150 2482 1221 iniquitate.
2510 1148 2749 1222 Signum
2770 1147 2946 1222 igitur
2966 1153 3066 1214 est,
3086 1146 3235 1218 quod
3262 1148 3370 1203 im·

2009 1227 2250 1284 mutatio
2273 1227 2586 1284 intrinseca
2609 1228 2899 1300 requisita,
2923 1232 2981 1284 et
2995 1226 3278 1288 sufficiens
3292 1227 3363 1283 ad

2011 1318 2370 1386 peccatorum
2397 1310 2716 1366 venialium
2743 1308 3208 1375 destructionem,
3243 1326 3367 1367 non

2010 1394 2267 1450 salvatur
2289 1394 2351 1449 in
2372 1393 2493 1450 sola
2516 1393 2966 1466 participatione,
2988 1397 3085 1449 aut
3104 1408 3368 1449 commu-

2014 1475 2299 1532 nicatione
2337 1475 2535 1549 gratias
2562 1473 2989 1541 sanctificantiS,
3034 1480 3090 1531 et
3117 1476 3367 1533 aliorum

2013 1557 2298 1615 donorum
2322 1554 2727 1614 habitualium.

2089 1641 2215 1696 300.
2244 1643 2354 1695 Nec
2385 1639 2574 1703 refert,
2608 1640 2654 1695 si
2684 1639 2903 1695 dicatur
2933 1639 3049 1695 haec
3072 1639 3372 1711 procedere
3424 1643 3537 1701 Effu-

2016 1719 2087 1776 de
2104 1720 2304 1794 gratia,
2334 1725 2390 1776 et
2415 1719 2582 1777 donis
2612 1719 2997 1800 habitualibus
3018 1721 3261 1792 sumptis
3281 1736 3372 1776 se·
3409 1702 3544 1745 gnum.

2017 1800 2269 1858 cundum
2297 1817 2373 1865 se,
2402 1816 2519 1857 non
2541 1817 2679 1856 vero
2697 1800 2767 1856 de
2793 1802 2912 1856 illis
2936 1807 2996 1855 ut
3017 1800 3371 1858 determina-

2020 1886 2092 1940 tis
2140 1901 2240 1957 per
2288 1885 2534 1957 aliquem
2566 1884 2814 1949 modum,
2850 1887 2937 1941 vel
2983 1891 3373 1941 sacramenta-

2022 1965 2157 2031 lem,
2204 1965 2295 2020 vel
2316 1965 2577 2036 specialis
2605 1965 2809 2020 nitoris
2842 1986 2854 2020 :
2889 1981 3024 2020 nam
3052 1966 3131 2021 sic
3153 1969 3370 2038 accepta

2023 2044 2234 2100 habent
2271 2045 2572 2116 specialem
2603 2046 3044 2118 repugnantiam
3085 2063 3213 2101 cum
3243 2063 3373 2119 pec-

2023 2125 2162 2179 catis
2182 2123 2525 2189 venialibus,
2547 2126 2748 2181 saltem
2773 2125 2834 2180 in
2855 2124 3238 2181 determinata
3260 2142 3379 2182 ma-

2025 2205 2188 2279 teria,
2210 2210 2406 2277 utputa
2434 2206 2620 2278 gratia
2642 2207 2984 2263 sacramenti
3009 2207 3380 2264 Eucharistiae

2025 2302 2154 2342 cum
2192 2285 2427 2357 peccatis
2465 2285 2789 2344 venialibus
2832 2286 3229 2353 indevotioniS,
3281 2292 3379 2343 aut

2028 2365 2275 2421 minoris
2315 2367 2667 2422 reverenti-fe.
2705 2369 2836 2432 Hoc,
2872 2368 3122 2439 inquam,
3156 2360 3569 2453 nulliuspffirff

2030 2446 2251 2503 roboris
2276 2451 2361 2502 est
2387 2468 2398 2501 :
2430 2452 2550 2502 tum
2579 2448 2711 2519 quia
2737 2447 2921 2520 gratia
2947 2446 3382 2503 sacramentalis
3545 2441 3553 2449 ⁸

2031 2546 2148 2586 non
2174 2530 2630 2586 communicatur
2658 2529 2886 2588 adultis.
2921 2529 3034 2586 nisi
3062 2528 3385 2601 dependen-

2033 2619 2118 2668 ter
2147 2610 2217 2667 ab
2245 2611 2478 2674 actibus,
2516 2611 2722 2684 quibus
2747 2611 2815 2669 ad
2845 2612 3164 2686 legitimam
3192 2628 3386 2669 sacra-

2031 2699 2360 2750 mentorum
2376 2693 2787 2764 susceptionem
2813 2692 3162 2765 disponuntu
3175 2709 3224 2760 r;
3241 2693 3388 2749 unde

2032 2775 2151 2830 haec
2177 2775 2370 2830 evasio
2400 2789 2516 2830 non
2543 2775 2746 2842 salvat,
2777 2773 2925 2846 quod
2960 2774 3146 2847 gratia
3175 2773 3389 2830 sancti-

2035 2855 2227 2922 ficans,
2277 2863 2330 2913 et
2378 2858 2491 2913 alia
2537 2857 2686 2914 dona
2733 2856 3053 2913 habitualia
3096 2857 3388 2929 expellant

2036 2944 2257 3014 peccata
2293 2939 2547 2993 venialia
2592 2936 3044 3009 independenter
3090 2936 3159 2993 ab
3201 2937 3388 3008 aliqua

2036 3020 2291 3077 hominis
2331 3019 2672 3091 operatione.
2706 3017 2998 3082 Quomodo
3027 3024 3217 3074 autern
3257 3033 3390 3091 gra·-

2038 3102 2114 3156 tia
2154 3098 2586 3155 sacramentalis
2633 3096 2702 3154 ad
2741 3114 2942 3154 eorum
2988 3098 3387 3170 expulsionem

2036 3185 2357 3243 concurrat,
2410 3179 2566 3235 infra
2612 3177 2954 3235 videbimus,
3002 3180 3147 3234 Tum
3196 3178 3386 3242 etiam,

2037 3263 2171 3337 quia
2198 3262 2383 3337 gratia
2406 3260 2843 3317 sacramentalis
2872 3277 2988 3317 non
3011 3260 3250 3332 impedit
3276 3274 3397 3332 pec-

2038 3352 2161 3403 cata
2200 3344 2483 3409 venialia;
2508 3342 2790 3414 siquidem
2822 3341 3038 3398 habens
3068 3342 3391 3414 praedictam

2039 3427 2283 3503 gratiam
2315 3429 2493 3497 potest
2520 3424 2583 3479 in
2631 3440 2798 3479 sensu
2829 3425 3140 3495 composito
3170 3439 3396 3495 peccare

2041 3508 2347 3565 venialiter
2380 3527 2392 3562 z
2422 3520 2556 3577 ergo
2602 3503 2929 3578 hujusmodi
2967 3505 3399 3561 sacramentalis

2041 3591 2224 3666 gratia
2252 3588 2563 3646 secundum
2590 3603 2650 3643 se
2676 3592 2904 3658 sumpta
2944 3586 3290 3642 insufficiens
3316 3592 3399 3643 est

2043 3672 2113 3729 ad
2134 3669 2535 3743 expellendum
2562 3673 2780 3740 peccata
2806 3667 3230 3724 venialia.'l'um
3258 3683 3398 3739 prae-

2044 3759 2217 3815 terea,
2247 3752 2379 3824 quia
2408 3749 2683 3821 Apostoli,
2714 3748 2891 3804 etalii
2918 3748 3029 3804 viri
3045 3747 3392 3803 sanctissimi

2046 3832 2371 3908 praedictam
2393 3831 2640 3904 gratiam
2659 3829 3150 3892 sacramentalem.
3171 3832 3227 3883 et
3251 3827 3399 3884 alios

2045 3913 2244 3972 modos
2266 3911 2583 3969 habituales
2606 3909 2890 3966 habebant
2910 3933 2923 3974 ς
2941 3914 2996 3965 et
3018 3908 3401 3969 nihilominus

2045 3994 2464 4054 confitebantur
2505 4007 2565 4047 se
2609 3991 2785 4046 simul
2815 3989 3026 4046 habere
3055 3994 3273 4061 peccata
3299 4004 3404 4046 ve-

2048 4076 2231 4134 nialia
2263 4096 2276 4130 ι
2305 4089 2439 4147 ergo
2481 4072 2632 4128 idem
2667 4070 2816 4143 quod
2847 4071 3025 4143 prius.
3059 4071 3204 4124 Tum
3232 4067 3402 4125 deni-

2048 4175 2175 4233 que,
2207 4156 2342 4229 quia
2371 4160 2430 4209 ut
2459 4154 2648 4225 inquit
2692 4154 2752 4207 D.
2784 4151 2988 4207 Thom.
3020 4152 3301 4223 quaest..7,
3333 4149 3405 4207 de
3421 4184 3472 4226 1).
3491 4183 3581 4225 Tho.

2051 4240 2220 4307 Malo,
2239 4242 2345 4293 art.
2369 4237 2424 4290 ll
2455 4233 2522 4290 ad
2554 4232 2863 4290 14:0mnia
2880 4231 3245 4288 Sacramenta
3262 4248 3408 4286 nov-v

2052 4320 2182 4390 leyis
2207 4325 2334 4374 sunt
2364 4315 2618 4370 instituta
2641 4313 2715 4368 ad
2734 4312 3114 4384 conferendam
3136 4314 3401 4381 oratiam.

2051 4400 2182 4458 Non
2202 4406 2384 4454 autem
2403 4398 2705 4473 requiritur:
2729 4394 2804 4449 ad
2823 4392 3193 4447 remissionem
3214 4408 3409 4465 pecca-

2053 4488 2234 4536 torum
2254 4478 2554 4534 venialium
2577 4492 2722 4530 novoe
2735 4475 2925 4545 matisc
2940 4474 3167 4545 infmia.
3198 4471 3250 4528 E
3252 4479 3272 4525 t
3292 4471 3411 4527 ideo

2054 4578 2148 4616 nec
2173 4558 2446 4615 Extrema
2474 4554 2687 4620 UnctiO,
2715 4572 2808 4609 nec
2831 4553 3057 4630 aliquod
3083 4550 3410 4610 Sacramen-

2056 4649 2173 4697 tum
2200 4655 2346 4693 novar
2388 4636 2544 4705 Leyis
2570 4642 2644 4689 est
2673 4637 2989 4689 institutum
3029 4631 3417 4705 principaliter

2056 4728 2247 4778 contra
2267 4726 2487 4791 peecata
2515 4717 2755 4772 venialia
2778 4730 2945 4789 :ergo
2968 4713 3226 4770 salvatur
3254 4712 3420 4788 effec-

2056 4812 2147 4862 tus
2193 4800 2588 4877 principaliter
2630 4800 2885 4855 intentus
2921 4798 2985 4854 in
3025 4796 3418 4860 sacramentis,

2059 4903 2268 4959 nempe
2292 4884 2475 4959 gratia
2520 4880 2973 4944 sacramentalis,
3006 4878 3253 4953 quanvis
3294 4894 3420 4951 pec-

2061 4978 2181 5030 cata
2210 4968 2462 5027 venialia
2489 4983 2606 5025 non
2654 4965 3053 5029 remittantur;
3098 4967 3265 5036 atque
3292 4959 3416 5018 ideo

2062 5051 2388 5129 hujusmodi
2425 5050 2612 5125 gratia
2654 5063 2772 5103 non
2797 5050 2881 5102 est
2920 5043 3105 5101 forma
3133 5043 3417 5100 sufficiens

3350 5128 3421 5183 ad
