3647 5753
1405 438 1584 493 DISP.
1628 437 1723 504 IV,
1767 435 1936 489 DUB.
1981 434 2022 489 I.
3033 432 3144 486 633

276 618 452 670 cessat
482 618 678 669 tamen
705 612 769 668 in
794 627 917 668 esse
947 611 1103 676 recti,
1135 616 1193 667 et
1215 608 1398 682 quoad
1427 623 1644 664 munus

276 697 619 758 dominandi
642 695 909 769 subjecto.
950 693 1114 751 Unde
1142 692 1405 750 remissio
1434 690 1642 764 peccati
1676 725 1681 731 ·

277 778 555 850 importat
580 794 652 835 ex
674 776 777 832 hac
796 781 957 848 parte
969 791 1170 831 veram
1195 772 1642 830 destructionem

275 860 580 917 terminia
609 876 713 937 quo
743 858 993 931 positivi,
1028 863 1081 913 et
1106 856 1205 928 qui
1248 871 1383 912 vere
1429 853 1643 910 distin-

178 941 191 948 “
277 944 475 1018 guitur
497 959 528 999 a
549 959 665 999 non
692 959 801 998 esse
820 942 1036 1016 gratiae.
1059 942 1126 995 Et
1150 939 1426 994 similiter
1445 935 1644 1011 gratiae

279 1025 499 1082 infusio
544 1023 767 1080 inducit
816 1023 1125 1079 terminem
1153 1022 1229 1077 ad
1255 1038 1410 1098 quem
1440 1017 1644 1091 positi-

280 1123 419 1163 vum
471 1121 604 1163 vere
648 1104 984 1160 distinctum
1028 1120 1061 1160 a
1104 1119 1222 1161 non
1273 1120 1382 1159 esse
1434 1099 1643 1173 peccati

282 1188 575 1261 adaequate
620 1192 927 1259 acceptum,
971 1184 1041 1242 ad
1094 1185 1244 1258 quod
1290 1184 1642 1240 terminatur

278 1271 459 1344 culpae
478 1271 757 1328 remissio.
798 1274 919 1334 Quo
944 1268 1095 1324 nihil
1125 1269 1375 1341 amplius
1415 1265 1642 1323 deside-

282 1353 402 1409 rari
446 1356 642 1424 potest,
696 1356 758 1406 ut
812 1350 1093 1424 praedictae
1120 1349 1248 1406 duae
1294 1347 1644 1405 mutationes

279 1435 399 1490 sint
423 1433 623 1498 reales,
655 1438 712 1489 et
737 1433 970 1489 realiter
996 1431 1300 1489 distinctae.

891 1614 1033 1683 §11-
1126 1657 1127 1660 t

345 1762 723 1822 Corollarium
743 1761 1090 1890 Ρνῑυέςιὶεηιίε
1122 1760 1376 1817 doctrinar
1400 1767 1595 1816 notatu

886 1853 1091 1906 tynum.

62 1996 253 2055 nisime:
356 1986 410 2040 8.
445 1987 527 2041 Ex
549 1985 713 2040 dictis
741 1984 1009 2048 infertur,
1033 1984 1507 2057 justificationem
1540 1983 1645 2038 im-

60 2046 271 2139 Ηὲξξζῗξέξ
284 2065 363 2138 pii
380 2065 655 2140 distingui
673 2066 1057 2122 essentialiter
1071 2063 1324 2137 specifice
1339 2063 1646 2138 ajustifica-

60 2145 268 2239 iffisgilfg·
285 2147 440 2204 tione
461 2163 578 2204 non
603 2147 791 2218 impii,
819 2148 1006 2220 qualis
1035 2147 1146 2202 suit
1169 2144 1501 2220 justificatio
1524 2149 1645 2199 An-

241 2227 248 2234 '
281 2229 561 2301 gelorum,
586 2233 640 2283 et
667 2225 895 2284 Adami.
939 2229 1054 2283 Hoc
1082 2227 1497 2284 consectarium
1530 2241 1646 2282 non

284 2307 598 2363 admittunt
620 2309 814 2379 plures
835 2325 908 2364 ex
934 2309 1305 2372 AuthoribuS,
1331 2308 1428 2379 qui
1460 2305 1646 2361 nobis·

282 2403 413 2443 cum
441 2387 645 2445 docent
666 2389 1132 2461 justificationem
1177 2389 1341 2461 impii
1384 2403 1505 2443 esse
1548 2403 1646 2442 ve-

286 2486 417 2526 rum
460 2478 681 2528 motum
712 2479 773 2525 ut
800 2473 1074 2543 §pv-tecm.
1125 2471 1529 2543 explicuimus.
1573 2470 1645 2524 Hi

57 2563 251 2653 {raum
282 2555 419 2606 sunt
448 2554 680 2608 Arauxo
699 2553 779 2607 loc
799 2554 891 2607 cit.
912 2560 1029 2623 post
1046 2569 1287 2624 respon-9.
1306 2551 1380 2607 ad
1399 2552 1454 2617 4,
1478 2552 1646 2607 Joan-

58 2619 265 2703 Sffissffi„
285 2646 386 2688 nes
408 2647 440 2688 a
467 2633 519 2687 S.
555 2632 762 2690 Thom.
788 2633 942 2703 §Sed
961 2635 1222 2710 inquireS,
1249 2640 1304 2689 et
1330 2632 1453 2688 alii.
1493 2635 1646 2696 Quo-

285 2729 417 2769 rum
472 2716 823 2789 praecipuum
870 2715 1314 2771 fundamentum
1356 2721 1457 2781 est,
1501 2730 1647 2787 quo-

82 2807 248 2899 cnjus·¹
284 2796 444 2852 niam
495 2798 559 2851 in
606 2797 766 2853 omni
803 2796 1209 2870 justificatione
1235 2803 1319 2852 est
1347 2796 1500 2852 idem
1526 2802 1645 2852 ter-

54 2858 478 2952 dgffisslgminus
505 2879 579 2934 ad
599 2896 755 2955 quem
782 2879 1097 2935 secundum
1126 2879 1395 2950 speciem,
1438 2893 1646 2950 nempe

56 2958 240 3003 motiva.
279 2958 466 3031 gratia
512 2956 876 3014 sanctificans
909 2957 1050 3014 :sed
1090 2957 1421 3031 justificatio
1465 2957 1646 3012 sumit

281 3040 528 3111 speciem
557 3056 590 3096 a
618 3040 870 3097 termino
917 3037 986 3096 ad
1025 3056 1196 3112 quem
1235 3054 1411 3111 :ergo
1452 3037 1645 3094 omnis

278 3118 609 3193 justificatio
630 3125 712 3177 est
732 3120 987 3195 ejusdem
1024 3121 1250 3192 speciei.
1303 3118 1462 3183 Quod
1505 3134 1645 3175 con-

284 3198 525 3263 firmant
544 3205 729 3275 primo
757 3219 829 3258 ex
857 3203 920 3258 D.
966 3202 1170 3257 Thom.
1197 3207 1304 3256 art.
1346 3201 1392 3266 l,
1421 3199 1519 3255 ubi
1542 3200 1641 3263 ait,

282 3281 430 3354 quod
447 3282 778 3356 justificatio
815 3282 983 3355 impii
1010 3280 1189 3336 sumit
1216 3278 1649 3337 denominatio-

284 3379 419 3421 nem
444 3382 476 3421 a
504 3367 759 3422 termino
781 3364 852 3420 ad
880 3379 1072 3436 quem,
1099 3377 1306 3435 nempe
1333 3379 1364 3417 a
1381 3360 1604 3435 justitia
1630 3383 1644 3414 ε

283 3443 381 3502 sed
422 3446 756 3518 justificatio
796 3445 975 3499 sumit
1015 3442 1546 3499 denominationem
1578 3438 1649 3495 ab

284 3541 372 3590 e0,
399 3542 432 3581 a
456 3542 568 3599 quo
619 3528 799 3583 sumit
824 3526 1071 3597 speciem
1105 3546 1117 3581 :
1150 3540 1284 3596 ergo
1322 3520 1649 3596 justificatio

287 3606 457 3679 impii
479 3608 834 3680 specificatur
851 3623 882 3661 a
896 3605 1138 3678 justitia,
1166 3609 1220 3659 et
1240 3606 1650 3672 consequenter

286 3692 372 3746 est
397 3688 649 3761 ejusdem
672 3688 877 3762 speciei
915 3704 1043 3742 cum
1084 3686 1490 3760 justificatione
1532 3697 1648 3739 non

288 3769 478 3842 impii.
500 3786 625 3843 quae
646 3769 816 3826 habet
836 3768 992 3826 idem
1014 3766 1480 3841 specificativum.
1508 3766 1650 3821 Con-

287 3850 530 3909 firmant
549 3854 796 3921 secundo,
830 3853 966 3926 quia
990 3849 1319 3924 justificatio
1341 3846 1507 3920 impii
1533 3861 1649 3902 non

290 3933 407 3989 alia
450 3934 674 3991 ratione
700 3939 882 4006 potest
920 3932 1211 3989 differ-rea
1245 3927 1651 4003 justificatione

291 4031 409 4072 non
435 4016 623 4088 impii,
672 4016 786 4072 nisi
829 4020 1107 4089 quatenus
1136 4014 1239 4068 illa
1266 4010 1501 4082 expellit
1530 4025 1651 4081 pec·

290 4102 481 4154 catum
536 4119 550 4152 :
592 4096 689 4153 sed
741 4096 1002 4169 expulsio
1049 4090 1256 4167 peccati
1297 4096 1381 4147 est
1423 4090 1653 4149 effectus

268 4177 665 4243 „secundarius
692 4178 1004 4235 infusionis
1023 4174 1240 4249 gratiae,
1273 4177 1329 4227 et
1364 4171 1651 4227 terminus

288 4258 663 4316 secundarius
691 4274 808 4316 non
830 4258 927 4315 dat
943 4256 1189 4330 speciem
1218 4275 1231 4309 ε
1255 4269 1391 4327 ergo
1420 4253 1650 4309 nullum

287 4349 374 4400 est
400 4342 865 4410 fundamentum,
894 4347 956 4397 ut
989 4335 1315 4413 justificatio
1337 4336 1505 4409 impii
1534 4334 1651 4390 dif-

289 4426 438 4483 ferat
464 4427 848 4483 essentialiter
875 4441 909 4481 a
931 4420 1337 4497 justificatione
1373 4435 1492 4475 non
1533 4418 1652 4473 im-

290 4508 394 4580 pii.
423 4509 812 4565 confirmatur
841 4505 1018 4569 tertie,
1063 4510 1118 4559 et
1164 4501 1482 4573 explicatur
1523 4515 1652 4556 am-

292 4589 445 4662 plius
470 4613 485 4656 ;
549 4588 686 4662 quia
737 4585 1018 4661 praedictae
1052 4580 1486 4657 justificationes
1533 4596 1653 4637 non

292 4675 530 4743 possunt
551 4668 787 4726 differre
805 4666 1209 4729 essentialiter,
1239 4662 1349 4719 nisi
1374 4667 1655 4735 quatenus

290 4752 507 4811 habent
531 4751 789 4809 diversos
822 4749 1103 4807 terminos
1128 4764 1161 4804 a
1182 4745 1422 4819 quibus;
1447 4742 1655 4819 justifi-

289 4835 440 4893 catio
466 4834 627 4891 enim
644 4835 810 4907 impii
840 4839 923 4891 est
953 4830 1228 4887 transitus
1263 4845 1296 4885 a
1334 4830 1482 4884 statu
1524 4842 1657 4900 pec-

291 4916 402 4975 cati
427 4914 497 4973 ad
517 4916 796 4989 gratiam;
822 4910 1150 4989 justificatio
1172 4926 1310 4967 vero
1342 4925 1458 4966 non
1487 4906 1656 4981 impii

290 5001 484 5059 solum
536 5003 623 5057 est
668 4997 945 5055 transitus
989 5010 1023 5050 a
1062 5010 1181 5051 non
1208 5009 1333 5051 esse
1359 4991 1565 5067 gratiae
1587 4988 1658 5046 ad

289 5100 414 5145 esse
459 5083 622 5141 illius
674 5103 688 5138 :
736 5079 893 5153 atqui
933 5077 1224 5135 distinctio
1264 5076 1657 5134 mutationum

356 5249 371 5264 ·
441 5166 730 5226 salmam.
760 5162 926 5223 Curs.
951 5160 1175 5233 theolog.
1209 5167 1339 5217 tom.
1371 5157 1441 5217 X.

1778 619 1896 661 non
1921 605 2173 660 sumitur
2203 621 2234 661 a
2257 605 2528 661 terminis
2557 621 2588 660 a
2623 604 2857 678 quibus;
2886 601 3143 676 ejusdem

1779 684 1990 758 quippe
2020 686 2262 742 rationis
2296 691 2430 741 sunt
2459 685 2947 742 motusacaeruleo
2972 684 3034 737 in
3059 683 3147 737 al-

1779 765 1939 832 bum,
1967 772 2021 822 et
2050 764 2255 823 modus
2281 782 2310 821 a
2350 765 2526 822 viridi
2556 767 2619 822 in
2646 765 2896 824 eundem
2939 765 3137 820 termi-

1780 862 1943 912 num,
1995 852 2054 901 ut
2082 864 2212 904 cum
2254 848 2491 905 Aristot.
2525 854 2579 904 et
2607 850 2674 903 D.
2705 847 2915 903 Thom.
2945 845 3148 901 docent

1777 934 1847 988 N.
1880 933 2164 1005 Complut.
2192 933 2252 986 in
2284 931 2376 986 lib.
2405 931 2623 1003 physic.
2657 933 2798 1003 disp.
2825 931 2917 995 23,
2960 923 3359 997 qumgssssomp.

1785 1015 1804 1068 l
1837 1035 1852 1078 3
1877 1028 2011 1086 ergo
2040 1013 2202 1067 nulla
2226 1017 2310 1067 est
2339 1012 2504 1076 ratio,
2535 1017 2594 1066 ut
2621 1011 2904 1085 praedictae
2929 1008 3147 1084 justifi-

1777 1092 2028 1149 cationes
2054 1092 2446 1148 essentialiter
2468 1091 2919 1166 distinguantur.

1853 1175 2118 1229 Nostram
2141 1178 2335 1229 tamen
2360 1173 2767 1229 resolutionem
2785 1171 3144 1244 amplectun-
3161 1170 3337 1216 Resolu-

1776 1258 1872 1309 tur
1900 1255 2070 1326 Cajet.
2102 1257 2158 1309 et
2177 1252 2409 1309 Medina
2434 1260 2546 1309 art.
2569 1256 2604 1308 6
2626 1255 2793 1325 liujus
2821 1259 3003 1330 quaest.
3033 1253 3131 1307 Pe·
3186 1218 3324 1313 οῗρέι.

1776 1342 1901 1392 trus
1928 1335 1997 1393 de
2023 1338 2153 1394 Soto
2181 1336 2300 1391 lece.
2339 1336 2403 1390 lo
2425 1336 2489 1390 de
2502 1339 2699 1409 poenit.
2724 1339 2965 1391 Montes,
2998 1335 3142 1406 disp.
3162 1320 3230 1360 ΜΕ
3265 1318 3348 1363 ¹¹¹²·

1777 1418 1869 1484 33,
1900 1425 2085 1495 quaest.
2133 1419 2178 1483 l,
2225 1435 2378 1472 num.
2421 1418 2485 1472 lO
2527 1418 2727 1474 etalii.
2762 1419 2830 1471 Et
2876 1368 3346 1470 ευαάθῑιιτᾱξθεῑὲιῑξ.

1776 1515 1848 1556 ex
1872 1499 2037 1557 dictis
2059 1503 2088 1569 ἓ
2119 1498 2459 1571 praecedenti
2485 1521 2497 1555 :
2527 1501 2801 1573 quoniam
2817 1497 3148 1573 justificatio
3163 1468 3342 1560 affige.

1779 1599 1897 1640 non
1927 1583 2095 1656 impii
2121 1598 2238 1638 non
2260 1586 2344 1637 est
2383 1582 2767 1638 essentialiter
2809 1588 3017 1647 motuS,
3051 1580 3149 1636 scd
3202 1576 3314 1610 vum.

1777 1665 2027 1736 simplex
2073 1662 2358 1718 mutatio:
2402 1664 2557 1735 atqui
2607 1662 2939 1735 justificatio
2980 1661 3148 1733 impii

1777 1750 1863 1801 est
1882 1745 2264 1802 essentialiter
2285 1748 2473 1798 motus
2495 1760 2661 1817 :ergo
2676 1743 3006 1817 justificatio
3031 1742 3148 1797 im-

1780 1827 1880 1899 pii,
1906 1831 1958 1882 et
2000 1824 2330 1899 justificatio
2352 1840 2469 1881 non
2498 1824 2666 1896 impii
2713 1825 3151 1899 distinguuntur

1778 1908 2184 1964 essentialiter.
2216 1909 2378 1963 Patet
2405 1909 2825 1979 consequentia,
2854 1907 2988 1980 quia
3037 1921 3141 1962 ne-

1778 1994 1997 2062 queunt
2019 2004 2136 2043 non
2164 1987 2546 2044 essentialiter
2574 1988 2828 2057 differre,
2861 2004 2984 2060 quze
3033 1987 3145 2041 ha-

1779 2068 1918 2124 hent
1937 2067 2166 2122 diversa
2195 2065 2500 2140 praedicata
2540 2068 2888 2124 essentialia.

1854 2151 1910 2202 9.
1943 2146 2264 2219 Respondet
2287 2150 2536 2213 ArauxO,
2565 2146 2670 2203 hoc
2697 2146 3142 2202 fundamentum
3198 2154 3312 2196 Enu-

1778 2234 2003 2285 tantum
2039 2230 2323 2293 evincere,
2356 2227 2505 2299 quod
2556 2228 2834 2299 praedictae
2876 2224 3150 2300 justifica-
3184 2205 3310 2256 mm·

1778 2311 1965 2366 tiones
1986 2310 2256 2365 differant
2278 2309 2662 2365 essentialiter
2690 2309 2753 2364 in
2779 2309 3001 2364 ratione
3025 2322 3145 2362 mo·

1778 2394 1885 2457 tuS,
1910 2396 1961 2446 et
1993 2388 2356 2453 mutationis;
2390 2403 2508 2443 non
2549 2393 2740 2443 autem
2764 2384 2913 2459 quod
2955 2401 3145 2441 essen-

1780 2472 1999 2528 tialiter
2026 2471 2457 2543 distinguantur
2498 2469 2587 2524 vel
2619 2470 2682 2524 in
2729 2485 2851 2526 esse
2879 2467 3139 2532 actionis,

1780 2553 1872 2610 vel
1894 2569 1965 2609 ex
1988 2559 2147 2626 parte
2168 2551 2407 2607 termini
2437 2550 2507 2608 ad
2535 2566 2727 2623 quem.

1857 2635 1985 2691 Haec
2012 2639 2204 2689 tamen
2236 2632 2530 2706 responsio
2551 2648 2621 2689 ex
2643 2648 2770 2704 una,
2796 2634 2957 2702 parte
3004 2645 3144 2686 con·
3160 2634 3337 2693 rrqrclu·

1780 2715 1931 2772 cedit
1952 2713 2101 2788 quod
2127 2714 2514 2774 intendimus3
2544 2718 2601 2769 et
2639 2729 2710 2770 ex
2756 2713 2870 2768 alia
2900 2709 3152 2784 procedit
3195 2685 3321 2728 ‘¹¹¹⁰‘

1782 2800 2276 2870 inconsequenter.
2300 2801 2446 2853 Nam
2475 2796 2538 2851 in
2557 2795 2765 2868 primis
2787 2811 2890 2851 nos
2913 2795 2975 2850 in
3000 2811 3152 2866 prae-

1778 2880 1929 2937 senti
1961 2895 2077 2936 non
2103 2880 2396 2952 loquimur
2417 2876 2486 2935 de
2510 2875 2919 2951 justificatione
2959 2878 3151 2933 consi·

1780 2965 1978 3022 derata
1999 2964 2063 3019 in
2086 2980 2208 3020 esse
2236 2964 2496 3030 actionis,
2525 2960 2623 3018 sed
2652 2966 2881 3033 sumpta
2906 2959 3148 3033 passive,

1782 3053 1844 3102 ut
1863 3053 1948 3104 est
1969 3047 2211 3102 mutatio
2234 3044 2572 3118 acquisitiva
2588 3043 2844 3117 justitiae,
2877 3047 2939 3096 ut
2981 3056 3157 3111 supra

1780 3129 1845 3184 in
1867 3129 2075 3183 limine
2100 3126 2263 3182 dubii
2292 3125 2730 3183 observavimus
2773 3121 3151 3193 (considerata

1780 3210 1992 3284 quippe
2019 3210 2199 3266 active
2216 3214 2299 3265 est
2328 3213 2483 3264 actus
2510 3206 2747 3262 divinus
2796 3207 2857 3261 in
2882 3207 2995 3261 Deo
3032 3204 3156 3259 for-

1781 3290 2018 3345 maliter
2071 3304 2333 3352 manens,
2365 3292 2421 3344 et
2460 3303 2493 3342 a
2530 3288 2692 3342 nullo
2721 3285 2938 3357 objecto
2966 3289 3153 3342 creato

1782 3376 2055 3426 mutuans
2093 3369 2401 3441 speciem):
2444 3382 2578 3439 ergo
2624 3367 2673 3422 si
2712 3365 3150 3441 J'ustificationes

1782 3451 1973 3523 impii,
2018 3456 2075 3507 et
2102 3465 2219 3506 non
2249 3449 2416 3520 impii
2444 3446 2721 3504 differunt
2769 3448 3156 3505 essentialiter

1783 3531 1850 3586 in
1874 3546 1996 3587 esse
2018 3535 2224 3595 motu5‚
2249 3533 2306 3585 et
2326 3528 2683 3595 mutationis,
2716 3529 2975 3583 salvatur
2998 3527 3158 3584 diffe-

1786 3610 1975 3667 rentia
2001 3610 2344 3676 essentialis,
2372 3624 2545 3681 quam
2589 3606 2966 3665 intendimus.
2996 3610 3156 3663 Prae-

1783 3698 1943 3749 terea
1986 3697 2284 3766 repugnat,
2340 3691 2447 3746 illa
2491 3706 2616 3762 quae
2657 3689 2870 3745 habent
2909 3691 3155 3763 speciem

1785 3790 1888 3847 per
1917 3778 2239 3846 respectum
2263 3770 2333 3827 ad
2365 3770 2703 3837 terminum,
2739 3768 3018 3844 distingui
3061 3786 3154 3827 es-

1783 3855 2123 3921 sentialiter,
2158 3854 2271 3910 nisi
2294 3853 2543 3910 habeant
2572 3852 2854 3910 terminos
2875 3853 3153 3909 essentia-

1784 3938 1919 3994 liter
1946 3937 2202 3993 diversos
2230 3937 2291 3991 in
2312 3952 2433 3993 esse
2454 3935 2714 4001 termini,
2741 3936 3009 4008 quamvis
3031 3935 3155 3990 sint

1785 4018 2039 4092 ejusdem
2068 4016 2275 4089 speciei
2298 4016 2359 4071 in
2404 4031 2526 4072 esse
2548 4015 2715 4080 entis,
2749 4019 2812 4069 ut
2858 4013 3152 4071 inductive

1787 4103 1967 4171 potest
1993 4096 2213 4154 ostendi
2242 4117 2254 4152 :
2307 4095 2407 4152 sed
2435 4099 2642 4161 motuS,
2688 4098 2744 4151 et
2778 4095 3020 4150 mutatio
3050 4096 3156 4151 ha-

1785 4178 2189 4251 bentspeciem
2213 4192 2312 4250 per
2355 4180 2672 4248 respectum
2728 4175 2799 4231 ad
2827 4176 3148 4231 terminum

1785 4261 1861 4315 ad
1883 4278 2038 4339 quem
2071 4277 2088 4312 .·
2116 4274 2251 4332 ergo
2272 4257 2452 4313 semel
2472 4271 2753 4323 concesso,
2773 4255 2922 4328 quod
2941 4256 3157 4330 justifi-

1786 4344 2036 4400 cationes
2080 4340 2268 4412 impii,
2300 4343 2357 4395 et
2397 4353 2516 4393 non
2563 4337 2731 4409 impii
2760 4336 3038 4393 differunt
3064 4353 3158 4393 es-

1785 4423 2110 4479 sentialiter
2158 4421 2222 4475 in
2272 4435 2393 4476 esse
2439 4423 2647 4485 motuS,
2680 4422 2735 4473 et
2772 4417 3153 4483 mutationis;

1787 4506 2263 4577 inconsequenter
2285 4506 2543 4575 negatur,
2563 4499 2712 4573 quod
2724 4500 3156 4574 distinguantur
3181 4536 3187 4543 ·

1786 4586 2169 4645 essentialiter
2196 4600 2268 4640 ex
2291 4589 2448 4656 parte
2472 4583 2710 4640 termini
2739 4584 2814 4639 ad
2840 4600 3014 4660 quem.
3044 4582 3153 4639 Sed

1789 4670 1882 4726 vel
1901 4665 2209 4725 dicendum
2235 4669 2337 4730 est,
2371 4663 2672 4738 praedictas
2706 4662 3148 4737 justificationes

1789 4767 1909 4809 non
1936 4748 2215 4822 distingui
2262 4746 2646 4803 essentialiter
2672 4744 2737 4800 in
2782 4760 2903 4801 esse
2942 4749 3152 4810 motus,

1790 4838 1850 4890 et
1872 4828 2211 4888 mutationis
2237 4852 2252 4895 ;
2284 4828 2375 4885 vel
2397 4824 2707 4884 concedere
2735 4829 2974 4897 oportet,
3005 4824 3156 4897 quod

1790 4913 1994 4989 gratia,
2026 4927 2151 4984 quae
2178 4914 2260 4966 est
2290 4924 2493 4966 earum
2540 4905 2829 4963 terminus
2859 4905 2934 4959 ad
2975 4922 3152 4982 quem,

1790 4999 1877 5052 est
1895 4993 2139 5050 diversae
2181 4990 2422 5047 rationis
2445 4992 2614 5062 prout
2641 4986 2918 5043 terminat
2952 4984 3163 5059 justifi-

1792 5075 2045 5134 cationes
2066 5070 2315 5146 impii,et
2337 5086 2455 5129 non
2477 5064 3165 5143 impii,quamvishabeat
