3647 5753
474 403 587 460 638
1184 399 1278 453 DE
1318 375 1759 463 QUIDDITATE
1797 395 2396 458 JUSTIFICATIONIS
2435 403 2639 459 IMPII.

475 591 598 633 esse
622 574 840 639 album,
889 572 1020 628 licet
1053 570 1297 627 mutatio
1321 569 1653 643 generativa
1697 573 1846 626 esset

476 656 668 720 unica,
690 651 933 709 mutatio
956 659 1150 707 tamen
1172 650 1507 721 corruptiva
1526 654 1674 706 esset
1696 649 1845 703 mul-

475 735 672 807 tiplex,
719 734 884 806 juxta
929 746 1239 787 numerum
1290 730 1568 795 colorum,
1594 729 1693 800 qui
1742 742 1845 800 per

473 816 652 871 illum
695 812 1077 887 dealbationis
1105 819 1326 869 motum
1363 812 1642 885 perirent.
1667 811 1737 863 Et
1763 809 1846 863 ita

472 895 830 969 contingeret
871 895 933 949 in
963 899 1159 950 nostro
1210 909 1371 958 casu;
1398 908 1535 948 nam
1575 889 1846 962 quamvis

472 976 659 1052 gratia
705 973 1024 1048 justificans
1050 980 1194 1030 esset
1255 988 1366 1029 una
1388 1017 1402 1041 ‚
1457 970 1846 1028 nihilominus

474 1061 631 1113 actus
660 1055 889 1128 peccati,
921 1053 1018 1126 qui
1043 1052 1434 1125 impediebant
1457 1051 1844 1122 receptionem

473 1137 690 1210 gratiae,
723 1141 911 1192 essent
939 1135 1131 1208 plures
1169 1139 1226 1189 et
1246 1148 1446 1189 omnes
1472 1130 1847 1187 destrueren-

473 1225 571 1273 tur
601 1234 700 1290 per
721 1216 971 1272 eundem
1015 1211 1445 1288 justificationis
1471 1217 1712 1267 motum.
1741 1212 1844 1267 Se-

474 1298 659 1355 cundo
682 1296 1058 1371 respondetur
1078 1294 1345 1371 negando
1363 1294 1674 1367 sequelam,
1701 1294 1840 1366 quia

420 1437 427 1442 ,
475 1380 717 1436 mutatio
743 1394 860 1435 non
883 1377 1055 1435 habet
1084 1380 1366 1434 unitatem
1408 1376 1767 1432 numericam
1812 1389 1846 1431 a

256 2690 461 2742 ncomp.

261 3112 461 3161 Quartum

293 3170 419 3211 argu·

258 3215 459 3253 mentum.

262 3914 321 3957 D.
338 3913 444 3958 Tho.

258 4321 440 4368 solutio.

471 1462 777 1520 terminon
805 1479 910 1540 quo
938 1460 1322 1516 materialiter
1347 1456 1725 1524 considerato,
1745 1455 1845 1514 sed

474 1560 508 1601 a
533 1544 801 1618 subjecto,
827 1549 884 1599 et
912 1542 1161 1601 termino
1196 1543 1272 1596 ad
1311 1558 1467 1619 quem
1490 1555 1676 1612 per-ce
1716 1540 1845 1595 ins-

475 1630 652 1698 pecto,
681 1628 745 1680 In
785 1622 1194 1699 ⁷justificatione
1224 1627 1415 1679 autem
1440 1636 1557 1678 non
1589 1620 1846 1677 intendi-

472 1712 570 1761 tur
597 1705 854 1762 absentia
878 1704 974 1778 huj
985 1721 1067 1771 uS,
1101 1704 1191 1761 vel
1217 1704 1382 1759 illius
1409 1702 1622 1774 peccati
1647 1718 1848 1760 secun-

474 1785 615 1842 dum
662 1787 970 1860 specialem
1002 1786 1286 1843 rationem
1332 1783 1716 1841 considerati:
1745 1783 1845 1841 sed

476 1882 594 1924 non
615 1883 736 1923 esse
757 1865 1013 1923 absolute
1035 1866 1264 1939 peccati,
1287 1865 1351 1920 in
1367 1880 1478 1937 quo
1499 1880 1700 1920 omnes
1724 1880 1847 1937 pec-

472 1953 734 2005 catorum
785 1948 1094 2006 desitiones
1119 1948 1492 2006 conveniunt.
1540 1946 1704 2003 Unde
1748 1962 1843 2005 re-

475 2030 676 2087 missio
715 2031 893 2103 culpae
933 2030 1260 2087 formaliter
1312 2027 1672 2085 considerata
1721 2043 1840 2085 non

473 2114 558 2165 est
579 2112 885 2183 multiplex
915 2126 1178 2175 numero,
1211 2108 1309 2165 sed
1337 2110 1506 2165 unica
1528 2109 1600 2164 in*
1617 2109 1844 2165 ratione

475 2192 812 2248 mutationis
836 2235 850 2259 ,
896 2198 956 2247 ut
996 2189 1466 2265 justificationem
1515 2189 1840 2263 componit;

472 2273 737 2344 quamvis
761 2273 1143 2330 materialiter
1171 2277 1358 2344 posset
1392 2273 1556 2346 juxta
1584 2270 1842 2343 priorem

477 2355 912 2426 responsionem
964 2355 1270 2429 multiplex
1325 2354 1631 2428 appellari.
1689 2354 1844 2409 Sicut

474 2433 669 2506 plures
692 2436 1077 2492 materialiter
1100 2433 1430 2508 superficies
1458 2435 1648 2492 solent
1675 2450 1844 2490 cons-

474 2515 682 2571 tituere
702 2516 945 2573 eandem
971 2533 1215 2574 numero
1240 2517 1603 2589 superficiem
1623 2516 1685 2571 in
1708 2532 1843 2571 mu-

474 2611 614 2652 nere
640 2597 977 2653 continendi
1026 2598 1295 2661 locatum,
1333 2604 1394 2654 ut
1431 2598 1721 2671 explicant
1767 2601 1837 2655 N.

483 2677 766 2748 Complut.
801 2680 859 2731 in
887 2679 982 2732 lib.
1006 2676 1228 2750 Physic.
1261 2679 1404 2751 disp.
1458 2680 1539 2744 19,
1567 2686 1751 2755 quaest.
1781 2681 1838 2736 2.

476 2758 548 2811 Et
569 2758 763 2829 plures
785 2773 1047 2826 numero,
1095 2763 1191 2814 aut
1217 2760 1393 2815 etiam
1428 2760 1613 2832 specie
1634 2776 1843 2832 opera-

473 2837 659 2895 tiones
697 2839 965 2912 angelicae
1012 2845 1247 2913 possunt
1296 2839 1545 2916 eundem
1595 2857 1844 2899 numero

474 2927 697 2977 motum
723 2922 961 2978 localem
990 2923 1353 2990 constituere,
1380 2927 1442 2978 ut
1456 2924 1844 2997 explicuimus

472 3001 535 3054 in
563 3007 722 3058 tract.
750 3002 813 3056 de
833 3001 1078 3072 Anyelis,
1109 3002 1252 3076 disp.
1281 3005 1335 3069 3,
1366 3004 1493 3059 dub.
1522 3006 1574 3061 3.

554 3086 638 3141 16.
664 3084 942 3158 Arguitur
957 3091 1160 3157 quarto
1188 3086 1357 3159 :quia
1380 3086 1450 3143 de
1478 3087 1701 3145 ratione
1722 3103 1844 3144 mo-

474 3170 563 3221 tus
585 3181 617 3220 a
637 3166 889 3239 simplici
916 3167 1240 3225 mutatione
1268 3168 1525 3225 distincti
1555 3176 1657 3236 est,
1691 3170 1842 3243 quod

473 3246 548 3301 sit
575 3248 924 3303 successivus
957 3267 969 3302 z
999 3246 1097 3305 sed
1140 3249 1468 3323 justificatio
1497 3251 1665 3325 impii
1721 3267 1841 3308 non

474 3334 560 3386 est
599 3332 931 3396 successiva,
962 3329 1060 3387 sed
1085 3332 1453 3391 instantanea
1482 3356 1495 3390 ε
1526 3351 1661 3409 ergo
1678 3335 1843 3409 justi-

474 3408 664 3468 cafitio
679 3412 843 3485 impii
868 3428 984 3468 non
1001 3418 1086 3468 est
1109 3419 1295 3470 motus
1313 3431 1345 3471 a
1372 3415 1624 3488 simplici
1647 3421 1842 3472 muta-

475 3493 632 3550 tione
654 3490 978 3550 distinctus.
999 3493 1406 3563 confirmatur,
1424 3504 1477 3553 et
1493 3496 1838 3565 declaratum

474 3572 608 3646 quia
637 3570 732 3627 ubi
761 3572 973 3629 dantur
1017 3573 1143 3631 duae
1171 3576 1519 3633 mutationes
1549 3577 1753 3644 realeS,
1785 3582 1843 3633 et

476 3654 712 3711 realiter
760 3654 1044 3713 distinctoe
1068 3700 1080 3723 ,
1134 3660 1506 3731 reperiuntur
1557 3660 1737 3732 prius,
1787 3664 1844 3715 et

475 3736 758 3809 posterius
791 3740 1199 3799 constituentia
1246 3742 1661 3799 successionem
1691 3749 1841 3798 tem-

475 3831 614 3889 pore
641 3821 1094 3878 mensurabilem
1124 3843 1136 3877 :
1166 3821 1264 3879 sed
1288 3823 1620 3895 justificatio
1670 3823 1840 3896 impii

477 3895 543 3952 fit
580 3898 643 3953 in
690 3899 950 3969 instanti,
985 3909 1047 3958 ut
1086 3902 1246 3959 docet
1270 3905 1332 3960 D.
1361 3904 1565 3961 Thom.
1599 3905 1662 3961 in
1692 3920 1842 3977 prae-

476 3980 625 4035 senti
672 3986 777 4036 art.
824 3986 859 4037 7
892 4008 905 4050 ;
949 4001 1083 4059 ergo
1123 3984 1452 4057 justificatio
1500 3985 1668 4059 impii
1723 4001 1841 4042 non

476 4061 871 4133 complectitur
892 4064 1032 4120 duas
1055 4067 1401 4123 mutationes
1426 4068 1624 4135 realeS,
1647 4073 1702 4123 et
1721 4082 1843 4124 rea-

478 4141 615 4198 liter
642 4141 935 4200 distinctas
950 4170 964 4211 3
994 4153 1048 4202 et
1075 4152 1485 4219 consequenter
1507 4149 1842 4221 nequitesse

479 4237 648 4277 verus
664 4229 851 4280 motus
879 4241 911 4281 a
938 4226 1185 4299 simplici
1215 4228 1532 4285 mutatione
1555 4227 1836 4286 diversus,

555 4304 949 4378 Respondetur
966 4315 1322 4383 argumento,
1346 4310 1624 4382 majorem
1647 4311 1838 4366 solum

479 4382 768 4441 verificari
815 4386 885 4444 de
911 4395 1093 4467 motu·
1114 4405 1404 4462 corporeo,
1437 4389 1535 4462 qui
1562 4395 1646 4445 est
1685 4395 1842 4448 actus

484 4466 805 4540 imperfecti
831 4493 846 4536 ;
871 4468 1167 4527 falsificari
1197 4476 1386 4528 autem
1417 4471 1481 4527 in
1522 4474 1679 4527 motu
1703 4489 1840 4544 pro-

482 4549 610 4623 prio
652 4558 873 4609 naturae
919 4553 1339 4620 intellectualiS,
1370 4560 1425 4611 et
1451 4554 1547 4627 qui
1576 4560 1660 4611 est
1686 4561 1841 4613 actus

480 4632 735 4707 perfecti.
764 4635 867 4692 Hic
892 4636 1050 4693 enim
1099 4637 1380 4695 abstrahit
1407 4654 1438 4694 a
1466 4638 1834 4709 successione,

478 4721 536 4774 et
557 4718 710 4773 valet
733 4718 901 4775 unico
930 4719 1170 4777 instanti
1194 4720 1469 4793 temporis
1497 4720 1681 4778 nostri
1709 4737 1839 4778 coe—

476 4799 710 4856 xistere.
739 4801 807 4856 Et
828 4801 1154 4875 hujusmodi
1184 4807 1267 4859 est
1297 4802 1445 4860 ratio
1472 4807 1679 4868 motuS,
1711 4818 1839 4876 quae

475 4883 747 4939 convenit
762 4883 1157 4962 justificationi
1179 4885 1367 4958 impii.
1396 4884 1481 4940 Ad
1527 4883 1839 4941 confirma-

479 4965 698 5022 tionem
727 4963 1032 5021 dicendum
1061 4970 1163 5030 est,
1211 4966 1613 5023 remissionem
1636 4966 1834 5038 culpae,

479 5053 533 5104 et
560 5046 916 5103 infusionem
946 5049 1144 5121 gratiae
1171 5064 1287 5105 non
1324 5048 1542 5106 efficere
1570 5047 1750 5120 prius,
1782 5053 1839 5105 et

1980 574 2262 644 posterius
2306 574 2622 631 secundum
2679 572 2946 630 ordinem
2993 572 3342 637 durationis»,

1978 652 2078 709 sed
2103 653 2417 711 secundum
2452 655 2718 711 ordinem
2767 661 3006 720 naturae,
3037 659 3094 709 et
3145 654 3208 709 in
3247 652 3345 708 di-

1977 749 2145 790 verso
2170 750 2379 808 genere
2400 750 2593 801 causae,
2613 752 2738 808 quae
2756 739 2989 807 possunt
3014 737 3167 790 intra
3183 732 3346 789 idem

1980 815 2203 871 instans
2232 816 2415 871 nostri
2437 818 2713 890 temporis
2747 815 3055 872 contineri.
3081 816 3216 872 Haec
3235 830 3349 871 au-

1979 902 2096 952 tem
2119 896 2401 970 majorem
2418 896 2603 954 lucem
2626 898 2904 970 accipient
2923 913 2995 954 ex
3009 894 3352 953 immediate

1979 977 2256 1037 dicendis.

2466 1134 2753 1189 DUBIUM
2795 1136 2860 1190 11.

1986 1294 2184 1352 Utrum
2213 1293 2544 1368 justificatio
2571 1297 2732 1367 impii
2757 1294 2860 1361 fiat
2887 1298 2947 1351 in
2979 1297 3231 1361 instanti,
3264 1314 3348 1352 an

2487 1378 2819 1450 intempore.

2062 1532 2147 1586 17.
2190 1531 2266 1585 Ut
2289 1535 2442 1587 certa
2474 1529 2543 1586 ab
2585 1531 2820 1588 incertis
2847 1547 3199 1604 separemus,
3232 1531 3343 1590 ob-
3395 1555 3524 1596 sutas

1979 1610 2333 1668 servandum
2355 1617 2457 1678 est,
2490 1612 2639 1685 quod
2661 1610 2991 1687 justificatio
3037 1615 3204 1687 impii
3236 1631 3341 1688 po-
3375 1607 3530 1698 ἓξὲξ

1979 1699 2086 1752 test
2101 1694 2409 1768 dupliciter
2429 1693 2783 1752 considerari
2814 1711 2961 1755 :uno
2983 1697 3154 1755 modo
3177 1703 3347 1770 prout

1979 1775 2374 1848 complectitur
2389 1775 2598 1832 seriem
2615 1777 2900 1841 omnium,
2922 1795 3046 1851 quae
3062 1778 3132 1836 ad
3156 1779 3344 1852 ipsam

1979 1863 2096 1914 tam
2147 1858 2429 1932 proxime,
2462 1874 2634 1930 quam
2687 1865 2904 1916 remote
2949 1868 3343 1918 concurrunt:

1979 1939 2160 1995 altero
2205 1938 2375 1995 modo
2423 1945 2592 2011 prout
2634 1939 2864 2011 praecise
2903 1939 3041 1995 dicit
3079 1957 3165 2009 ea,
3215 1957 3348 2013 quae

1980 2021 2262 2094 proxime,
2288 2025 2344 2077 et
2365 2037 2465 2094 per
2510 2037 2570 2077 se
2599 2019 2667 2076 ad
2697 2022 2862 2077 illam
2915 2020 3344 2080 desiderantur.

1978 2104 2047 2157 Et
2074 2100 2305 2176 quidem
2354 2099 2538 2173 priori
2581 2098 2751 2157 modo
2784 2101 3144 2159 considerata
3184 2119 3350 2161 com-

1980 2181 2291 2255 prehendit
2343 2179 2542 2236 omnia
2590 2181 2826 2248 auxilia,
2869 2187 2925 2237 et
2970 2188 3125 2239 actus
3165 2185 3348 2241 etiam

1978 2264 2363 2336 imperfectOS,
2388 2262 2593 2335 quibus
2611 2270 2865 2335 peccator
2888 2264 3090 2337 incipit
3117 2269 3346 2324 moveri

1978 2344 2048 2402 ad
2071 2344 2378 2419 justitiam,
2411 2344 2728 2417 cujusmodi
2756 2351 2890 2401 sunt
2917 2344 3160 2401 diversae
3181 2364 3348 2405 voca—

1978 2425 2183 2491 tioneS,
2230 2431 2419 2482 motus
2445 2423 2598 2491 fidei,
2631 2426 2774 2496 spei,
2819 2426 3023 2495 etalii,
3076 2444 3214 2500 quos
3246 2444 3344 2485 re-

1976 2513 2165 2565 censet
2192 2509 2409 2564 Concil.
2435 2505 2692 2563 Trident.
2726 2525 2850 2565 sess.
2879 2511 2933 2575 6,
2957 2527 3078 2583 cap.
3106 2513 3173 2578 5;
3205 2527 3344 2584 pos-
3357 2508 3540 2603 &igi

1977 2591 2178 2648 teriori
2208 2597 2398 2648 autem
2421 2588 2590 2648 modo
2606 2597 2831 2663 sumpta
2854 2594 3041 2649 solum
3065 2594 3346 2666 importat

1974 2674 2224 2746 gratiam
2274 2671 2744 2740 sanctificantem,
2780 2675 3180 2732 remissionem
3215 2678 3346 2733 cul-

1977 2772 2081 2827 pae,
2110 2761 2207 2812 aut
2234 2756 2410 2812 etiam
2442 2755 2572 2812 illos
2597 2763 2767 2820 actuS‚
2794 2756 3000 2828 quibus
3041 2756 3107 2812 fit
3137 2760 3344 2818 ultima

1978 2837 2324 2909 praeparatio
2352 2835 2420 2894 ad
2445 2837 2749 2911 justitiam,
2779 2843 2838 2893 ut
2865 2838 3038 2894 latius
3066 2842 3344 2915 explicui·

1976 2934 2105 2974 mus
2131 2918 2272 2992 disp.
2297 2921 2521 2992 praeced.
2567 2920 2695 2976 dub.
2735 2922 2780 2976 l.
2827 2922 3132 2993 Loquendo
3162 2924 3344 2998 igitur

1975 2998 2046 3055 de
2066 2996 2477 3072 justificatione
2505 3001 2568 3054 in
2592 3000 2773 3073 priori
2796 3009 3211 3071 sensu,certum
3240 3008 3344 3061 de-
3444 3000 3452 3005 ’

1976 3082 2069 3138 bet
2096 3097 2232 3149 esse,
2263 3081 2414 3155 quod
2464 3083 2807 3155 regulariter
2849 3100 2966 3141 non
3012 3084 3077 3141 fit
3123 3087 3186 3142 in
3216 3088 3341 3143 ins-

1975 3165 2137 3232 tanti,
2157 3163 2255 3221 sed
2283 3165 2346 3221 in
2375 3170 2656 3238 tempore;
2677 3167 2950 3238 quoniam
2974 3174 3036 3222 ut
3062 3169 3124 3225 in
3147 3170 3330 3242 pluri-

1975 3264 2137 3304 mum
2167 3252 2422 3321 peccator
2449 3264 2565 3304 non
2592 3247 2781 3305 subito
2825 3252 3204 3318 convertitur,
3237 3251 3334 3309 sed

1977 3345 2079 3403 per
2121 3331 2287 3387 varia
2309 3332 2548 3396 auxilia,
2586 3337 2641 3387 et
2664 3330 2921 3388 diversos
2962 3331 3335 3390 affectustra-

1976 3412 2135 3467 hitur
2158 3411 2228 3467 ad
2245 3412 2914 3485 justitiam,procedendo
2943 3412 3013 3470 ab
3037 3414 3335 3487 imperfec-

1975 3491 2220 3548 tioribus
2262 3490 2542 3566 ad·magis
2566 3493 2879 3563 perfectum
2907 3517 2920 3558 ;
2947 3492 3009 3552 in
3036 3510 3147 3566 quo
3180 3511 3334 3569 regu-

1976 3575 2178 3631 lariter
2201 3574 2482 3647 loquendo
2506 3590 2622 3630 non
2645 3576 2832 3631 solum
2855 3576 3180 3634 absumitur
3197 3585 3334 3634 tem-

1976 3674 2099 3730 pus,
2132 3674 2335 3714 verum
2388 3663 2445 3715 et
2477 3657 2819 3730 quandoque
2862 3659 3325 3733 interrumpitur.

1973 3740 2240 3796 Diximus
2268 3745 2481 3807 tamen,
2523 3741 2848 3809 requlariter
2876 3742 3173 3818 loquendo,·
3196 3743 3328 3812 quia

1974 3819 2230 3877 absolute
2266 3836 2381 3878 non
2412 3827 2708 3895 repugnat,
2740 3822 2888 3893 quod
2930 3822 3329 3894 dispositiones

1973 3901 2148 3959 etiam
2180 3907 2411 3958 remotae
2433 3902 2622 3958 adsint
2663 3904 2724 3958 in
2750 3904 2915 3960 unico
2949 3903 3204 3970 instanti,
3237 3905 3329 3961 vel

1973 3982 2121 4055 quod
2138 3981 2471 4056 justificatio
2497 3982 2596 4039 fiat
2617 3983 3068 4056 independenter
3091 3984 3160 4040 ab
3186 3986 3327 4056 illis,

1973 4070 2034 4121 ut
2061 4066 2343 4140 contingit
2382 4067 2445 4123 in
2467 4068 2843 4124 conversione
2871 4069 3057 4133 Pauli,
3082 4073 3138 4125 et
3172 4067 3334 4125 docet

1973 4150 2038 4204 D.
2064 4147 2265 4204 Thom.
2299 4156 2481 4226 quaest.
2508 4149 2729 4221 praeced.
2756 4152 2906 4205 art.2
2927 4150 3069 4215 ad2,
3098 4150 3187 4205 his
3208 4166 3335 4207 ver-
3350 4179 3404 4229 D,
3426 4193 3537 4235 m

1973 4227 2062 4284 bis
2096 4249 2156 4283 z«
2202 4228 2536 4295 Dicendum,
2561 4227 2710 4302 quod
2740 4246 2866 4285 curn
2892 4231 3063 4286 homo
3090 4230 3160 4286 ad
3197 4248 3333 4305 gra-

1977 4331 2003 4363 «
2049 4310 2191 4366 tiam
2220 4325 2281 4365 se
2321 4325 2644 4383 praeparare
2673 4325 2789 4366 non
2834 4310 3028 4381 possit,
3058 4311 3171 4366 nisi
3222 4313 3338 4368 Deo

1978 4414 2004 4445 e<
2044 4407 2176 4448 eum
2203 4393 2670 4464 praeveniente,et
2692 4394 2958 4448 movente
2986 4390 3056 4446 ad
3078 4391 3334 4461 bonum;

1978 4493 2004 4526 ιι
2049 4488 2167 4530 non
2191 4474 2386 4540 refert,
2434 4480 2629 4529 utrum
2671 4473 2875 4540 subito,
2907 4474 2999 4528 vel
3054 4475 3336 4546 paulatim

1980 4574 2006 4606 «
2048 4555 2258 4626 aliquis
2281 4554 2349 4611 ad
2377 4555 2684 4629 perfectam
2709 4555 3185 4627 praeparationem
3211 4572 3341 4630 per·

1980 4657 2007 4688 α
2047 4638 2284 4694 veniat:
2315 4638 2525 4694 dicitur
2551 4637 2709 4694 enim
2751 4637 2956 4692 EccleS.
3001 4639 3056 4693 ll
3095 4659 3108 4694 ε
3144 4640 3342 4697 Facile

1980 4738 2005 4771 α
2047 4719 2219 4775 estin
2248 4720 2427 4776 oculis
2456 4718 2554 4774 Dei
2608 4717 2795 4773 subito
2841 4716 3145 4776 honestare
3191 4737 3340 4793 pau-

1978 4820 2003 4852 «
2037 4816 2264 4873 perem.
2286 4800 2781 4875 Contingitautcm
2804 4802 3161 4875 quandoque,
3182 4806 3340 4878 quod
3376 4868 3390 4873 ,

1980 4903 2006 4935 α
2049 4883 2196 4939 Deus
2217 4888 2408 4940 movet
2429 4882 2725 4939 hominem
2750 4881 2819 4938 ad
2837 4883 3066 4955 aliquod
3089 4885 3335 4951 bonum,

1977 4985 2003 5017 α
2053 4981 2170 5022 non
2198 4970 2391 5021 tamen
2421 4963 2730 5037 perfectum
2761 4969 2854 5029 ;et
2880 4965 3012 5020 talis
3041 4982 3340 5039 praepara-

1978 5072 2003 5102 α
2047 5048 2129 5105 tio
2150 5047 2414 5120 praecedit
2434 5048 2677 5121 gratiam
2695 5049 2881 5119 (atque
2904 5048 3028 5106 ideo
3050 5048 3338 5123 justifica-

3086 5132 3334 5195 tionem.

3601 3636 3614 4175 Ψ
