3647 5753
1447 406 1628 463 DISP.
1670 407 1791 473 v11,
1838 408 2001 462 DUB.
2046 410 2140 465 111.
3109 411 3186 467 43

301 582 519 655 gratiae,
570 588 631 638 et
672 581 975 649 beneficii,
1019 599 1163 639 uuus
1206 589 1593 651 convertatur,
1630 586 1688 641 et

306 662 448 719 alter
464 663 785 720 dissentiat
801 664 866 719 in
877 669 1028 720 statu
1045 663 1298 720 absoluto
1314 687 1327 730 ς
1352 664 1484 736 quia
1500 670 1687 722 stante

309 743 411 800 illa
435 743 788 802 omnimoda
817 745 1142 817 aequalitate
1167 761 1236 801 ex
1280 750 1440 817 parte
1465 747 1680 820 gratiae,

308 821 578 880 discretio
600 825 725 899 ejus
754 825 857 897 qui
887 825 1258 889 convertitur,
1291 839 1409 881 non
1451 841 1685 882 revoca-

313 910 473 960 retur
494 904 560 961 in
580 905 859 978 gratiam,
875 903 1012 961 sed
997 920 1056 960 iu
1082 904 1329 960 liberum
1353 905 1679 973 arbitrium,

104 990 237 1083 02⁶¹
313 990 514 1041 contra
540 985 689 1040 illud
716 985 978 1057 Apostoli
1011 986 1029 1040 l
1057 987 1126 1041 ad
1154 987 1410 1042 Corinth.
1443 988 1521 1043 4:
1508 987 1685 1078 ·Qm's

190 1044 237 1083 ‘⁴
239 1072 253 1081 ·
313 1068 460 1121 enim
505 1072 555 1121 te
601 1065 911 1121 discernit?
948 1065 1034 1121 Ad
1079 1065 1228 1138 quod
1269 1067 1684 1125 inconveniens

311 1144 728 1202 declinandum
756 1143 974 1212 dicunt,
1007 1162 1138 1204 eum
1166 1146 1262 1220 qui
1304 1148 1676 1215 convertitur,

308 1243 540 1300 semper
582 1227 839 1299 recipere
878 1228 1157 1301 maJ'orem
1188 1229 1439 1302 gratiam
1469 1230 1532 1285 in
1561 1245 1682 1287 esse

304 1307 541 1380 gratian
565 1307 706 1379 quia
730 1306 861 1363 licet
880 1306 1080 1363 eadem
1100 1307 1285 1382 gratia
1309 1308 1371 1363 in
1392 1324 1513 1366 esse
1532 1309 1681 1366 entis

310 1389 540 1461 utrique
564 1389 1047 1456 communicetur,
1081 1389 1470 1446 nihilominus
1498 1390 1561 1446 in
1588 1406 1674 1456 e0,

302 1468 407 1539 qui
427 1468 810 1535 convertitur,
836 1473 924 1524 est
950 1469 1134 1543 major
1161 1469 1222 1524 in
1252 1469 1474 1525 ratione
1502 1468 1681 1526 bene-

306 1547 455 1614 ficii3
483 1564 622 1604 nam
641 1548 922 1605 tribuitur
945 1549 1008 1605 in
1030 1548 1132 1605 illa
1145 1550 1456 1619 occasione,
1482 1550 1546 1606 in
1567 1567 1680 1623 qua

310 1627 666 1701 praevidetur
713 1644 815 1701 per
853 1629 1156 1686 scientiam
1199 1629 1451 1687 mediam
1478 1646 1680 1688 conse-

300 1714 559 1781 quutura
580 1725 704 1766 esse
727 1709 1187 1776 conversionem,
1214 1716 1381 1783 atque
1402 1709 1529 1767 ideo
1549 1726 1679 1767 con·

309 1790 561 1845 nectitur
583 1789 985 1846 infallibiliter
1006 1806 1133 1845 cum
1161 1806 1457 1856 consensu,
1487 1796 1543 1847 et
1572 1791 1678 1847 ha-

307 1868 405 1926 bet
448 1869 760 1927 efficaciam
803 1869 1207 1940 antecedentis
1246 1876 1302 1927 et
1346 1871 1677 1928 infallibilis

302 1951 708 2008 connexionis
752 1953 905 2026 Ergo
945 1951 994 2007 si
1040 1955 1185 2008 Deus
1233 1967 1333 2024 per
1377 1951 1674 2009 scientiam

309 2029 564 2087 mediam
590 2031 880 2104 praevidit,
913 2032 1063 2106 quod
1082 2036 1133 2088 si
1161 2033 1355 2091 Petrus
1390 2041 1677 2105 poneretur

307 2113 368 2165 in
398 2113 508 2167 tali
532 2115 834 2178 occasione,
860 2117 1212 2181 consentiret,·
1236 2114 1355 2169 etsi
1382 2113 1597 2170 Paulus
1614 2116 1675 2170 in

300 2192 493 2248 eadem
519 2194 802 2248 occasione
824 2195 1253 2255 constitueretur,
1280 2211 1389 2248 non
1414 2196 1677 2250 consenti·

300 2281 418 2338 reu
471 2273 564 2328 vel
610 2288 682 2329 ex
736 2278 899 2345 parte
943 2273 1288 2331 conditionis
1332 2275 1674 2346 supponitur

304 2354 539 2426 utrique
576 2353 828 2409 conferri
870 2353 1112 2410 eandem
1152 2355 1418 2428 gratiam,
1450 2360 1568 2411 tam
1612 2356 1673 2411 iu

296 2449 428 2490 esse
453 2433 626 2499 entis,
673 2449 848 2504 quam
880 2434 943 2488 in
985 2448 1105 2490 esse
1145 2432 1439 2500 beneficii;
1463 2439 1519 2490 et
1541 2439 1675 2491 tunc

301 2512 523 2568 militat
551 2510 701 2566 illud
743 2512 1177 2577 inconveniens
1209 2511 1357 2584 quod
1385 2512 1673 2569 Adversa-

301 2593 421 2650 rios
450 2596 619 2665 urget
645 2591 708 2647 in
731 2597 880 2647 statu
917 2591 1207 2658 absoluto;
1233 2607 1367 2647 nam
1391 2592 1674 2664 praevide-

302 2680 389 2729 ret
430 2676 581 2729 Deus
623 2672 1030 2729 discretionem
1061 2674 1468 2729 consentientis
1495 2691 1527 2731 a
1555 2690 1671 2732 non

292 2753 699 2810 consentiente
730 2753 988 2809 revocari
1017 2769 1132 2809 non
1163 2753 1223 2809 in
1249 2755 1517 2827 gratiam,
1548 2771 1673 2827 quae

300 2835 369 2891 in
395 2841 643 2908 utroque
669 2835 1132 2909 praesupponitur
1166 2851 1295 2892 cum
1336 2836 1673 2894 omnimoda

294 2917 666 2989 aequalitate3
717 2915 815 2973 sed
864 2915 928 2972 in
977 2915 1222 2972 liberum
1263 2918 1671 2975 consentientis

276 2996 621 3053 arbitrium
647 3018 661 3052 ε
686 2997 778 3052 vel
800 3012 875 3052 ex
891 3002 1049 3068 parte
1063 2995 1409 3053 conditionis
1426 3013 1672 3070 praesup-

300 3078 544 3150 ponitur
591 3077 780 3151 major
818 3077 1006 3150 gratia
1047 3077 1109 3131 in
1151 3078 1339 3144 Petr0,
1385 3094 1559 3149 quam
1606 3079 1669 3133 in

301 3160 484 3216 Paulo
504 3183 519 3225 ;
547 3164 607 3216 et
620 3163 755 3215 tunc
776 3159 883 3214 illa
906 3158 1260 3230 inaequalitas
1283 3175 1399 3215 non
1424 3159 1672 3231 pertinet

293 3238 371 3294 ad
397 3239 651 3313 gratiam
679 3237 1079 3302 sufficientem,
1123 3237 1241 3293 haec
1277 3238 1488 3310 quippe
1517 3238 1670 3295 utri-

288 3334 408 3390 que
448 3317 797 3390 supponitur
839 3315 1163 3372 communis
1198 3336 1210 3371 :
1253 3331 1388 3391 ergo
1414 3322 1498 3373 est
1526 3318 1670 3374 inae-

291 3398 554 3471 qualitas
590 3412 661 3453 ex
690 3401 852 3468 parte
873 3394 1147 3461 efficaciae,
1173 3396 1295 3452 sive
1325 3396 1670 3454 anteceden-

297 3478 376 3532 tis
415 3476 795 3534 connexionis
821 3490 953 3531 cum
979 3475 1354 3532 conversione
1382 3477 1537 3533 Petri
1571 3498 1584 3532 ε
1612 3483 1669 3533 et

293 3561 717 3629 consequenter
741 3554 930 3629 gratia
955 3554 1149 3611 efficax
1174 3556 1419 3613 efficacia
1441 3556 1668 3612 infalli-

302 3635 439 3692 bilis
458 3634 840 3693 connexionis
863 3636 1322 3707 praesupponitur
1344 3634 1412 3691 ad
1434 3651 1668 3693 consen-

294 3734 453 3783 sum,
510 3732 635 3773 non
679 3716 872 3772 solum
919 3716 981 3771 in
1032 3722 1179 3772 statu
1233 3716 1510 3782 absoluto,
1566 3717 1666 3774 sed

296 3797 479 3853 etiam
529 3796 596 3852 in
636 3800 786 3851 statu
834 3793 1238 3851 conditionatO.
1271 3797 1526 3867 Cumque
1565 3796 1666 3853 illa

291 3875 545 3933 efficacia
563 3890 681 3933 non
697 3873 1030 3938 desumatur
1046 3890 1078 3930 a
1092 3874 1328 3931 scientia
1350 3874 1664 3941 media,sed

292 3956 367 4012 ad
392 3957 559 4013 illam
593 3972 771 4029 praesu
781 3961 1026 4028 pponatu
1036 3972 1083 4021 r,
1104 3972 1205 4012 nec
1219 3956 1473 4013 destruat
1495 3956 1667 4013 liber-

296 4041 474 4091 tatem
504 4034 757 4100 arbitrii,
790 4033 889 4091 sed
911 4051 1040 4090 cum
1066 4034 1246 4092 libero
1266 4052 1543 4092 consensu
1568 4037 1664 4093 in-

299 4116 633 4173 tanibiliter
674 4117 1088 4190 conjungatur;
1134 4117 1351 4189 liquido
1391 4118 1659 4184 infertur,

292 4198 600 4255 scientiam
631 4198 886 4254 mediam
915 4199 1182 4255 inutilem
1204 4213 1326 4255 esse
1347 4198 1416 4254 ad
1438 4201 1665 4256 salvan-

296 4277 429 4334 dam
457 4279 659 4352 gratiae
678 4278 1009 4344 efficaciam,
1041 4296 1163 4351 quae
1192 4279 1514 4336 libertatem
1546 4295 1663 4336 non

297 4358 568 4416 destruat.

367 4441 460 4495 63.
506 4439 687 4501 Dices,
732 4437 1042 4496 efficaciam
1087 4440 1248 4495 illam
1287 4439 1503 4512 gratiae,
1535 4456 1662 4513 quae

298 4519 644 4590 praevidetur
674 4519 740 4576 in
770 4523 922 4574 statu
960 4518 1364 4583 conditionatO,
1398 4535 1515 4575 non
1541 4534 1663 4576 esse

299 4600 413 4655 ullo
434 4599 604 4656 modo
642 4597 1101 4666 antecedentem,
1143 4599 1241 4656 sed
1270 4600 1662 4656 concomitan-

296 4685 421 4746 tem,
469 4687 524 4738 et
564 4686 759 4738 ortam
792 4695 865 4734 ex
906 4680 1309 4751 suppositione,
1368 4681 1514 4753 quod
1544 4686 1659 4736 tam

294 4763 634 4836 Deus,quam
650 4766 853 4818 creatu
865 4776 929 4815 ra
938 4760 1217 4818 efficerent
1233 4761 1417 4832 reipsa
1426 4777 1662 4818 consen-

284 4859 430 4913 sum,
456 4845 505 4899 si
537 4847 870 4917 poneretur
895 4841 1025 4895 talis
1050 4841 1315 4898 conditio.
1351 4841 1513 4897 Unde
1544 4857 1660 4899 non

274 4929 553 5000 sequitur,
585 4923 749 4999 quod
798 4921 1179 4994 praevideatur
1212 4924 1404 4996 aliqua
1434 4923 1660 4979 infalli-

273 5007 406 5065 bilis
426 5009 728 5066 connexio
763 5006 928 5061 inter
965 5006 1204 5076 gratiam
1232 5004 1659 5062 antecedentem

112 4445 268 4490 Rusio.

1817 599 2179 653 consensum,
2205 592 2261 643 et
2288 586 2477 660 ipsum
2506 602 2847 645 consensum
2870 610 2883 652 ;
2907 585 3004 642 sed
3031 587 3182 659 quod

1818 668 1935 721 tota
1955 668 2239 725 connexio
2268 667 2539 725 fundetur
2569 669 2629 725 in
2657 674 2866 725 eventu
2894 666 3181 724 conditio-

1818 749 1951 801 nate
1967 746 2352 806 futuroModo
2367 764 2504 805 vero
2518 748 2700 821 gratia
2721 747 2992 820 supponit
3014 746 3178 802 illam

1819 828 2260 900 praescientiam,
2280 836 2336 886 et
2363 830 2490 887 ideo
2513 829 2912 887 antecedenter
2938 828 3008 884 ad
3036 844 3180 885 con-

1815 924 2046 965 sensum
2100 910 2268 968 habet
2319 910 2712 968 infallibiliter
2757 911 3175 968 connexionem

1814 1005 1944 1045 cum
1967 990 2090 1047 illo.

1889 1068 1996 1125 Sed
2019 1069 2136 1127 haec
2160 1071 2352 1128 evasio
2374 1071 2523 1127 nihil
2552 1069 2710 1127 addit
2729 1086 2905 1142 supra
2934 1084 3174 1142 respon·
3191 1088 3395 1141 Emicui-

1813 1147 2036 1205 sionem
2077 1156 2415 1226 argumento
2440 1149 2654 1217 datam,
2687 1156 2745 1207 et
2782 1165 2983 1206 omnes
3012 1148 3175 1205 illius
3238 1143 3325 1182 ‘'¹‘-

1814 1228 2277 1302 impugnatioues
2316 1231 2379 1286 in
2419 1230 2752 1287 suo‘robore
2782 1229 3078 1301 relinquit,
3113 1235 3176 1284 ut

1813 1308 2198 1367 consideranti
2252 1309 2548 1368 constabit.
2599 1311 2656 1366 Si
2704 1309 2864 1367 enim
2913 1309 2976 1364 in
3023 1313 3173 1364 statu

1813 1388 2201 1448 conditionate
2224 1393 2409 1465 gratia
2449 1407 2566 1447 non
2593 1396 2677 1448 est
2715 1390 2911 1447 efficax
2946 1394 3176 1446 antece-

1811 1468 2033 1537 denter,
2060 1471 2156 1528 sed
2186 1487 2326 1544 pure
2353 1472 2799 1528 concomitanter
2831 1492 2844 1526 ε
2871 1486 3007 1543 ergo
3033 1468 3174 1525 dum

1811 1554 1959 1608 Deus
2000 1553 2349 1625 praevidetur
2392 1553 2529 1610 dare
2561 1553 2809 1627 gratiam
2849 1556 3171 1616 vocantem,

1813 1634 2159 1706 praevidetur
2177 1652 2342 1711 agere
2355 1652 2515 1702 caeco,
2534 1641 2589 1692 et
2605 1633 2957 1707 imprudenti
2981 1630 3171 1700 mode,

1810 1714 2086 1788 ignorans
2110 1716 2247 1788 quid
2290 1714 2359 1772 ad
2387 1716 2552 1771 illam
2593 1714 2840 1788 gratiam
2876 1717 3169 1785 sequatur,

1809 1797 1954 1853 sicut
1985 1796 2082 1869 qui
2130 1798 2397 1854 immittit
2424 1797 2569 1854 retia
2597 1798 2660 1852 in
2702 1811 2882 1860 mare,
2912 1794 3174 1852 nesciens

1809 1890 1885 1931 an
1913 1876 2094 1947 capiet
2122 1876 2316 1949 pisces,
2336 1877 2429 1932 vel
2456 1893 2603 1944 n0n;
2630 1877 2721 1933 vel
2741 1877 2995 1948 sicutqui
3022 1877 3175 1933 clau-

1808 1956 1888 2012 sis
1915 1957 2093 2014 oculis
2139 1958 2364 2031 projicit
2411 1958 2681 2032 lapidem,
2731 1958 3004 2031 ignorans
3030 1957 3170 2031 quid

1810 2037 2132 2111 attingeret.
2188 2038 2298 2102 Qui
2352 2039 2557 2096 modus
2602 2037 2979 2095 concurrendi
3038 2054 3171 2095 cum

1808 2118 1989 2172 Deum
2013 2115 2295 2183 dedeceat,
2321 2121 2405 2173 est
2426 2117 2681 2176 absolute
2701 2116 3094 2190 impossibilis
3114 2123 3171 2175 et

1806 2201 2219 2267 consequenter
2265 2198 2463 2270 nequit
2501 2197 2745 2270 supponi
2793 2196 2863 2252 ad
2907 2196 3172 2254 effectum

1808 2275 2193 2333 conditionate
2246 2275 2540 2344 futurum;
2597 2276 2740 2332 alias
2786 2276 2877 2332 hic
2925 2292 2996 2331 ex
3048 2276 3174 2349 ipsa

1807 2357 2133 2414 conditione
2162 2357 2495 2430 implicante
2530 2356 2763 2414 modum
2792 2358 3172 2414 concurrendi

1808 2436 2279 2509 implicatorium,
2314 2435 2647 2493 redderetur
2670 2435 2924 2492 absolute
2952 2436 3175 2508 impos-

1806 2516 2015 2573 sibilis,
2059 2516 2285 2584 Deinde,
2317 2516 2366 2572 si
2407 2532 2477 2573 ex
2507 2521 2668 2589 parte
2705 2517 2904 2590 gratiae
2943 2522 3175 2573 antece-

1807 2596 1994 2652 dentis
2021 2594 2190 2652 datur
2234 2595 2572 2653 omnimoda
2613 2596 2926 2668 aequalitas,
2958 2601 3015 2652 et
3055 2601 3174 2653 tota

1807 2676 2164 2749 inaequalitas
2213 2691 2275 2732 se
2321 2683 2474 2734 tenet
2523 2692 2594 2733 ex
2651 2682 2809 2748 parte
2859 2692 3173 2733 concursus

1804 2754 2275 2820 concomitantis3
2304 2772 2433 2811 cum
2463 2755 2555 2811 hic
2596 2755 2661 2811 in
2688 2754 3170 2812 Adversariorum

1803 2838 2090 2896 sententia
2110 2838 2184 2894 sit
2207 2837 2438 2894 realiter
2465 2836 2587 2910 ipse
2612 2852 2940 2902 concursuS,
2973 2837 3171 2910 sequi-

1805 2923 1900 2975 tur
1944 2919 2141 2993 gratim
2184 2919 2488 2975 efficaciam
2540 2917 2764 2974 desumi
2812 2917 2882 2974 ab
2927 2917 3166 2985 effectu3

1802 2999 1953 3072 quod
1979 3016 2152 3071 supra
2180 3005 2376 3056 contra
2403 2999 2684 3055 Molinam
2708 3003 2936 3072 agentes
2965 2998 3169 3071 rejeci-

1804 3096 1951 3145 mus,
1994 3083 2050 3136 et
2091 3079 2357 3151 rejiciunt
2390 3080 2778 3136 communiter
2805 3078 3160 3137 Adversarii.

1804 3158 2085 3223 preterea,
2108 3163 2293 3214 stante
2319 3158 2652 3215 omnimoda
2678 3159 2999 3231 aequalitate
3024 3175 3163 3233 gra-

1803 3239 1897 3295 tiae
1942 3239 2347 3304 antecedentis
2380 3243 2499 3295 tam
2524 3239 2586 3295 in
2612 3254 2734 3295 esse
2763 3240 2865 3304 rei,
2893 3255 3066 3311 quam
3096 3240 3161 3296 in

1800 3335 1923 3377 esse
1946 3320 2161 3394 gratim,
2190 3319 2386 3391 nequit
2413 3317 2678 3376 discretio
2697 3320 3106 3376 consentientis
3127 3336 3160 3376 a

1802 3415 1919 3457 non
1939 3400 2334 3456 consentiente
2357 3398 2746 3456 conditionate
2773 3399 2969 3456 futura
2991 3416 3165 3457 revo-
3261 3436 3265 3439 -

1798 3481 1917 3538 cari
1941 3482 2276 3556 ingratiam,
2301 3480 2400 3537 sed
2442 3481 2504 3537 in
2528 3480 2778 3537 liberum
2815 3479 3164 3547 arbitrium;

1799 3560 1948 3634 quod
1978 3577 2159 3634 neque
2185 3561 2248 3617 in
2285 3565 2434 3617 statu
2462 3559 2735 3626 absoluto,
2768 3575 2871 3617 nec
2909 3560 2974 3616 in
3015 3564 3165 3616 statu

1799 3640 2187 3697 conditionate
2209 3645 2389 3713 potest
2410 3638 2637 3695 admitti
2665 3659 2679 3693 ε
2708 3655 2843 3695 nam
2880 3655 3010 3698 cum
3054 3640 3165 3696 illa

1798 3719 2150 3784 discretiosit
2170 3718 2962 3791 utrobiquesupernaturalis,
2995 3717 3168 3776 debet

1798 3799 1862 3854 in
1892 3803 2129 3870 utroque
2153 3803 2299 3854 statu
2350 3797 2618 3870 primitus
2653 3795 2844 3853 reduci
2889 3796 2960 3853 ad
2985 3800 3166 3855 Deum

1798 3880 2114 3936 Authorem
2135 3878 2633 3951 supernaturalem
2688 3895 2787 3950 per
2823 3895 2940 3936 sure
2966 3882 3168 3954 gratia!

1797 3959 2017 4015 auxilia
2075 3958 2338 4026 homines
2386 3956 2828 4013 discernentem.
2881 3956 2965 4012 Ad
3013 3959 3166 4033 quod

1796 4039 2140 4097 salvandum
2165 4039 2378 4095 frustra
2398 4038 2714 4095 recurritur
2735 4038 2804 4094 ad
2825 4055 3165 4098 concursum

1795 4121 2253 4187 simultaneum;
2293 4121 2387 4177 hic
2437 4120 2597 4176 enim
2649 4126 2733 4176 est
2774 4122 3005 4178 realiter
3046 4122 3168 4195 ipse

1794 4219 2103 4260 consensus
2129 4206 2422 4267 creaturae,
2448 4201 2519 4257 de
2543 4217 2654 4274 quo
2682 4201 2981 4258 difficultas
3029 4219 3167 4275 pro-

1794 4280 2243 4338 cedit.Tandem
2283 4295 2589 4337 concursus
2640 4280 3020 4338 simultaneus
3064 4283 3164 4340 Dei

1795 4362 2179 4420 conditionate
2219 4363 2445 4419 futurus
2474 4364 2670 4436 nequit
2716 4365 3018 4437 praevideri
3050 4367 3165 4424 nisi

1795 4443 2120 4517 dependens
2159 4444 2374 4516 abipso
2401 4446 2514 4501 Deo
2557 4444 2891 4504 intendente
2928 4449 3008 4505 sic
3033 4466 3165 4506 con·

1794 4540 2026 4582 currere
2046 4526 2392 4581 simultanee
2412 4541 2540 4581 cum
2559 4531 2746 4582 creatu
2757 4543 2815 4582 ra
2836 4552 2848 4594 ;
2868 4529 3009 4585 alias
3023 4547 3164 4602 prat-

1796 4603 2090 4661 videretur
2128 4607 2272 4659 Deus
2312 4620 2479 4679 agere
2507 4611 2712 4677 praeter
2758 4608 3155 4674 intentionem,

1793 4683 1942 4757 quod
1993 4690 2075 4739 est
2138 4683 2538 4756 impossibile:
2585 4701 2720 4759 ergo
2773 4686 3018 4746 intentio
3059 4691 3158 4747 Dei

1795 4762 2062 4836 praecedit
2087 4779 2256 4818 suum
2283 4773 2643 4829 concursum,
2668 4771 2726 4821 et
2751 4777 3163 4841 consequenter

1768 4844 1968 4899 etiam
2019 4842 2281 4915 praecedit
2332 4858 2675 4899 consensum
2722 4853 3014 4914 creaturae,
3061 4851 3159 4921 qui

1792 4928 1878 4980 est
1913 4922 2064 4980 idem
2091 4922 2321 4979 realiter
2346 4940 2477 4979 cum
2519 4939 2798 4982 concursu
2830 4930 2925 4984 Dei
2948 4930 3164 4986 simul-

1794 5007 2000 5060 taneoz
2045 5002 2200 5074 atqui
2243 5002 2489 5061 intentio
2533 5005 2634 5061 Dei
2679 5022 2796 5064 nou
2841 5015 3157 5077 exercetur,
