3647 5753
477 384 587 439 436
1404 383 1497 436 DE
1536 383 1565 435 J
1570 382 2066 438 USTlFICATION
2073 385 2116 438 E
2157 386 2357 440 IMPII.

480 559 583 618 ret,
610 555 737 610 licet
763 553 1009 626 gratiam
1046 551 1399 609 habitualem
1429 558 1685 626 negaret,
1720 568 1838 609 non

475 650 536 691 se
557 633 792 690 haberet
818 639 879 688 ut
907 633 1066 705 prius
1104 648 1163 689 se
1187 632 1430 689 habebat
1454 657 1468 701 ;
1491 631 1590 689 sed
1615 637 1840 690 amaret

476 712 794 779 hominem,
848 713 977 769 licet
1029 729 1146 769 non
1187 729 1385 770 amore
1432 713 1720 781 amicitiae,
1765 712 1840 770 ob

475 794 755 852 desectum
768 793 1307 851 communicationis
1318 793 1381 850 in
1395 799 1622 862 natura,
1639 810 1838 852 amore

477 882 671 933 tamen
700 891 922 949 magnae
943 874 1375 941 benevolentiae,
1407 892 1519 947 quo
1558 876 1836 949 praeexis-

477 966 603 1019 tens
632 959 827 1016 odium
867 957 1201 1030 deponeret.

258 1046 462 1094 quartum
561 1045 680 1099 195.
715 1043 979 1114 Arguunt
995 1042 1239 1128 quarto;
1265 1054 1400 1093 nam
1430 1037 1689 1110 implicat
1708 1038 1835 1095 dari

258 1104 459 1188 m‘ffigffm
477 1121 736 1180 ellectum
779 1119 1103 1177 formalem
1129 1118 1254 1173 sine
1286 1134 1457 1174 causa
1486 1117 1740 1183 formali,
1776 1123 1838 1174 ut

479 1208 614 1275 puta
640 1203 836 1261 album
856 1201 982 1255 sine
1001 1198 1285 1265 albedine,
1312 1204 1409 1254 aut
1432 1198 1686 1255 lucidum
1709 1200 1836 1255 sine

476 1285 601 1341 luce
634 1306 647 1340 ε
676 1283 772 1339 sed
798 1280 1105 1338 destructio
1133 1278 1341 1352 peccati
1384 1278 1696 1337 habitualis
1724 1281 1836 1336 hu-

469 1367 563 1440 jus
587 1371 764 1422 status
791 1370 876 1421 est
903 1362 1133 1418 effectus
1156 1360 1421 1418 formalis
1441 1362 1639 1435 gratim
1665 1378 1837 1419 sanc-

472 1444 765 1510 tificantiS,
803 1447 866 1499 ut
902 1459 1033 1498 cum
1079 1441 1375 1498 communi
1412 1441 1834 1516 Theologorum

470 1527 756 1584 sententia
783 1540 957 1598 supra
982 1524 1117 1578 dub.
1161 1525 1197 1577 2
1236 1521 1594 1579 ostendimus
1633 1528 1835 1580 contra

478 1607 788 1680 Vasquium
845 1627 857 1660 :
899 1619 1034 1677 ergo
1074 1603 1340 1674 quamvis
1389 1601 1624 1659 daretur
1672 1619 1836 1659 amor

475 1686 933 1759 supernaturalis
970 1685 1068 1739 Dei
1114 1699 1286 1756 super
1313 1683 1529 1747 omnia,
1563 1684 1610 1739 si
1639 1690 1833 1740 tamen

476 1768 651 1824 simul
681 1784 797 1824 non
820 1766 1036 1823 adesset
1072 1766 1259 1839 gratia
1291 1763 1671 1830 sanctificans,
1718 1764 1835 1819 mi-

478 1851 637 1908 nime
658 1850 1045 1907 destrueretur
1068 1850 1354 1920 peccatum
1386 1845 1678 1903 habituale
1723 1846 1834 1902 hu-

472 1932 566 2005 jus
592 1938 788 1989 status.

260 2010 462 2054 fflviffl‘·
551 2012 637 2067 Ad
661 2013 764 2067 boc
791 2013 1194 2085 argu-mentum
1216 2008 1354 2064 satis
1374 2014 1591 2065 constat
1618 2012 1733 2064 tam
1762 2025 1834 2065 ex

480 2109 663 2166 nuper
689 2091 872 2156 dictis,
905 2106 1077 2162 quam
1106 2105 1179 2145 ex
1207 2088 1373 2145 dictis
1400 2090 1521 2146 loco
1548 2090 1611 2144 in
1659 2105 1834 2163 argu-

478 2180 674 2232 mento
701 2173 888 2230 citato.
936 2175 1062 2228 Non
1089 2171 1245 2226 enim
1280 2171 1549 2243 quaelibet
1572 2172 1834 2244 expulsio

474 2255 702 2329 peccati,
724 2254 817 2309 vel
834 2251 1093 2324 expulsio
1119 2249 1544 2324 quomodolibet
1588 2252 1732 2308 facta
1751 2257 1834 2308 est

466 2334 697 2392 effectus
720 2332 984 2389 formalis
1004 2331 1203 2404 gratiae
1230 2330 1641 2387 sanctificantis
1668 2353 1681 2386 :
1727 2330 1834 2387 sed

467 2432 553 2482 ea,
578 2432 702 2487 quse
730 2413 795 2468 fit
819 2412 1052 2478 directe,
1079 2418 1135 2468 et
1162 2412 1226 2468 in
1256 2412 1313 2467 vi
1349 2411 1551 2467 formai
1576 2411 1835 2468 sanctifi-

465 2496 648 2551 cantis
662 2491 1272 2551 hominem.1ndirecte
1294 2496 1483 2548 autem
1502 2498 1688 2563 posset
1713 2509 1836 2565 pec-

469 2582 655 2633 catum
668 2594 735 2632 ex
744 2576 878 2647 pelli
895 2574 1103 2647 absque
1112 2574 1295 2648 gratia
1309 2571 1606 2639 habituali,
1617 2574 1665 2629 si
1681 2580 1835 2630 actus

469 2654 926 2729 supernaturalis
951 2654 1164 2710 amoris
1182 2654 1281 2709 Dei
1296 2668 1467 2724 super
1489 2653 1689 2708 omnia
1713 2670 1836 2726 pos-

473 2742 558 2793 set
576 2737 704 2793 elici
747 2733 1200 2807 independenter
1229 2732 1300 2788 ab
1329 2733 1450 2789 illa.
1484 2735 1597 2788 Nec
1637 2737 1835 2791 tamen

479 2818 541 2873 in
567 2832 634 2873 eo
660 2820 864 2871 eventu
896 2819 1050 2869 actus
1078 2813 1293 2869 amoris
1329 2817 1476 2869 esset
1504 2813 1710 2881 forma,
1738 2820 1836 2870 aut

478 2912 645 2953 causa
663 2894 923 2952 formalis
945 2893 1242 2965 depulsiva
1265 2894 1494 2966 peccati,
1519 2893 1619 2950 sed
1645 2896 1834 2951 solum

477 2983 623 3035 esset
648 2974 946 3047 dispositio
967 2974 1171 3030 ultima
1200 2975 1447 3049 physice,
1482 2992 1545 3032 ac
1589 2976 1835 3032 morali-

475 3066 565 3116 ter
587 3057 694 3130 ipsi
726 3071 1067 3130 repugnans.
1094 3057 1208 3112 Nec
1234 3055 1350 3112 alia
1375 3071 1542 3112 causa
1573 3055 1836 3111 formalis

468 3135 780 3211 quaerenda
819 3142 964 3193 esset
999 3135 1167 3207 hujus
1219 3134 1467 3200 effectus,
1526 3135 1622 3207 qui
1691 3136 1835 3192 foret

475 3219 774 3276 hominem
817 3232 939 3272 esse
978 3215 1263 3271 mundum
1292 3233 1325 3272 a
1371 3221 1610 3288 peccato,
1661 3233 1835 3289 quam

477 3301 599 3373 ipsa
622 3297 875 3355 carentia
899 3297 1128 3369 peccati,
1159 3297 1283 3353 sive
1322 3297 1576 3353 carentia
1610 3296 1830 3370 gratiae,

472 3397 599 3453 quae
651 3395 778 3436 cum
841 3377 999 3450 prius
1043 3376 1240 3432 fuisset
1282 3376 1537 3450 rigorosa
1588 3376 1836 3448 privatio

478 3460 734 3527 moralis,
764 3458 943 3530 posito
965 3463 1107 3523 actu,
1122 3456 1407 3512 ‘transiret
1427 3457 1488 3512 in
1509 3456 1834 3529 simplicem

478 3541 838 3616 negationem
868 3562 882 3605 ;
958 3553 1095 3594 nam
1143 3536 1212 3594 ad
1260 3537 1488 3595 ess'ectus
1541 3538 1836 3612 negativos

474 3622 679 3677 sufficit
697 3621 817 3677 sola
859 3618 1103 3692 negati0,
1130 3623 1186 3675 et
1222 3618 1371 3692 gerit
1414 3634 1627 3674 munus
1657 3634 1837 3675 causae

477 3703 754 3760 formalis.
784 3701 937 3756 Sicut
964 3699 1153 3756 ablato
1175 3716 1411 3772 corpore
1438 3716 1631 3772 opaco,
1665 3716 1698 3756 a
1724 3715 1836 3772 quo

478 3784 681 3841 umbra
702 3782 1001 3856 dependet,
1026 3782 1252 3838 etiamsi
1279 3797 1396 3840 non
1413 3780 1835 3839 diffunderetur

477 3869 595 3933 lux,
622 3870 864 3924 cessaret
891 3863 1096 3920 umbra
1125 3865 1185 3919 in
1227 3879 1351 3920 esse
1378 3865 1509 3920 talis
1535 3887 1548 3930 ;
1578 3865 1714 3937 quia
1739 3880 1836 3920 ca·-

479 3946 666 4003 rentia
694 3947 854 4010 luciS,
887 3961 1010 4017 quae
1030 3944 1390 4015 connotando
1416 3960 1621 4016 corpus
1650 3944 1836 3999 inter-

478 4027 746 4100 positum,
773 4031 856 4081 est
898 4024 1164 4097 privatio,
1198 4040 1265 4081 eo
1307 4023 1517 4089 ablato,
1563 4023 1838 4079 transiret

478 4106 541 4162 in
561 4105 882 4178 simplicem
907 4104 1290 4177 negationem.
1320 4103 1666 4159 Recolantur
1686 4103 1837 4159 dicta

477 4187 598 4244 loco
623 4185 809 4241 citat0.

258 4292 464 4335 muman,
560 4269 682 4322 196.
714 4264 929 4319 Ultimo
958 4262 1276 4337 arguitur:
1308 4278 1444 4319 nam
1471 4277 1599 4318 cum
1645 4262 1838 4335 aliqua

256 4351 460 4434 351¹}me
476 4353 733 4404 extrema
753 4351 889 4402 sunt
915 4343 1251 4401 immediate
1271 4344 1555 4417 opposita,
1586 4342 1836 4401 destruc-

478 4428 559 4485 tio
581 4428 754 4484 unius
774 4431 858 4483 est
880 4424 1228 4486 introductio
1255 4425 1512 4490 alterius,
1550 4429 1607 4481 et
1632 4440 1664 4481 e
1697 4440 1839 4482 con-

478 4526 646 4567 verso
678 4527 825 4582 :qua
865 4510 1086 4566 ratione
1119 4508 1429 4566 destructio
1471 4508 1734 4565 caecitatis
1753 4513 1839 4565 est

477 4590 826 4648 introductio
870 4590 1044 4657 visus,
1088 4594 1147 4646 et
1208 4589 1444 4646 cessatio
1497 4589 1701 4646 mortis
1752 4593 1840 4646 est

478 4676 597 4732 vita
623 4694 636 4729 ε
677 4671 775 4729 sed
820 4672 964 4728 sacta
998 4670 1410 4745 suppositione,
1464 4670 1614 4744 quod
1664 4670 1839 4728 homo

473 4756 650 4813 suerit
669 4756 923 4811 elevatus
940 4752 1010 4809 ad
1031 4752 1295 4810 ordinem
1308 4752 1836 4825 supernaturalem,

466 4841 532 4894 et
568 4833 718 4909 quod
780 4834 1113 4907 peccaverit,
1178 4837 1486 4905 peccatum,
1536 4837 1593 4888 et
1651 4830 1841 4905 gratia

466 4914 834 4973 sanctificans
863 4913 1197 4971 immediate
1213 4918 1606 4986 opponuntur,
1650 4915 1713 4966 ut
1733 4926 1841 4967 ex-

476 5013 668 5070 presse
719 4993 876 5051 docet
924 4995 988 5049 D.
1038 4995 1240 5051 Thom.
1300 4992 1438 5050 locis
1488 4991 1678 5049 citatis
1704 4991 1833 5047 dub.

1964 557 2185 627 praeced.
2219 558 2280 611 in
2305 575 2540 629 respons.
2574 559 2648 612 ad
2669 559 2725 622 3;
2741 573 2876 630 ergo
2898 556 3043 613 facta
3067 557 3337 630 praedieta
3353 573 3406 613 n.
3428 572 3524 614 ‘rho

1968 638 2374 709 suppositione,
2403 638 2649 694 minime
2694 638 3085 694 destrueretur
3134 653 3336 710 pecca-

1969 722 2110 785 tum,
2155 719 2420 791 quamvis
2472 719 2643 776 homo
2683 724 2906 774 amaret
2936 718 3115 775 Deum
3156 734 3334 791 super

1967 798 2184 863 omnia,
2212 798 2324 853 nisi
2353 799 2599 873 gratiam
2645 797 3098 855 sanctificantem
3148 799 3330 854 simul

1969 878 2245 950 reciperet
2277 900 2290 935 ε
2316 894 2419 935 nec
2446 879 2619 935 homo
2649 884 2832 952 posset
2858 880 3065 935 elicere
3093 878 3334 950 praedic·

1967 963 2090 1014 tum
2115 965 2320 1027 actum,
2359 959 2471 1015 nisi
2514 959 2675 1031 prius
2720 958 3177 1016 sanctificaretur
3225 974 3330 1030 per

1965 1039 2210 1112 gratiam
2229 1003 2604 1096 habitualem.

2040 1120 2435 1192 Respondetur
2448 1121 2822 1178 assertionem
2849 1122 3012 1187 illam
3031 1124 3098 1176 D.
3117 1121 3326 1177 Thom.
3345 1126 3547 1182 Respon-

1967 1199 2184 1257 minori
2231 1201 2509 1257 insertam
2540 1201 2843 1274 procedere
2869 1202 3160 1274 supposita
3186 1217 3330 1257 vera

1965 1281 2243 1352 doctrina,
2275 1299 2448 1356 quam
2476 1288 2506 1353 g
2531 1285 2810 1357 sequenti,
2835 1288 2891 1340 et
2910 1283 3175 1356 deinceps
3191 1299 3330 1356 pro-

1968 1378 2268 1434 ponemus,
2320 1365 2377 1420 Si
2419 1369 2610 1421 autem
2659 1381 2823 1421 amor
2860 1365 3161 1421 charitatis
3207 1379 3329 1420 non

1966 1442 2313 1516 dependeret
2357 1447 2745 1503 essentialiter
2771 1464 2803 1502 a
2831 1446 3016 1520 gratia
3066 1444 3331 1501 sanctifi-

1964 1532 2148 1593 cante,
2189 1533 2479 1600 peccatum
2532 1529 2869 1593 habituale,
2919 1535 2975 1585 et
3013 1528 3332 1584 habitualis

1963 1608 2149 1680 gratia
2173 1625 2287 1665 non
2309 1615 2497 1667 essent
2525 1609 2861 1671 immediate
2882 1611 3136 1682 opposita
3163 1633 3177 1676 ;
3221 1625 3330 1665 nec

1967 1688 2157 1753 unius,
2193 1706 2399 1763 nempe
2429 1692 2637 1763 peccati
2665 1736 2676 1755 ,
2721 1690 3030 1747 destructio
3057 1690 3200 1745 foret
3230 1690 3332 1745 in-

1965 1768 2429 1841 dispensabiliter
2477 1772 2696 1828 infusio
2730 1773 2931 1845 gratim
2957 1769 3330 1827 sanctifican-

1965 1850 2037 1905 tis
2073 1871 2085 1905 ε
2113 1849 2212 1905 sed
2235 1856 2521 1922 peccatum
2554 1859 2737 1923 posset
2764 1852 2975 1923 duplici
3007 1851 3178 1907 modo
3203 1849 3333 1906 des-

1966 1930 2082 1987 trui
2110 1973 2123 1995 ,
2157 1948 2271 1988 uno
2317 1932 2488 1989 modo
2533 1933 2777 1998 directe,
2828 1933 3042 1989 scilicet
3071 1949 3168 2005 per
3189 1949 3333 2005 gra-

1966 2012 2105 2068 tiam
2136 2055 2148 2076 ,
2192 2028 2303 2084 qua
2346 2014 2535 2084 privat
2567 2035 2579 2067 :
2610 2015 2792 2070 altero
2829 2012 2998 2069 modo
3026 2012 3329 2077 indirecte,

1965 2090 2231 2147 videlicet
2272 2107 2373 2163 per
2413 2098 2600 2148 actum
2648 2094 2882 2156 amoris
2914 2093 3003 2148 cui
3048 2091 3333 2148 indirecte

1966 2171 2320 2228 adversatur.
2355 2173 2510 2228 Sicut
2544 2172 2750 2229 umbra
2777 2175 2950 2230 etiam
2980 2172 3195 2228 destrui
3220 2189 3335 2228 va-

1967 2254 2077 2319 let;
2109 2258 2231 2309 tum
2260 2252 2492 2318 directe,
2521 2254 2934 2311 introducendo
2965 2256 3168 2320 lucem;
3200 2259 3330 2309 tum

1967 2334 2265 2400 indirecte,
2299 2335 2612 2393 auferendo
2639 2352 2861 2409 corpuS,
2895 2353 2927 2392 a
2954 2338 3111 2410 cujus
3141 2337 3332 2392 inter-

1967 2415 2247 2486 positione
2271 2415 2332 2471 in
2363 2416 2587 2472 ratione
2616 2415 2834 2472 umbra:
2882 2416 3181 2488 dependet.
3215 2415 3331 2471 Sed

1968 2511 2071 2568 pro
2123 2512 2260 2553 vera
2308 2497 2694 2571 intelligentia
2744 2497 3016 2554 doctrina}
3061 2497 3328 2570 Angelici

1968 2578 2377 2650 PraeceptoriS,
2429 2595 2600 2651 quam
2643 2587 3046 2653 argumentum
3095 2579 3323 2652 tangit,

1966 2660 2176 2733 sitjam

2559 2818 2591 2886 ς
2633 2816 2725 2871 1v.

1965 2961 2220 3019 Secunda
2247 2961 2520 3016 conclusio
2554 2962 2753 3016 directe
2780 2962 3005 3017 dubium
3032 2963 3328 3030 resolvens,

2150 3045 2488 3100 authoritate
2517 3044 2585 3099 Ι).
2624 3044 2672 3100 T
2669 3045 2834 3100 homae
2860 3044 3113 3116 fulcitur.

2049 3206 2171 3259 197.
2216 3204 2530 3261 Dicendum
2578 3211 2663 3262 est
2685 3203 2969 3271 secundo,
3023 3205 3542 3279 implicaresemmh

1967 3284 2496 3354 contradictionem,
2527 3284 2676 3357 quod
2708 3290 2994 3356 peccatum
3017 3285 3331 3344 habituale
3352 3277 3548 3321 ³⁸⁵⁸¹¹¹¹²

1968 3365 2224 3422 hominis
2249 3367 2457 3423 elevati
2498 3367 2570 3422 ad
2609 3365 2874 3422 ordinem
2909 3371 3329 3442 supernatura-

1969 3445 2082 3500 lem
2105 3445 2433 3503 destruatur
2455 3445 2663 3519 absque
2689 3445 2982 3503 inl'usione
3008 3448 3207 3521 gratiae
3231 3448 3332 3504 ha-

1966 3524 2203 3581 bitualis
2242 3525 2671 3582 sanctificantis,
2713 3528 2868 3582 lIanc
2895 3528 3328 3584 conclusionem

1966 3604 2125 3663 docet
2149 3623 2413 3678 expresse
2454 3609 2515 3662 D.
2570 3608 2612 3659 Τ
2619 3607 2771 3662 hom.
2814 3611 2876 3661 ut
2913 3607 3229 3673 evidenter,
3263 3609 3326 3663 ni
3346 3622 3399 3661 ι).
3425 3620 3530 3662 Tho.

1969 3686 2272 3754 fallimur,
2317 3686 2597 3745 constabit
2646 3702 2714 3743 ex
2761 3687 3105 3744 testimoniis
3130 3688 3328 3745 statim

1970 3768 2303 3836 referendis,
2346 3768 2581 3834 Qua-de
2607 3784 2775 3824 causa
2804 3769 3012 3841 saepius
3039 3771 3204 3825 illam
3231 3771 3330 3826 vel

1966 3850 2373 3922 expressimuS,
2407 3851 2497 3907 vel
2519 3850 2924 3921 supposuimus
2947 3852 3008 3906 in
3034 3851 3212 3906 variis
3240 3852 3329 3908 lo—

1966 3931 2048 3986 cis
2087 3931 2259 4006 hujus
2309 3932 2633 4004 'l'heologici
2676 3933 2924 3997 Cursus,
2972 3937 3032 3986 ut
3060 3939 3222 3989 tract.
3268 3935 3326 4000 8,

1966 4012 2111 4086 disp.
2133 4017 2188 4080 4,
2219 4014 2349 4071 dub.
2374 4016 2430 4082 3,
2461 4032 2613 4069 num.
2640 4014 2731 4077 51,
2756 4021 2804 4069 ct
2827 4022 2990 4069 tract.
3016 4017 3069 4080 0,
3095 4015 3240 4088 disp.
3266 4016 3326 4080 6,

1967 4095 2095 4153 dub.
2135 4099 2153 4152 l
2189 4115 2225 4152 a
2247 4114 2398 4151 num.
2439 4096 2521 4161 15,
2554 4101 2609 4151 et
2635 4101 2795 4150 tract.
2834 4098 2916 4161 12,
2943 4097 3083 4169 disp.
3111 4098 3165 4166 3,
3195 4096 3326 4153 dub.

1968 4178 2023 4242 3,
2067 4195 2217 4233 num.
2252 4179 2344 4242 58,
2389 4181 2445 4232 et
2473 4184 2634 4233 tract.
2687 4178 2770 4242 13,
2801 4177 2942 4250 disp.
2983 4181 3030 4243 l,
3070 4178 3198 4233 dub.
3229 4180 3266 4234 2
3293 4196 3331 4232 a

1969 4276 2122 4315 num.
2148 4259 2237 4324 34,
2264 4262 2321 4315 et
2347 4259 2488 4331 disp.
2541 4261 2617 4321 16,
2649 4258 2781 4314 dub.
2812 4261 2847 4313 5
2867 4280 2902 4315 a
2933 4279 3084 4317 num.
3119 4262 3239 4328 153,
3270 4268 3333 4318 et

1967 4340 2111 4411 disp.
2154 4340 2246 4403 20,
2290 4339 2420 4396 dub.
2464 4342 2518 4405 2,
2564 4359 2718 4397 num.
2749 4344 2838 4406 67,
2870 4348 2926 4398 et
2952 4342 3112 4398 alibi.
3145 4345 3331 4406 Quam

1968 4421 2140 4477 etiam
2172 4420 2373 4477 docent
2393 4422 2690 4495 graviores
2716 4429 2772 4480 et
2799 4424 3153 4495 antiquiores
3175 4424 3333 4481 Tho·

1969 4504 2178 4560 mistae.
2203 4505 2529 4576 Capreolus,
2556 4509 2612 4561 et
2642 4505 2995 4597 Hispalensis
3023 4522 3200 4588 supra
3230 4508 3327 4565 cit.
3345 4512 3545 4566 captent.

1970 4601 2121 4640 num.
2163 4586 2282 4639 184.
2316 4586 2490 4658 Cajet.
2520 4589 2576 4641 et
2603 4585 2897 4642 Conradus
2934 4587 2994 4642 in
3038 4583 3326 4658 praesenti,
3357 4561 3526 4663 ’ἓξὲξ

1971 4664 2069 4722 ubi
2121 4666 2297 4721 etiam
2338 4665 2571 4722 Medina
2616 4668 2851 4724 conclus.
2896 4669 2952 4733 6,
2999 4669 3201 4723 Petrus
3259 4659 3538 4723 domm-‘¹-

1971 4747 2220 4802 Herrera
2247 4747 2308 4799 in
2333 4747 2761 4819 manuscriptis,
2807 4754 2917 4802 art.
2949 4749 3002 4814 2,
3048 4746 3174 4802 dub.
3220 4709 3540 4804 „1232ssss

1969 4825 2139 4882 conci.
2169 4827 2224 4891 4,
2255 4828 2396 4882 etin
2423 4843 2562 4899 resp.
2608 4827 2684 4882 ad
2721 4829 2996 4883 ultimum.
3029 4829 3210 4885 Gonet
3234 4827 3334 4883 ubi
3366 4811 3532 4902 ffffi‘}

1969 4924 2161 4978 supra,
2214 4909 2417 4963 Petrus
2457 4907 2633 4963 Labat
2671 4908 2875 4981 (ὤμ’
2845 4930 2904 4974 ο,
2929 4909 2993 4963 dc
3023 4907 3328 4980 Justificat.
3374 4909 3530 4953 atvar

1972 4987 2099 5044 dub.
2130 4990 2187 5044 2.
2219 4987 2376 5044 Idem
2402 4986 2575 5043 etiam
2599 4986 2801 5047 docere
2827 4987 3056 5045 videtur
3085 4990 3335 5125 Alvlargz
