3647 5753
264 2439 380 2484 Oseae
394 2422 629 2484 mosem
655 2421 727 2477 22
751 2440 765 2475 :

288 2604 393 2647 Nota
401 2604 442 2649 8.

253 4701 448 4796 {33¹1}ae

255 4801 455 4953 ἓξὲξ
472 4843 792 4911 peccatores
818 4838 1044 4895 nullam
1067 4838 1281 4913 justam
1307 4838 1733 4898 excusationem
1758 4855 1832 4898 ex

484 388 584 446 184
771 341 774 346 ⁴
1503 367 1910 466 DE‘GRA'rm
1947 381 2288 441 EFFICACI.

479 575 598 618 non
642 559 767 615 vult
811 556 1151 630 adimplere,
1183 572 1302 614 non
1352 557 1479 613 vult
1530 554 1835 621 auxilium,

475 640 576 704 sed
597 646 904 714 utrumque
935 639 1146 697 refutat
1175 639 1515 706 formaliter,
1546 637 1639 695 vel
1667 637 1841 693 inter-

478 721 777 797 pretative.
823 723 893 779 Et
917 722 1185 796 quamvis
1213 723 1381 788 Deua,
1412 722 1588 778 etiam
1626 733 1843 792 suppo-

474 804 590 861 sita
623 803 728 859 illa
749 819 927 876 prava
953 801 1208 860 hominis
1237 802 1550 869 voluntate,
1576 815 1689 873 qua
1715 800 1842 856 vult

475 884 760 950 omittere,
793 884 971 956 possit
987 883 1436 949 communicare,
1465 886 1523 939 et
1547 879 1841 937 multoties

475 965 731 1023 conferat
755 964 868 1037 ipsi
910 963 1197 1021 auxilium
1218 963 1432 1031 efficax,
1457 976 1568 1035 quo
1589 975 1841 1035 przecep-

474 1051 600 1102 tum
655 1044 951 1117 adimplet,
982 1047 1039 1100 et
1081 1042 1453 1101 omissionem
1498 1042 1643 1099 vitat
1674 1041 1840 1113 :ipse
1914 1077 1923 1085 -

475 1129 671 1183 tamen
699 1125 870 1182 homo
908 1139 1009 1196 per
1048 1119 1236 1180 actum
1265 1121 1696 1196 praecedentem,
1726 1135 1840 1192 quo

475 1206 659 1264 voluit
678 1204 962 1271 omittere,
995 1203 1304 1278 indignum
1326 1218 1388 1260 se
1412 1201 1544 1259 fecit
1570 1200 1840 1274 praedicto

477 1286 717 1344 auxilio.
736 1287 884 1341 Nam
905 1284 1051 1340 sicut
1067 1282 1217 1357 quod
1239 1282 1475 1341 omissio
1494 1282 1839 1355 subsequuta

479 1383 598 1424 non
644 1365 837 1430 suerit,
869 1363 1115 1422 minime
1143 1363 1303 1429 vitat,
1341 1363 1483 1436 quin
1524 1363 1710 1435 potius
1730 1361 1839 1418 ho-

478 1463 594 1515 mo,
634 1443 877 1504 volendo
904 1444 1189 1511 omittere,
1227 1443 1542 1515 peccaverit
1569 1464 1583 1499 2
1611 1443 1693 1500 sic
1718 1457 1839 1500 non

472 1531 633 1596 vitat,
689 1527 832 1603 quin
870 1525 1046 1585 homo
1078 1524 1386 1600 indignum
1420 1541 1482 1583 se
1502 1524 1832 1598 praebuerit,

475 1609 567 1666 cui
579 1610 726 1666 Deus
738 1606 1025 1667 conferret
1042 1605 1328 1662 auxilium
1342 1604 1539 1664 efficax
1559 1605 1630 1663 ad
1646 1604 1837 1661 adim-

475 1688 753 1763 plendum
799 1691 1162 1763 praeceptum,
1218 1686 1369 1760 quod
1431 1685 1617 1744 voluit
1660 1685 1838 1743 omit-

475 1775 623 1827 tere.
652 1769 818 1826 Unde
849 1768 973 1826 sive
1001 1770 1274 1840 sequatur
1308 1766 1596 1824 auxilium
1616 1765 1831 1834 efficax,

474 1851 599 1908 sive
640 1866 777 1917 non,
804 1850 926 1923 jam
953 1848 1206 1907 carentia
1248 1848 1455 1906 auxilii
1500 1852 1586 1906 est
1631 1848 1831 1915 volita,

475 1925 531 1993 et'
570 1932 794 1991 intenta
820 1931 890 1989 ab
912 1931 1167 1998 homine,
1208 1937 1264 1988 et
1311 1934 1491 2003 potest
1521 1929 1838 2004 justissime

477 2013 690 2072 inferri
734 2030 768 2071 a
806 2016 921 2070 Deo
948 2034 961 2069 ε
989 2011 1136 2085 quod
1165 2011 1212 2068 si
1267 2012 1416 2069 Deus
1459 2011 1711 2070 voluerit
1730 2027 1837 2067 au-

474 2095 688 2153 xilium
743 2093 938 2152 efficax
968 2098 1254 2167 praestare,
1286 2098 1347 2149 ut
1398 2093 1572 2151 homo
1594 2108 1838 2167 praecep·

477 2182 602 2234 tum
667 2175 997 2249 adimpleat,
1056 2176 1168 2232 erit
1219 2191 1364 2248 pura
1413 2175 1830 2242 misericordia,

472 2274 600 2332 quae
629 2258 759 2315 vult
779 2257 850 2314 ad
872 2255 1298 2332 indignitatem,
1321 2260 1379 2313 et
1405 2273 1649 2329 pravum
1665 2255 1836 2313 affec-

473 2345 597 2398 tum
643 2338 900 2398 hominis
939 2354 1056 2396 non
1116 2336 1429 2406 attendere,
1474 2338 1640 2413 juxta
1689 2335 1835 2393 illud

797 2418 1045 2476 Per-ditio
1072 2425 1170 2473 tua
1193 2435 1266 2473 eu:
1291 2424 1340 2474 te
1359 2417 1553 2486 Israel,
1584 2424 1836 2474 tantum-

472 2499 629 2556 modo
657 2500 717 2553 in
742 2516 826 2554 me
843 2497 1128 2554 auoeilium
1147 2504 1324 2554 tuum.

547 2576 806 2635 Tandem
827 2574 1084 2642 observa,
1104 2582 1291 2633 actum
1319 2577 1509 2641 illum,
1523 2592 1633 2649 quo
1660 2575 1835 2632 homo

481 2657 827 2724 formaliter,
895 2655 987 2712 vel
1033 2654 1468 2728 interpretativa
1514 2656 1637 2711 vult
1657 2654 1835 2710 omit-

479 2745 603 2796 tere
649 2743 1012 2811 praeceptum,
1068 2735 1358 2810 subjacere
1407 2735 1630 2793 viribus
1672 2740 1835 2792 natu-

474 2819 692 2879 ralibus
738 2817 909 2876 liberi
956 2815 1206 2887 arbitrii,
1257 2824 1314 2876 et
1364 2834 1524 2893 posse
1562 2834 1663 2893 per
1711 2818 1836 2893 ejus

472 2904 629 2961 vires
707 2899 986 2968 cohiberi,
1035 2900 1327 2974 suspendi,
1389 2902 1482 2958 vel
1535 2901 1854 2974 impediri.·

470 2984 757 3051 Quoniam
782 2980 1082 3055 praedictus
1110 2986 1265 3039 actus
1301 2986 1386 3040 est
1410 2982 1709 3039 entitative
1735 2998 1835 3039 na-

469 3063 695 3128 turalis,
726 3066 789 3118 ut
831 3078 903 3120 ex
953 3076 1014 3118 se
1043 3061 1221 3135 liquet
1253 3083 1266 3118 ε
1297 3063 1469 3120 homo
1508 3067 1698 3119 autem
1725 3062 1835 3119 ha-

469 3142 564 3201 bet
587 3141 928 3199 sufficientes
947 3140 1102 3198 vires
1122 3140 1192 3198 ad
1214 3141 1583 3209 eliciendum,
1601 3142 1694 3200 vel
1714 3158 1835 3198 sus-

468 3221 832 3296 pendendum
848 3218 1159 3295 quemlibet
1172 3226 1359 3277 actum
1375 3223 1700 3279 naturalem
1717 3222 1834 3280 sin-

466 3302 718 3379 gillatim
740 3306 1048 3375 acceptum,
1068 3306 1125 3357 et
1145 3306 1315 3375 prout
1340 3305 1550 3370 actu,et
1574 3302 1637 3358 in
1662 3318 1833 3361 exer-

469 3385 603 3443 citio
629 3385 875 3443 occurrit
899 3407 914 3451 ;
945 3398 1081 3441 nam
1108 3399 1176 3441 eo
1204 3383 1348 3457 ip50,
1378 3383 1530 3457 quod
1553 3389 1708 3441 actus
1733 3400 1834 3442 na-

469 3467 675 3523 turalis
718 3471 822 3533 est,
865 3463 1164 3539 praedictas
1200 3465 1355 3521 vires
1398 3480 1518 3522 non
1556 3464 1826 3534 excludit,

465 3544 567 3604 sed
604 3544 822 3603 eisdem
863 3544 1349 3618 proportionatur,
1386 3548 1449 3599 ut
1473 3545 1832 3603 ostendimus

467 3627 611 3701 disp.
640 3629 695 3696 2,
725 3627 851 3684 dub.
880 3628 935 3691 2,
959 3633 1010 3681 ει
1035 3627 1097 3694 3;
1118 3641 1255 3701 ergo
1282 3641 1383 3700 per
1408 3626 1564 3685 vires
1590 3633 1833 3685 natura-

467 3707 569 3776 les,
594 3712 651 3765 et
685 3705 1137 3781 independenter
1165 3724 1198 3764 a
1222 3707 1409 3782 gratia
1437 3712 1618 3781 potest
1645 3710 1833 3767 vitare

466 3795 674 3857 actum,
703 3805 816 3863 quo
859 3790 985 3845 vult
1027 3787 1294 3847 omittere
1358 3787 1830 3864 adimpletionem

469 3870 770 3936 naturalis,
796 3871 890 3928 vel
915 3870 1376 3942 supernaturalis
1416 3871 1832 3944 praecepti.1d-

466 3965 575 4023 que
601 3951 851 4023 amplius
896 3948 1269 4007 verificatur'
1253 3965 1317 4005 in
1345 3953 1610 4024 praesenti
1655 3957 1823 4019 statu,

467 4032 532 4089 in
553 4045 668 4103 quo
699 4028 872 4088 habet
895 4031 1068 4087 homo
1109 4044 1226 4086 non
1276 4030 1462 4087 solum
1517 4032 1649 4088 illas
1675 4032 1830 4090 vires

467 4113 781 4178 naturales,
823 4101 923 4169 se‘d
943 4111 1120 4168 etiam
1148 4109 1305 4166 vires
1324 4111 1522 4184 gratiae
1545 4127 1831 4185 superna-

467 4191 692 4261 turalis,
724 4207 843 4250 non
867 4191 1057 4248 solum
1090 4187 1312 4256 oblatae,
1344 4189 1441 4247 sed
1469 4191 1644 4249 etiam
1672 4195 1830 4250 mul-

465 4274 632 4333 toties
681 4273 918 4341 collatae,
988 4278 1047 4331 et
1095 4271 1446 4340 sufficientis,
1498 4273 1711 4331 nedum
1757 4274 1830 4334 ad

466 4352 835 4429 adimplenda
850 4357 1129 4428 praecepta
1148 4353 1523 4421 occurrentia,
1538 4354 1638 4412 sed
1652 4356 1829 4415 etiam

466 4441 533 4493 nt
571 4435 749 4509 possit
772 4436 977 4493 saltem
1005 4438 1240 4502 remote,
1270 4439 1328 4491 et
1354 4434 1602 4493 mediate
1627 4439 1832 4498 tende-

471 4531 535 4574 re
559 4516 624 4573 in
649 4515 1147 4591 supernaturalem
1165 4514 1602 4586 beatitudinem,
1631 4520 1693 4573 ut
1709 4523 1832 4576 sta-

471 4594 693 4654 tuimus
712 4598 855 4671 disp.
873 4596 1097 4670 proceni.
1127 4595 1254 4652 dub.
1285 4597 1341 4654 3.

550 4679 681 4736 262.
709 4679 795 4734 Ex
809 4677 886 4734 iis
901 4681 1055 4751 patet
1074 4676 1372 4750 responsio
1392 4676 1463 4734 ad
1476 4678 1748 4751 replicam
1766 4697 1825 4739 n.

473 4758 586 4815 259
608 4756 980 4832 propositam.
1010 4755 1408 4830 Respondetur
1430 4757 1590 4816 enim
1613 4759 1825 4832 primo,

471 4919 726 4978 carentia
773 4918 978 4976 auxilii
1023 4934 1096 4978 ex
1132 4934 1193 4977 se
1235 4918 1474 4978 efficacis
1512 4935 1686 5015 posse·
1716 4920 1831 4978 sibi

469 5000 858 5076 praetendere·
845 5043 861 5069 ,
889 5000 1027 5075 quia
1053 4999 1125 5058 ad
1150 5001 1545 5083 voluntariam
1569 5002 1833 5062 omissio·

1973 568 2106 612 nem
2136 557 2399 636 praecepti
2426 557 2629 614 sufficit
2676 573 2836 630 posse
2876 557 3211 632 adimplere,
3245 564 3331 616 te-

1973 637 2120 703 neri,
2169 643 2227 695 et
2271 655 2388 696 non
2435 655 2602 713 agere
2646 663 2658 696 :
2701 655 2826 713 quae
2870 640 3071 698 omnia
3123 640 3332 714 absque

1973 716 2189 775 auxilio
2215 717 2421 776 efficaci
2449 720 2770 788 salvantur,
2802 723 2866 775 ut
2889 725 3109 777 constat
3133 737 3205 778 ex
3229 738 3329 777 su-

1972 814 2077 871 pra
2101 797 2286 857 dictis.
2317 802 2386 858 Et
2412 801 2516 858 hoc
2541 800 2743 858 sufficit
2770 800 3042 871 absolute,
3075 807 3130 859 et
3157 803 3222 860 in
3245 803 3330 859 ri-

1970 894 2107 954 gore
2144 880 2215 938 ad
2248 883 2672 941 retundendum
2706 883 2946 958 injustas
2976 883 3110 940 illas
3137 884 3331 941 homi-

1973 975 2115 1018 num
2153 963 2568 1036 querimonias·

2044 1041 2153 1098 Sed
2192 1042 2476 1110 addimus,
2507 1048 2564 1100 et
2604 1043 3017 1115 respondemus
3063 1042 3330 1108 secundo,

1972 1121 2103 1178 illas
2149 1129 2486 1197 apparentes
2533 1129 2891 1196 peccatorum
2937 1124 3330 1197 querimonias

1969 1201 2107 1258 satis
2133 1203 2362 1260 retundi
2386 1218 2487 1276 per
2513 1219 2580 1260 ea
2601 1218 2726 1276 quaa
2746 1219 2931 1277 nuper
2958 1204 3294 1261 notavimus
3319 1226 3333 1270 3

1971 1298 2109 1339 nam
2126 1285 2380 1341 carentia
2408 1283 2613 1340 auxilii
2636 1282 2873 1340 efficacis
2896 1284 3048 1355 (sine
3075 1300 3187 1360 quo
3208 1284 3337 1340 nul-

1970 1365 2060 1420 lus
2074 1364 2354 1438 adimplet
2375 1371 2671 1438 praecepta,
2694 1366 2875 1423 immo
2892 1381 2994 1423 nec
3017 1364 3337 1439 adimplere

1971 1451 2151 1520 potest
2195 1447 2449 1521 potentia
2499 1447 2890 1520 consequenti,
2945 1452 3004 1505 et
3050 1448 3115 1504 in
3159 1462 3334 1504 sensu

1968 1528 2300 1600 composito)
2321 1527 2429 1583 fuit
2453 1526 2523 1584 ab
2544 1526 2760 1584 eisdem
2782 1527 2982 1596 volita,
3007 1533 3064 1585 et
3084 1528 3325 1596 intenta,

1967 1606 2197 1681 quando
2240 1609 2564 1665 elicuerunt
2610 1611 2819 1676 actum,
2870 1624 2983 1682 quo
3023 1609 3334 1666 voluerunt

1969 1694 2088 1745 tam
2113 1689 2428 1745 carentiam
2458 1685 2914 1760 adimpletionis,
2941 1704 3114 1761 quam
3140 1704 3336 1747 caren-

1970 1768 2109 1825 tiam
2150 1768 2357 1825 auxilii
2405 1766 2475 1824 ad
2516 1768 2859 1825 exercitium
2900 1768 3332 1842 adimpletionis

1969 1849 2250 1923 requisiti,
2283 1855 2344 1905 ut
2375 1848 2632 1905 diximus
2673 1849 2736 1905 in
2765 1849 3011 1907 secundo
3038 1848 3329 1907 notabili.
3318 1870 3330 1883 ·

1967 1946 2138 2005 quem
2178 1933 2365 1987 actum
2408 1935 2716 2003 potuerunt
2751 1930 2861 2002 ipsi
2904 1930 3168 1986 homines
3204 1945 3328 1986 sus·

1969 2011 2234 2086 pendere,
2278 2016 2336 2068 et
2378 2012 2618 2078 evitare,
2650 2016 2713 2068 ut
2752 2012 2816 2068 in
2866 2012 3034 2069 tertio
3087 2010 3331 2069 notabili

1966 2085 2408 2151 declaravimus.
2440 2094 2509 2147 Et
2534 2093 2998 2165 quotiescumque
3039 2093 3186 2149 Deus
3225 2106 3330 2149 ne-

1966 2179 2061 2249 gat
2076 2173 2360 2231 auxilium
2381 2171 2595 2239 efficax,
2618 2171 2687 2228 ad
2708 2171 2857 2245 quod
2878 2172 3137 2245 sequitur
3151 2171 3332 2230 omis-

1966 2255 2053 2312 sio
2085 2253 2495 2328 peccaminosa,
2522 2253 2686 2310 toties
2713 2253 2886 2310 homo
2913 2253 3100 2310 voluit
3125 2267 3331 2310 caren-

1968 2337 2109 2393 tiam
2161 2336 2322 2392 illius
2373 2334 2598 2402 auxilii,
2655 2339 2714 2392 et
2765 2334 2953 2391 noluit
3011 2332 3331 2409 adimplere

1967 2420 2340 2490 praeceptum;
2370 2414 2630 2487 implicat
2657 2415 2815 2471 enim
2857 2414 3094 2472 omissio
3135 2430 3330 2488 pecca-

1968 2495 2211 2562 minosa,
2242 2510 2415 2568 quam
2443 2495 2543 2551 ille
2566 2499 2719 2551 actus
2747 2493 3171 2567 peccaminosus
3211 2510 3328 2552 non

1967 2574 2263 2648 praecedat,
2303 2580 2365 2630 ut
2405 2576 2470 2631 in
2517 2574 2707 2647 primo
2753 2573 2999 2631 notabili
3044 2573 3327 2647 explicui—

1967 2674 2114 2716 mus,
2142 2656 2307 2714 Unde
2325 2658 2376 2713 si
2407 2662 2724 2730 peccatores
2756 2654 3331 2714 obmurmuraverint

1966 2742 2163 2796 contra
2187 2741 2365 2795 Deum
2392 2754 2600 2810 :quare
2620 2753 2739 2794 non
2760 2736 2965 2795 dedisti
2988 2737 3154 2794 nobis
3174 2738 3332 2794 auxi·

1967 2821 2114 2878 lium
2154 2820 2369 2888 efficax,
2400 2835 2513 2894 quo
2554 2821 2734 2894 posito
2774 2836 2893 2878 non
2933 2819 3329 2876 omitteremus

1967 2908 2198 2961 tuorum
2221 2907 2635 2976 praeceptorum
2659 2901 3131 2975 adimpletionem
3151 2903 3178 2957 P
3198 2902 3331 2957 Res-

1966 2981 2240 3056 pondebit
2265 2984 2413 3039 Deus
2439 2998 2499 3038 se
2527 2983 2649 3038 illis
2674 2980 2899 3039 dedisse
2926 2979 3146 3038 auxilia
3170 2979 3329 3036 suffi-

1965 3064 2176 3122 cientia
2197 3062 2269 3120 ad
2289 3061 2661 3136 adimplenda
2682 3067 2993 3136 praecepta;
3018 3062 3171 3135 ipsos
3191 3075 3331 3120 vero

1966 3161 2085 3204 non
2110 3148 2300 3203 solum
2322 3144 2427 3201 illa
2450 3160 2567 3202 non
2594 3143 3016 3219 adimplevisse,
3046 3159 3254 3201 verum
3275 3148 3332 3201 et

1965 3226 2232 3284 habuisse
2271 3230 2475 3294 actum,
2513 3241 2625 3298 quo
2664 3227 2974 3283 voluerunt
3012 3225 3331 3281 carentiam

1965 3308 2171 3365 auxilii
2212 3306 2452 3365 efficacis
2492 3306 2562 3363 ad
2604 3305 2935 3379 praedictam
2962 3305 3331 3379 adimpletio-

1965 3406 2119 3458 nem,
2163 3394 2220 3447 et
2254 3406 2366 3462 quo
2404 3391 2706 3462 (quantum
2747 3392 2873 3447 erat
2907 3403 2980 3445 ex
3007 3395 3167 3461 parte
3193 3388 3331 3446 illo-

1966 3472 2118 3542 rum)
2144 3485 2205 3527 se
2247 3469 2624 3528 reddiderunt
2662 3467 2953 3544 indignos,
2984 3473 3041 3524 et
3084 3469 3326 3542 ineptos,

1963 3556 2026 3608 ut
2066 3550 2180 3608 sibi
2227 3552 2562 3624 preadictum
2610 3550 2897 3607 auxilium
2944 3550 3323 3609 conferretur.

1963 3630 2109 3697 Quid
2161 3646 2297 3707 ergo
2347 3630 2590 3688 ulterius
2637 3629 3016 3699 desideratur,
3069 3636 3130 3686 ut
3181 3632 3331 3689 Deus

1956 3708 2299 3787 justificetur
2339 3711 2405 3767 in
2449 3709 2817 3767 sermonibus
2859 3710 2999 3778 suis,
3042 3715 3103 3767 et
3138 3710 3332 3769 vincat

1962 3808 2091 3850 cum
2108 3790 2494 3865 judicaverit?
2520 3790 2685 3848 Unde
2706 3791 2883 3848 etiam
2906 3790 3086 3863 liquet
3111 3789 3331 3848 insuffi-

1961 3873 2208 3931 cientem
2228 3871 2339 3928 sibi
2361 3872 2789 3929 excusationem
2814 3869 3184 3944 praetendisse
3200 3872 3331 3929 Mo-

1963 3954 2174 4010 nachos
2212 3952 2639 4020 Adrumetinos,
2682 3968 2814 4008 cum
2855 3966 2888 4008 a
2927 3951 3329 4024 Superioribus

1961 4031 2031 4091 de
2059 4038 2471 4107 praeceptorum
2499 4033 2811 4091 omissione
2844 4030 3327 4105 corripiebantur,

1960 4118 2019 4171 et
2056 4113 2322 4171 dicebant
2348 4135 2362 4170 z
2385 4112 2551 4171 Hanc
2564 4112 2892 4169 charitatem
2924 4113 3153 4185 (nempe
3174 4112 3334 4170 auxi·

1962 4196 2107 4253 lium
2152 4195 2369 4270 efficax)
2407 4214 2533 4253 ⁷non
2574 4198 2921 4269 accepimus;
2964 4194 3098 4273 quid
3147 4197 3331 4273 itaque

1961 4278 2313 4350 corripimur,
2339 4279 2501 4355 quasi
2524 4293 2763 4333 noscam
2796 4275 2949 4332 nobis
2980 4275 3116 4331 dare
3146 4278 3333 4350 possi-

1960 4374 2103 4425 πως,
2146 4365 2196 4413 et
2234 4365 2418 4425 nostro
2445 4358 2680 4414 arbitrio
2719 4356 2912 4413 habere
2954 4355 3245 4412 nolimus?
3271 4360 3335 4411 ut

1964 4437 2140 4496 refert
2154 4441 2388 4514 August,
2411 4439 2507 4496 lib.
2517 4438 2582 4493 dc
2595 4445 2826 4511 corrept:
2843 4444 2893 4492 et
2906 4438 3113 4507 qratia,
3128 4454 3251 4511 cap.
3268 4438 3329 4493 6.

1963 4520 2075 4593 Ipsi
2114 4520 2274 4578 enim
2311 4521 2408 4593 qui
2451 4524 2731 4594 praecepta
2770 4516 3133 4587 omittebant,
3163 4521 3221 4576 et
3257 4516 3331 4576 ob

1962 4600 2069 4658 hoc
2108 4599 2573 4675 increpabantur,
2627 4597 2901 4657 nolebant
2941 4613 3045 4655 suo
3084 4596 3332 4658 arbitrio

1961 4683 2127 4739 illam
2171 4682 2419 4757 gratiam
2466 4680 2749 4738 efficacem
2796 4678 3029 4758 habere,
3065 4694 3240 4753 quam
3278 4678 3330 4736 si

1962 4762 2262 4831 haberent,
2306 4768 2583 4838 praecepta
2625 4776 2745 4820 non
2785 4760 3136 4819 omitterent.
3180 4761 3332 4818 Nam

1963 4844 2297 4918 priusquam
2334 4846 2632 4918 peccarent
2656 4838 2993 4908 omittendo,
3026 4845 3332 4932 peccarunt

1962 4923 2211 4983 volendo
2246 4923 2546 4991 omittere;
2579 4922 2724 4980 alias
2761 4921 2999 4980 omissio
3044 4921 3332 4995 peccami—

1964 5018 2106 5064 nosa
2130 5019 2252 5064 non
2276 5007 2444 5073 esset,
2468 5007 2532 5060 nt
2552 5006 2773 5060 constat
2797 5017 2869 5061 ex
2894 4999 3080 5058 dictis.
3113 5000 3183 5056 Et
3184 4998 3334 5137 fuleo

3209 5096 3242 5137 a
3266 5096 3332 5140 so
