3647 5753
1307 354 1314 359 ’
1353 374 1532 429 mse.
1582 373 1700 438 vn,
1748 372 1911 428 nuc.
1958 373 2053 428 111.
3052 379 3134 429 co·

264 550 527 606 scientiae
548 548 751 606 mediae
780 550 1109 606 nullatenus
1136 548 1512 614 cohaerentia3
1543 552 1632 603 at—

42 648 230 689 smrez.
262 645 397 703 que,
434 636 495 684 ut
520 629 669 685 dixit
696 631 905 685 Suarez
954 630 1044 686 tib.
1089 633 1105 685 l
1138 631 1202 685 de
1221 629 1473 687 Praede'st.
1506 646 1627 700 cap.

275 714 320 777 l,
355 711 547 784 potius
576 710 721 784 fugit
746 709 1134 767 difficultatem
1162 725 1334 784 quam
1358 708 1629 765 declarat.

263 794 415 847 Nam
447 792 512 846 in
537 790 743 862 primis
767 790 932 855 illud,
964 791 1112 862 quod
1140 791 1411 864 supponit
1431 789 1501 846 de
1527 805 1632 846 vo-

258 872 490 929 catione
534 888 806 946 congrua,
857 873 1000 928 satis
1025 889 1306 944 superque
1332 871 1630 929 exclusum

260 959 463 1008 manet
489 969 562 1009 ex
588 952 755 1009 dictis
780 953 905 1009 dub.
935 955 1154 1026 praeest.
1188 960 1245 1009 et
1272 954 1510 1026 insuper
1537 967 1630 1007 re-

260 1035 525 1100 fellitum
555 1036 831 1107 quoniam
860 1035 908 1090 si
940 1035 1019 1092 ita
1048 1053 1107 1093 se
1136 1035 1302 1092 habet
1332 1037 1434 1092 illa
1460 1050 1631 1091 voca-

257 1117 342 1173 tio
371 1132 644 1190 congrua,
677 1116 825 1189 quod
864 1132 937 1172 ex
957 1133 1017 1174 se
1046 1117 1259 1173 inferat
1285 1116 1423 1174 adeo
1454 1115 1630 1172 infal-

257 1195 510 1251 libiliter
531 1211 895 1258 consensum,
925 1202 986 1251 ut
1004 1212 1070 1253 ea
1084 1196 1373 1268 supposita
1391 1199 1631 1269 nequeat

262 1276 414 1331 Deus
459 1275 607 1331 citra
648 1275 994 1331 miraculum
1043 1291 1252 1349 negare
1289 1289 1629 1331 concursum

255 1358 681 1413 simultaneum
712 1356 781 1412 ad
826 1372 954 1412 eam
1006 1357 1342 1429 requisitum
1369 1400 1381 1421 ‚
1435 1356 1629 1411 mani-

257 1438 406 1493 feste
426 1436 706 1509 sequitur,
742 1452 857 1492 non
884 1453 1004 1493 esse
1032 1436 1412 1492 necessariam
1439 1436 1629 1492 scien-

189 1570 192 1571 a
259 1520 406 1573 tiam
437 1516 691 1573 mediam
719 1516 789 1572 ad
816 1516 1153 1573 salvandam
1176 1516 1482 1574 efficaciam
1503 1532 1630 1590 gra-

71 3808 195 3850 (fu-¹⁶1³

46 3853 158 3893 21¹&ss
171 3855 220 3894 fl]

59 3911 109 3941 ,οἱ
125 3914 191 3948 pra
207 3924 221 3932 -

259 1599 383 1663 iiae;
416 1613 554 1653 nam
604 1597 777 1654 etiam
822 1598 922 1653 illa
965 1598 1321 1671 praescientia
1361 1596 1622 1662 sublata,

257 1679 486 1736 vocatio
526 1695 777 1752 congrua
818 1681 1174 1736 connectitur
1203 1678 1621 1742 antecedenter,

254 1767 316 1815 et
345 1760 743 1816 infallibiliter
769 1776 896 1816 cum
919 1776 1219 1826 consensu,
1249 1766 1305 1817 et
1333 1760 1502 1816 habet
1531 1774 1628 1814 ra-

262 1844 484 1898 tionem
526 1842 725 1917 gratiae
767 1842 1020 1899 efficacis
1049 1841 1213 1899 Unde
1234 1842 1335 1897 illa
1366 1840 1627 1913 proposi-

263 1924 345 1979 tio
373 1945 386 1978 z
413 1922 484 1980 Si
512 1940 770 1977 vocavero
794 1922 1016 1979 Petrum
1056 1925 1336 1977 vocatione
1362 1938 1620 1991 coriorum,

258 2007 606 2071 coriscum&
632 2005 722 2060 vel
749 2025 762 2059 ε
790 2002 860 2060 Si
902 2020 1164 2058 vocavero
1193 2003 1417 2060 Petrum
1460 2021 1626 2058 voca—

257 2089 408 2140 tione
436 2088 546 2159 ipsi
563 2092 941 2158 attemperata,
967 2088 1276 2152 consentiet,
1301 2101 1415 2141 non
1446 2085 1626 2158 perti-

261 2166 425 2223 nebit
470 2167 540 2223 ad
579 2166 879 2223 scientiam
915 2166 1185 2235 mediam,
1211 2166 1311 2223 sed
1340 2166 1407 2223 ad
1434 2168 1625 2224 scien-

257 2250 405 2304 tiam
433 2248 716 2320 simplicis
739 2249 1154 2321 intelligentiae,
1189 2264 1305 2305 non
1341 2249 1536 2304 minus
1563 2266 1625 2306 ac

264 2330 397 2384 ista:
422 2327 467 2385 S
473 2330 492 2382 ἰ
508 2346 765 2383 meavero
784 2328 1006 2385 Petrum
1024 2331 1213 2398 qratia
1232 2347 1304 2385 esc
1321 2347 1375 2385 se
1394 2331 1620 2404 efficaci,

253 2412 574 2466 consentiet.
609 2412 676 2463 Et
716 2409 819 2466 hac
867 2411 1107 2467 veritate
1153 2411 1333 2467 futuri
1386 2418 1625 2468 eventus

258 2492 711 2565 praesupposita,
765 2492 970 2564 poterit
1004 2494 1146 2547 Deus
1183 2492 1490 2550 decernere
1521 2510 1626 2552 vo-

253 2574 569 2638 cationem,
628 2578 683 2628 et
734 2573 800 2637 in
823 2589 890 2629 ea
918 2571 1234 2645 praevidere
1284 2590 1624 2631 consensum

255 2656 523 2713 absolute
552 2654 836 2710 futurum.
867 2654 947 2709 Ad
977 2654 1113 2727 quid
1133 2671 1268 2728 ergo
1293 2656 1406 2711 erit
1429 2672 1624 2713 neces-

253 2738 415 2793 saria
442 2736 560 2792 alia
588 2736 845 2792 anterior
870 2736 1227 2800 consultatio,
1260 2738 1351 2793 vel
1386 2737 1625 2794 scientia

255 2817 497 2875 media?
523 2818 630 2873 Vel
660 2817 720 2872 in
741 2833 851 2889 quo
871 2815 1095 2873 differet
1142 2818 1342 2890 opinio
1389 2819 1624 2892 Vasquii

247 2898 327 2955 ab
355 2899 690 2971 aliquorum
712 2897 1139 2953 Thomistarum
1172 2899 1475 2966 sententia,
1526 2899 1622 2971 qui

248 2981 622 3036 constituunt
652 2978 956 3035 efficaciam
974 2979 1172 3052 gratiae
1194 2978 1256 3035 in
1297 2980 1625 3052 praemotio-

257 3061 435 3117 nibus
483 3058 804 3116 moralibus
833 3076 903 3116 ex
931 3076 990 3115 se
1024 3059 1378 3117 efficacibus?
1408 3064 1625 3126 Quam-

251 3141 461 3197 obrem
495 3140 692 3211 plures
734 3144 1055 3205 autumant,
1083 3142 1396 3212 Vasquium
1424 3156 1625 3198 revera

252 3222 534 3278 cumillis
554 3221 868 3276 Thomistis
888 3220 1149 3287 sensisse,
1189 3223 1453 3294 quamvis
1491 3221 1625 3278 obs-

249 3319 397 3360 curo
419 3301 734 3359 verborum
766 3307 1039 3373 apparatu
1070 3303 1364 3376 propriam
1395 3304 1624 3376 opinio-

254 3403 397 3442 nem
441 3383 790 3448 dissimulet,
844 3398 917 3438 ne
969 3383 1334 3441 Thomisticae
1362 3385 1624 3457 opinioni

249 3467 579 3523 connivere
601 3462 882 3530 videatur,
914 3468 968 3519 et
1011 3465 1199 3535 palam
1230 3465 1396 3521 fateri
1435 3466 1624 3520 scien-

253 3549 402 3601 tiam
428 3543 682 3600 mediam
713 3543 1090 3599 necessariam
1112 3560 1226 3600 non
1255 3560 1376 3600 esse
1404 3543 1474 3599 ad
1495 3561 1624 3600 con-

251 3626 576 3684 ciliandam
629 3623 933 3680 efficaciam
973 3626 1171 3697 gratias
1239 3641 1368 3680 cum
1443 3625 1622 3683 liber-

259 3717 398 3773 tate,
458 3706 530 3763 ad
575 3704 724 3777 quod
755 3705 1116 3777 potissimum
1152 3707 1465 3780 excogitata
1495 3707 1617 3765 fuit.

331 3790 432 3843 99.
468 3785 685 3842 Deinde
735 3784 792 3839 id
837 3784 986 3856 quod
1025 3786 1277 3856 vasquez
1319 3787 1520 3841 asserit
1554 3786 1625 3843 de

254 3869 488 3925 decreto
541 3881 680 3938 pure
707 3864 1144 3928 concomitante,
1171 3870 1227 3919 et
1252 3866 1618 3934 simultaneO,

67 3953 216 3992 (νόθας
259 3952 473 4005 ialsum
497 3953 601 4011 est,
633 3951 688 4002 et
726 3951 924 4002 contra
951 3945 1352 4019 Augustinum‚
1389 3952 1446 4001 ut
1478 3952 1624 4004 recte

68 4011 226 4054 witmu-

97 4062 170 4090 530.

257 4030 439 4087 tradit
456 4031 667 4083 Suarez
691 4028 812 4082 loco
832 4027 1021 4082 citato.
1055 4028 1262 4093 Primo,
1285 4027 1417 4099 quia
1438 4028 1626 4084 catho-

257 4114 367 4168 lice
399 4109 570 4165 fateri
600 4114 886 4172 tenemur,
913 4109 1091 4162 Deum
1109 4122 1224 4161 non
1247 4109 1432 4162 solum
1457 4123 1624 4182 agere

253 4190 494 4265 quando
510 4190 751 4262 agimus,
771 4187 866 4242 sed
894 4187 1066 4242 etiam
1091 4202 1257 4259 agere
1278 4190 1335 4240 ut
1357 4203 1620 4261 agamus:

259 4274 419 4330 unde
447 4271 834 4328 necessarium
863 4273 966 4332 est,
999 4267 1145 4340 quod
1176 4283 1278 4323 nos
1300 4273 1524 4324 moveat
1552 4268 1624 4325 ad

257 4353 659 4412 infallibiliter
700 4349 982 4424 agendum
1035 4348 1459 4420 (undecumque
1505 4349 1624 4406 haec

251 4433 657 4492 infallibilitas
697 4432 1033 4503 proveniat),
1057 4430 1154 4488 sed
1182 4429 1251 4485 ad
1280 4430 1397 4486 haec
1422 4430 1624 4487 verifi-

254 4515 449 4573 canda
475 4530 592 4569 non
620 4510 826 4567 sufficit
853 4511 1141 4567 decretum
1168 4525 1308 4581 pure
1334 4511 1625 4566 concomi-

257 4607 414 4662 tans,
445 4610 577 4650 cum
606 4590 931 4664 hujusmodi
979 4589 1268 4646 decretum
1300 4605 1416 4645 non
1440 4590 1625 4662 respi-

256 4678 374 4733 ciat
431 4689 658 4731 causam
700 4676 971 4735 creatam,
1020 4668 1118 4726 sed
1171 4671 1292 4743 ejus
1313 4669 1573 4726 effectum
1607 4690 1621 4725 ε

257 4769 404 4828 ergo
454 4748 786 4824 hujusmodi
838 4747 1124 4805 decretum
1165 4753 1250 4805 est
1277 4747 1625 4805 insufficiens

257 4828 330 4883 ad
381 4823 732 4881 salvandum
759 4837 844 4886 ea,
876 4837 1001 4892 quae
1042 4821 1103 4877 in
1146 4822 1413 4893 praesenti
1442 4827 1625 4878 mate—

263 4909 358 4964 ria
389 4903 681 4962 verificari
706 4900 913 4959 debent
940 4900 1087 4973 apud
1109 4917 1326 4957 omneS.
1353 4901 1621 4968 Secundo,

256 4988 403 5060 quia
432 5000 549 5042 non
576 4983 765 5040 solum
794 4996 1097 5037 concursus
1121 4981 1499 5060 simultaneus
1523 4980 1624 5037 Dei

1766 550 1933 608 dehet
1954 551 2154 607 cadere
2179 551 2285 607 sub
2330 552 2650 609 intentione
2678 554 2797 617 Dei,
2824 552 2919 610 sed
2947 553 3122 609 etiam

1766 646 2072 688 concursus
2088 631 2469 688 simultaneus
2496 639 2685 689 creatu
2696 650 2770 688 rae
2790 657 2803 699 ;
2828 633 2972 688 alias
2994 647 3124 688 con·

1764 727 1963 768 cursus
1982 718 2258 768 creatur-ze
2277 713 2390 768 erit
2411 729 2443 769 a
2470 729 2599 769 casu
2628 719 2880 786 respectu
2911 715 3033 779 Dei,
3066 720 3122 770 et

1766 797 1972 865 praeter
2019 792 2403 849 intentionem
2446 794 2648 850 illius:
2689 794 2786 850 sed
2837 795 2939 850 hoc
2975 793 3116 866 ipsc,

1763 872 1912 947 quod
1938 889 2246 929 concursus
2291 881 2565 931 creaturae
2594 882 2991 949 praesilpponat
3026 877 3121 932 in-

1764 953 2081 1010 tentionem
2103 954 2220 1019 Dei,
2240 970 2352 1027 qua
2375 956 2532 1020 velit,
2565 962 2619 1011 et
2641 957 2904 1013 decernat
2930 957 3118 1028 ipsum

1763 1049 2123 1101 consensum,
2152 1033 2271 1107 jam
2300 1033 2588 1091 decretum
2618 1037 2714 1091 Dei
2739 1053 2855 1093 non
2871 1052 2931 1092 se
2953 1036 3151 1097 habet,
3220 1082 3222 1084 ,

1765 1130 1907 1189 pure
1932 1116 2401 1182 concomitanter,
2433 1117 2529 1173 sed
2558 1118 2734 1173 etiam
2778 1117 3119 1175 anteceden-

1764 1202 1940 1262 ter,ut
1961 1214 2031 1254 ex
2051 1213 2111 1253 se
2137 1197 2482 1272 liquet:ergo
2501 1200 2814 1272 requiritur
2830 1200 3118 1257 decretum

1764 1276 2121 1343 antecedens,
2149 1280 2412 1350 quovelit
2444 1283 2607 1344 Deus,
2634 1285 2688 1337 et
2716 1280 2977 1337 intendat
2992 1297 3120 1337 con·

1761 1374 2013 1416 sensum.
2049 1357 2245 1424 Tertio,
2277 1359 2411 1433 quia
2437 1366 2555 1416 esto
2579 1362 2723 1417 Deus
2752 1378 2867 1418 non
2890 1362 3119 1420 deberet

1762 1436 2061 1494 intendere
2087 1438 2368 1495 actionem
2395 1446 2687 1506 creaturae,
2740 1442 2904 1499 debet
2957 1443 3116 1498 nihi-

1764 1517 2018 1574 lominus
2065 1517 2366 1596 intendere
2386 1535 2728 1576 concursum
2755 1538 2947 1588 suum,
2974 1523 3118 1578 alias

1762 1600 1908 1654 Deus
1952 1606 2336 1665 concurreret,
2363 1606 2417 1656 et
2445 1607 2638 1675 ageret
2689 1609 2893 1675 praeter
2922 1605 3117 1661 inten-

1762 1680 1997 1746 tionem,
2043 1681 2193 1754 quod
2239 1688 2321 1739 est
2368 1681 2680 1739 absurdum
2715 1706 2726 1740 :
2758 1686 2912 1760 atqui
2946 1703 3117 1760 repu—

1759 1767 1899 1836 gnat
1922 1765 2099 1820 Deum
2127 1763 2435 1821 decernere
2476 1782 2644 1821 suum
2671 1783 3031 1837 concursum,
3063 1775 3120 1826 et

1763 1860 1879 1900 non
1906 1843 2215 1902 decernere
2243 1862 2584 1903 concursum
2607 1854 2908 1916 creaturae3
2934 1851 3118 1923 siqui-

1760 1924 1892 1981 dem
1940 1931 2074 1981 sunt
2128 1928 2360 1984 realiter
2387 1927 2586 1985 eadem
2618 1929 2995 1987 indivisibilis
3024 1949 3120 1990 ac-

1761 2009 1861 2073 tio,
1895 2008 2017 2064 etsi
2046 2006 2336 2065 decretum
2365 2013 2463 2065 Dei
2508 2011 2684 2067 infert
2725 2012 3118 2072 infallibiliter

1760 2104 2100 2144 concursum
2121 2089 2237 2155 Dei,
2253 2088 2419 2146 debet
2432 2091 2605 2145 etiam
2624 2091 3014 2150 infallibiliter
3032 2094 3119 2150 in-

1760 2167 1915 2223 ferre
1949 2183 2292 2225 consensum
2320 2176 2593 2226 creaturae
2623 2192 2634 2226 :
2665 2186 2800 2245 ergo
2828 2172 3118 2230 decretum

1762 2248 1863 2304 Dei
1893 2247 2042 2304 cadit
2092 2265 2264 2322 super
2310 2256 2617 2323 utrumque
2662 2267 3020 2318 concursum,
3065 2259 3122 2310 et

1760 2324 1962 2395 unum,
1979 2336 2143 2403 atque
2165 2333 2413 2388 alterum
2442 2332 2723 2389 antecedit
2746 2339 2861 2389 tam
2886 2334 2949 2389 in
2969 2340 3118 2391 statu

1759 2408 2166 2477 conditionata,
2187 2429 2359 2485 quam
2384 2412 2446 2466 in
2469 2418 2614 2483 statu
2646 2411 2918 2470 absolut0.

1836 2488 2065 2561 Quarto,
2092 2497 2147 2547 et
2177 2493 2473 2565 praecipue,
2506 2494 2639 2565 quia
2685 2510 2814 2549 cum
2843 2494 3117 2551 asseritur

1760 2570 1865 2625 illa
1887 2568 2312 2628 conditionalis:
2341 2571 2410 2628 Si
2436 2573 2690 2629 voluntas
2716 2581 3000 2630 vocaretur
3027 2593 3118 2630 vo·

1759 2651 1971 2706 catione
1992 2652 2099 2722 ipsi
2125 2660 2501 2724 attemperata,
2534 2661 2582 2707 et
2603 2671 2694 2724 ⁰9⁰
2716 2672 2839 2709 cum
2864 2655 2964 2709 illa
2985 2674 3119 2711 con-

1759 2748 2033 2788 currerem
2083 2734 2407 2789 simultanee
2450 2736 2526 2789 ad
2564 2753 2897 2802 consensum,
2929 2744 2978 2792 et
3019 2738 3118 2794 itta

1758 2826 1969 2867 mecum
1990 2812 2314 2868 simultanee
2334 2822 2672 2870 concurreret
2690 2834 2709 2883 ‚·
2733 2816 2821 2871 vel
2847 2816 2907 2872 in
2927 2817 3119 2873 condi-

1760 2894 1916 2949 tione
1941 2894 2270 2966 implicatur
2301 2895 2528 2968 aliquod
2554 2897 2650 2951 Dei
2681 2896 2990 2964 decretum,
3028 2899 3118 2955 vel

1761 2975 1992 3031 nullum
2015 2977 2042 3030 ⁹?
2091 2974 2148 3029 Si
2199 2974 2447 3041 nullum,
2492 2981 2552 3030 ut
2598 2978 2853 3048 Vasquez
2891 2978 3119 3034 videtur

1760 3070 2033 3120 asserere,
2064 3053 2283 3126 liquido
2325 3055 2595 3122 insertur,
2630 3071 2967 3114 concursum
2996 3060 3119 3126 Dei,

1758 3138 1814 3190 et
1841 3150 2185 3192 concursum
2214 3135 2552 3199 voluntatiS,
2605 3138 2701 3208 qui
2732 3144 3024 3209 ponuntur
3052 3155 3124 3195 ex

1761 3219 1923 3286 parte
1974 3214 2391 3285 consequentis,
2438 3214 2561 3270 sive
2613 3214 2843 3272 effeetus
2871 3218 3119 3289 praevisi,

1759 3310 1881 3352 esse
1903 3300 2108 3369 praeter
2133 3296 2518 3352 intentionem
2538 3296 2822 3363 divinam,
2848 3303 3117 3369 etDeum,

1760 3382 2063 3448 antequam
2097 3381 2225 3451 agat
2252 3376 2313 3431 in
2343 3382 2620 3449 tempore,
2659 3392 2776 3433 non
2806 3379 3123 3450 praeinten-

1759 3453 1910 3511 disse
1939 3472 2106 3530 agere
2134 3477 2146 3510 ε
2188 3455 2335 3529 quod
2365 3471 2716 3527 consequens
2755 3463 2839 3512 est
2859 3457 2997 3514 adeo
3025 3460 3122 3515 in-

1759 3535 2078 3604 tolerabile,
2113 3539 2310 3590 utnon
2337 3537 2510 3607 possit
2532 3552 2563 3591 a
2593 3535 2839 3606 Vasquio
2867 3535 3116 3595 admitti.

1758 3615 1815 3669 Si
1863 3623 2054 3673 autem
2082 3633 2152 3673 ex
2202 3623 2362 3689 parte
2408 3617 2756 3673 conditionis
2804 3616 3121 3675 includitur

1757 3693 2050 3751 decretum
2086 3696 2201 3761 Dei,
2228 3697 2318 3751 vel
2343 3702 2426 3751 est
2453 3697 2800 3762 absolutum,
2842 3697 2995 3753 etsie
3024 3699 3121 3755 in—

1759 3773 1870 3829 fert
1892 3790 1961 3830 ex
1990 3774 2257 3830 terminis
2298 3790 2657 3839 consensum,
2687 3781 2741 3832 et
2779 3779 2893 3831 tota
2920 3777 3121 3835 condi-

1759 3853 1994 3909 tionalis
2017 3870 2131 3910 non
2164 3853 2410 3925 pertinet
2434 3854 2500 3908 ad
2518 3855 2814 3911 scientiam
2840 3856 3112 3925 mediam,

1757 3932 1856 3990 sed
1899 3933 1967 3988 ad
1995 3934 2294 3990 scientiam
2343 3935 2622 4008 simplicis
2667 3937 3064 4009 intelligentiae
3099 3963 3111 3996 ε

1760 4014 1850 4070 vel
1902 4020 1985 4070 est
2021 4014 2377 4079 indifferens,
2428 4021 2482 4070 et
2528 4015 2606 4070 ita
2649 4031 2764 4072 non
2792 4017 2998 4073 sufficit
3044 4021 3116 4076 ad

1758 4093 2084 4162 vitandum,
2148 4094 2297 4167 quod
2341 4094 2571 4150 effectus
2620 4095 2996 4169 subsequutus
3042 4100 3115 4155 sit

1761 4180 1970 4247 praeter
1998 4175 2379 4232 intentionem
2409 4175 2691 4240 divinam,
2728 4181 2787 4232 ut
2828 4194 3002 4249 supra
3024 4181 3116 4234 vi-

1758 4254 1952 4310 dimus
2002 4260 2199 4312 contra
2245 4256 2516 4311 Suarium
2551 4280 2564 4312 ς
2615 4257 2706 4313 vel
2744 4256 2993 4329 denique
3031 4265 3115 4315 est

1757 4334 2233 4402 conditionatum,
2261 4342 2315 4392 et
2342 4341 2476 4394 tunc
2498 4352 2613 4393 non
2643 4344 2726 4393 est
2754 4337 3116 4412 assignabilis

1759 4416 1874 4472 alia
1903 4416 2176 4482 conditio,
2199 4417 2310 4473 nisi
2334 4418 2450 4474 haec
2471 4439 2483 4473 ε
2502 4417 2571 4474 Si
2586 4418 2841 4472 voluntas
2862 4419 3110 4487 voluerit,

1757 4499 1808 4552 si
1837 4500 2097 4554 voluntas
2128 4514 2182 4552 se
2207 4499 2649 4553 determinaverit
2672 4517 2689 4551 .·
2716 4513 2841 4569 quae
2864 4499 3116 4559 conditio

1761 4578 1956 4650 nequit
1979 4577 2307 4649 adimpleri,
2340 4577 2450 4632 nisi
2493 4576 2880 4649 dependenter
2903 4579 2973 4636 ab
3001 4581 3116 4638 alio

1758 4657 1998 4725 decret0,
2019 4662 2074 4714 et
2092 4658 2173 4713 sic
2195 4656 2564 4729 procedemus
2587 4658 2648 4713 in
2679 4656 2999 4716 infinitum.
3028 4664 3113 4718 En

1759 4738 1830 4795 ad
1857 4739 2052 4810 quales
2074 4741 2364 4812 angustias
2385 4740 2510 4795 trab
2521 4744 2709 4807 untur,
2742 4747 2796 4797 et
2811 4741 2962 4797 inter
2982 4752 3118 4814 quot

1759 4818 2123 4893 labyrinthos
2145 4818 2431 4887 oberrent,
2458 4820 2555 4892 qui
2580 4825 2849 4893 negantes
2868 4823 3114 4895 gratiam

1759 4916 1832 4956 ex
1858 4914 1918 4955 se
1943 4897 2242 4975 efficacem,
2276 4898 2345 4954 ad
2377 4900 2605 4973 asylum
2641 4900 2893 4957 scientiae
2914 4902 3116 4960 medias

1761 4985 2087 5048 recurrunt,
2138 4997 2267 5036 cum
2296 4980 2367 5037 de
2391 4981 2514 5055 ejus
2536 4980 2752 5056 objecto
2782 4983 3113 5058 interrogati
