3647 5753
349 1927 511 1972 Everti-

390 1980 474 2021 tur.

555 381 630 437 64
1583 399 1675 454 DE
1714 401 1987 458 GRATIA
2026 404 2370 465 EFFICACI.

551 554 652 611 sed
689 558 861 615 etiam
926 568 1330 642 metaphysica,
1403 579 1463 628 ut
1513 576 1708 633 minus
1761 584 1911 636 recte

554 635 795 708 negabat
838 640 1074 699 Suarius
1108 667 1120 701 :
1154 658 1431 724 repugnat
1473 655 1701 729 quippe,
1731 658 1908 714 etiam

552 716 936 792 metaphysice
958 723 1256 797 loquendo,
1284 729 1636 790 voluntatem
1658 743 1908 793 creatam

553 796 814 855 resistere
835 802 995 860 omni
1018 807 1372 866 auxiliorum
1394 814 1909 874 collectioni.Unde

553 877 680 933 licet
708 881 935 938 nullum
991 887 1271 945 auxilium
1301 892 1364 948 in
1408 896 1740 966 particulari
1766 915 1909 956 con-

548 966 806 1017 nectatur
832 979 903 1020 ex
928 982 988 1021 se
1028 967 1419 1031 infallibiliter
1444 992 1575 1034 cum
1602 974 1903 1051 consensu,

544 1043 601 1096 et
623 1039 750 1098 ideo
771 1040 969 1100 debeat
993 1063 1091 1118 per
1110 1050 1408 1111 scientiam
1433 1058 1682 1116 mediam
1706 1060 1901 1137 dirigi,

547 1135 621 1176 ne
662 1123 806 1177 Deus
833 1122 1053 1182 dicatur
1080 1145 1220 1188 caeco
1262 1134 1448 1204 modo,
1480 1144 1537 1195 et
1576 1147 1782 1213 praeter
1809 1144 1907 1199 in-

547 1200 859 1258 tentionem
903 1222 1106 1278 agere;
1158 1217 1409 1272 attamen
1450 1234 1676 1293 semper
1704 1223 1907 1281 verifi-

546 1284 724 1347 catur,
773 1284 920 1354 quod
944 1289 1089 1343 Deus
1107 1307 1211 1348 sua
1251 1297 1667 1370 omnipotentia
1691 1305 1907 1360 volun-

545 1366 719 1418 tatem
771 1373 1064 1425 convertat
1095 1394 1110 1439 ;
1161 1375 1294 1445 quia
1347 1378 1425 1435 ita
1474 1386 1758 1441 convertit
1805 1403 1906 1459 per

545 1441 736 1499 media
763 1442 834 1501 ab
857 1445 1165 1509 intrinseco
1194 1454 1570 1527 frustrabilia,
1606 1470 1666 1519 ut
1695 1466 1906 1525 nihilo-

543 1523 740 1579 minus
754 1527 901 1598 apud
917 1546 977 1585 se
995 1532 1235 1592 retineat
1250 1539 1437 1596 media
1452 1542 1899 1615 infrustrahilia,

539 1610 598 1660 et
619 1605 1011 1666 infallibiliter
1030 1629 1100 1669 ex
1124 1632 1182 1673 se
1204 1618 1513 1680 inferentia
1533 1642 1899 1698 consensum,

543 1701 752 1760 nempe
793 1691 1182 1752 collectionem
1230 1704 1491 1760 omnium
1549 1709 1902 1767 auxiliorum

542 1768 924 1841 possibilium,
977 1776 1065 1830 cui
1115 1781 1379 1840 voluntas
1420 1795 1609 1846 creata
1641 1791 1904 1850 resistere

504 1860 522 1876 ·
543 1851 762 1921 nequit.

616 1935 891 1992 Caeterum
907 1937 995 1994 hic
1016 1937 1472 2014 dicendimodus,
1495 1954 1757 2024 quamvis
1771 1970 1903 2027 spe-

537 2015 785 2073 cietenus
822 2019 1082 2079 videatur
1111 2027 1371 2086 recedere
1404 2031 1474 2088 ab
1514 2035 1647 2091 aliis
1681 2036 1903 2102 duobus

539 2098 812 2156 hactenus
831 2102 1193 2179 impugnatis,
1216 2126 1418 2170 revera
1433 2121 1625 2173 tamen
1643 2120 1732 2175 vel
1750 2120 1901 2176 nihil

537 2178 712 2247 docet,
753 2185 842 2241 vel
865 2201 994 2241 cum
1020 2187 1138 2244 illis
1158 2193 1444 2252 coincidit.
1477 2200 1760 2263 Quoniam
1782 2218 1902 2258 om-

539 2263 859 2336 nipotentia
897 2266 1097 2326 divina
1147 2289 1261 2330 non
1305 2281 1622 2352 assequitur
1667 2298 1901 2340 conver·

517 2342 760 2398 'sionem
786 2345 1114 2413 voluntatis,
1137 2353 1250 2407 nisi
1280 2356 1486 2413 mediis
1515 2362 1772 2419 auxiliis:
1801 2363 1900 2420 sed

539 2421 654 2477 haec
689 2431 979 2496 nequeunt
1022 2430 1217 2496 simul,
1250 2440 1306 2491 et
1331 2438 1623 2498 collective
1672 2449 1901 2517 sumpta

537 2506 952 2562 communicari
997 2511 1279 2569 voluntati
1307 2524 1550 2577 creatae:
1590 2538 1725 2596 ergo
1751 2524 1899 2596 quod

479 2626 484 2631 ,
539 2581 791 2640 collectio
819 2588 1082 2644 omnium
1132 2593 1482 2654 auxiliorum
1533 2600 1736 2659 habeat
1760 2620 1901 2660 con-

540 2664 848 2722 nexionem
916 2672 1362 2747 metaphysicam
1414 2697 1545 2737 cum
1595 2700 1894 2751 consensu,

534 2747 690 2803 nihil
721 2749 965 2821 prodest,
999 2760 1060 2810 ut
1087 2758 1231 2814 Deus
1275 2759 1498 2820 dicatur
1529 2783 1686 2838 posse
1711 2768 1900 2826 effica-

513 2828 696 2898 rciter,
721 2831 947 2902 quando
975 2838 1240 2907 voluerit,
1267 2848 1322 2899 et
1349 2844 1443 2901 ubi
1473 2848 1738 2918 voluerit,
1771 2868 1901 2911 con·

541 2916 766 2969 vertere
792 2916 1147 2977 voluntatem
1178 2945 1189 2978 :
1234 2925 1344 2980 nisi
1374 2926 1708 2988 admittatur
1729 2934 1900 2989 auxi-

545 2991 689 3046 lium
738 2994 964 3069 aliquod
1029 3003 1373 3073 particulare
1442 3008 1657 3067 habens
1706 3029 1777 3070 ex
1838 3031 1899 3072 se

541 3072 914 3135 infallibilem
950 3086 1365 3145 connexionem
1395 3107 1522 3148 cum
1569 3110 1845 3153 consensu
1881 3122 1894 3166 ς

513 3155 685 3227 -quod
703 3162 895 3217 tamen
911 3162 1895 3241 haecresponsiorecusatconcedere.

539 3237 821 3307 Praeterea,
848 3243 995 3315 quod
1018 3245 1078 3302 in
1100 3249 1430 3311 collectione
1449 3258 1713 3313 omnium
1738 3260 1897 3315 auxi-

513 3317 750 3375 'liorum
775 3323 974 3394 gratiae
1018 3325 1185 3402 detur
1210 3331 1452 3391 efficacia
1481 3336 1889 3407 infallibiliter,

515 3405 591 3455 -et
608 3403 990 3478 metaphysica
1008 3407 1263 3468 inferens
1277 3429 1635 3486 consensum,
1663 3422 1752 3477 vel
1770 3438 1897 3494 pro·

522 3481 695 3537 *venit
721 3499 792 3538 ex
819 3500 903 3552 e0,
935 3489 1083 3559 quod
1112 3491 1174 3547 in
1203 3495 1302 3550 tali
1331 3498 1660 3556 collectione
1687 3500 1895 3558 dentur

527 3562 727 3636 'aliqua
749 3567 964 3624 auxilia
996 3573 1283 3643 specialia,
1315 3593 1439 3649 quae
1464 3594 1534 3634 ex
1564 3587 1770 3638 natura
1791 3599 1895 3639 sua

535 3642 782 3701 habeant
815 3648 1139 3719 praedictam
1162 3654 1464 3713 efficaciam
1487 3684 1499 3725 ;
1523 3661 1610 3716 vel
1630 3663 1894 3734 provenit

533 3739 602 3779 ex
649 3741 735 3791 eo,
784 3729 931 3800 quod
978 3736 1110 3800 tota,
1161 3741 1217 3790 et
1260 3739 1382 3794 sola
1421 3741 1675 3798 collectio
1715 3744 1892 3800 simul

531 3814 759 3880 sumpta
784 3810 1112 3885 hujusmodi
1140 3816 1443 3876 efficaciam
1483 3823 1753 3894 importet
1779 3828 1806 3880 Ρ
1833 3825 1890 3881 Si

531 3886 753 3946 dicatur
777 3893 1028 3964 primum
1059 3920 1071 3955 z
1120 3913 1255 3973 ergo
1293 3900 1421 3957 fieri
1450 3903 1665 3975 optime
1713 3912 1893 3977 potest

529 3969 986 4044 independenter
1008 3995 1041 4034 a
1067 3981 1305 4038 scientia
1331 3983 1540 4047 media,
1566 3986 1714 4058 quod
1745 3989 1892 4044 Deus

525 4065 604 4105 ex
617 4059 788 4118 certa,
813 4061 869 4111 et
887 4055 1271 4115 determinata
1292 4061 1613 4120 intentione
1635 4080 1891 4138 assequa-

531 4138 591 4188 tu
602 4151 629 4189 r
641 4135 1284 4197 efficaciterconsensum
1299 4141 1544 4199 liberum
1558 4147 1886 4215 voluntatis;

525 4213 813 4286 ,siquidem
832 4217 1097 4289 praedicta
1112 4221 1327 4277 auxilia
1342 4224 1890 4304 specialiafflsserun-

530 4301 624 4350 tur
652 4312 910 4354 connexa
954 4315 1025 4355 ex
1073 4306 1276 4358 natura
1313 4319 1417 4358 sua
1461 4320 1589 4360 cum
1623 4307 1889 4379 praedicto

525 4390 825 4432 consensu.
884 4377 1206 4435 Secundum
1248 4387 1436 4439 autem
1461 4384 1608 4440 nihil
1638 4386 1914 4444 deservit·

525 4453 597 4509 ad
626 4456 930 4514 salvandas
953 4458 1327 4519 authoritates
1347 4464 1670 4537 Scripturae,
1701 4474 1757 4525 ct
1786 4471 1889 4526 Pa-

495 4539 683 4589 'trum
711 4553 860 4592 num.
907 4540 976 4594 84
1008 4541 1214 4597 relatas
1246 4566 1259 4598 ι
1306 4546 1580 4616 quoniam
1631 4549 1886 4606 collectio

523 4616 789 4672 omnium
822 4620 1181 4676 ‘auxiliorum
1211 4622 1498 4696 adaequate
1524 4633 1751 4701 sumpta
1779 4645 1887 4686 ne-

521 4696 646 4767 quit
668 4698 947 4756 voluntati
963 4702 1402 4771 communicari,
1425 4711 1485 4761 ut
1503 4722 1573 4762 ex
1593 4723 1654 4763 se
1683 4707 1881 4780 liquet:

523 4792 586 4832 ac
601 4778 842 4849 proinde
859 4782 1053 4855 nequit
1068 4799 1138 4839 ex
1156 4783 1213 4839 vi
1229 4782 1389 4840 illius
1405 4785 1714 4855 verificari,
1731 4788 1882 4861 quod

521 4858 695 4929 possit
748 4862 892 4916 Deus
949 4862 1511 4935 omnipotentissima
1582 4874 1876 4939 potes-tate,

517 4938 801 5009 quomodo
828 4942 1094 5008 voluerit,
1138 4948 1193 5000 et
1212 4944 1440 5017 quando
1481 4948 1746 5015 voluerit,
1774 4965 1879 5006 vo-

524 5019 799 5077 luntatem
824 5020 893 5076 ad
914 5036 974 5077 se
1001 5030 1352 5082 convertere.

2079 598 2084 604 ·
2116 577 2340 646 Deinde,
2384 581 2433 637 si
2457 581 2521 638 in
2549 588 2664 640 tota
2688 585 3020 643 collectione
3048 587 3405 645 auxiliorum
3421 616 3512 657 aea

2038 658 2237 730 gratiae
2258 660 2557 719 invenitur
2575 663 2818 722 efficacia
2846 666 3162 726 intrinseca
3191 667 3409 725 infalli-

2042 738 2236 798 biliter
2280 758 2538 801 connexa
2582 762 2711 803 cum
2758 764 3035 805 consensu
3090 749 3299 816 libem,
3344 754 3407 805 ut

2042 819 2244 887 libero,
2291 824 2500 895 poterit
2540 827 2687 883 Deus
2714 828 3114 886 antecedenter
3140 829 3213 887 ad
3254 846 3411 902 prae·

2040 899 2337 958 scientiam
2408 903 2682 973 mediam,
2757 924 3098 965 consensum
3154 909 3408 967 liberum

2039 980 2337 1039 efficaciter
2356 983 2682 1052 decernere,
2708 994 2764 1045 et
2787 994 2847 1044 ut
2866 989 3132 1046 futurum
3154 989 3413 1048 absolute

2041 1076 2408 1134 praenoscere,
2441 1070 2496 1122 et
2517 1065 2970 1141 independenter
3000 1070 3071 1126 ab
3095 1071 3202 1127 illa
3218 1071 3412 1127 seien-

2040 1141 2119 1198 tia
2140 1142 2330 1199 media
2349 1148 2719 1218 exequutioni
2744 1149 3051 1218 mandare;
3077 1166 3140 1206 ac
3166 1150 3413 1222 proinde

2038 1223 2254 1279 corruit
2301 1227 2604 1284 necessitas
2630 1228 2923 1286 asserendi
2944 1231 3249 1288 scientiam
3281 1247 3408 1288 me-

2038 1301 2194 1361 diam
2228 1326 2241 1360 :
2286 1305 2435 1377 quod
2477 1307 2649 1383 huJ‘us
2695 1312 3086 1385 responsionis
3122 1312 3409 1369 Authores

2039 1400 2157 1442 non
2184 1385 2518 1446 admittunt.
2546 1392 2785 1466 Sequela
2808 1393 3036 1450 videtur
3058 1395 3404 1460 manifesta;

2038 1481 2173 1522 nam
2197 1467 2326 1525 ideo
2351 1475 2494 1527 esset
2515 1475 2835 1531 necessaria
2854 1475 3097 1531 scientia
3118 1473 3314 1531 media
3336 1475 3406 1531 ad

2036 1546 2459 1608 decernendum
2505 1553 2804 1612 efficaciter
2852 1572 3198 1614 consensum
3252 1556 3407 1613 libe-

2039 1644 2189 1698 rum,
2216 1632 2350 1703 quia
2375 1632 2619 1691 efficacia
2647 1635 3004 1703 antecedens,
3036 1644 3092 1694 et
3117 1653 3239 1696 non
3265 1638 3411 1693 fun-

2036 1707 2168 1766 data
2210 1710 2272 1766 in
2311 1711 2793 1773 determinatione
2841 1719 3153 1775 voluntatis
3203 1716 3410 1775 condi-

2037 1787 2250 1847 tionate
2310 1792 2503 1848 futura
2543 1794 2862 1853 destrueret
2908 1797 3236 1856 libertatem
3263 1819 3278 1854 ε
3308 1798 3407 1855 sed

2029 1868 2192 1942 juxta
2212 1869 2358 1927 hanc
2380 1876 2809 1948 responsionem
2828 1877 2889 1933 in
2911 1881 3028 1933 tota
3048 1877 3406 1934 auxiliorum

2035 1950 2366 2009 collectione
2436 1957 2723 2028 reperitur
2773 1956 3017 2014 efficacia
3087 1959 3405 2016 intrinseca

2036 2029 2373 2089 antecedens
2399 2034 2696 2092 scientiam
2722 2036 2995 2104 mediam,
3031 2043 3087 2095 et
3110 2037 3406 2094 infallibi-

2024 2110 2169 2167 ‘liter
2220 2129 2479 2173 connexa
2532 2133 2661 2173 cum
2726 2134 3003 2175 consensu
3060 2118 3263 2185 libero,
3343 2127 3407 2177 ut

2036 2190 2235 2258 libero,
2263 2196 2361 2266 qui
2386 2195 2627 2269 proinde
2653 2213 2960 2255 consensus
2983 2199 3235 2256 libertati
3259 2217 3403 2273 prae-

2027 2270 2287 2344 judicare
2311 2291 2426 2332 non
2455 2283 2667 2349 potest:
2690 2294 2828 2353 ergo
2857 2280 2959 2336 hac
2984 2281 3228 2354 efficacia
3256 2298 3402 2355 sup-

2035 2352 2233 2423 posita,
2267 2361 2446 2427 potest
2472 2359 2620 2412 Deus
2644 2358 2944 2416 efficaciter
2968 2359 3297 2427 decernere,
3342 2369 3401 2419 et

2032 2434 2235 2505 exequi
2257 2451 2597 2492 consensum
2627 2438 2895 2506 liberum,
2941 2440 3399 2514 independenter

2034 2528 2067 2567 a
2085 2514 2324 2572 scientia
2347 2515 2554 2574 media.
2608 2518 2867 2589 Tandem,
2904 2522 3035 2578 licet
3054 2537 3157 2594 per
3179 2522 3400 2595 impos-

2032 2593 2201 2651 sibile
2222 2598 2367 2653 Deus
2389 2599 2753 2670 imprimeret
2782 2602 3003 2659 homini
3035 2604 3235 2660 omnia
3257 2622 3400 2679 gra-

2033 2674 2126 2733 tiae
2152 2677 2370 2734 auxilia
2390 2680 2681 2737 collective
2706 2688 2948 2755 accepta,
2992 2683 3176 2740 adhuc
3199 2701 3401 2757 perse-

2032 2764 2260 2815 veraret
2287 2759 2349 2814 in
2390 2759 2678 2818 intellectu
2729 2762 3123 2821 indifferentia
3164 2765 3394 2839 judicii,

2031 2844 2089 2898 et
2114 2839 2176 2896 in
2215 2840 2509 2899 voluntate
2549 2848 2792 2916 potestas
2816 2846 3047 2920 physica
3068 2846 3140 2903 ad
3161 2851 3399 2922 opposi-

2030 2915 2205 2976 situm
2234 2942 2248 2976 z
2272 2922 2374 2978 illa
2394 2923 2553 2979 enim
2577 2925 2796 2981 auxilia
2817 2926 2880 2981 in
2906 2926 3396 2986 Adversariorum

2031 3001 2304 3073 opinione
2321 3018 2436 3058 non
2454 3011 2686 3061 movent
2705 3005 2952 3080 physice,
2973 3007 3069 3064 sed
3093 3007 3397 3083 objective,

2030 3088 2087 3138 et
2112 3081 2429 3148 moraliter,
2458 3084 2743 3140 nimirum
2776 3088 3149 3160 proponendo
3178 3090 3405 3147 motiva

2030 3163 2100 3220 ad
2120 3165 2592 3230 consentiendum
2612 3191 2627 3234 ;
2645 3172 2702 3224 et
2719 3184 3022 3243 nunquam
3043 3177 3401 3243 proponunt,

2030 3250 2128 3301 aut
2179 3262 2497 3320 proponere
2544 3255 2777 3320 possunt
2829 3248 3048 3307 bonum
3101 3252 3404 3326 adaequate

2028 3326 2242 3382 satians
2298 3328 2668 3397 voluntatem,
2731 3331 2964 3404 ejusque
3014 3334 3393 3406 capacitatem

2029 3406 2331 3479 adaequans
2350 3432 2363 3474 ;
2382 3408 2486 3467 hoe
2504 3410 2662 3467 enim
2683 3412 2869 3468 solum
2886 3415 3155 3472 convenit
3172 3415 3391 3472 visioni

2029 3489 2276 3545 intuenti
2316 3492 2495 3547 Deum
2550 3494 2611 3548 in
2657 3494 2886 3567 seipso:
2927 3511 3065 3571 ergo
3117 3499 3393 3554 voluntas

2030 3577 2208 3643 potest
2227 3574 2610 3648 metaphysice
2639 3577 2737 3633 toti
2767 3578 2855 3632 illi
2885 3578 3242 3636 auxiliorum
3267 3581 3396 3638 col-

2028 3653 2256 3710 lectioni
2282 3654 2562 3723 resistere,
2584 3663 2639 3714 et
2658 3666 3067 3731 consequenter
3083 3678 3201 3719 non
3219 3661 3397 3719 datur

2028 3734 2374 3801 infallibilis,
2406 3741 2461 3791 et
2507 3738 2894 3812 metaphysica
2921 3742 3203 3799 connexio
3231 3742 3393 3801 inter

2026 3819 2203 3871 totam
2248 3814 2638 3874 collectionem
2668 3819 3040 3888 auxiliorum,
3066 3826 3123 3877 et
3141 3838 3394 3880 consen—

2024 3911 2152 3950 sum
2181 3892 2429 3950 liberum
2456 3897 2768 3953 voluntatis
2799 3921 2812 3964 ;
2842 3897 2939 3954 sed
2967 3906 3200 3972 queunt,
3259 3917 3393 3959 me-

2024 3976 2312 4049 taphysice
2357 3976 2658 4049 loquendo,
2709 3978 2780 4035 ab
2807 3978 3057 4037 invicem
3096 3985 3385 4055 separari,

2025 4062 2141 4114 tam
2168 4058 2229 4112 in
2248 4075 2417 4115 sensu
2447 4058 2650 4124 diviso,
2682 4077 2854 4132 quam
2878 4061 2939 4116 in
2960 4077 3130 4117 sensu
3160 4080 3393 4137 compo—

2021 4139 2131 4197 sito
2156 4159 2167 4190 ι
2221 4145 2276 4196 et
2327 4142 2480 4197 valet
2523 4141 2645 4197 haec
2693 4143 2976 4215 separatio
3022 4160 3055 4199 a
3121 4145 3238 4202 Deo
3282 4160 3390 4218 per

2020 4223 2319 4280 scientiam
2336 4223 2587 4280 mediam
2613 4223 2936 4296 praevideri.
2970 4227 3033 4280 In
3048 4242 3162 4299 quo
3174 4233 3390 4284 eventu

2023 4302 2273 4376 procedit
2305 4310 2710 4378 argumentum
2763 4323 2988 4360 numero
3025 4306 3098 4360 84
3145 4307 3384 4373 factum,

2021 4401 2229 4457 nempe
2275 4387 2454 4441 Deum
2482 4401 2599 4443 non
2648 4402 2807 4459 posse
2836 4388 3193 4445 voluntatem
3221 4388 3292 4445 ad
3316 4407 3385 4447 se

2019 4473 2353 4525 convertere
2384 4489 2397 4523 ε
2426 4474 2481 4524 et
2509 4474 2714 4542 urgent
2738 4474 2935 4525 contra
2964 4471 3109 4526 hanc
3140 4486 3390 4545 respon-

2017 4547 2241 4604 sionem
2268 4549 2488 4605 motiva
2513 4565 2635 4621 quae
2663 4547 2936 4607 adversus
2980 4551 3255 4612 Suarium
3274 4568 3388 4609 ex-

2018 4629 2344 4703 pendimus,

2090 4705 2181 4760 93.
2212 4705 2319 4761 Sed
2341 4704 2613 4762 adversus
2634 4705 2905 4763 hactenus
2926 4705 3076 4763 dicta
3101 4723 3379 4781 opponeS.
3424 4723 3512 4780 0135·

2014 4786 2276 4843 Tentatio
2301 4787 2495 4861 gravis
2523 4802 2640 4843 non
2688 4792 2878 4844 movet
2908 4789 3138 4863 physice
3166 4791 3386 4847 volun·
3453 4781 3512 4816 ¹²⁰

2014 4873 2186 4925 tatem
2216 4869 2286 4926 ad
2311 4884 2674 4936 consensum,
2710 4868 2809 4927 sed
2835 4871 3022 4927 solum
3051 4872 3379 4939 moraliter,

2013 4948 2276 5006 videlicet
2319 4949 2630 5015 suadendo,
2674 4957 2729 5007 et
2768 4949 3076 5009 alliciendo
3101 4968 3175 5009 ex
3218 4961 3385 5026 parte

2011 5028 2210 5104 obiecti
2241 5055 2256 5099 ;
2303 5037 2358 5088 et
2382 5032 2766 5090 nihilominus
2795 5032 2967 5090 homo
3011 5032 3227 5108 absque
3248 5052 3386 5164 5957

3235 5127 3334 5166 azia
3367 5128 3385 5165 ι

3486 674 3512 708 t!
