3647 5753
1254 448 1433 505 mse.
1485 449 1606 518 vn,

153 622 306 697 quod
334 622 629 680 auxilium
656 621 843 680 efficax
862 622 1063 697 gratiae
1088 620 1226 678 satis
1246 619 1522 678 discerni-

157 710 253 762 tur
277 721 314 761 a
335 705 599 762 motione
614 704 885 779 generali,
928 719 1041 776 qua
1086 707 1300 760 caeterae
1340 716 1523 760 causae

86 801 125 837 0·
157 788 549 863 applicantur,
582 793 640 843 ut
663 783 1010 860 significavit
1048 787 1226 842 Divus
1267 784 1523 843 Thomas

156 868 360 948 qualib.
386 869 445 930 7,
472 874 580 923 art.
610 870 646 922 7
670 866 746 922 ad
781 868 835 935 2,
863 864 962 922 ubi
1000 867 1083 923 ait
1114 887 1128 922 ι
1169 865 1313 923 Deus
1349 872 1525 922 movet

154 951 347 1006 omnia
367 948 667 1004 secundum
687 948 909 1003 modam
932 963 1119 1002 eorum
1134 989 1148 1014 ,
1172 953 1221 1002 ct
1242 947 1360 1002 idco
1384 946 1528 1002 divi-

158 1048 235 1087 na
252 1031 427 1084 motio
454 1046 494 1083 a
514 1027 838 1104 quibusdam
860 1028 1236 1101 participatur
1273 1044 1398 1082 cum
1429 1042 1528 1081 ne-

154 1119 425 1177 cessitate,
496 1129 533 1166 a
594 1117 800 1166 natura
857 1117 1042 1165 autem
1091 1108 1363 1165 rationali
1404 1125 1530 1165 cum
1569 1125 1577 1134 ·

160 1194 434 1250 libertate.

94 1291 135 1324 n.
233 1275 367 1329 248.
414 1270 505 1326 Ad
530 1279 746 1328 sextam
761 1266 1173 1343 respondemus
1186 1267 1534 1343 D.Augusti-

163 1372 305 1413 num
331 1355 476 1411 satis
498 1359 691 1427 aperte
709 1351 929 1410 docere.
960 1351 1021 1409 in
1038 1366 1105 1408 eo
1132 1349 1534 1425 quiconverti-

161 1444 277 1502 tur,
330 1434 654 1510 praecedere
692 1432 925 1507 aliquod
951 1433 1197 1506 speciale
1223 1432 1530 1497 auxilium,

162 1517 312 1594 quod
330 1534 453 1575 non
481 1523 569 1574 est
586 1530 893 1574 commune
911 1513 985 1579 ei,
1023 1515 1121 1587 qui
1139 1529 1255 1571 non
1292 1527 1537 1571 conver·-

166 1601 322 1667 titur,
353 1604 418 1656 ut
443 1604 668 1655 constat
684 1614 757 1655 ex
777 1596 943 1654 dictis
967 1597 1097 1653 dub.
1130 1599 1175 1666 l,
1206 1597 1317 1666 §4-
1349 1593 1538 1652 Testi-

168 1681 365 1738 monia
390 1695 555 1744 vero,
588 1694 713 1751 quae
735 1693 889 1735 nunc
922 1677 987 1734 in
1006 1675 1365 1734 contrarium
1394 1675 1540 1731 alle-

167 1765 395 1837 gantur,
424 1757 645 1816 ibidem
671 1759 952 1832 explicata
977 1763 1112 1814 sunt
1138 1759 1170 1827 9
1192 1757 1246 1823 3,
1277 1760 1335 1814 et
1351 1756 1538 1812 solum

170 1839 499 1916 significant
552 1839 1020 1896 convenientiam
1061 1837 1125 1894 in
1171 1836 1357 1912 gratia
1381 1835 1542 1893 suffi-

175 1923 340 1980 cienti
368 1920 716 1986 extrinseca,
748 1921 840 1977 vel
864 1919 1200 1976 intrinseca.

112 2053 114 2058 ,
250 2001 336 2058 Ad
353 2002 652 2075 septimum
675 2015 966 2074 negamus,
993 1997 1145 2072 quod
1191 1997 1545 2073 Augustinus

111 2078 134 2110 ¹·
185 2084 371 2141 doceat
397 2080 707 2139 hominem
737 2097 898 2154 posse
918 2080 1154 2138 cuilibet
1187 2080 1286 2138 Dei
1330 2077 1546 2136 auxilio

185 2164 460 2231 resistere.
510 2162 838 2220 resistentia
879 2161 1109 2234 proprie
1154 2160 1325 2227 dicta,
1373 2164 1432 2216 et
1483 2158 1546 2215 in

184 2262 345 2302 sensu
363 2243 716 2316 composito;
745 2242 1103 2299 contrarium
1150 2241 1313 2299 enim
1353 2244 1548 2313 aperte

185 2326 335 2383 docet
360 2325 501 2382 locis
521 2338 701 2396 supra
726 2323 912 2379 citatis
937 2326 969 2392 9
999 2323 1018 2378 1
1050 2326 1107 2378 et
1131 2325 1163 2393 ς
1189 2323 1224 2377 4
1246 2326 1304 2380 et
1322 2322 1376 2377 5.
1402 2321 1549 2377 Sen-

189 2408 359 2465 tentia
385 2411 605 2474 autem,
637 2420 762 2477 quae
784 2405 848 2460 in
882 2403 1244 2461 contrarium
1277 2402 1544 2468 refertur,

191 2506 301 2547 non
320 2488 577 2563 procedit
599 2486 669 2543 de
695 2486 915 2543 auxilio
941 2486 1059 2550 Dei,
1085 2485 1184 2543 sed
1224 2484 1294 2542 de
1327 2483 1549 2559 objecto

191 2571 433 2646 graviter
458 2569 754 2627 alliciente
781 2566 851 2623 ad
876 2572 1185 2639 peccatum,
1230 2571 1293 2623 ut
1331 2567 1552 2623 constat

192 2669 263 2710 ex
284 2655 431 2708 textu
463 2649 580 2706 :de
605 2663 718 2721 qua
765 2646 968 2720 objecti
1008 2648 1266 2705 motione
1312 2662 1431 2704 non
1468 2648 1555 2702 est

192 2730 384 2790 eadem
407 2732 572 2798 ratio,
600 2745 662 2785 ac
689 2727 760 2785 de
787 2728 1007 2785 auxilio
1028 2728 1147 2784 Dei.
1188 2726 1364 2783 Nulla
1390 2725 1553 2783 enim

193 2828 351 2869 causa
388 2817 581 2868 creata
618 2812 799 2883 potest
844 2824 1119 2882 superare
1166 2806 1553 2865 resistentiam

202 2893 517 2959 coluntatis,
552 2890 671 2947 nisi
700 2888 1015 2947 auferendo
1051 2887 1122 2946 ab
1159 2890 1282 2963 ipsa
1317 2886 1556 2944 indiffe-

205 2975 438 3030 rentiam
491 2970 718 3047 judicii,
787 2986 850 3026 ac
899 2967 1146 3026 subinde
1205 2968 1552 3025 libertatem.

205 3056 340 3110 Deus
364 3068 504 3109 vero
525 3052 612 3107 ita
632 3048 811 3106 vincit
849 3050 1226 3114 voluntatem,
1271 3053 1335 3104 ut
1373 3046 1558 3119 ipsam

210 3134 363 3191 iaciat
378 3130 684 3190 efficaciter
708 3145 894 3204 agere,
919 3133 975 3187 et
994 3145 1162 3204 agere
1183 3128 1365 3186 libere
1383 3151 1398 3196 ;
1423 3143 1557 3183 nam

208 3215 391 3271 omnia
429 3213 708 3276 continet,
751 3215 809 3267 et
850 3215 1058 3277 causat,
1108 3211 1270 3285 juxta
1310 3207 1456 3266 illud
1499 3209 1555 3263 S.

142 3301 177 3343 ὅ·
213 3296 451 3353 Doctoris
502 3295 572 3351 in
627 3291 777 3349 libro
827 3290 898 3348 de
949 3296 1194 3365 corrept.
1250 3295 1307 3349 et
1354 3288 1556 3364 gratia,

209 3394 321 3451 cap.
358 3379 420 3433 14
447 3399 461 3434 ι
491 3377 646 3435 Deus
666 3376 844 3446 magis
868 3374 1026 3430 habet
1066 3377 1127 3429 in
1171 3390 1275 3430 sua
1305 3377 1564 3446 potestate

214 3458 506 3514 columam
523 3457 832 3522 hominum,
864 3471 1031 3532 quam
1060 3455 1168 3528 ipsi
1206 3470 1355 3508 artas.
1401 3449 1565 3507 Unde

217 3537 416 3595 ibidem
435 3535 725 3595 concludit
758 3555 770 3590 ε
799 3533 907 3590 Deo
930 3534 1133 3590 volenti
1156 3533 1376 3589 salvum
1414 3533 1568 3605 face-

217 3636 270 3673 re
316 3618 525 3674 nullum
564 3617 808 3672 hominis
850 3616 1057 3671 resistit
1101 3614 1400 3670 arbitrium
1420 3630 1441 3676 ‚·
1488 3612 1569 3667 sic

218 3701 353 3755 enim
370 3700 522 3766 velle,
542 3700 634 3754 vel
655 3698 795 3753 nolte
814 3700 875 3752 in
895 3695 1146 3759 volentis,
1201 3700 1301 3750 aut
1337 3695 1570 3750 nolentis

220 3788 580 3853 estpotestate,
614 3786 672 3835 ut
698 3779 954 3848 divinam
972 3775 1311 3846 voluntatem
1330 3792 1440 3830 non
1466 3777 1572 3831 im·

221 3863 410 3934 pediat,
453 3881 550 3919 nec
574 3867 786 3935 superet
837 3866 1182 3934 potestatem.
1225 3857 1575 3913 Recolantur
1617 3898 1622 3903 .

225 3958 385 4016 supra
402 3944 551 4002 dicta
577 3948 611 4014 5
637 3946 694 3999 5.

158 4076 159 4081 ,
295 4023 376 4079 Ad
429 4032 683 4081 octavum
728 4022 989 4087 dicimus,
1046 4018 1330 4075 auxilium
1379 4015 1575 4075 efficax

159 4120 171 4131 ·
228 4104 373 4177 juxta
407 4105 755 4163 sententiam
797 4106 861 4160 D.
902 4101 1203 4174 Augustini
1254 4112 1577 4172 supponere

237 4203 397 4259 posse,
425 4188 550 4244 sive
569 4186 989 4249 sufficientiam,
1013 4188 1071 4239 et
1097 4186 1365 4257 praestare
1386 4180 1577 4252 ipsum

236 4283 402 4341 agere.
432 4283 531 4326 seu
553 4269 724 4334 velle,
750 4272 811 4323 ut
824 4271 1043 4323 constat
1060 4281 1134 4322 ex
1154 4264 1306 4321 libro
1344 4262 1414 4320 de
1451 4277 1581 4318 cor-

241 4354 370 4421 rept.
390 4353 446 4405 et
470 4349 677 4422 gratia,
702 4366 826 4421 cap.
860 4349 943 4414 ll,
970 4362 1140 4418 quem
1164 4346 1352 4402 locum
1373 4357 1582 4413 expen-

238 4426 414 4483 dimus
432 4427 575 4500 disp.
606 4430 661 4493 5,
693 4427 819 4482 dub.
843 4431 900 4493 7,
925 4429 1025 4496 {²3ss.
1046 4424 1205 4490 Quod
1229 4424 1337 4497 ipsi
1358 4422 1583 4478 Adver-

242 4510 368 4566 sarii
391 4510 694 4568 admittere
714 4515 1012 4575 tenentur,
1052 4524 1188 4565 nam
1228 4505 1414 4581 gratia
1443 4520 1586 4563 con-

242 4604 388 4661 grua.
416 4598 694 4664 quatenus
718 4605 971 4663 congrua
996 4590 1210 4660 (inqua
1229 4585 1586 4660 congruitate

246 4672 344 4743 ipsi
373 4674 677 4731 efficaciam
706 4672 1080 4742 constituunt)
1116 4669 1388 4744 supponit
1428 4682 1589 4741 posse

248 4748 612 4825 adaequatum,
656 4756 713 4808 et
737 4752 984 4824 pertinet
1019 4749 1089 4806 ad
1115 4746 1492 4825 ageresQuod
1539 4746 1588 4801 si

176 4849 234 4893 ng.
250 4834 585 4906 Augustinus
599 4831 909 4905 aliquando
929 4830 1148 4895 asserit,
1168 4828 1453 4887 auxilium
1468 4826 1591 4885 effi-

254 4926 345 4967 cax
358 4919 623 4985 praestare
638 4913 814 4977 vireS,
832 4927 949 4967 sem
957 4926 1056 4983 per
1074 4910 1275 4984 adjecit
1287 4909 1594 4982 efficacissi-

258 5010 378 5060 mas,
402 4994 816 5069 insuperabiles,
840 4993 929 5049 vel
948 4992 1083 5065 quid
1103 4991 1311 5058 simile,
1337 4997 1399 5047 ut
1418 4990 1595 5063 liquet

259 5088 324 5131 ex
347 5075 462 5133 loco
485 5093 658 5149 supra
686 5076 877 5141 citato,
908 5072 1003 5130 ubi
1032 5074 1267 5147 loquens
1293 5071 1365 5129 de
1377 5069 1597 5128 Adamo

1650 451 1817 508 DUB.
1861 455 1956 511 lv.
2909 457 3006 513 171

1652 621 1717 679 in
1736 628 1884 682 statu
1910 626 2274 697 innocentiae,
2298 636 2355 687 et
2374 629 2445 686 de
2463 628 2656 687 electis
2682 628 2851 701 hujus
2893 633 3019 685 sta-

1652 711 1763 772 tus,
1795 707 1985 782 inquit
2010 729 2024 766 ε
2052 708 2374 767 Fortissimo
2405 711 2636 776 dimisit,
2687 717 2849 787 atque
2890 725 3023 784 per-

1654 790 1808 844 misit
1833 791 2030 863 facere,
2076 792 2220 868 quod
2255 792 2452 858 vellet;
2484 792 2721 863 infirmis
2751 793 3015 858 servavit,

1656 877 1719 926 ut
1738 872 1857 943 ipso
1875 880 2143 940 servante,
2170 875 2527 930 invictissime
2547 871 2690 950 quod
2703 871 2902 927 bonum
2914 879 3013 937 est,

1657 951 1869 1008 vellent.
1903 954 2013 1009 Per
2037 952 2189 1026 quod
2234 952 2466 1010 denotat
2494 952 2776 1010 auxilium
2823 951 3022 1010 efficax

1658 1047 1982 1105 supponere
2019 1051 2174 1107 posse
2213 1037 2536 1107 utcumque,
2585 1037 2641 1089 et
2676 1031 3023 1090 constituere

1660 1110 1808 1168 illud
1836 1127 1998 1185 posse
2036 1113 2100 1170 in
2137 1115 2361 1172 ratione
2403 1114 2658 1188 efficacis,
2688 1118 2753 1170 et
2791 1112 3019 1181 invicti,

1662 1193 1768 1251 hoc
1791 1197 1878 1250 est
1896 1209 2025 1250 cum
2054 1211 2224 1268 opere
2251 1194 2644 1252 infallibiliter
2663 1192 2977 1269 conjuncti.

1737 1273 1822 1330 Ad
1849 1274 2109 1332 ultimum
2135 1275 2528 1350 respondetur,
2555 1274 2936 1350 Augustinum
2956 1288 3027 1332 eo
3060 1283 3196 1336 lmu-

1673 1356 1794 1413 loco
1821 1371 1940 1413 non
1965 1354 2183 1426 docere,
2209 1355 2359 1430 quod
2380 1356 2606 1431 Angeli,
2651 1361 2708 1413 et
2757 1355 2928 1412 homo
2962 1354 3028 1411 in

1665 1440 1814 1492 statu
1842 1435 2186 1494 innocentiae
2207 1453 2323 1496 non
2344 1436 2643 1512 indigeant
2663 1435 2879 1493 auxilio
2904 1434 3032 1492 effi-

1666 1516 1784 1573 caci
1808 1515 1879 1584 ad
1912 1516 2417 1589 perseverandum,
2448 1516 2546 1574 sed
2572 1517 2760 1574 solum
2801 1515 3029 1581 asserit,

1667 1595 1819 1669 quod
1847 1595 2091 1663 homini,
2119 1602 2197 1654 'et
2235 1597 2471 1672 Angelis
2511 1595 2869 1670 peccantibus
2910 1609 3032 1652 non

1671 1677 1846 1734 fuerit
1869 1677 2198 1751 hujusmodi
2219 1678 2504 1735 auxilium
2536 1693 2887 1735 concessum.
2919 1676 3029 1732 Vi-

1671 1758 1917 1817 deantur
1968 1774 2092 1832 quae
2118 1757 2372 1816 diximus
2391 1760 2534 1834 disp.
2557 1762 2612 1827 6,
2655 1759 2782 1816 dab.
2824 1761 2870 1826 l,
2904 1761 2936 1829 ς
2969 1759 3027 1825 5,

1673 1838 1773 1896 ubi
1797 1854 1871 1896 ex
1899 1838 2153 1912 professo
2190 1837 2610 1896 declaravimus
2657 1844 2932 1904 mentem,
2975 1842 3034 1897 et

1672 1920 1996 1978 doctrinam
2013 1922 2079 1976 D.
2096 1921 2402 1994 Augustini
2419 1922 2481 1977 in
2497 1937 2564 1978 eo
2583 1921 2725 1986 loco,
2755 1921 2854 1992 qui
2879 1934 3036 1976 nunc

1675 2001 1959 2077 objicitur,
1990 2007 2048 2061 et
2072 2017 2242 2076 quem
2266 2001 2336 2059 ad
2373 1997 2606 2060 sensum
2647 2001 3033 2060 Adversario-

1678 2098 1809 2139 rum
1836 2080 2205 2155 detorquebat
2227 2082 2552 2140 Jansenius.

1752 2165 1837 2218 Ex
1857 2161 2063 2237 quibus
2087 2161 2262 2235 liquet
2289 2164 2343 2218 S.
2372 2165 2666 2221 Doctorem
2714 2177 2816 2219 nec
2845 2160 2908 2217 in
2935 2161 3042 2218 ali·

1677 2241 1903 2317 quibus,
1935 2257 2038 2299 nec
2065 2242 2129 2298 in
2155 2242 2424 2299 omnibus
2450 2243 2608 2309 locis,
2644 2258 2769 2316 quae
2789 2241 3028 2298 suarius

1677 2326 1954 2401 congerit,
1979 2325 2338 2383 constituisse
2380 2325 2685 2383 efficaciam
2719 2325 2920 2401 gratias
2968 2324 3034 2381 in

1680 2409 1977 2466 vocatione
2002 2422 2252 2482 congrua
2278 2422 2349 2464 ex
2364 2407 2717 2480 praescientia
2733 2405 2923 2464 media
2939 2406 3036 2461 fu-

1682 2490 1797 2547 turi
1819 2488 2047 2546 effectus
2074 2489 2207 2555 ;sed
2236 2489 2298 2545 in
2345 2489 2600 2546 motione
2634 2504 2705 2546 ex
2731 2503 2792 2544 se
2830 2485 3037 2543 efficaci

1685 2571 2060 2647 participante
2074 2570 2287 2629 divinae
2308 2570 2619 2627 voluntatis
2631 2569 3041 2635 efficacitatem,

1683 2661 1742 2712 et
1765 2654 2100 2726 imperium,
2145 2658 2202 2709 et
2246 2651 2666 2725 independente
2710 2669 2742 2709 a
2786 2651 3042 2709 scientiae

1685 2733 1890 2793 mediae
1916 2733 2247 2791 directione.
2275 2735 2458 2798 Quam
2484 2732 2790 2789 scienciam
2822 2732 3041 2805 impos-

1690 3057 1909 3118 vandas
1922 3057 2277 3116 difficultates
2292 3058 2461 3132 hujus
2484 3058 2909 3124 controversiae,
2939 3059 3050 3114 im·

1692 3139 1950 3213 moipsas
1963 3155 2187 3213 augere,
2203 3140 2339 3196 satis
2351 3138 2706 3197 ostendimus
2720 3139 2894 3197 dubio
2912 3156 3053 3213 pras-

1691 3220 1935 3279 cedenti.
1968 3221 2248 3277 Etcuncta
2271 3220 2388 3277 fere
2409 3220 2643 3288 motiva,
2669 3237 2795 3295 quae
2810 3220 3054 3277 Suarius

1691 3318 1765 3360 ex
1785 3300 2099 3375 Augustino
2126 3300 2431 3373 assumpsit
2475 3300 2546 3357 ad
2587 3300 3052 3377 impugnandam

1695 3387 1952 3440 nostram
1978 3382 2342 3448 sententiam,
2382 3379 2590 3437 debent
2629 3380 2947 3454 retorqueri
2987 3380 3057 3437 in

1695 3464 1815 3538 ejus
1836 3461 2199 3534 opinionem;
2222 3459 2493 3531 quoniam
2513 3461 2699 3535 gratia
2718 3461 2914 3518 efficax
2934 3474 3056 3517 non

1696 3548 1783 3601 est
1798 3542 1995 3599 efficax
2017 3556 2088 3597 ex
2114 3539 2466 3614 congruitate
2493 3539 2563 3595 ad
2585 3540 2904 3604 hominem,
2950 3538 3053 3611 qui

1698 3626 1950 3685 vocatur,
1977 3623 2039 3675 ut
2057 3634 2128 3674 ex
2149 3617 2464 3692 Augustino
2479 3618 2834 3675 ostendimus
2848 3616 2975 3674 dub.
2993 3620 3052 3685 2,

1701 3717 1804 3759 nec
1825 3698 2082 3758 consistit
2121 3698 2185 3754 in
2226 3713 2386 3754 mera
2430 3699 2743 3764 vocatione,
2800 3697 3058 3770 inspira-

1700 3783 1876 3846 tione,
1908 3779 2001 3835 vel
2039 3777 2292 3833 motione
2336 3778 2565 3843 morali,
2616 3783 2678 3834 ut
2725 3781 2943 3835 constat
2985 3790 3062 3835 ex

1702 3861 1869 3919 dictis
1895 3858 1957 3914 in
1979 3858 2084 3915 hoc
2104 3856 2298 3924 dubio,
2335 3863 2392 3914 et
2436 3859 2620 3934 magis
2659 3856 2955 3931 apparebit
2996 3859 3064 3914 in

1703 3939 1962 4015 sequenti
1991 3954 2131 3995 :nec
2170 3942 2256 3995 est
2286 3939 2609 3996 communis
2652 3936 3057 4003 consentienti,

1704 4028 1761 4082 et
1808 4038 1925 4081 non
1951 4019 2346 4085 consentienti,
2370 4020 2462 4077 vel
2491 4036 2591 4093 per
2619 4019 2869 4077 liberum
2898 4018 3063 4077 arbi-

1707 4106 1888 4163 trium
1927 4101 2406 4169 determinabilis,
2465 4108 2526 4158 ut
2570 4119 2699 4159 cum
2752 4101 3072 4176 Augustino

1710 4184 2082 4260 probavimus
2102 4182 2229 4239 dub.
2270 4184 2313 4247 1,
2338 4185 2443 4253 §a
2476 4198 2578 4239 nec
2604 4188 2688 4239 est
2725 4181 3075 4255 superabilis

1686 4264 1942 4339 *proprie
1986 4260 2290 4336 loquend0‚
2319 4262 2418 4319 sed
2446 4261 2845 4326 invictissima,
2897 4266 2958 4317 ut
3000 4276 3074 4319 ex

1712 4347 1838 4419 ipso
1860 4342 2168 4412 vidimus&
2202 4343 2249 4408 l,
2284 4344 2320 4397 4
2356 4347 2412 4399 et
2455 4343 2509 4406 5,
2561 4357 2666 4398 nec
2703 4342 2952 4415 pertinet
2997 4338 3069 4397 ad

1714 4440 1895 4499 posse,
1919 4422 2018 4480 sed
2040 4421 2111 4479 ad
2138 4438 2323 4497 agere,
2348 4426 2412 4477 ut
2436 4438 2565 4478 cum
2605 4421 2730 4494 ipso
2772 4421 3083 4478 statuimus

1714 4506 1857 4576 disp.
1887 4505 1943 4567 6,
1974 4502 2100 4558 dub.
2134 4502 2184 4568 l,
2206 4519 2305 4575 per
2328 4509 2526 4558 totum.
2579 4500 2916 4576 Huiusmodi
2972 4518 3082 4558 au-

1717 4590 1835 4641 tem
1877 4581 2269 4654 proprietates,
2318 4586 2374 4636 et
2421 4581 2576 4637 velut
2612 4580 3084 4638 characteristicae

1720 4667 1888 4726 notas,
1911 4659 2119 4733 quibus
2150 4660 2501 4736 Augustinus
2525 4661 2770 4735 gratiam
2792 4660 3076 4718 efficacem

1719 4743 2015 4817 explicuit,
2071 4746 2128 4799 et
2179 4742 2500 4817 insignivit,
2560 4758 2675 4799 non
2727 4744 3083 4800 conveniunt

1721 4825 1920 4901 gratiae
1940 4822 2144 4880 efficaci
2172 4837 2242 4878 ex
2281 4823 2403 4881 sola
2449 4823 2825 4896 praescientia,
2877 4824 2970 4881 vel
3009 4822 3083 4880 ab

1722 4905 1944 4964 effectu.
1966 4903 2212 4975 utliquet
2225 4918 2296 4960 ex
2306 4902 2566 4961 doctrina
2575 4902 3079 4971 Adversariorum,

1723 4987 1821 5060 qui
1849 4984 2134 5059 oppositas
2146 4982 2500 5042 conditiones
2515 5000 2629 5041 suae
2647 4986 2844 5059 gratias
2864 4984 3077 5042 efficaci

1727 5066 2005 5141 affingunt
2020 5088 2035 5133 ;
2053 5065 2268 5138 optimc
2286 5069 2495 5133 autem,
2521 5070 2577 5122 et
2605 5064 3071 5141 inseparabiliter

3065 1343 3196 1377 mum.

3083 2758 3244 2801 motiva

1686 2814 1916 2873 sibilem
1956 2829 2097 2880 esse,
2126 2818 2183 2870 et
2227 2814 2578 2871 contrariam
2608 2817 2671 2870 D.
2704 2812 3039 2888 Augustino,
3058 2807 3270 2911 egulgt-ssg·

1688 2900 1801 2954 late
1851 2895 2270 2953 declaravimus
2314 2902 2443 2952 tom.
2492 2897 2538 2961 l,
2582 2902 2743 2951 tract.
2795 2896 2849 2960 3,
2897 2895 3272 2969 disp.assumpia

1700 2980 1781 3045 10,
1806 2983 2098 3051 per-totam
2123 2994 2141 3029 .·
2166 2992 2286 3033 esse
2326 2994 2463 3034 vero
2503 2977 2772 3033 inutilem
2813 2975 2884 3032 ad
2928 2962 3264 3060 sal-«1355-
