3647 5753
318 3109 466 3217 ffiev‘i's}

292 3217 486 3304 „tt‘t'tit

509 423 621 479 482
1459 424 1552 478 DE
1589 424 1620 478 J
1624 421 2173 479 USTIFICATIONE
2213 422 2415 479 IMPII.

510 594 842 660 naturalem,
871 600 922 648 et
940 596 1415 666 supernaturalem
1422 613 1443 662 ;
1469 595 1580 662 vel,
1604 594 1740 652 odio
1761 595 1870 651 ha-

510 671 600 726 beo
622 671 798 727 Deum
816 672 1117 742 authorem,
1154 681 1205 729 et
1242 675 1407 746 finem
1448 676 1784 743 naturalem,
1817 680 1869 729 et

507 755 1000 824 supernaturalem,
1028 755 1225 826 procul
1248 754 1423 812 dubio
1452 757 1632 812 Deum
1660 755 1869 812 autho-

510 847 636 888 rem
663 837 719 890 et
744 832 921 889 finem
957 850 1074 891 non
1112 836 1300 892 solum
1347 838 1676 894 naturalem
1704 879 1718 904 ,
1768 835 1869 893 sed

508 913 684 969 etiam
704 916 1203 987 supernaturalem
1220 915 1533 992 offenderet
1549 916 1671 974 :sed
1693 917 1868 975 homo

508 1008 625 1051 non
652 994 904 1051 elevatus
932 995 1002 1052 ad
1030 997 1531 1069 supernaturalem
1572 995 1861 1066 ordinem,

507 1078 563 1132 et
581 1076 836 1149 graviter
857 1092 1109 1148 peccanS,
1141 1076 1298 1134 idem
1321 1078 1778 1151 interpretativa,
1810 1082 1869 1136 et

506 1156 807 1213 moraliter
827 1155 997 1225 dicit;
1027 1174 1157 1214 cum
1184 1158 1377 1215 omnis
1396 1158 1723 1216 mortaliter
1745 1174 1868 1231 pec-

504 1251 639 1292 cans
664 1234 921 1293 destruat
946 1238 1265 1307 moraliter,
1296 1243 1353 1296 et
1389 1253 1462 1295 ex
1490 1242 1652 1311 parte
1692 1238 1867 1296 affec-

505 1319 594 1371 tus
639 1331 869 1374 omnem
919 1319 1200 1376 rationem
1241 1319 1367 1377 veri
1415 1320 1535 1388 Dei,
1563 1324 1619 1376 et
1662 1334 1867 1376 omnes

505 1395 879 1469 perfectiones
907 1397 970 1454 in
990 1415 1057 1457 eo
1076 1403 1388 1466 contentas,
1421 1405 1478 1457 et
1514 1402 1866 1473 interpreta-

505 1476 622 1533 tive
642 1476 789 1534 dicat
816 1500 829 1535 :
867 1479 995 1537 Volo
1018 1480 1160 1557 quod
1180 1497 1343 1537 verus
1364 1480 1512 1548 Deus
1533 1480 1686 1536 nullo
1706 1479 1866 1535 modo

503 1558 594 1626 sit,
625 1566 674 1613 et
699 1576 783 1613 me
807 1568 993 1616 averto
1014 1560 1083 1614 ab
1103 1564 1255 1616 omni
1279 1578 1358 1626 ee,
1405 1561 1547 1638 quod
1591 1561 1741 1617 Deus
1785 1567 1866 1616 est

506 1642 566 1695 in
590 1658 663 1708 se,
708 1642 977 1720 quidquid
1016 1642 1157 1700 illud
1176 1646 1249 1698 sit
1272 1644 1407 1716 :qui
1437 1649 1592 1700 actus
1614 1643 1866 1716 protecto

505 1723 811 1794 aequivalet
835 1724 924 1780 illi
956 1724 1158 1797 priori,
1193 1725 1323 1781 licet
1350 1724 1426 1781 sit
1454 1725 1648 1781 minus
1674 1723 1865 1797 expli-

504 1804 649 1861 citus
678 1821 850 1879 :ergo
876 1821 993 1862 non
1014 1806 1258 1863 elevatio
1284 1807 1533 1864 minime
1571 1810 1866 1864 excusaret

506 1884 803 1942 hominem
848 1886 1102 1959 graviter
1143 1891 1467 1959 peccantem
1507 1885 1578 1943 ab
1624 1885 1859 1952 offensa,

506 1967 710 2024 saltem
751 1966 1054 2034 indirecte,
1101 1973 1159 2025 et
1204 1968 1640 2042 interpretativa
1684 1968 1863 2024 volita

506 2044 606 2104 Dei
635 2049 911 2117 authoriS,
954 2054 1012 2106 et
1043 2048 1178 2106 finis
1203 2050 1679 2124 supernaturalis.
1713 2051 1862 2104 Tum

505 2128 782 2204 denique,
828 2131 962 2204 quia
1000 2130 1216 2189 offensa
1262 2132 1364 2189 Dei
1410 2148 1483 2189 ex
1507 2146 1864 2204 quocumque

504 2217 727 2285 peccato
750 2213 913 2286 gravi
938 2215 1225 2270 resultans
1254 2213 1530 2285 recipitur
1557 2213 1862 2270 moraliter

501 2292 564 2347 in
594 2292 716 2364 ipso
741 2295 873 2361 De0,
905 2298 963 2350 et
1005 2292 1380 2367 gravificatur
1413 2291 1484 2349 ab
1523 2293 1646 2359 illo,
1696 2296 1865 2364 prout

500 2378 584 2429 est
622 2374 686 2428 in
730 2374 935 2445 seipso,
967 2381 1029 2430 ut
1068 2374 1270 2431 docent
1310 2373 1448 2430 satis
1475 2374 1864 2431 communiter

501 2454 808 2510 Thomistae
851 2458 887 2510 3
926 2465 1076 2529 part.
1129 2464 1313 2535 quest.
1351 2459 1411 2523 1;
1458 2454 1557 2511 sed
1604 2458 1750 2512 Deus
1798 2455 1863 2512 in

498 2532 721 2603 seipso,
767 2539 852 2591 est
895 2535 1355 2607 supernaturalis
1394 2554 1407 2589 ε
1457 2549 1593 2607 ergo
1645 2533 1863 2591 offensa

496 2612 690 2685 gravis
718 2613 781 2669 in
802 2629 869 2670 eo
899 2616 1182 2671 resultans
1210 2615 1393 2688 tangit
1418 2657 1431 2681 ,
1480 2613 1655 2678 laedit,
1687 2618 1742 2669 et
1768 2613 1861 2670 of-

502 2690 686 2748 fendit
725 2693 935 2765 ipsum,
981 2710 1098 2750 non
1125 2696 1314 2750 solum
1357 2697 1419 2747 ut
1470 2698 1554 2749 est
1607 2692 1816 2750 author
1842 2737 1855 2760 ,

502 2775 559 2828 et
597 2770 729 2827 finis
769 2774 1069 2840 naturaliS,
1101 2773 1200 2830 sed
1239 2774 1413 2829 etiam
1442 2777 1502 2826 ut
1523 2777 1606 2827 est
1628 2772 1856 2840 author,

504 2856 561 2907 et
603 2851 739 2908 finis
791 2854 1288 2926 supernaturalis:
1315 2868 1418 2910 nec
1448 2852 1605 2909 valet
1638 2852 1709 2908 ab
1756 2853 1860 2909 hac

505 2939 641 2990 nota
674 2933 913 2991 liberari
954 2951 1056 3008 per
1094 2936 1277 2992 solam
1313 2949 1430 2991 non
1474 2935 1859 2993 elevationem

541 3017 805 3073 eccantiS.

504 3032 538 3088 p
576 3092 704 3146 259.
738 3090 1124 3148 confirmatur
1150 3091 1361 3164 primo,
1387 3091 1521 3164 quia
1544 3091 1718 3149 homo
1741 3107 1859 3149 non

501 3173 757 3230 elevatus
785 3173 854 3230 ad
876 3173 1052 3230 finem
1092 3176 1616 3247 supernaturalem,
1642 3180 1698 3232 et
1721 3191 1859 3248 gra-

501 3252 652 3310 viter
687 3269 938 3327 peccans,
965 3255 1136 3311 aliter
1160 3271 1222 3311 se
1248 3253 1486 3312 haberet
1514 3271 1649 3329 erga
1677 3257 1858 3312 Deum

503 3335 823 3404 authorem,
854 3341 910 3394 et
956 3334 1134 3393 finem
1184 3337 1687 3409 supernaturalem
1734 3341 1860 3409 post

503 3421 824 3489 peccatum,
874 3433 1049 3490 quam
1090 3423 1223 3474 ante
1262 3423 1591 3489 peccatum:
1620 3417 1859 3491 ergosi-

498 3515 681 3571 gnum
706 3504 809 3569 est,
833 3499 982 3572 quod
1010 3499 1182 3557 homo
1209 3516 1327 3557 non
1345 3501 1617 3566 elevatus,
1653 3503 1709 3555 et
1732 3515 1859 3574 gra·

497 3582 649 3638 viter
689 3597 922 3655 peccans
957 3581 1158 3656 tangit,
1189 3586 1246 3638 et
1271 3578 1513 3638 offendit
1541 3583 1721 3637 Deum
1750 3597 1857 3637 au-

498 3663 743 3728 thorem,
761 3668 817 3719 et
837 3662 1017 3719 finem
1032 3664 1551 3735 supernaturalem.
1574 3661 1857 3719 Suadetur

498 3744 855 3812 antecedenS,
881 3745 1016 3817 quia
1055 3745 1227 3801 homo
1254 3751 1388 3802 ante
1428 3749 1715 3817 peccatum
1759 3761 1856 3802 so-

497 3829 619 3883 lum
654 3835 776 3885 erat
803 3843 1038 3885 aversus
1065 3843 1099 3883 a
1125 3829 1239 3885 Deo
1279 3826 1397 3884 fine
1422 3829 1854 3901 supernaturali

499 3911 797 3967 aversione
825 3909 1108 3982 negativa,
1141 3925 1239 3974 seu
1283 3924 1401 3965 non
1432 3910 1806 3968 conversione
1838 3933 1851 3968 :

495 3991 593 4049 sed
635 3997 758 4065 post
791 3996 1079 4065 peccatum
1105 3995 1251 4047 esset
1277 4005 1512 4047 aversus
1553 3992 1855 4050 aversione

498 4074 803 4146 privativa,
829 4076 885 4129 et
911 4071 1204 4128 contraria
1236 4092 1248 4126 ε
1277 4086 1413 4145 ergo
1441 4072 1611 4128 aliter
1646 4089 1707 4129 se
1746 4073 1855 4130 ha-

493 4153 653 4212 beret
679 4159 804 4227 post
826 4158 1136 4226 peccatum.
1167 4152 1452 4209 Probatur
1480 4154 1677 4210 minor
1697 4175 1709 4210 ε
1729 4159 1852 4211 tum

497 4236 736 4302 ratione,
767 4234 902 4306 quia
929 4238 989 4289 ut
1013 4232 1269 4289 carentia
1293 4233 1534 4305 alicujus
1563 4232 1855 4305 perfectio-

496 4317 588 4373 nis
626 4323 878 4374 transeat
900 4332 932 4372 a
953 4313 1204 4386 simplici
1228 4315 1532 4388 negatione
1560 4315 1623 4370 in
1653 4316 1854 4389 priva-

494 4399 730 4467 tionem,
784 4415 901 4456 non
949 4395 1305 4469 requiritur,
1349 4395 1499 4468 quod
1545 4396 1735 4454 forma
1778 4399 1853 4455 sit

495 4481 703 4551 debita,
729 4481 827 4540 sed
854 4480 1075 4546 sufficit,
1101 4478 1250 4553 quod
1277 4477 1590 4554 subjectum
1618 4478 1720 4537 fiat
1744 4480 1854 4537 im-

497 4571 696 4639 potens
724 4565 794 4622 ad
820 4581 949 4622 eam
978 4559 1303 4620 habendam
1329 4604 1343 4628 ,
1393 4562 1731 4635 amittatque
1754 4579 1852 4621 ca-

496 4648 795 4722 pacitatem
826 4647 1012 4708 illius;
1042 4661 1179 4703 nam
1218 4660 1285 4702 eo
1324 4644 1448 4716 ipso
1489 4644 1702 4701 amittit
1729 4645 1853 4702 sor-

494 4746 673 4796 mam,
691 4731 897 4786 saltem
918 4733 981 4783 ut
1002 4728 1064 4783 in
1085 4742 1152 4783 ea
1173 4725 1479 4798 capacitate
1499 4729 1850 4782 contentam:

491 4813 593 4870 sed
639 4813 810 4869 homo
859 4826 977 4868 non
1023 4811 1281 4867 elevatus
1334 4806 1612 4881 peccando
1654 4809 1853 4881 gravi-

495 4898 584 4950 ter
612 4893 903 4948 amitteret
946 4890 1334 4962 capacitatem,
1372 4893 1428 4944 et
1470 4886 1849 4960 aptitudinem

494 4971 765 5030 tendendi
807 4972 869 5027 in
897 4971 1075 5027 Deum
1121 4968 1622 5041 supernaturalem
1670 4965 1849 5024 finem

495 5067 598 5122 per
621 5050 865 5123 gratiam
888 5073 902 5117 ;
932 5046 1217 5122 siquidem
1237 5044 1532 5120 quodlibet
1560 5052 1851 5119 peccatum

1999 609 2174 667 grave
2194 593 2444 651 excludit
2470 594 2738 670 gratiam,
2770 599 2825 652 et
2851 591 3106 667 quandiu
3142 596 3348 658 manet,

2001 674 2246 747 impedit
2271 674 2607 750 subjectum,
2660 691 2732 732 ne
2773 674 3023 748 gratiam
3076 672 3349 745 recipiat:

1999 769 2137 830 ergo
2182 755 2355 812 homo
2402 771 2520 812 non
2560 757 2833 822 elevatuS,
2865 761 2921 811 et
2946 754 3200 828 graviter
3229 768 3353 826 pec-

1965 870 1978 879 ·
1999 850 2152 904 cana,
2199 850 2318 892 non
2356 837 2545 894 solum
2587 852 2706 894 non
2741 840 2888 893 esset
2914 850 3032 892 non
3054 848 3353 891 conversus
3404 871 3414 883 .

1998 914 2062 971 in
2084 917 2264 972 Deum
2291 914 2470 974 finem
2491 916 3010 989 supernaturalem,
3033 913 3183 988 quod
3201 913 3354 986 prius

1998 994 2244 1054 habebat
2275 1022 2289 1069 ;
2339 995 2440 1055 sed
2479 998 2656 1055 etiam
2693 1002 2843 1055 esset
2892 1012 3129 1054 aversus
3175 1011 3207 1051 a
3244 995 3354 1052 Deo

1995 1069 2428 1150 supernaturali
2466 1078 2601 1146 fine,
2634 1077 2935 1136 aversione
2957 1075 3263 1150 privativa,
3298 1079 3353 1132 et

1997 1157 2334 1217 excludente
2359 1161 2649 1218 contrarie
2688 1164 2808 1217 tam
2836 1159 3270 1217 conversionem
3289 1156 3353 1212 in

1997 1238 2187 1312 ipsum
2212 1283 2226 1309 ,
2274 1256 2448 1314 quam
2494 1241 2865 1314 capacitatem
2913 1239 3259 1313 proximam,
3299 1240 3355 1295 et

1996 1321 2324 1393 expeditam
2351 1322 2533 1378 illius.
2565 1325 2714 1378 Tum
2737 1322 2913 1378 etiam
2936 1320 3221 1393 exemplo,
3249 1332 3357 1389 quo

1996 1401 2180 1457 utitur
2226 1405 2298 1458 N.
2348 1403 2618 1477 Cornejo;
2644 1402 2780 1476 quia
2820 1402 3070 1474 simplex
3106 1397 3359 1456 sacerdos

1997 1497 2116 1539 non
2135 1481 2345 1541 dicitur
2388 1485 2647 1557 privatus
2687 1482 3014 1556 pontificatu
3037 1524 3051 1549 ,
3094 1478 3356 1554 quamvis

1995 1579 2063 1620 eo
2090 1579 2208 1621 non
2237 1565 2504 1638 potiatur,
2532 1581 2637 1623 nec
2657 1563 2864 1622 habeat
2889 1564 3148 1621 debitum
3171 1576 3358 1618 conse·
3387 1566 3390 1569 ’

1996 1643 2208 1716 quendi
2250 1644 2440 1717 ipsum
2470 1649 2775 1702 :caeterum
2802 1645 2852 1700 si
2881 1642 3108 1700 labatur
3138 1643 3202 1698 in
3230 1656 3356 1714 pec-

1997 1731 2188 1782 catum
2229 1727 2481 1793 haeresis,
2514 1728 2609 1784 vel
2639 1728 2702 1783 in
2725 1726 2885 1783 aliud
2914 1724 3179 1800 dignitati
3214 1738 3356 1795 pon-

1997 1804 2186 1863 tificiae
2207 1809 2590 1873 contrarium,
2621 1823 2689 1865 eo
2716 1807 2841 1880 ipso
2869 1806 3080 1863 dicitur
3102 1804 3358 1878 privatus

1998 1886 2359 1959 pontificatu,
2389 1889 2622 1962 ejusque
2645 1889 3032 1961 privationem
3070 1883 3316 1942 incurrit
3339 1906 3355 1950 ;

1993 1967 2129 2039 quia
2166 1969 2436 2027 videlicet
2468 1986 2528 2027 se
2550 1968 2845 2027 constituit
2867 1970 2930 2025 in
2955 1971 3104 2023 statu
3125 1969 3360 2023 contra·

1997 2047 2103 2114 ri0,
2147 2054 2204 2105 et
2230 2065 2263 2106 a
2293 2066 2411 2107 non
2443 2049 2619 2124 digno
2665 2050 2927 2123 negative
2971 2047 3242 2104 transivit
3289 2044 3361 2102 ad

1994 2145 2118 2186 esse
2166 2131 2478 2206 indignum
2532 2132 2819 2190 contrarie
2851 2152 2864 2187 :
2906 2147 3041 2204 ergo
3089 2126 3358 2202 quamvis

1995 2209 2169 2268 homo
2210 2228 2328 2269 non
2368 2213 2623 2269 elevatus
2648 2216 2867 2268 careret
2893 2208 3102 2275 debito,
3133 2207 3228 2263 vel
3256 2222 3359 2262 or-

1995 2288 2130 2348 dine
2165 2292 2471 2366 exigentiae
2492 2291 2562 2348 ad
2589 2291 2855 2366 gratiam,
2879 2295 2937 2347 et
2963 2288 3080 2344 haec
3098 2284 3358 2343 carentia

1993 2378 2142 2429 esset
2163 2378 2296 2431 ante
2320 2380 2610 2448 peccatum
2631 2373 2880 2445 simplex
2901 2370 3126 2445 negatio
3145 2387 3158 2430 ;
3183 2367 3360 2423 nihil·

1994 2453 2227 2510 ominus
2256 2460 2380 2527 post
2401 2461 2695 2528 peccatum
2717 2451 2951 2509 haberet
2976 2447 3358 2508 contrarieta-

1997 2539 2113 2590 tem
2161 2533 2232 2590 ad
2271 2536 2542 2610 gratiam,
2573 2541 2630 2592 et
2671 2532 3078 2605 indignitatem
3107 2525 3355 2601 privati-

1992 2629 2128 2668 vam
2169 2613 2242 2669 ob
2290 2615 2708 2687 oppositionem
2757 2608 3161 2683 impedimenti
3228 2621 3359 2663 cum

1991 2697 2139 2747 statu
2190 2694 2393 2767 gratiae
2447 2691 2926 2766 inconjungibilis
2951 2711 2964 2755 ;
3007 2694 3178 2761 atque
3234 2686 3360 2744 ideo

1993 2772 2161 2827 aliter
2202 2778 2324 2845 post
2372 2778 2661 2845 peccatum
2689 2788 2750 2829 se
2791 2769 3028 2828 haberet
3074 2769 3148 2825 ad
3178 2771 3357 2826 Deum

1992 2853 2293 2910 authorem
2345 2853 2545 2927 gratiae
2570 2897 2583 2921 ,
2615 2859 2672 2910 et
2710 2852 2888 2909 finem
2939 2855 3360 2923 supernatura-

1993 2935 2110 3001 len,
2144 2949 2207 2989 ac
2232 2950 2292 2991 se
2320 2933 2564 2990 habebat
2584 2940 2716 2990 ante
2740 2937 3057 3005 peccatum.

2066 3012 2452 3070 confirmatur
2479 3013 2726 3071 secundo
2753 3033 2766 3068 ε
2807 3011 2943 3083 quia
2975 3026 3093 3067 non
3116 3009 3361 3067 elevatio
3373 3017 3527 3075 urgetur

1990 3093 2062 3151 ad
2089 3094 2356 3151 ordinem
2379 3094 2883 3167 supernaturalem
2899 3097 3139 3149 eatenus
3175 3095 3360 3165 posset
3395 3074 3526 3158 ’Ξῖῗέ

1989 3176 2260 3232 excusare
2305 3175 2605 3231 hominem
2653 3178 2978 3247 peccantem
3009 3170 3094 3252 ‚ab
3145 3172 3361 3228 offensa

1989 3262 2188 3313 contra
2228 3260 2407 3314 Deum
2438 3263 2500 3313 ut
2521 3257 2840 3324 authorem,
2873 3261 2930 3312 et
2957 3254 3137 3311 finem
3161 3269 3355 3327 super·

1990 3339 2337 3408 naturalem,
2395 3344 2676 3412 quatenus
2714 3340 2861 3394 Deus
2913 3341 2971 3391 ut
3021 3337 3255 3402 author,
3309 3338 3362 3389 et

1989 3416 2123 3474 finis
2149 3418 2607 3492 supernaturalis
2630 3434 2747 3474 non
2770 3416 2966 3473 influit
2987 3431 3091 3471 nec
3114 3432 3221 3489 per
3247 3429 3362 3470 mo-

1988 3498 2128 3556 dum
2152 3501 2444 3574 principii,
2477 3517 2579 3557 nec
2605 3517 2706 3574 per
2723 3500 2959 3557 modum
2984 3498 3122 3555 finis
3152 3500 3217 3555 in
3237 3511 3362 3569 ope·

1991 3581 2242 3638 rationes
2263 3581 2520 3638 hominis
2543 3597 2659 3638 non
2687 3580 2894 3638 elevati
2918 3579 2988 3636 ad
3010 3581 3359 3652 supernatu-

1991 3663 2172 3719 ralem
2201 3662 2466 3719 ordinem
2493 3686 2507 3730 ;
2537 3669 2594 3719 et
2621 3664 2700 3720 ita
2729 3661 2969 3735 perinde
2990 3677 3050 3717 se
3073 3659 3248 3716 habet
3288 3655 3358 3713 ad

1990 3744 2323 3817 praedictum
2354 3744 2671 3810 hominem,
2704 3761 2767 3800 ac
2792 3743 2842 3799 si
2872 3744 3098 3808 author,
3124 3745 3183 3798 et
3221 3738 3356 3794 finis

1986 3825 2447 3897 supernaturalis
2497 3841 2614 3882 non
2658 3829 2804 3881 esset
2836 3846 2849 3880 ε
2891 3823 2992 3880 sed
3043 3823 3161 3878 haec
3207 3818 3354 3876 ratio

1988 3908 2153 3964 nulla
2172 3911 2256 3963 est
2282 3927 2295 3962 ε
2324 3923 2460 3981 ergo
2482 3907 2653 3965 homo
2677 3923 2794 3964 non
2819 3908 3076 3964 elevatus
3098 3902 3356 3979 graviter

1988 4005 2222 4062 peccans
2248 4006 2366 4046 non
2406 3995 2776 4047 excusaretur
2804 3988 2875 4047 ab
2903 3988 3120 4046 offensa
3153 3991 3351 4045 contra

1939 4089 1944 4094 ·
1987 4073 2167 4128 Deum
2190 4072 2510 4139 authorem,
2536 4078 2594 4129 et
2628 4071 2802 4128 finem
2824 4055 3350 4143 supernaturalem.

1986 4152 2269 4210 Probatur
2285 4153 2499 4220 minor,
2520 4153 2655 4226 quia
2676 4154 2725 4209 si
2748 4152 2975 4210 homini
2994 4165 3112 4206 non
3133 4149 3354 4206 elevato

1986 4232 2057 4289 ad
2091 4232 2268 4290 finem
2315 4235 2815 4306 supernaturalem
2860 4232 3052 4305 aliqua
3079 4230 3177 4287 via
3202 4230 3353 4284 certo

1985 4316 2366 4372 innotesceret
2386 4317 2565 4372 Deum
2593 4332 2715 4373 esse
2740 4315 3060 4381 authorem,
3089 4315 3145 4368 et
3168 4309 3350 4366 finem

1975 4389 2487 4468 'supernaturalem
2516 4396 2684 4469 (quod
2726 4413 2843 4453 non
2871 4397 3110 4468 apparet
3130 4393 3352 4465 impos-

1983 4478 2170 4545 sibile,
2196 4477 2246 4534 si
2291 4496 2343 4538 v.
2387 4496 2441 4553 g.
2474 4482 2619 4537 alter
2662 4480 2835 4536 homo
2873 4479 3130 4534 elevatus
3159 4476 3267 4532 hoc
3293 4472 3347 4528 ei

1985 4567 2345 4634 proponeret,
2377 4561 2468 4618 cui
2511 4561 2633 4634 ipse
2678 4577 2781 4634 per
2818 4558 2994 4616 fidem
3023 4557 3348 4615 naturalem

1984 4643 2325 4714 assentiret),
2353 4647 2409 4700 et
2423 4644 2679 4718 graviter
2703 4641 3045 4715 peccaret,ut
3060 4644 3196 4712 puta
3217 4636 3350 4695 odio

1984 4721 2248 4780 habendo
2275 4726 2454 4780 Deum
2481 4722 2985 4795 supernaturalem
3016 4720 3340 4780 authorem,

1983 4809 2040 4861 et
2064 4802 2262 4871 finem,
2299 4804 2673 4879 proculdubio
2714 4804 2904 4876 ipsum
2933 4808 2995 4858 ut
3022 4803 3343 4866 authorem,

1982 4889 2039 4941 et
2080 4883 2260 4942 finem
2304 4886 2810 4960 supernaturalem
2870 4882 3183 4941 offenderet
3220 4904 3236 4949 ;
3290 4882 3349 4936 et

1984 4971 2178 5024 tamen
2204 4983 2274 5024 ea
2302 4969 2508 5026 notitia
2532 4983 2638 5025 nec
2665 4966 2965 5024 hominem
2993 4965 3247 5023 elevaret
3273 4959 3344 5019 ad

1984 5048 2252 5105 altiorem
2273 5054 2505 5119 statum,
2541 5065 2644 5108 nec
2671 5050 2982 5124 praestaret,
3014 5045 3163 5120 quod
3195 5047 3346 5101 Deus

3244 5141 3347 5199 pel·
