3647 5753
460 447 572 504 558

460 619 784 691 Praeceptor
805 618 1055 676 intendit
1069 620 1413 679 constituere
1433 619 1825 678 differentiam

462 699 617 756 inter
655 707 1078 758 sacramentum
1127 701 1496 775 poenitentiae,
1538 706 1593 758 et
1636 700 1828 774 poeni-

366 839 380 848 ,
461 780 702 836 tentiam
752 781 1068 839 virtutem:
1123 799 1249 856 quae
1296 782 1623 839 differentia
1666 780 1829 838 suffi-

244 3607 344 3652 dum
356 3617 422 3652 ar·

260 3667 430 3752 aar

258 4294 419 4339 conflr-

264 4349 402 4390 matur

262 4394 415 4445 primo.

463 861 680 919 cienter
706 864 964 920 salvatur
1000 881 1102 937 per
1141 867 1264 933 hoc,
1307 863 1457 938 quod
1498 880 1598 937 per
1638 881 1698 922 se
1738 866 1828 921 lo-

463 945 708 1016 quendo,
740 950 797 1002 et
818 946 977 1019 juxta
1006 962 1373 1004 communem
1398 943 1826 1020 providentiam

462 1025 663 1080 nullus
722 1027 1086 1099 consequitur
1151 1027 1550 1084 remissionem
1616 1025 1827 1100 peccati

462 1108 784 1180 personalis
825 1107 1035 1181 absque
1069 1114 1195 1165 actu
1239 1108 1618 1182 poenitentiae5
1652 1123 1827 1180 quam

462 1193 657 1246 tamen
711 1191 980 1263 consequi
1028 1191 1183 1246 valet
1225 1189 1540 1246 secundum
1581 1189 1827 1246 eandem

462 1269 888 1344 providentiam
915 1271 1043 1328 sine
1063 1276 1422 1328 sacramento
1450 1270 1822 1344 poenitentiae,

461 1352 665 1410 saltem
706 1357 769 1406 ut
794 1356 1048 1425 suscepto
1074 1353 1153 1412 Vin
1197 1366 1296 1407 re:
1341 1367 1476 1425 ergo
1510 1350 1828 1408 secundum

463 1432 610 1487 hanc
651 1432 1076 1505 providentiam
1125 1433 1380 1506 loquitur
1420 1435 1484 1488 D.
1529 1433 1733 1489 Thom.
1773 1436 1829 1488 et

465 1528 582 1570 non
611 1530 710 1587 per
740 1520 1057 1587 respectum
1087 1513 1157 1570 ad
1187 1514 1500 1586 potentiam
1531 1514 1629 1571 Dei
1659 1513 1829 1570 abso-

463 1595 664 1651 lutam.
698 1595 857 1659 Quod
896 1595 1033 1651 satis
1073 1595 1353 1668 expressit
1392 1597 1447 1652 S.
1495 1597 1698 1652 Doctor
1723 1592 1828 1651 ad-

463 1673 685 1732 dendo:
729 1698 753 1728 «
783 1677 1219 1734 Sacramentum
1255 1681 1447 1733 autem
1477 1675 1830 1749 poenitentias

470 1780 496 1810 «
525 1757 817 1831 perficitur
844 1774 944 1830 per
965 1759 1213 1817 officium
1236 1758 1546 1815 sacerdotis
1568 1758 1822 1832 ligantia,

467 1859 493 1890 α
523 1842 581 1893 et
605 1839 880 1896 solventis
910 1860 923 1894 :
949 1840 1077 1896 sine
1102 1855 1213 1913 quo
1242 1844 1423 1913 potest
1456 1841 1604 1894 Deus
1632 1854 1828 1912 pecca-

471 1939 496 1969 «
525 1920 646 1974 tum
701 1920 1026 1985 remittere,
1083 1919 1231 1975 sicut
1284 1918 1508 1976 remisit
1567 1919 1829 1976 Christus

469 2019 494 2051 α
525 1998 764 2056 mulieri
792 1999 1083 2066 adulterae,
1122 2003 1185 2055 ut
1225 2000 1435 2075 legitur
1473 1998 1639 2057 Joan.
1671 2001 1726 2067 8,
1772 2003 1831 2056 et

470 2102 495 2135 α
526 2083 856 2151 Peccatrici,
899 2087 962 2137 ut
988 2082 1198 2157 legitur
1224 2081 1359 2139 Luc.
1389 2085 1448 2139 7.
1493 2081 1713 2147 Quibus
1736 2088 1828 2139 ta-

469 2183 495 2214 «
524 2177 660 2218 men
716 2179 834 2220 non
895 2162 1119 2220 remisit
1170 2167 1394 2235 peccata
1442 2163 1570 2219 sine
1613 2162 1830 2219 virtute

467 2265 493 2296 α
524 2245 895 2316 poenitentiae.
927 2266 953 2297 »
987 2247 1057 2301 Et
1082 2250 1232 2303 certe
1276 2261 1449 2318 quam
1493 2261 1698 2317 parum
1738 2245 1829 2301 fa-

460 2329 591 2381 veat
617 2323 970 2382 adversariis
997 2325 1089 2382 hic
1118 2326 1273 2383 locus
1303 2328 1366 2382 D.
1397 2325 1602 2383 Thom.
1636 2327 1729 2383 vel
1757 2340 1829 2381 ex

458 2422 527 2463 eo
573 2408 771 2480 liquet,
814 2408 1089 2482 quoniam
1132 2408 1253 2482 ipse
1293 2409 1547 2482 loquitur
1590 2407 1662 2465 de
1702 2413 1827 2464 actu

461 2489 715 2556 formali,
747 2497 803 2547 et
847 2495 1118 2563 expresso
1165 2492 1537 2564 poenitentiae,
1590 2495 1652 2545 ut
1701 2489 1828 2547 evi-

459 2570 662 2628 denter
689 2578 908 2628 constat
927 2588 998 2629 ex
1028 2576 1184 2629 textu
1213 2595 1225 2629 :
1249 2589 1384 2648 ergo
1404 2574 1454 2629 si
1483 2572 1737 2644 loquitur
1757 2571 1828 2629 de

459 2651 582 2726 ejus
598 2652 931 2708 necessitate
953 2667 1056 2725 per
1085 2658 1401 2724 respectum
1424 2651 1494 2709 ad
1511 2651 1825 2725 potentiam

458 2733 562 2790 Dei
615 2732 968 2801 absolutam,
1020 2734 1277 2805 sequitur
1329 2733 1479 2806 quod
1543 2734 1608 2790 in
1663 2734 1827 2791 nullo

456 2820 665 2874 eventu
694 2816 870 2888 possit
908 2819 1197 2889 peccatum
1241 2816 1484 2872 mortale
1525 2817 1826 2890 personale

458 2898 679 2955 remitti
708 2896 917 2970 absque
959 2898 1213 2965 formali,
1246 2903 1303 2955 et
1339 2913 1609 2971 expressa
1636 2900 1827 2971 poeni-

457 2978 673 3044 tentia;
704 2976 853 3050 quod
880 2981 1075 3034 tamen
1101 2978 1437 3036 Dominicus
1469 2981 1601 3037 Soto
1628 2980 1723 3036 lib.
1764 2983 1819 3048 2,

456 3062 521 3117 de
558 3068 786 3127 natura,
830 3067 881 3115 et
925 3062 1133 3131 qratia,
1183 3078 1304 3134 cap.
1345 3062 1425 3129 16,
1477 3063 1827 3138 recognoscit

456 3159 578 3202 esse
623 3144 869 3210 falsum;
910 3159 1068 3210 nam,
1120 3149 1181 3200 ut
1234 3143 1355 3216 ipse
1407 3144 1612 3217 inquit,
1662 3147 1826 3220 juxta

456 3239 824 3282 communem
847 3223 1267 3297 Theologorum
1283 3240 1645 3295 consensum,
1671 3242 1827 3282 mar-

455 3304 677 3380 tyrium
696 3303 939 3361 remittit
952 3309 1175 3377 peccata
1190 3306 1316 3361 sine
1331 3321 1534 3362 eorum
1556 3322 1826 3380 expresso

457 3384 672 3453 dolore,
705 3382 1017 3440 dummodo
1045 3400 1162 3441 non
1192 3383 1340 3441 adsit
1367 3387 1723 3459 propositum
1753 3385 1825 3443 ad

457 3467 697 3532 malum,
730 3466 823 3522 vel
849 3465 1282 3538 complacentia.

531 3549 623 3604 39.
668 3546 923 3604 Secundo
945 3548 1207 3622 arguitur
1235 3548 1460 3604 ratione
1486 3569 1499 3604 ε
1523 3548 1661 3620 quia
1692 3564 1825 3621 pec-

458 3633 649 3686 catum
691 3628 982 3686 habituale
1029 3629 1329 3701 personale
1369 3634 1451 3684 est
1489 3630 1823 3687 voluntaria

461 3712 711 3786 privatio
735 3711 935 3785 gratiae
966 3731 981 3767 ε
1010 3727 1143 3785 ergo
1167 3711 1291 3768 tolli
1322 3726 1439 3767 non
1470 3716 1650 3784 potest
1691 3712 1825 3769 abs-

459 3808 569 3867 que
592 3792 919 3849 voluntaria
952 3793 1275 3865 receptione
1295 3789 1550 3865 ejusdem
1571 3788 1772 3866 gratiae
1802 3812 1817 3847 ε

455 3874 555 3932 sed
599 3874 785 3950 gratia
827 3874 1026 3948 nequit
1071 3874 1401 3932 voluntarie
1456 3876 1672 3948 recipi,
1706 3877 1821 3935 nisi

457 3960 631 4016 homo
673 3957 930 4031 aliquam
957 3956 1349 4029 operationem
1378 3957 1590 4024 eliciat,
1613 3964 1668 4016 et
1694 3976 1825 4034 gra-

458 4040 600 4096 tiam
629 4042 873 4110 acceptet
898 4053 1071 4112 :ergo
1112 4035 1473 4111 impossibile
1507 4045 1593 4096 est
1626 4056 1822 4113 pecca-

455 4127 580 4179 tum
628 4119 920 4177 habituale
980 4120 1283 4193 personale
1334 4120 1555 4178 auferri
1608 4120 1822 4196 absque

458 4204 653 4277 aliqua
679 4202 1057 4275 dispositione
1085 4202 1313 4259 actuali.

532 4285 921 4344 confirmatur
949 4285 1158 4358 prim0,
1184 4283 1320 4357 quia
1342 4289 1631 4357 peccatum
1661 4284 1822 4344 habi-

456 4368 612 4423 tuale
639 4366 937 4439 personale
968 4365 1337 4422 constituitur
1381 4380 1481 4437 per
1521 4364 1819 4425 habitudi-

455 4465 592 4506 nem
632 4446 703 4504 ad
730 4446 917 4504 actum
949 4446 1407 4520 peccaminosum
1437 4449 1816 4520 praeteritum,

455 4532 730 4600 tanquam
759 4526 830 4582 ad
857 4543 1021 4584 suam
1053 4543 1281 4584 causam
1311 4525 1562 4595 unicam,
1594 4534 1648 4585 et
1677 4529 1821 4588 adae-

455 4612 689 4682 quatam
734 4628 747 4663 :
790 4622 927 4682 ergo
967 4608 1167 4680 nequit
1207 4611 1495 4680 peccatum
1525 4608 1820 4669 habituale

455 4688 676 4747 auferri
721 4688 848 4744 sine
891 4687 1291 4746 retractatione
1338 4687 1595 4760 praedicti
1662 4695 1817 4748 actus

359 4817 368 4827 .
455 4767 872 4844 peccaminosi;
903 4767 1008 4826 hoc
1034 4774 1224 4826 autem
1256 4769 1553 4825 retractari
1581 4785 1700 4833 non
1722 4788 1819 4828 va-

455 4850 551 4919 let,
589 4850 703 4906 nisi
734 4865 835 4922 per
862 4854 1050 4906 actum
1091 4849 1416 4924 oppositum
1463 4870 1477 4906 :
1518 4865 1654 4925 ergo
1701 4851 1815 4909 nisi

456 4930 685 4988 adultus
724 4929 941 5002 impius
973 4929 1165 4987 eliciat
1191 4931 1443 5005 aliquem
1466 4936 1676 4999 actum,
1710 4948 1817 4990 ne-

454 5011 580 5085 quit
605 5027 638 5066 a
703 5015 887 5066 eccato
916 5008 1209 5067 mundari.

530 5087 646 5141 Con
697 5089 914 5139 rmatar
940 5085 1204 5154 secundo,
1231 5085 1365 5158 quia
1406 5091 1695 5159 peccatum
1716 5130 1730 5157 ,
1760 5093 1819 5146 et

1129 449 1223 504 DE
1262 447 1868 504 DISPOSITIONIBUS
1904 450 2001 504 AD
2038 449 2698 507 JUSTIFICATIONEM.

1958 619 2174 679 offensa
2203 623 2302 680 Dei
2329 622 2536 682 debent
2563 623 2740 680 simul
2781 620 2999 680 auferri
3048 641 3061 676 z
3101 619 3201 676 sed
3227 619 3318 676 of-

1959 701 2122 759 fensa
2148 719 2265 760 non
2306 706 2458 761 valet
2498 705 2644 770 tolli,
2690 703 2946 778 quandiu
2975 708 3172 758 manet
3198 701 3321 776 ejus

1958 800 2143 851 causa,
2171 800 2378 860 nempe
2419 793 2573 844 actus
2601 786 2925 861 praeteritus
2953 801 3072 842 non
3102 789 3319 841 retrac-

1957 870 2140 933 tatus;
2174 882 2278 923 nec
2302 868 2407 924 iste
2453 866 2752 924 retractari
2800 871 3017 939 potest,
3072 865 3187 921 nisi
3217 880 3319 938 per

1958 947 2281 1019 oppositum
2310 952 2497 1004 actum
2544 968 2558 1003 ε
2598 963 2733 1020 ergo
2777 947 2826 1002 si
2868 946 3086 1019 impius
3129 951 3318 1003 actum

1961 1028 2381 1084 retractationis
2409 1043 2527 1085 non
2560 1028 2771 1095 eliciat,
2799 1029 3001 1102 nequit
3028 1033 3318 1100 peccatum

1958 1124 2186 1167 exuere.

2033 1183 2421 1241 confirmatur
2442 1184 2630 1251 terti0,
2651 1184 2786 1258 quia
2808 1184 3058 1258 privatio
3081 1169 3320 1240 moralis

1961 1266 2156 1339 nequit
2179 1265 2416 1332 auferri,
2451 1266 2566 1321 nisi
2591 1282 2690 1340 per
2719 1267 2968 1323 formam
2999 1267 3316 1324 moralem:

1958 1346 2058 1405 sed
2106 1352 2397 1420 peccatum
2425 1347 2719 1405 habituale
2744 1353 2830 1404 est
2859 1349 3110 1422 privatio
3135 1364 3319 1405 mora-

1960 1428 2032 1485 lis
2046 1428 2265 1503 gratiae3
2294 1433 2349 1484 et
2366 1428 2552 1502 gratia
2575 1430 2772 1504 nequit
2791 1428 2902 1485 dici
2925 1428 3116 1485 forma
3137 1443 3320 1485 mora-

1960 1510 2052 1576 lis,
2085 1510 2200 1566 nisi
2228 1517 2508 1584 quatenus
2535 1511 2862 1569 voluntarie
2885 1512 3159 1585 recipitur
3181 1536 3195 1579 ;
3220 1527 3322 1569 nec

1958 1591 2041 1648 ita
2084 1593 2260 1665 recipi
2284 1598 2483 1666 potest,
2510 1594 2624 1650 nisi
2647 1594 2875 1652 adultus
2902 1594 3159 1667 aliquam
3185 1609 3320 1667 ope-

1961 1673 2247 1730 rationem
2276 1675 2469 1732 eliciat
2513 1697 2526 1732 :
2569 1691 2705 1750 ergo
2744 1674 2815 1732 de
2845 1676 3033 1749 primo
3072 1675 3143 1732 ad
3181 1676 3320 1732 ulti-

1959 1771 2123 1811 mum
2154 1762 2455 1831 repugnat,
2482 1756 2632 1830 quod
2661 1763 2949 1831 peccatum
2993 1758 3319 1815 remittatur

1960 1833 2155 1892 adulto
2201 1834 2412 1911 absque
2456 1837 2648 1910 aliqua
2696 1837 2902 1894 actuali
2930 1836 3183 1910 ejusdem
3209 1836 3320 1894 dis·

1960 1917 2265 1991 positione.

2034 1999 2153 2056 Hoc
2194 2004 2603 2073 argumentum
2629 2015 2760 2055 cum
2788 2000 2908 2057 suis
2937 2000 3319 2059 confirmatio-
3333 2029 3537 2082 ww-

1959 2078 2134 2135 nibus
2159 2086 2357 2137 manet
2380 2081 2721 2139 convulsum
2744 2097 2820 2137 ex
2834 2098 3009 2155 supra
3031 2082 3196 2140 dictis
3218 2101 3318 2156 pro
3359 2078 3427 2121 ⁵³⁰
3443 2078 3503 2123 “¹

1959 2165 2155 2218 nostra
2180 2162 2563 2229 conclusione,
2606 2166 2663 2218 et
2689 2164 2985 2233 aequaliter
3012 2165 3227 2222 militat
3254 2167 3319 2222 in
3335 2138 3544 2224 uie'fiffim.

3357 636 3500 731 „iia

3358 1193 3516 1239 Tertio.

1961 2244 2182 2314 peccato
2208 2242 2479 2316 originali
2503 2243 2898 2314 parvulorum,
2926 2250 2985 2299 ut
3007 2244 3169 2301 facile
3189 2262 3321 2303 con·

1958 2323 2237 2380 sideranti
2257 2323 2556 2381 constabit.
2589 2326 2986 2399 Respondetur
3025 2331 3217 2383 tamen
3245 2327 3319 2384 ad

1959 2409 2383 2478 argumentum,
2413 2407 2699 2477 peccatum
2730 2406 3016 2464 habituale
3043 2423 3159 2465 non
3186 2424 3320 2465 con·

1957 2484 2160 2540 sistere
2200 2484 2529 2542 formaliter
2576 2486 2640 2541 in
2686 2487 3017 2544 voluntaria
3059 2493 3320 2545 contrac-

1958 2566 2115 2623 tione
2146 2567 2491 2639 privationis
2516 2568 2736 2643 gratiae,
2762 2569 2860 2627 sed
2888 2570 2950 2625 in
2976 2571 3095 2643 ipsa
3115 2573 3320 2647 gratiae

1959 2646 2303 2719 privatione,
2334 2666 2458 2722 quae
2484 2654 2769 2706 transacto
2797 2655 2918 2707 actu
2944 2651 3312 2725 relinquitur.

1960 2730 2298 2805 Hujusmodi
2330 2738 2522 2789 autem
2565 2733 2812 2806 privatio
2832 2734 3179 2792 sufficienter
3206 2738 3320 2794 tol-—

1958 2811 2100 2867 litur
2121 2828 2222 2886 per
2244 2814 2512 2888 gratiam,
2538 2832 2762 2889 quoquo
2789 2814 2960 2872 modo
2988 2815 3320 2876 introduca-

1957 2899 2051 2952 tur
2080 2917 2093 2952 :
2118 2901 2240 2951 tum
2262 2896 2396 2968 quia
2437 2897 2700 2970 privatio,
2733 2898 3079 2956 adveniente
3107 2900 3313 2968 forma,

1956 2976 2243 3034 evanescit
2275 2997 2288 3031 ε
2326 2982 2449 3034 tum
2476 2979 2612 3051 quia
2640 2984 2928 3051 peccatum
2956 2986 3042 3037 est
3068 2981 3319 3053 privatio

1955 3057 2172 3132 gratiae,
2209 3058 2334 3115 sive
2371 3060 2721 3126 voluntarie,
2749 3059 2872 3116 sive
2901 3076 3019 3118 non
3049 3064 3317 3121 volunta-

1957 3139 2043 3196 rie
2072 3144 2310 3212 receptae
2342 3161 2355 3195 ε
2387 3145 2510 3196 tum
2550 3141 2684 3213 quia
2724 3142 3122 3199 voluntarium
3150 3144 3316 3201 habi-

1957 3221 2128 3288 tuate,
2155 3222 2304 3294 quod
2333 3223 2396 3279 in
2426 3230 2647 3297 peccato
2682 3223 2962 3282 habituali
2993 3226 3311 3294 invenitur,

1955 3305 2267 3378 expellitur
2289 3322 2390 3378 per
2410 3306 2809 3363 voluntarium
2837 3307 3129 3365 habituale
3151 3326 3319 3383 oppo-

1955 3384 2151 3452 situm,
2177 3384 2325 3459 quod
2349 3388 2619 3443 convenit
2637 3389 2857 3461 gratiae.
2879 3391 3028 3445 Nam
3051 3390 3318 3463 quemad-

1955 3465 2194 3523 modum
2243 3467 2417 3525 homo
2464 3483 2563 3541 per
2607 3475 2896 3540 peccatum
2945 3471 3237 3529 habituale
3281 3488 3315 3528 a

1955 3552 2069 3607 Deo
2091 3548 2466 3607 habitualiter
2502 3551 2800 3618 avertitur,
2834 3553 2916 3609 ita
2944 3570 3044 3626 per
3069 3555 3316 3628 gratiam

1955 3631 2311 3689 habitualem
2390 3633 2748 3690 convertitur
2812 3634 3184 3693 habitualiter
3251 3636 3315 3692 in

1954 3714 2156 3769 Deum.

2031 3791 2194 3849 Unde
2230 3797 2383 3866 patet
2403 3791 2473 3848 ad
2497 3794 2750 3866 primam
2773 3794 3264 3853 confirmationem
3291 3819 3308 3861 ;
3354 3820 3503 3864 Prima

1956 3890 2091 3931 nam
2135 3880 2423 3947 peccatum
2465 3875 2759 3933 habituale
2806 3893 2923 3935 non
2951 3880 3314 3938 constituitur
3357 3870 3515 3964 ssffinig'

1954 3954 2280 4012 formaliter
2305 3973 2405 4029 per
2428 3964 2615 4014 actum
2654 3960 3032 4029 praeteritum,
3067 3960 3194 4015 licet
3221 3961 3316 4018 di-
3332 3968 3536 4014 diluitur.

1954 4039 2041 4091 cat
2063 4034 2465 4094 habitudinem
2492 4037 2562 4094 ad
2586 4038 2754 4093 illum
2789 4060 2802 4094 ε
2831 4039 2929 4096 sed
2951 4042 3315 4099 constituitur

1955 4130 2056 4187 per
2082 4131 2204 4172 esse
2232 4117 2617 4189 privationem
2640 4119 2842 4192 gratiae
2864 4136 2993 4176 cum
3024 4119 3318 4179 additione

1955 4195 2210 4269 praedicti
2241 4206 2544 4272 respectus,
2576 4198 2933 4258 Adveniente
2962 4207 3154 4257 autem
3182 4219 3320 4276 gra-

1954 4277 2051 4345 tia,
2111 4277 2243 4336 licet
2288 4281 2453 4336 nulla
2506 4278 2654 4336 adsit
2698 4280 2996 4354 dispositio
3044 4284 3285 4339 actualis
3304 4329 3318 4349 ,

1953 4360 2181 4417 tollitur
2207 4367 2264 4418 et
2286 4363 2491 4436 gratiae
2522 4363 2790 4435 privati0,
2816 4369 2872 4421 et
2901 4372 3190 4438 respectus
3216 4367 3323 4424 tali

1953 4441 2267 4513 privationi
2314 4443 2607 4510 innitens;
2642 4450 2811 4518 atque
2855 4446 2985 4503 ideo
3029 4449 3325 4505 evanescit

1951 4529 2243 4595 peccatum
2273 4524 2587 4585 habituale.
2623 4531 2806 4586 Immo
2832 4534 2890 4585 et
2916 4532 3071 4585 actus
3120 4536 3321 4602 praete÷

1952 4602 2098 4660 ritus
2119 4606 2400 4662 aufertur:
2419 4613 2541 4664 tum
2563 4610 2698 4681 quia
2721 4625 2838 4666 non
2856 4610 3230 4682 permanebat
3251 4612 3320 4668 in

1948 4684 2153 4759 seipso,
2189 4691 2251 4743 ut
2277 4687 2455 4760 liquet
2473 4713 2486 4755 ;
2513 4689 2612 4747 sed
2637 4692 2700 4746 in
2726 4706 2832 4747 suo
2852 4689 3073 4756 effectu,
3107 4707 3323 4765 nempe

1950 4767 2015 4823 in
2060 4768 2386 4841 privatione
2423 4771 2641 4845 grathe,
2672 4788 2798 4845 quae
2838 4787 2938 4845 per
2967 4772 3153 4844 ipsam
3175 4790 3316 4848 gra-

1948 4847 2091 4904 tiam
2142 4850 2489 4909 excluditur.
2535 4853 2682 4908 Tum
2735 4854 2871 4926 quia
2896 4852 3319 4926 aequivalenter

1950 4934 2291 4988 retractatur
2315 4948 2417 5005 per
2441 4933 2640 5007 gratiae
2687 4934 3061 4991 infusionem.
3114 4937 3316 4994 Gratia

1949 5012 2107 5068 enim
2147 5030 2279 5070 cum
2310 5015 2386 5070 sit
2408 5015 2770 5088 participatio
2790 5015 3110 5089 superioris
3137 5023 3316 5075 natu-

1950 5108 2042 5162 rae,
2067 5099 2124 5152 et
2148 5095 2483 5153 dominetur
2503 5099 2814 5170 supposito,
2846 5114 3046 5156 omnes
3074 5098 3197 5171 ejus
3221 5099 3316 5156 in·

2967 5179 3315 5239 clinationes
