3647 5753
128 1148 156 1178 >1

127 1187 170 1229 ’is

127 1251 152 1279 ι.

131 1291 161 1344 t-

130 1346 161 1377 n

131 1385 142 1475 Ἰ
200 1449 378 1515 qratia
397 1455 657 1511 estez-se,
691 1454 742 1502 et
780 1448 850 1503 ab
896 1451 1188 1505 intrinseco
1227 1451 1449 1523 efficaoe,
1494 1455 1577 1506 ut‘

1319 389 1499 444 DISP.
1548 389 1664 457 Vn,
1709 389 1873 446 DUB.
1921 392 2016 446 IV.

216 557 431 610 suntin
456 555 694 612 haereses
737 563 989 615 extreme
1037 559 1377 617 contrarias,
1411 561 1557 616 Pro-

214 635 413 707 positio
433 642 516 692 est
549 658 561 692 ε
597 660 621 689 «
652 638 846 694 Gratia
873 655 940 695 ex
962 655 1040 704 se,
1073 639 1214 697 etab
1245 640 1558 698 intrinseco

219 738 242 766 ιι
281 715 475 772 efficax
501 732 617 772 non
636 717 880 775 cohaeret
906 734 1035 775 cum
1081 717 1363 775 libertate.
1396 741 1421 770 »
1450 720 1556 775 Cui

210 796 343 852 dum
371 798 631 871 Pelagius
657 798 919 873 adjunxit
946 802 1117 857 istam
1146 822 1160 856 ε
1198 823 1222 852 α
1252 800 1359 857 Sed
1382 800 1558 858 homo

214 900 239 929 ιι
278 883 546 949 operatur
584 877 783 944 libere,
829 887 892 936 ut
923 882 1218 953 Scriptura
1262 879 1456 945 docet,
1500 884 1557 936 et

212 978 237 1006 a
275 956 625 1028 experientia
674 959 905 1025 evincit,
936 981 959 1010 υ
996 961 1204 1016 intulit
1255 981 1267 1015 ε
1327 981 1351 1011 α
1409 961 1556 1035 Ergo

212 1062 237 1090 α
276 1055 393 1095 11011
415 1040 583 1096 datur
606 1043 811 1116 gratia,
836 1059 960 1115 quae
981 1044 1151 1100 faciat
1197 1060 1302 1102 nos
1344 1043 1549 1108 facere,

212 1140 236 1170 κ
275 1124 423 1175 etex
452 1121 778 1178 nolentibus
823 1123 994 1179 faciat
1038 1124 1294 1181 volentes
1319 1147 1333 1190 ;
1360 1144 1385 1174 n
1430 1138 1556 1196 quae

205 1199 351 1258 idem
382 1202 568 1274 reipsa
587 1209 671 1259 est
710 1220 838 1261 cum
865 1205 1051 1278 gratia
1078 1221 1148 1262 ex
1174 1222 1234 1262 se
1254 1205 1462 1262 efficaci
1485 1203 1555 1261 ab

203 1282 514 1356 Augustino
533 1289 765 1352 asserta,
800 1290 862 1340 ut
887 1290 1104 1341 constat
1123 1302 1194 1342 ex
1223 1285 1406 1342 dictis.
1432 1286 1554 1341 Cal-

206 1364 368 1419 vinus
393 1371 584 1421 autem
613 1365 782 1423 aliter
825 1366 1128 1432 subsumit,
1175 1383 1383 1440 nempe
1409 1388 1422 1423 ε
1445 1365 1555 1425 Sed

202 1527 507 1599 Scriptura,
540 1528 793 1584 Concilia
814 1528 1068 1601 antiqua,
1096 1531 1471 1604 AugustinuS,
1497 1535 1553 1586 et

202 1607 298 1664 alii
318 1610 516 1665 Patres
555 1609 769 1682 passim
799 1608 1103 1667 definiunt.
1133 1611 1298 1668 Unde
1318 1612 1551 1668 conclu-

199 1688 278 1743 dit
310 1689 495 1761 :Eryo
520 1693 788 1764 homoper
809 1695 1057 1761 qratiam
1081 1695 1353 1766 efficacem
1376 1700 1552 1749 motus

197 1787 299 1826 non
323 1773 436 1842 ayit
485 1772 667 1827 libere.
722 1773 1105 1836 Quamobrem
1140 1779 1551 1847 consequenter

200 1859 559 1909 asseruerunt
606 1852 751 1909 alias
796 1852 938 1910 duas
987 1855 1402 1926 propositiones
1446 1871 1550 1912 ex-

200 1939 368 1988 treme
391 1933 713 2006 oppositas3
740 1949 876 1989 nam
899 1935 1182 2008 Pelagius,
1216 1940 1275 1989 ut
1294 1939 1550 1992 servaret

203 2011 534 2079 libertatem,
561 2012 798 2069 admisit
828 2015 1078 2087 gratiam
1104 2014 1468 2082 excitantem,
1493 2018 1549 2071 et

200 2094 416 2167 negavit
439 2095 688 2168 gratiam
710 2093 1010 2151 efficaciter
1031 2100 1391 2151 moventem:
1417 2095 1548 2149 Cal-

201 2175 358 2231 vinus
376 2181 591 2239 autem,
625 2181 687 2231 ut
706 2181 966 2234 servaret
987 2191 1182 2232 veram
1210 2177 1410 2250 gratiae
1423 2174 1548 2231 effi-

197 2257 411 2323 caciam,
430 2257 676 2315 asseruit
694 2273 928 2314 omnem
942 2257 1191 2331 gratiam
1209 2256 1546 2313 interiorem

194 2338 477 2395 efficaciter
499 2354 757 2404 movere,
776 2344 833 2395 et
854 2339 1085 2412 negavit
1103 2340 1308 2395 saltem
1331 2339 1548 2395 virtua-

197 2419 337 2484 liter,
366 2421 615 2493 gratiam
640 2435 781 2492 pure
822 2419 1189 2475 excitantem.
1235 2420 1547 2492 Utramque

198 2505 375 2555 autem
398 2499 666 2556 haeresim
705 2499 875 2556 unico
904 2499 1283 2555 anathematis
1311 2500 1421 2555 ictu
1448 2499 1546 2572 ju-

197 2580 401 2653 gulavit
418 2580 745 2636 Concilium
768 2578 1317 2636 TridentinumseSS.
1342 2581 1397 2645 6,
1416 2598 1540 2636 can.

199 2665 247 2727 4,
270 2661 559 2718 diffiniens
580 2661 838 2718 hominis
865 2660 1174 2717 arbitrium
1226 2659 1333 2716 sub
1357 2662 1546 2735 gratia

201 2751 305 2800 tam
325 2746 630 2808 excitante,
656 2759 829 2816 quam
858 2749 1124 2800 movente
1169 2743 1545 2799 constitutum

198 2823 362 2882 libere
382 2840 569 2899 agere.
623 2825 693 2879 Et
720 2823 866 2880 hanc
906 2823 1146 2881 Concilii
1198 2823 1545 2882 determina·

195 2906 389 2964 tionem
418 2923 535 2963 non
588 2906 777 2963 solum
820 2905 1183 2972 verbotenuS,
1231 2906 1327 2963 sed
1368 2906 1544 2962 etiam

192 2988 359 3060 quoad
383 2994 663 3054 mentem,
689 2993 745 3045 et
772 2988 1155 3044 intentionem
1185 2990 1545 3060 amplectun-

195 3074 277 3123 tur
297 3067 633 3125 fidelissime
659 3067 984 3131 Thomistae,
1015 3066 1153 3122 dum
1184 3074 1449 3124 asserunt
1472 3084 1543 3125 ex

193 3163 294 3204 una
320 3155 493 3220 parte,
546 3146 680 3202 dari
728 3146 957 3219 aliquod
1008 3146 1207 3220 gratiae
1260 3149 1542 3204 auxilium

196 3244 259 3283 ex
280 3228 569 3295 seefficax,
603 3243 717 3301 quo
745 3228 890 3283 Deus
938 3226 1073 3283 facit
1101 3244 1205 3284 nos
1251 3227 1456 3294 facere,
1487 3233 1542 3284 et

194 3322 257 3361 ex
280 3307 607 3364 uolentibus
656 3306 845 3362 reddit
890 3307 1175 3373 volentes3
1206 3312 1263 3364 et
1304 3323 1377 3364 ex
1429 3307 1543 3365 alia

198 3394 341 3459 parte
359 3388 673 3455 affirmant,
701 3387 1031 3461 hujusmodi
1047 3388 1334 3444 auxilium
1359 3389 1543 3446 relin-

196 3485 354 3539 quere
381 3474 721 3542 potestatem
750 3467 821 3524 ad
861 3468 1204 3541 oppositum,
1230 3476 1286 3525 et
1327 3470 1543 3541 optime

194 3566 311 3606 cum
355 3551 621 3608 libertate
660 3548 868 3605 actuali
910 3549 1212 3607 cohaerere.
1240 3550 1404 3608 Unde
1448 3549 1540 3608 di-

197 3637 347 3697 recte,
376 3637 432 3687 et
452 3629 798 3687 immediate
814 3636 1183 3701 prosternunt
1197 3646 1541 3704 germanum

198 3710 327 3766 illud
386 3711 833 3767 tundamentum
895 3710 1120 3766 Calvini
1195 3717 1250 3766 et
1297 3712 1535 3786 Pelagii,

197 3808 384 3864 nempe
405 3792 670 3849 Gratiam
690 3808 762 3845 ex
779 3807 852 3857 se,
877 3798 927 3845 et
946 3790 1014 3845 ab
1044 3792 1333 3848 intrinseco
1352 3794 1542 3866 effica-

195 3874 613 3929 cemlibertatem
632 3880 885 3928 evertere.
926 3871 1160 3929 Molinae
1201 3878 1391 3931 autem
1429 3874 1543 3930 dis·

196 3956 371 4026 cipuli,
397 3953 666 4027 quamvis
695 3959 996 4024 utramque
1041 3952 1307 4009 haeresim
1354 3954 1542 4010 catho-

198 4035 290 4091 lice
317 4035 689 4099 detestentur,
725 4033 1109 4090 nihilominus
1136 4031 1286 4088 illud
1316 4034 1540 4091 haereti-

197 4131 371 4172 eorum
392 4114 838 4172 fundamentum
858 4112 1248 4179 corroborant,
1272 4114 1534 4183 fulciunt,

198 4198 616 4265 etconfirmant,
647 4195 787 4251 dum
832 4195 974 4250 inid
999 4200 1140 4252 totos
1182 4211 1392 4252 nervos
1444 4196 1540 4252 in-

200 4278 452 4346 tendunt,
510 4283 577 4334 ut
631 4277 1079 4350 propositionem
1135 4273 1206 4331 ab
1257 4276 1541 4333 haereticis

200 4366 547 4433 assumptam,
581 4363 640 4414 et
674 4358 766 4414 cui
794 4361 909 4413 tota
947 4371 1215 4414 errorum
1271 4356 1541 4414 machina

198 4438 463 4505 innititur,
496 4437 837 4511 approbant,
869 4441 925 4492 et
964 4434 1288 4493 evidentem
1316 4435 1539 4509 deprae-

196 4517 384 4588 dicant,
409 4519 680 4577 videlicet
714 4516 973 4575 Gratiam
998 4516 1067 4572 ab
1096 4517 1385 4572 intrinseco
1417 4518 1539 4590 effi-

197 4616 354 4655 caoem
412 4616 524 4655 non
583 4614 737 4671 posse
794 4613 917 4651 cum
976 4595 1217 4650 libertate
1265 4598 1533 4667 componi.

198 4679 561 4743 Quamobrem
613 4693 741 4734 cum
790 4676 1115 4733 Thomistas
1164 4675 1530 4749 impugnant,

198 4761 577 4818 haereticorum
596 4773 779 4815 causae
805 4757 1029 4825 (saltem
1053 4755 1453 4821 materialiter,
1481 4760 1538 4811 et

198 4848 383 4914 praeter
402 4840 809 4909 intentionem)
836 4837 1030 4894 favent
1056 4861 1071 4903 ;
1102 4836 1311 4893 horum
1326 4835 1537 4909 quippe

200 4923 464 4996 principia
490 4921 562 4978 ab
589 4920 711 4977 illis
737 4925 940 4992 negata
962 4918 1175 4974 fovent.

262 5006 386 5060 223.
426 5006 609 5060 Porro
630 5000 938 5057 Calvinum
966 5014 1038 5055 ex
1078 4997 1377 5070 praesentia
1401 5012 1539 5072 gra-

332 5095 609 5156 Salmant.
642 5092 809 5154 Cura.
840 5090 1069 5162 theoloy.
1099 5097 1226 5146 tom.
1258 5086 1326 5146 X.

2957 395 3057 449 153

1694 561 1788 616 tiae
1808 577 1880 618 ex
1901 577 1979 627 se,
2012 568 2068 619 et
2096 562 2168 620 ab
2189 563 2503 622 intrinseco
2523 565 2761 622 efficacis
2793 565 3055 622 intulisse
3069 580 3264 638 calvinus

1691 642 2007 698 carentiam
2044 646 2336 714 potestatis
2385 645 2454 702 ad
2495 646 2836 718 oppositum,
2869 652 2925 702 et
2979 636 3267 722 li·⁰f}‘m⁸e‘aassi¹³

1693 719 1928 777 bertatis
1953 723 2416 795 destructionem,
2451 727 2630 799 liquet
2673 728 2812 783 satis
2860 732 3053 798 aperte
3091 730 3231 796 iprum

1690 816 1759 855 ex
1781 800 1948 857 dictis
1972 803 2100 860 dist.
2141 806 2185 868 1,
2217 823 2337 877 cap.
2363 808 2417 870 3,
2449 808 2549 876 §3,
2574 812 2630 863 et
2653 807 2819 863 facile
2858 811 3047 862 osten·-
3065 786 3248 870 ξζῇἷῗῗζ

1690 881 1867 938 ditur.
1894 884 2040 938 Tum
2067 886 2204 956 quia
2250 885 2552 958 praedictus
2573 887 2870 944 haereticus
2896 902 3046 944 asse-
3108 877 3238 920 '’³¹¹st

1693 964 1808 1019 ruit
1830 963 2127 1020 hominem
2149 965 2212 1020 in
2250 972 2397 1022 statu
2434 968 2796 1029 innocentiae.
2825 968 2888 1022 in
2914 984 3045 1039 quo,

1692 1049 1753 1099 ut
1780 1048 2057 1117 autumat,
2093 1061 2209 1102 non
2238 1046 2578 1103 movebatur
2599 1046 2834 1102 auxiliis
2883 1063 2952 1103 ex
2992 1062 3052 1103 se

1689 1121 2023 1189 efficacibus,
2051 1121 2232 1181 libere
2252 1125 2448 1198 egisse,
2484 1132 2542 1182 ut
2571 1128 2682 1183 late
2712 1125 2914 1199 probat
2941 1129 3052 1183 De-

1688 1203 1925 1275 champs
1949 1204 2164 1260 Jesuita
2194 1205 2286 1261 lib.
2324 1208 2339 1261 l
2373 1207 2437 1261 de
2464 1208 2650 1261 haeresi
2674 1205 3042 1273 Jansem'ana,

1689 1301 1810 1355 cap.
1842 1284 1895 1339 3.
1929 1285 2075 1342 Tum
2106 1285 2299 1342 verbis
2321 1286 2502 1359 ipsius
2524 1288 2751 1344 Calvini
2783 1291 2842 1343 in
2868 1306 2989 1360 cap.
3015 1288 3050 1341 6

1688 1362 1853 1419 Joan.
1883 1363 1980 1420 ubi
2003 1364 2084 1421 ait
2111 1386 2125 1420 ε
2155 1388 2180 1418 α
2206 1367 2549 1423 pronuntiat
2573 1369 2828 1424 Christus
2863 1368 3047 1424 effica-

1696 1468 1721 1497 «
1762 1462 1887 1502 cem
1934 1463 2056 1504 esse
2099 1448 2350 1519 Spiritus
2398 1450 2581 1506 sancti
2620 1452 2888 1525 gratiam,
2939 1466 3050 1524 qua

1695 1549 1720 1580 α
1764 1527 2114 1594 trahuntur,
2171 1534 2232 1584 ut
2266 1530 2589 1586 necessario
2641 1530 2896 1588 credant.
2949 1533 3052 1588 His

1694 1632 1720 1661 α
1764 1626 1997 1681 prorsus
2024 1611 2307 1667 evertitur
2335 1617 2451 1669 tota
2473 1611 2640 1668 liberi
2692 1612 2920 1670 arbitrii
2946 1631 3046 1687 po-

1692 1711 1718 1742 «
1760 1696 1960 1756 testaS,
2017 1706 2189 1762 quam
2237 1691 2345 1747 sibi
2393 1693 2687 1749 somniant
2729 1695 2987 1766 Papistae.
3017 1718 3046 1746 »

1687 1770 1754 1824 Et
1775 1772 1836 1825 in
1858 1769 1949 1824 ltb.
1976 1777 2165 1825 contra
2192 1771 2480 1842 Pelagium
2545 1773 2627 1829 ait
2661 1795 2673 1829 ε
2711 1798 2735 1826 «
2766 1776 2847 1831 Ita
2868 1775 3050 1832 effica-

1693 1872 1718 1902 «
1760 1849 1902 1905 citer
1929 1848 2169 1906 formari
2199 1852 2559 1919 ,voluntatem
2604 1859 2858 1909 nostram
2905 1872 3046 1913 con-

1692 1951 1717 1981 «
1760 1928 1951 1993 firmo,
1980 1935 2038 1984 ut
2059 1929 2305 2002 Spiritus
2323 1933 2502 1990 sancti
2525 1932 2755 1988 ductum
2778 1941 3046 2007 sequatur

1692 2031 1718 2061 α
1762 2009 2103 2067 necessario,
2131 2031 2155 2061 ι)
2184 2012 2331 2067 Tum
2360 2029 2432 2070 ex
2451 2015 2571 2087 ejus
2599 2013 2913 2086 discipuliS,
2946 2018 3044 2089 qui

1685 2090 1744 2147 id
1786 2091 1995 2164 passim
2045 2091 2351 2160 affirmant,
2407 2101 2467 2150 ut
2511 2098 2651 2151 Beza
2693 2096 2756 2152 in
2807 2099 3043 2154 Summa
3085 2122 3206 2163 neza.

1685 2173 2132 2240 Christianismi,
2153 2192 2282 2247 paq.
2318 2180 2436 2243 188,
2466 2176 2560 2234 ubi
2585 2180 2786 2235 asserit
2820 2184 3041 2236 :omnia

1683 2256 1981 2310 raecessario
2005 2272 2078 2310 em
2100 2254 2201 2312 Dei
2230 2258 2563 2314 lmmutabili
2589 2259 2793 2316 decreto
2807 2262 3038 2316 evenire.

1683 2337 1752 2391 Et
1776 2337 2027 2392 Joannes
2046 2338 2353 2410 Scarphius
2379 2341 2471 2397 lib.
2505 2345 2540 2396 2
2579 2341 2642 2396 de
2686 2342 2849 2397 libero
2887 2342 3041 2397 arbi·
3057 2358 3251 2409 scarpi-n.

1682 2417 1807 2482 trie,
1833 2433 1953 2488 cap.
1980 2416 2032 2480 3,
2063 2415 2159 2472 ubi
2183 2418 2302 2474 ait:
2345 2441 2370 2471 α
2415 2420 2670 2475 Dicimus
2710 2423 2771 2477 in
2808 2422 3043 2477 homine

1687 2519 1712 2550 «
1756 2502 1881 2569 post
1901 2498 2143 2568 lapsum,
2171 2502 2349 2555 Deum
2397 2501 2476 2557 ita
2513 2501 2808 2559 efficaciter
2852 2519 3038 2577 agere,

1687 2602 1714 2633 α
1755 2586 1810 2636 et
1832 2580 2189 2637 voluntatem
2217 2580 2458 2648 flectere,
2490 2584 2820 2640 uthominis
2842 2585 3044 2641 volun·

1688 2682 1714 2713 α
1759 2665 1843 2716 tas
1886 2662 2063 2717 Deum
2086 2663 2520 2720 conversionem
2551 2663 2807 2720 hominis
2856 2666 3046 2721 volen-

1689 2763 1713 2792 «
1758 2745 1891 2805 tem,
1918 2748 1973 2798 et
1992 2748 2330 2814 operantem
2355 2759 2471 2800 non
2485 2745 2644 2815 sequi
2669 2761 2784 2801 non
2810 2745 3037 2817 possit.»

1681 2822 1830 2876 Tum
1857 2820 2102 2895 denique
2127 2838 2198 2880 ex
2221 2824 2567 2881 testimoniis
2591 2825 3043 2892 Catholicorum‚

1681 2903 1777 2976 qui
1806 2903 1867 2960 id
1889 2911 2081 2975 aperte
2108 2912 2406 2974 testantur,
2443 2914 2504 2963 ut
2533 2908 2867 2963 Franciscus
2899 2909 3040 2964 Vul-
3080 2926 3225 2980 vulca-

1681 2983 1878 3039 canius
1923 2985 2228 3057 Episcopus
2282 2987 2551 3043 Metensis
2602 3005 2782 3059 opusc.
2849 2997 3042 3045 contra
3105 2985 3211 3017 '‘¹¹¹⁴“
3260 3046 3267 3053 ,

1679 3063 1938 3134 doymata
1962 3064 2190 3122 Caluini
2214 3084 2341 3138 pay.
2368 3068 2462 3132 63,
2487 3067 2583 3123 ubi
2609 3069 2811 3140 inquit:
2848 3092 2873 3122 «
2905 3069 3043 3127 Inde

1687 3165 1712 3196 «
1756 3145 2020 3200 manavit
2044 3161 2209 3202 error
2233 3147 2483 3211 calvini,
2515 3164 2625 3219 quo
2652 3149 2861 3206 falsum
2890 3151 3044 3207 axio·

1686 3243 1712 3272 u
1755 3240 1853 3281 ma
1873 3224 1983 3282 sihi
2011 3226 2324 3294 constituit,
2373 3233 2433 3282 ut
2461 3229 2660 3285 omnia
2688 3228 2814 3286 fieri
2845 3246 3042 3288 neces-

1686 3328 1712 3360 «
1752 3307 1925 3373 sario,
1983 3307 2133 3364 nihil
2187 3310 2586 3383 contingenter
2615 3312 2849 3368 evenire
2902 3329 3041 3369 con-

1685 3408 1711 3439 «
1752 3384 1963 3443 firmet.
2000 3407 2024 3438 ι)
2054 3389 2123 3442 Et
2141 3388 2610 3461 Archiepiscopus
2639 3392 3036 3448 Armachanus
3077 3436 3134 3476 ΛΓ
3165 3448 3218 3477 r-

1678 3469 1742 3524 in
1762 3468 2198 3541 congregatione
2218 3472 2287 3525 37
2329 3470 2399 3527 de
2449 3472 2685 3528 auxiliis
2734 3474 2924 3543 palam
2955 3491 3036 3530 as·
3069 3450 3238 3527 οιιᾸῖιίἰς.

1677 3550 1874 3618 seruit,
1928 3565 2187 3606 errorem
2226 3551 2451 3606 Calvini
2490 3552 2555 3607 in
2601 3568 2668 3608 eo
2708 3554 3035 3619 consistere,

1678 3630 1829 3704 quod
1874 3630 2088 3688 dixerit
2136 3632 2385 3704 gratiam
2427 3633 2706 3689 efficacem
2755 3636 3035 3692 voluntati

1679 3710 2072 3767 necessitatem
2098 3709 2417 3781 imponere.

1752 3791 1882 3846 224.
1948 3789 2221 3845 Dissentit
2267 3794 2460 3846 tamen
2504 3791 2778 3847 Calvinus
2823 3793 2887 3849 111
2938 3795 3256 3879 haeum-ew,

1678 3875 1840 3944 parte
1861 3886 1894 3925 a
1921 3869 2190 3933 Luthero,
2215 3868 2365 3943 quod
2391 3871 2658 3941 quamvis
2682 3878 2917 3946 uterque
2945 3891 3038 3932 ne·
3062 3885 3114 3927 na
3133 3852 3239 3942 iugo}

1674 3949 1902 4024 gaverit
1921 3949 2274 4006 voluntatem
2303 3948 2410 4005 sub
2436 3951 2624 4023 gratia
2650 3952 2856 4011 efficaci
2882 3971 3037 4011 cons·
3071 3936 3237 4034 ,(,Ῐξὲῖξῑ

1678 4032 1910 4087 titutam
1951 4029 2131 4089 libere
2166 4047 2351 4105 agere,
2407 4033 2507 4089 ille
2551 4038 2744 4091 tamen
2795 4040 3038 4094 asseruit
3068 4034 3234 4076 Lumer.

1677 4127 1820 4186 pure
1850 4111 2070 4183 passive
2096 4128 2155 4168 se
2201 4111 2413 4169 habere
2443 4112 2767 4185 recipiendo
2794 4133 3038 4175 conver-
3092 4158 3097 4162 -

1674 4192 1900 4248 sionem
1934 4211 1946 4246 ε
1992 4191 2099 4248 iste
2124 4208 2261 4249 vero
2301 4190 2534 4248 admisit
2561 4195 2917 4252 voluntatem
2944 4214 3039 4255 ac—

1676 4273 1811 4339 tive,
1847 4271 2121 4339 vitaliter,
2140 4277 2194 4328 et
2215 4277 2528 4344 spontanee
2543 4272 2614 4329 ad
2627 4275 2799 4331 talem
2817 4266 3037 4334 motum

1675 4366 2036 4416 concurrere,
2069 4356 2131 4405 ut
2168 4357 2384 4423 constat
2425 4369 2494 4409 ex
2540 4351 2691 4409 libro
2713 4358 2747 4409 2
2784 4359 3030 4414 Institut.

1674 4450 1795 4505 cap.
1821 4434 1875 4499 5,
1896 4436 1927 4501 ς
1949 4433 2030 4487 14.
2057 4431 2223 4488 Unde
2245 4432 2307 4488 in
2329 4433 2433 4489 hoc
2453 4449 2622 4489 sensu
2653 4434 2904 4493 admittit
2933 4439 3038 4495 ho-

1675 4514 1899 4573 minem
1958 4511 2138 4568 libere
2194 4528 2381 4587 agere,
2433 4528 2550 4570 non
2601 4514 2866 4574 libertate
2916 4538 3040 4592 quae

1674 4592 2169 4659 indifferentiam,
2213 4598 2269 4648 et
2313 4608 2512 4650 veram
2560 4602 2896 4666 potestatem
2965 4602 3034 4657 ad

1672 4674 1997 4747 oppositum
2026 4671 2300 4739 includat,
2331 4672 2430 4729 sed
2455 4689 2577 4745 quae
2601 4664 2831 4746 praecise
2850 4682 3037 4736 exclu-

1674 4755 1772 4811 dat
1796 4753 2160 4821 coactionem,
2201 4759 2258 4809 et
2302 4753 2667 4823 violentiam,
2722 4763 2783 4813 ut
2819 4766 3037 4819 constat

1673 4853 1745 4893 ex
1770 4833 1922 4890 libro
1948 4834 1984 4888 2
2007 4837 2209 4889 contra
2237 4833 2528 4907 Pighium,
2564 4837 2747 4894 tertiae
2768 4839 3040 4898 editionis

1674 4912 2044 4977 GenevensiS,
2077 4911 2175 4966 ubi
2204 4911 2285 4968 ait
2312 4933 2325 4967 ε
2354 4912 2425 4970 Si
2459 4917 2726 4972 coactioni
2745 4924 3039 4992 opponitur

1683 4996 1924 5063 libertas,
1952 4992 2180 5048 liberum
2223 5009 2331 5048 esse
2357 4993 2652 5051 arbitrium
2685 5006 2733 5053 et
2762 5002 2958 5073 fateor,
2990 5015 3039 5060 et

2826 5089 2882 5142 ll
