3647 5753
494 348 606 403 650

498 517 761 584 faciendi,
784 517 1143 591 praestantius
1165 532 1304 588 opus
1324 519 1408 570 est
1428 513 1658 579 creatio,
1685 529 1859 586 quam

492 599 823 673 justificatio
851 598 1038 669 impii.

280 697 484 756 Objectio.
572 680 662 736 35.
715 679 817 735 Sed
873 677 1103 751 objicies
1134 699 1145 732 :
1201 676 1335 748 quia
1388 675 1534 732 illud
1587 691 1728 747 opus
1777 678 1863 730 est

497 762 682 835 majus
704 777 771 816 ex
803 766 961 831 parte
984 757 1135 814 modi
1171 757 1434 823 faciendi,
1459 757 1605 830 quod
1635 755 1699 811 fit
1730 772 1860 811 cum

494 844 703 917 majori
741 843 981 898 victoria
1021 857 1196 913 supra
1239 842 1624 898 resistentiam
1668 840 1856 913 passi:

491 925 588 983 sed
617 927 681 982 in
707 923 1113 999 justificatione
1141 923 1308 995 impii
1350 923 1506 979 adest
1540 922 1861 979 resistentia

489 1021 561 1063 ex
592 1013 748 1078 parte
795 1004 963 1061 liberi
1006 1003 1256 1069 arbitrii,
1296 1003 1444 1076 quod
1492 1019 1594 1075 per
1640 1007 1861 1075 peccata

490 1087 716 1146 obsistit
757 1086 956 1161 gratia}
998 1086 1310 1148 infusioni;
1339 1102 1370 1142 e
1398 1091 1593 1142 contra
1633 1084 1860 1141 veroin

488 1170 779 1226 creatione
809 1169 970 1223 nulla
1001 1167 1286 1239 reperitur
1317 1168 1659 1230 resistentia,
1688 1165 1860 1239 siqui-

488 1247 621 1305 dem
683 1248 913 1303 nullum
967 1246 1122 1302 adest
1170 1246 1485 1320 subjectum
1547 1248 1815 1304 resistens
1845 1266 1857 1300 :

488 1344 624 1403 ergo
650 1344 720 1384 ex
750 1335 910 1402 parte
932 1327 1087 1384 modi
1120 1326 1364 1383 faciendi
1383 1327 1714 1400 justificatio
1741 1327 1858 1382 im·-

490 1409 571 1482 pii
625 1413 708 1465 est
753 1423 894 1480 opus
944 1407 1310 1478 praestantius
1361 1408 1668 1465 creatione.
1699 1406 1857 1471 Quod

281 1511 333 1551 Ι).
353 1509 455 1552 Tho.
489 1491 681 1548 docuit
724 1492 787 1545 D.
839 1488 1042 1545 Thom.
1088 1491 1148 1543 in
1188 1492 1240 1553 4,
1285 1490 1413 1546 dist.
1446 1492 1536 1556 46,
1571 1497 1750 1566 quaest.
1801 1492 1854 1556 2,

298 1587 301 1588 ’
448 1580 455 1586 ’
488 1581 598 1630 art.
641 1574 686 1638 l,
733 1591 787 1650 q.
817 1573 852 1628 3
874 1571 948 1627 ad
974 1573 1028 1637 2,
1062 1572 1151 1626 his
1179 1571 1409 1628 verbis:
1461 1595 1484 1623 «
1518 1572 1853 1639 Dicendum,

495 1676 520 1706 «
549 1652 699 1726 quod
757 1650 1073 1726 justificare
1119 1652 1366 1724 impium
1419 1651 1627 1709 dicitur
1674 1654 1859 1727 majus

494 1757 521 1790 α
550 1750 711 1805 opus,
744 1748 915 1804 quam
956 1747 1152 1788 creare
1177 1734 1407 1799 coelum,
1440 1739 1495 1789 et
1523 1739 1759 1798 terram,
1794 1732 1858 1787 in

493 1836 518 1868 «
549 1820 829 1888 quantum
854 1813 924 1869 ad
953 1812 1208 1869 nobilius
1230 1830 1351 1869 esse
1376 1813 1704 1887 perducitur
1730 1814 1859 1887 quis

493 1919 519 1950 α
550 1894 1332 1970 perJustificationem,quam
1356 1912 1454 1968 per
1471 1897 1855 1953 creationem:

491 1997 517 2026 «
550 1978 642 2033 vel
673 1978 735 2032 in
764 1982 1043 2048 quantum
1072 1973 1135 2030 in
1163 1978 1451 2033 creatione
1479 1992 1595 2032 non
1623 1981 1705 2033 est
1745 1976 1858 2031 ali-

494 2078 519 2109 «
549 2059 705 2130 quid,
739 2054 887 2129 quod
919 2063 1195 2130 repugnet
1233 2057 1479 2123 creanti,·
1504 2073 1632 2113 cum
1674 2058 1749 2112 sit
1786 2073 1858 2113 ex

495 2159 519 2190 ι(
551 2139 768 2205 nihilo;
801 2139 947 2194 sicut
985 2138 1048 2193 in
1070 2136 1478 2211 justificatione
1520 2139 1734 2194 resistit
1760 2137 1858 2192 in-

494 2242 518 2273 «
549 2221 815 2278 ordinata
882 2220 1167 2277 voluntas,
1221 2239 1247 2270 »
1302 2221 1371 2274 Et
1421 2219 1640 2275 similia
1699 2218 1859 2286 docet

210 2317 220 2334 ²
277 2304 776 2378 Chryseschrysost.
807 2305 951 2359 hom.
980 2303 1033 2368 3,
1069 2303 1127 2356 in
1147 2304 1301 2374 epist.
1335 2301 1409 2356 ad
1438 2300 1600 2363 Hebr.

274 2410 459 2455 Diluitur
566 2383 963 2456 Respondetur
978 2385 1162 2455 primo
1178 2382 1283 2439 hac
1297 2382 1609 2456 objectione
1632 2387 1856 2438 tantum

276 2461 449 2552 duplici-
487 2466 781 2528 convinci.
826 2464 976 2536 quod
1011 2464 1342 2538 justificatio
1381 2480 1450 2520 ex
1500 2470 1659 2537 parte
1699 2464 1856 2521 modi

350 2521 408 2556 ω’
486 2548 561 2603 sit
604 2546 916 2603 secundum
957 2545 1095 2620 quid
1137 2546 1499 2617 praestantior
1544 2547 1854 2612 creatione,

487 2631 622 2701 quia
668 2629 1041 2684 excellentior
1087 2627 1431 2698 simpliciter
1479 2625 1684 2683 modus
1740 2643 1858 2684 non

486 2712 740 2768 sumitur
766 2726 839 2766 ex
880 2708 1108 2784 majori,
1162 2709 1250 2765 vel
1291 2709 1507 2764 minori
1537 2710 1859 2766 resistentia

485 2809 556 2850 ex
585 2796 744 2864 parte
791 2790 960 2862 passi,
992 2788 1089 2845 sed
1130 2806 1199 2846 ex
1247 2788 1693 2845 conditionibus.
1718 2806 1859 2862 pro-

486 2874 643 2930 xime
667 2872 885 2931 relatiS.
911 2871 1141 2944 Alioqui
1163 2869 1362 2928 eadem
1394 2869 1707 2945 objectione
1728 2888 1859 2929 con-

487 2954 784 3019 ficeretur,
835 2952 1267 3027 generationem
1316 2952 1572 3008 hominis
1622 2970 1744 3011 esse
1787 2970 1861 3011 ex

490 3041 651 3110 parte
679 3035 833 3093 modi
862 3034 1205 3107 simpliciter
1237 3033 1634 3108 perfectiorem
1666 3036 1860 3092 homi-

491 3118 582 3174 nis
598 3118 903 3183 creatione,
923 3115 1060 3189 quia
1082 3116 1144 3171 in
1161 3114 1448 3172 creatione
1466 3115 1722 3172 hominis
1741 3133 1859 3174 non

488 3201 658 3258 datur
685 3215 912 3271 passum
944 3199 1244 3266 resistens;
1274 3196 1422 3271 quod
1453 3202 1647 3254 tamen
1675 3199 1741 3255 in
1758 3215 1860 3273 ge-

493 3281 795 3339 neratione
817 3278 993 3335 adest.
1021 3277 1185 3335 Unde
1207 3279 1351 3336 sicut
1380 3279 1443 3334 in
1473 3279 1576 3336 hoc
1596 3280 1861 3352 exemplo

491 3380 555 3421 ea
586 3360 914 3418 resistentia
936 3364 1159 3416 tantum
1187 3358 1408 3434 probat,
1439 3362 1588 3431 quod
1616 3378 1862 3436 genera-

491 3444 572 3500 tio
598 3459 668 3499 ex
699 3448 859 3515 parte
899 3440 1057 3498 modi
1099 3442 1176 3496 sit
1217 3442 1520 3514 perfectior
1546 3443 1863 3499 secundum

494 3522 649 3597 quid,
696 3537 875 3595 quarn
907 3521 1151 3577 creatio:
1208 3521 1287 3577 ita
1345 3521 1687 3589 resistentia,
1738 3540 1900 3607 quaef

494 3604 663 3660 datur
692 3605 754 3658 in
777 3601 1182 3676 justificatione
1206 3601 1393 3674 impii,
1422 3603 1610 3659 solum
1638 3604 1857 3670 suadet,

493 3684 643 3759 quod
665 3682 982 3741 secundum
1003 3680 1140 3755 quid
1165 3683 1537 3755 praeemineat
1558 3684 1859 3741 creationi.

280 3799 332 3839 D,
353 3796 457 3841 Tho.
496 3769 564 3822 Et
592 3767 655 3823 in
683 3767 787 3823 hoc
811 3779 982 3820 sensu
1025 3765 1336 3835 loquuntur
1380 3765 1442 3820 D.
1476 3766 1679 3822 Thom.
1711 3771 1769 3822 et
1793 3768 1856 3822 D.

496 3849 768 3921 chrysost
831 3844 967 3902 locis
995 3843 1200 3911 citatiS,
1233 3849 1289 3900 et
1316 3846 1634 3916 praesertim
1670 3850 1864 3920 Ange-

495 3930 638 3990 licus
661 3929 878 3992 Doctor,
906 3924 1001 3998 qui
1021 3929 1245 3979 tantum
1271 3923 1518 3982 intendit
1540 3925 1858 3995 ostendere,

493 4010 640 4086 quod
670 4010 733 4066 in
768 4006 1175 4082 justificatione
1217 4006 1383 4080 impii
1413 4008 1709 4080 praecipue
1735 4010 1864 4065 elu-

493 4096 613 4149 ceat
635 4087 834 4145 divina
860 4085 1278 4155 misericordia,
1313 4085 1450 4141 dum
1478 4089 1728 4161 gratiam
1758 4104 1866 4144 au-

495 4174 606 4232 fert
627 4169 885 4244 indign0,
911 4173 966 4224 et
987 4173 1268 4240 quantum
1290 4174 1376 4225 est
1389 4167 1459 4225 de
1474 4185 1534 4226 se
1550 4170 1858 4241 resistenti,

449 4262 452 4267 ‘
495 4263 554 4312 ut
570 4258 790 4313 constat
809 4268 881 4308 ex
896 4249 1090 4306 verbis
1113 4248 1447 4307 immediate
1463 4252 1862 4324 sequentibus:

500 4336 672 4399 Unde,
724 4331 931 4405 inquit,
982 4332 1239 4407 quamvis
1282 4348 1416 4404 opus
1444 4332 1866 4403 justificationis

488 4418 795 4493 potentiam
832 4413 1162 4484 manifestet,
1196 4414 1503 4485 specialiter
1526 4416 1866 4473 commendat

494 4502 808 4563 bonitatem,
840 4496 899 4551 in
928 4501 1196 4574 quantum
1225 4496 1345 4568 ipsa
1374 4504 1453 4552 est
1491 4497 1628 4565 sola,
1656 4515 1767 4571 quae
1792 4500 1868 4555 ad

485 4580 907 4658 justificandum
946 4585 1121 4635 movet
1136 4595 1155 4643 ,·
1192 4596 1314 4635 cum
1355 4596 1427 4634 ex
1457 4586 1620 4653 parte
1648 4582 1867 4654 justifi-

493 4666 660 4725 candi
704 4663 885 4732 mayis
923 4661 1260 4727 inveniatur,
1293 4661 1437 4738 quod
1472 4661 1869 4732 justificationi

490 4753 769 4825 repnqnet.
1330 4816 1340 4827 ⁸
1662 4818 1674 4831 ·

569 4827 678 4881 Res
684 4817 964 4894 pondetur
979 4817 1210 4873 secundo
1225 4815 1544 4875 omittendo
1559 4834 1860 4893 majorem,

491 4913 548 4965 et
576 4898 836 4978 negando
863 4899 1185 4965 minorem;
1219 4911 1355 4953 nam
1384 4914 1514 4954 cum
1540 4900 1867 4958 resistentia

492 4987 777 5064 praecipue
820 4983 1040 5040 eluceat
1078 4981 1142 5038 in
1171 4979 1541 5053 impediendo
1579 4982 1865 5042 actionem

1201 345 1293 398 DE
1334 341 1773 408 QUIDDITATE
1812 339 2410 396 JUSTIFICATIONIS
2451 342 2652 400 ΙΜΡΙῘ.

1995 513 2233 585 agentis,
2265 517 2322 569 et
2348 513 2464 571 haec
2491 516 2671 572 multo
2697 516 2881 591 magis
2908 515 3260 589 impediatur
3284 531 3361 572 ex

1996 596 2154 651 totali
2194 596 2580 655 subtractione
2618 598 2874 674 subjecti,
2905 617 3079 674 quam
3120 616 3191 657 ex
3215 600 3362 656 sub-

1990 675 2123 749 jecti
2152 675 2590 750 indispositione
2616 700 2629 734 ε
2659 680 2917 753 sequitur
2945 679 3095 753 quod
3123 681 3361 738 attentis

1996 756 2265 814 omnibus
2293 758 2474 814 multo
2502 760 2688 833 major
2727 761 2799 816 sit
2838 762 3161 818 resistentia
3189 777 3362 836 nega-

1996 838 2114 894 tiva
2162 844 2416 912 respectu
2462 841 2785 908 creationiS,
2816 858 2989 914 quam
3033 843 3364 900 resistentia

1998 921 2303 994 privativa,
2350 929 2446 978 aut
2472 923 2764 979 contraria
2804 930 3056 997 respectu
3079 924 3366 1001 justifica-

1995 1001 2170 1057 tionis
2223 1003 2423 1076 impii;
2477 1004 2612 1075 quia
2664 1005 2729 1060 in
2775 1006 3063 1062 creatione
3107 1007 3366 1064 totaliter

1995 1082 2352 1139 subtrahitur
2375 1081 2706 1158 subjectum,
2740 1085 2802 1141 in
2826 1085 3233 1160 justificatione
3255 1103 3366 1144 au·-

1995 1168 2111 1220 tem
2140 1179 2256 1218 non
2278 1162 2657 1232 subtrahitur,
2690 1165 2787 1222 sed
2816 1172 3042 1223 tantum
3081 1169 3365 1241 supponi-

1996 1250 2088 1300 tur
2117 1244 2539 1319 indispositum.
2568 1250 2704 1312 Qua:
2732 1254 2815 1305 est
2847 1249 3112 1306 doctrina
3151 1254 3212 1307 D.
3248 1252 3359 1308 Th.

1994 1327 2054 1381 in
2073 1344 2228 1399 praes.
2253 1335 2362 1384 art.
2390 1329 2442 1393 9,
2477 1343 2612 1384 nam
2635 1329 2710 1383 ad
2734 1346 2856 1400 ary.
2881 1332 2935 1396 2,
2962 1329 3111 1404 quod
3138 1333 3365 1389 conclu-

1993 1405 2160 1463 debat
2199 1406 2666 1482 justificationem
2708 1426 2825 1466 non
2871 1426 2994 1468 esse
3034 1413 3362 1469 maximum

1993 1503 2134 1560 opus
2157 1490 2276 1554 Dei,
2303 1490 2437 1562 quia
2461 1489 2522 1544 in
2545 1491 2833 1547 creatione
2855 1493 3004 1548 nihil
3029 1499 3211 1567 potest
3229 1510 3364 1552 coo-

1948 1576 1952 1580 ’
1995 1568 2184 1640 perari
2215 1569 2436 1642 agenti3
2463 1570 2525 1624 in
2543 1569 2946 1643 justificatione
2964 1579 3156 1630 autem
3181 1579 3362 1646 potest

1993 1648 2209 1721 aliquid
2236 1650 2530 1721 cooperari
2551 1653 2680 1715 Deo,
2706 1654 3009 1724 respondet
3026 1676 3038 1709 :
3055 1653 3363 1710 Dicendum

1993 1730 2134 1801 quod
2158 1734 2305 1785 ratic·
2324 1730 2423 1785 illa
2451 1733 2691 1802 procedit
2714 1742 2953 1806 exparte
2968 1736 3116 1790 modi
3136 1736 3357 1806 agendi,

1994 1812 2290 1866 secundum
2336 1828 2492 1888 quem
2525 1815 2728 1867 creatio
2772 1821 2849 1868 est
2869 1819 3184 1871 max-imum
3224 1834 3364 1890 opus

1992 1891 2113 1947 Dei.
2145 1894 2257 1948 Nec
2284 1893 2609 1964 oppositum
2631 1892 2790 1951 docet
2813 1895 2876 1950 in
2899 1896 3020 1953 loco
3041 1898 3211 1954 citato
3226 1912 3298 1954 ex
3321 1900 3362 1954 4

1992 1975 2144 2030 Sent.
2179 1981 2240 2029 ut
2261 1974 2456 2029 minus
2485 1983 2631 2032 recte
2657 1977 2995 2042 existimant
3022 1983 3274 2047 Arauxo,
3304 1986 3366 2037 et

1992 2057 2227 2127 Gregor.
2277 2056 2466 2112 Mart.
2515 2063 2832 2115 asserentes
2882 2060 2975 2115 hic
3027 2067 3363 2119 retractasse

1992 2150 2119 2190 eam
2161 2137 2508 2192 sententiam
2539 2139 2855 2210 :quoniam
2897 2141 2950 2196 S.
2998 2142 3201 2198 Doctor
3241 2156 3363 2200 non

1993 2218 2248 2290 loquitur
2278 2217 2553 2283 absolute,
2585 2219 2683 2276 sed
2712 2220 3074 2296 disjunctive,
3108 2228 3170 2279 ut
3190 2240 3363 2281 cons—-

1993 2303 2073 2353 tat
2104 2313 2174 2353 ex
2207 2298 2308 2353 illa
2344 2300 2623 2370 particula
2665 2302 2770 2366 uel,
2796 2308 2850 2358 et
2876 2319 2945 2359 ex
2968 2302 3162 2360 verbis
3182 2320 3362 2377 supra

1993 2379 2209 2435 relatis».
2242 2379 2400 2443 Quod
2431 2379 2561 2437 fecit
2589 2386 2650 2436 ut
2678 2398 2710 2438 a
2749 2382 3079 2441 difficultate
3106 2386 3227 2459 eJus
3248 2386 3360 2443 loci

1994 2476 2108 2517 non
2134 2460 2368 2531 propria
2393 2461 2810 2534 praescinderet.
2847 2466 2916 2520 Et
2939 2465 3089 2538 quod
3115 2466 3182 2523 in
3207 2468 3242 2522 4
3264 2466 3364 2525 do-

1993 2541 2175 2598 cuerit
2189 2540 2430 2599 eandem
2446 2545 2813 2612 sententiam,
2834 2547 3361 2605 constatevidenter

1991 2640 2064 2677 em
2089 2623 2215 2678 dist.
2256 2624 2338 2688 17,
2372 2633 2550 2697 quaest.
2583 2629 2636 2695 2,
2669 2634 2781 2682 art.
2812 2629 2864 2693 5,
2896 2637 3082 2706 quaest.
3132 2632 3150 2686 l
3199 2631 3276 2685 ad
3300 2632 3356 2698 2,

1993 2701 2092 2757 ubi
2122 2704 2391 2775 proponit
2430 2704 2805 2779 objectionem
2845 2724 3020 2782 supra
3046 2710 3273 2778 factam,
3304 2716 3363 2768 et

1994 2785 2082 2841 illi
2136 2786 2383 2842 occurrit
2431 2779 2823 2861 responsione,
2886 2808 3058 2864 quam
3112 2791 3363 2850 secundo

1996 2868 2116 2924 loco
2163 2865 2536 2924 adhibuimus
2562 2915 2573 2937 ,
2630 2875 2685 2927 et
2736 2872 3022 2930 concludit
3052 2893 3064 2927 ι
3125 2898 3150 2928 α
3193 2873 3364 2932 Unde

2001 2970 2027 3000 ι(
2070 2952 2239 3020 patet,
2272 2948 2421 3020 quod
2459 2951 2585 3022 plus
2614 2951 2829 3008 resistit
2855 2954 2964 3012 isto
2992 2953 3163 3013 modo
3189 2954 3356 3023 illud,

2001 3052 2026 3082 α
2067 3028 2216 3102 quod
2246 3029 2486 3087 omnino
2514 3030 2801 3090 subtrahit
2822 3037 3161 3108 potentiam,
3185 3052 3359 3111 quam

2001 3131 2026 3163 α
2068 3107 2216 3181 quod
2247 3111 2424 3182 posita
2455 3114 2724 3183 potentia,
2751 3114 2885 3172 facit
2923 3133 3053 3174 eam
3082 3133 3201 3176 non
3240 3134 3365 3177 esse

2000 3212 2024 3244 α
2071 3192 2386 3264 propriam.
2435 3195 2504 3247 Et
2530 3194 2657 3251 ideo
2697 3193 2987 3255 difficilius
3031 3206 3116 3257 est
3144 3200 3364 3274 aliquid

2002 3294 2028 3325 <t
2069 3271 2254 3331 facere
2280 3290 2350 3330 ex
2379 3275 2584 3344 nihilo,
2618 3296 2789 3352 quam
2816 3297 2886 3338 ex
2907 3284 3220 3341 contrario.
3256 3305 3284 3338 n

2070 3355 2162 3411 36.
2185 3354 2496 3412 Dicendum
2514 3364 2598 3414 est
2615 3358 2880 3425 secundo,
2890 3362 3362 3436 justificationem
3373 3380 3561 3426 emunda

1997 3434 2164 3506 impii
2193 3435 2612 3495 consideratam
2639 3456 2711 3497 ex
2737 3447 2898 3514 parte
2939 3445 3023 3501 rei
3052 3445 3212 3503 factae
3240 3461 3363 3503 esse

3385 3432 3549 3491 concla-

3423 3492 3510 3526 sio.

1996 3530 2138 3587 opus
2177 3517 2366 3590 majus
2391 3520 2696 3577 creatione.
2738 3522 2896 3580 Hanc
2934 3526 3361 3585 conclusionem
3377 3530 3543 3590 D·'1'!¹⁰

1997 3595 2154 3654 docet
2191 3599 2252 3655 D.
2300 3600 2501 3656 Thom.
2539 3602 2602 3657 in
2644 3606 2928 3675 praesenti,
2952 3614 3009 3664 et
3049 3609 3185 3665 aliis
3226 3609 3364 3666 locis

1999 3678 2194 3734 relatis
2221 3687 2382 3736 tract.
2419 3684 2644 3754 praeced.
2686 3685 2824 3758 disp.
2856 3689 2909 3752 4,
2940 3688 3068 3743 dub.
3101 3693 3156 3758 7,
3187 3705 3363 3763 quem

1970 3764 2315 3831 sequuntur
2356 3778 2556 3819 omnes
2601 3766 2864 3821 authores
2904 3766 3122 3824 ibidem
3175 3770 3353 3826 citati.

1999 3840 2463 3898 Fundamentum
2506 3844 2743 3903 habetur
2780 3863 2850 3904 ex
2889 3847 3105 3906 ibidem
3147 3850 3359 3909 dictis:

1997 3922 2271 3993 quoniam
2295 3924 2580 3982 terminus
2600 3928 2902 3985 creationis
2928 3937 3013 3986 est
3038 3932 3365 3991 substantia

2000 4005 2302 4071 naturalis,
2345 4012 2544 4079 utputa
2583 4010 2808 4078 eoelum,
2855 4014 3110 4087 angelus,
3163 4016 3360 4086 home,

1997 4089 2100 4140 etc.
2135 4087 2420 4142 terminus
2463 4104 2599 4146 vero
2619 4091 3041 4163 justificationis
3069 4103 3154 4154 est
3180 4099 3365 4172 gratia

1997 4166 2397 4225 sanctificans:
2466 4169 2566 4226 secl
2634 4171 2754 4229 haec
2818 4176 3208 4252 metaphysice
3276 4180 3365 4237 lo-

1997 4246 2242 4319 quendo,
2268 4253 2325 4304 et
2345 4250 2576 4307 attentis
2597 4252 2885 4325 omnibus,
2916 4264 3005 4314 est
3023 4259 3366 4334 simpliciter

2000 4330 2322 4402 perfectior,
2372 4349 2543 4405 quam
2584 4334 2903 4395 substantia
2952 4344 3255 4412 naturalis,
3306 4350 3368 4401 ut

2000 4413 2121 4470 loco
2163 4413 2334 4471 citato
2379 4431 2450 4472 ex
2492 4418 2744 4490 professo
2789 4423 3187 4482 ostendimus:
3233 4443 3368 4504 ergo

1995 4493 2325 4568 Justificatio
2352 4497 2519 4571 impii
2548 4517 2619 4557 ex
2659 4507 2818 4574 parte
2845 4507 3107 4577 termini,
3155 4526 3255 4567 seu
3283 4511 3368 4569 rei

2000 4576 2157 4635 factae
2182 4583 2267 4633 est
2292 4577 2634 4652 simpliciter
2662 4585 2983 4656 perfectior,
3015 4608 3189 4664 quam
3217 4608 3375 4652 crea·

1998 4656 2102 4714 tio.
2134 4657 2294 4723 Quod
2336 4661 2616 4718 motivum
2646 4671 2826 4736 potest
2862 4670 3113 4742 amplius
3154 4674 3373 4733 confir-

2000 4739 2153 4794 mari
2199 4754 2271 4795 ex
2310 4756 2395 4807 eo,
2428 4742 2579 4815 quod
2628 4744 2759 4804 licet
2804 4749 3115 4823 aliquando
3148 4756 3374 4813 contin·

1998 4824 2111 4895 gat,
2168 4821 2414 4895 speciem
2465 4826 2721 4901 aliquam
2772 4833 3000 4906 generis
3051 4837 3374 4909 superioris

1999 4917 2120 4958 esse
2162 4902 2646 4978 imperfectiorem
2676 4910 3019 4985 simpliciter
3043 4917 3162 4975 alia
3184 4920 3376 4993 specie

2000 4983 2224 5044 ordinis
2269 4986 2597 5060 interioris;
2628 4990 2756 5052 fieri
2795 5000 2991 5055 tamen
3031 5014 3150 5058 non
3190 5003 3366 5071 valet,

3308 5090 3380 5143 nt

3399 3563 3556 3626 13³ch

3459 4257 3572 4335 s.

3437 4366 3526 4481 ’Κ

3541 4487 3557 4515 δ

3553 4518 3598 4625 l.
