<?xml version="1.0" encoding="UTF-8"?>
<!DOCTYPE html PUBLIC "-//W3C//DTD XHTML 1.0 Transitional//EN"
    "http://www.w3.org/TR/xhtml1/DTD/xhtml1-transitional.dtd">
<html xmlns="http://www.w3.org/1999/xhtml" xml:lang="en" lang="en">
 <head>
  <title>
</title>
<meta http-equiv="Content-Type" content="text/html;charset=utf-8" />
  <meta name='ocr-system' content='tesseract 3.04.00' />
  <meta name='ocr-capabilities' content='ocr_page ocr_carea ocr_par ocr_line ocrx_word'/>
</head>
<body>
  <div class='ocr_page' id='page_1' title='image "./collegiisalmant00carmgoog_0871.png"; bbox 0 0 3647 5753; ppageno 0'>
   <div class='ocr_carea' id='block_1_1' title="bbox 1369 371 2082 479">
    <p class='ocr_par' dir='ltr' id='par_1_1' title="bbox 1369 371 2082 479">
     <span class='ocr_line' id='line_1_1' title="bbox 1369 371 2082 479; baseline -0.006 -10"><span class='ocrx_word' id='word_1_1' title='bbox 1369 411 1549 469; x_wconf 68' lang='lat' dir='ltr'><strong>mse.</strong></span> <span class='ocrx_word' id='word_1_2' title='bbox 1591 411 1686 479; x_wconf 78' lang='lat' dir='ltr'><strong>vx,</strong></span> <span class='ocrx_word' id='word_1_3' title='bbox 1728 409 1898 467; x_wconf 80' lang='lat' dir='ltr'><strong>nun.</strong></span> <span class='ocrx_word' id='word_1_4' title='bbox 1940 408 2037 466; x_wconf 81' lang='lat' dir='ltr'><strong>lv,</strong></span> <span class='ocrx_word' id='word_1_5' title='bbox 2079 371 2082 378; x_wconf 63' lang='grc'><strong><em>’</em></strong></span> 
     </span>
    </p>
   </div>
   <div class='ocr_carea' id='block_1_2' title="bbox 77 582 1676 2950">
    <p class='ocr_par' dir='ltr' id='par_1_2' title="bbox 285 582 1645 654">
     <span class='ocr_line' id='line_1_2' title="bbox 285 582 1645 654; baseline 0.001 -17"><span class='ocrx_word' id='word_1_6' title='bbox 285 585 695 654; x_wconf 87' lang='lat' dir='ltr'><strong>consequenter</strong></span> <span class='ocrx_word' id='word_1_7' title='bbox 713 587 869 639; x_wconf 82' lang='lat' dir='ltr'><strong>actus</strong></span> <span class='ocrx_word' id='word_1_8' title='bbox 882 582 1181 640; x_wconf 87' lang='lat' dir='ltr'><strong>charitatis</strong></span> <span class='ocrx_word' id='word_1_9' title='bbox 1202 586 1264 639; x_wconf 93' lang='lat' dir='ltr'><strong>ut</strong></span> <span class='ocrx_word' id='word_1_10' title='bbox 1278 587 1402 641; x_wconf 92' lang='lat' dir='ltr'><strong>octo</strong></span> <span class='ocrx_word' id='word_1_11' title='bbox 1417 582 1645 640; x_wconf 86' lang='lat' dir='ltr'><strong>elicitus</strong></span> 
     </span>
    </p>

    <p class='ocr_par' dir='ltr' id='par_1_3' title="bbox 286 661 1645 739">
     <span class='ocr_line' id='line_1_3' title="bbox 286 661 1645 739; baseline 0 -21"><span class='ocrx_word' id='word_1_12' title='bbox 286 676 321 718; x_wconf 92' lang='lat' dir='ltr'><strong>a</strong></span> <span class='ocrx_word' id='word_1_13' title='bbox 340 661 513 736; x_wconf 86' lang='lat' dir='ltr'><strong>justo,</strong></span> <span class='ocrx_word' id='word_1_14' title='bbox 565 661 884 736; x_wconf 81' lang='lat' dir='ltr'><strong>quamlibet</strong></span> <span class='ocrx_word' id='word_1_15' title='bbox 914 663 1165 739; x_wconf 80' lang='lat' dir='ltr'><strong>gratiam</strong></span> <span class='ocrx_word' id='word_1_16' title='bbox 1194 662 1645 721; x_wconf 87' lang='lat' dir='ltr'><strong>sanctificantem</strong></span> 
     </span>
    </p>

    <p class='ocr_par' dir='ltr' id='par_1_4' title="bbox 286 737 1647 816">
     <span class='ocr_line' id='line_1_4' title="bbox 286 737 1647 816; baseline 0.001 -17"><span class='ocrx_word' id='word_1_17' title='bbox 286 750 602 816; x_wconf 79' lang='lat' dir='ltr'><strong>supponat,</strong></span> <span class='ocrx_word' id='word_1_18' title='bbox 653 744 824 802; x_wconf 88' lang='lat' dir='ltr'><strong>habet</strong></span> <span class='ocrx_word' id='word_1_19' title='bbox 866 745 1241 804; x_wconf 84' lang='lat' dir='ltr'><strong>sufficientem</strong></span> <span class='ocrx_word' id='word_1_20' title='bbox 1289 748 1547 804; x_wconf 88' lang='lat' dir='ltr'><strong>valorem</strong></span> <span class='ocrx_word' id='word_1_21' title='bbox 1576 737 1647 800; x_wconf 89' lang='lat' dir='ltr'><strong>ad</strong></span> 
     </span>
    </p>

    <p class='ocr_par' dir='ltr' id='par_1_5' title="bbox 285 826 1650 901">
     <span class='ocr_line' id='line_1_5' title="bbox 285 826 1650 901; baseline -0.001 -19"><span class='ocrx_word' id='word_1_22' title='bbox 285 826 534 901; x_wconf 81' lang='lat' dir='ltr'><strong>gratiam</strong></span> <span class='ocrx_word' id='word_1_23' title='bbox 588 831 651 881; x_wconf 93' lang='lat' dir='ltr'><strong>ut</strong></span> <span class='ocrx_word' id='word_1_24' title='bbox 695 831 834 883; x_wconf 93' lang='lat' dir='ltr'><strong>oct0.</strong></span> <span class='ocrx_word' id='word_1_25' title='bbox 893 827 1188 891; x_wconf 88' lang='lat' dir='ltr'><strong>Quomodo</strong></span> <span class='ocrx_word' id='word_1_26' title='bbox 1250 834 1443 885; x_wconf 88' lang='lat' dir='ltr'><strong>autem</strong></span> <span class='ocrx_word' id='word_1_27' title='bbox 1494 831 1650 883; x_wconf 88' lang='lat' dir='ltr'><strong>actus</strong></span> 
     </span>
    </p>

    <p class='ocr_par' dir='ltr' id='par_1_6' title="bbox 287 908 1649 983">
     <span class='ocr_line' id='line_1_6' title="bbox 287 908 1649 983; baseline -0.002 -19"><span class='ocrx_word' id='word_1_28' title='bbox 287 908 474 983; x_wconf 90' lang='lat' dir='ltr'><strong>gratia</strong></span> <span class='ocrx_word' id='word_1_29' title='bbox 495 909 893 980; x_wconf 60' lang='lat' dir='ltr'><strong>praeexistente</strong></span> <span class='ocrx_word' id='word_1_30' title='bbox 922 910 1281 967; x_wconf 80' lang='lat' dir='ltr'><strong>remissiores</strong></span> <span class='ocrx_word' id='word_1_31' title='bbox 1314 912 1649 966; x_wconf 88' lang='lat' dir='ltr'><strong>mereantur</strong></span> 
     </span>
    </p>

    <p class='ocr_par' dir='ltr' id='par_1_7' title="bbox 299 989 1651 1064">
     <span class='ocr_line' id='line_1_7' title="bbox 299 989 1651 1064; baseline -0.001 -17"><span class='ocrx_word' id='word_1_32' title='bbox 299 989 421 1063; x_wconf 85' lang='lat' dir='ltr'><strong>ejus</strong></span> <span class='ocrx_word' id='word_1_33' title='bbox 467 996 859 1064; x_wconf 87' lang='lat' dir='ltr'><strong>augmentum,</strong></span> <span class='ocrx_word' id='word_1_34' title='bbox 892 994 949 1047; x_wconf 92' lang='lat' dir='ltr'><strong>et</strong></span> <span class='ocrx_word' id='word_1_35' title='bbox 992 990 1221 1063; x_wconf 85' lang='lat' dir='ltr'><strong>quando</strong></span> <span class='ocrx_word' id='word_1_36' title='bbox 1262 991 1453 1064; x_wconf 90' lang='lat' dir='ltr'><strong>ipsum</strong></span> <span class='ocrx_word' id='word_1_37' title='bbox 1495 1004 1651 1046; x_wconf 85' lang='lat' dir='ltr'><strong>asse-</strong></span> 
     </span>
    </p>

    <p class='ocr_par' dir='ltr' id='par_1_8' title="bbox 292 1069 1650 1143">
     <span class='ocr_line' id='line_1_8' title="bbox 292 1069 1650 1143; baseline -0.001 -17"><span class='ocrx_word' id='word_1_38' title='bbox 292 1074 562 1143; x_wconf 82' lang='lat' dir='ltr'><strong>quantur,</strong></span> <span class='ocrx_word' id='word_1_39' title='bbox 596 1069 924 1127; x_wconf 89' lang='lat' dir='ltr'><strong>videbimus</strong></span> <span class='ocrx_word' id='word_1_40' title='bbox 953 1071 1014 1126; x_wconf 92' lang='lat' dir='ltr'><strong>in</strong></span> <span class='ocrx_word' id='word_1_41' title='bbox 1062 1073 1325 1129; x_wconf 86' lang='lat' dir='ltr'><strong>Tractatu</strong></span> <span class='ocrx_word' id='word_1_42' title='bbox 1348 1071 1419 1128; x_wconf 87' lang='lat' dir='ltr'><strong>de</strong></span> <span class='ocrx_word' id='word_1_43' title='bbox 1446 1069 1650 1126; x_wconf 89' lang='lat' dir='ltr'><strong>Chari-</strong></span> 
     </span>
    </p>

    <p class='ocr_par' dir='ltr' id='par_1_9' title="bbox 293 1149 1652 1226">
     <span class='ocr_line' id='line_1_9' title="bbox 293 1149 1652 1226; baseline -0.001 -20"><span class='ocrx_word' id='word_1_44' title='bbox 293 1156 441 1210; x_wconf 80' lang='lat' dir='ltr'><strong>tate:</strong></span> <span class='ocrx_word' id='word_1_45' title='bbox 472 1151 643 1208; x_wconf 90' lang='lat' dir='ltr'><strong>modo</strong></span> <span class='ocrx_word' id='word_1_46' title='bbox 668 1152 826 1209; x_wconf 91' lang='lat' dir='ltr'><strong>enim</strong></span> <span class='ocrx_word' id='word_1_47' title='bbox 879 1152 1080 1208; x_wconf 87' lang='lat' dir='ltr'><strong>sufficit</strong></span> <span class='ocrx_word' id='word_1_48' title='bbox 1125 1168 1415 1226; x_wconf 86' lang='lat' dir='ltr'><strong>exponere</strong></span> <span class='ocrx_word' id='word_1_49' title='bbox 1444 1196 1457 1221; x_wconf 94' lang='lat'><strong>,</strong></span> <span class='ocrx_word' id='word_1_50' title='bbox 1502 1149 1652 1224; x_wconf 91' lang='lat' dir='ltr'><strong>quod</strong></span> 
     </span>
    </p>

    <p class='ocr_par' dir='ltr' id='par_1_10' title="bbox 297 1231 1655 1310">
     <span class='ocr_line' id='line_1_10' title="bbox 297 1231 1655 1310; baseline 0.001 -22"><span class='ocrx_word' id='word_1_51' title='bbox 297 1231 477 1305; x_wconf 82' lang='lat' dir='ltr'><strong>aliqui</strong></span> <span class='ocrx_word' id='word_1_52' title='bbox 499 1238 674 1300; x_wconf 84' lang='lat' dir='ltr'><strong>actus,</strong></span> <span class='ocrx_word' id='word_1_53' title='bbox 700 1234 903 1290; x_wconf 89' lang='lat' dir='ltr'><strong>saltem</strong></span> <span class='ocrx_word' id='word_1_54' title='bbox 925 1233 1270 1292; x_wconf 82' lang='lat' dir='ltr'><strong>intensiores</strong></span> <span class='ocrx_word' id='word_1_55' title='bbox 1287 1234 1495 1310; x_wconf 89' lang='lat' dir='ltr'><strong>gratia,</strong></span> <span class='ocrx_word' id='word_1_56' title='bbox 1521 1249 1655 1306; x_wconf 76' lang='lat' dir='ltr'><strong>pos-</strong></span> 
     </span>
    </p>

    <p class='ocr_par' dir='ltr' id='par_1_11' title="bbox 296 1315 1649 1391">
     <span class='ocr_line' id='line_1_11' title="bbox 296 1315 1649 1391; baseline 0.001 -21"><span class='ocrx_word' id='word_1_57' title='bbox 296 1315 413 1371; x_wconf 91' lang='lat' dir='ltr'><strong>sint</strong></span> <span class='ocrx_word' id='word_1_58' title='bbox 440 1315 562 1389; x_wconf 85' lang='lat' dir='ltr'><strong>ejus</strong></span> <span class='ocrx_word' id='word_1_59' title='bbox 587 1323 961 1391; x_wconf 84' lang='lat' dir='ltr'><strong>augmentum</strong></span> <span class='ocrx_word' id='word_1_60' title='bbox 992 1317 1061 1374; x_wconf 91' lang='lat' dir='ltr'><strong>de</strong></span> <span class='ocrx_word' id='word_1_61' title='bbox 1101 1317 1386 1391; x_wconf 92' lang='lat' dir='ltr'><strong>condigno</strong></span> <span class='ocrx_word' id='word_1_62' title='bbox 1414 1315 1649 1373; x_wconf 89' lang='lat' dir='ltr'><strong>mereri.</strong></span> 
     </span>
    </p>

    <p class='ocr_par' dir='ltr' id='par_1_12' title="bbox 77 1397 1656 1499">
     <span class='ocr_line' id='line_1_12' title="bbox 77 1397 1656 1499; baseline 0.003 -49"><span class='ocrx_word' id='word_1_63' title='bbox 77 1405 266 1499; x_wconf 47' lang='lat'><strong>”3223</strong></span> <span class='ocrx_word' id='word_1_64' title='bbox 372 1398 459 1454; x_wconf 81' lang='lat' dir='ltr'><strong>Ad</strong></span> <span class='ocrx_word' id='word_1_65' title='bbox 475 1399 975 1457; x_wconf 86' lang='lat' dir='ltr'><strong>confirmationem</strong></span> <span class='ocrx_word' id='word_1_66' title='bbox 995 1400 1375 1474; x_wconf 90' lang='lat' dir='ltr'><strong>respondetur</strong></span> <span class='ocrx_word' id='word_1_67' title='bbox 1394 1397 1656 1474; x_wconf 87' lang='lat' dir='ltr'><strong>negando</strong></span> 
     </span>
    </p>

    <p class='ocr_par' dir='ltr' id='par_1_13' title="bbox 112 1479 1657 1557">
     <span class='ocr_line' id='line_1_13' title="bbox 112 1479 1657 1557; baseline -0.001 -21"><span class='ocrx_word' id='word_1_68' title='bbox 112 1504 253 1550; x_wconf 58' lang='lat' dir='ltr'><strong>msto,</strong></span> <span class='ocrx_word' id='word_1_69' title='bbox 299 1481 610 1554; x_wconf 81' lang='lat' dir='ltr'><strong>sequelam.</strong></span> <span class='ocrx_word' id='word_1_70' title='bbox 662 1483 831 1557; x_wconf 85' lang='lat' dir='ltr'><strong>Cujus</strong></span> <span class='ocrx_word' id='word_1_71' title='bbox 858 1482 1119 1556; x_wconf 89' lang='lat' dir='ltr'><strong>probatio</strong></span> <span class='ocrx_word' id='word_1_72' title='bbox 1168 1497 1286 1538; x_wconf 90' lang='lat' dir='ltr'><strong>non</strong></span> <span class='ocrx_word' id='word_1_73' title='bbox 1308 1487 1489 1555; x_wconf 88' lang='lat' dir='ltr'><strong>urget,</strong></span> <span class='ocrx_word' id='word_1_74' title='bbox 1522 1479 1657 1553; x_wconf 86' lang='lat' dir='ltr'><strong>quia</strong></span> 
     </span>
    </p>

    <p class='ocr_par' dir='ltr' id='par_1_14' title="bbox 299 1563 1657 1640">
     <span class='ocr_line' id='line_1_14' title="bbox 299 1563 1657 1640; baseline -0.001 -21"><span class='ocrx_word' id='word_1_75' title='bbox 299 1564 484 1640; x_wconf 87' lang='lat' dir='ltr'><strong>gratia</strong></span> <span class='ocrx_word' id='word_1_76' title='bbox 511 1565 574 1620; x_wconf 88' lang='lat' dir='ltr'><strong>in</strong></span> <span class='ocrx_word' id='word_1_77' title='bbox 601 1581 668 1622; x_wconf 92' lang='lat' dir='ltr'><strong>eo</strong></span> <span class='ocrx_word' id='word_1_78' title='bbox 693 1570 902 1621; x_wconf 87' lang='lat' dir='ltr'><strong>eventu</strong></span> <span class='ocrx_word' id='word_1_79' title='bbox 932 1582 1050 1623; x_wconf 93' lang='lat' dir='ltr'><strong>non</strong></span> <span class='ocrx_word' id='word_1_80' title='bbox 1079 1563 1249 1622; x_wconf 89' lang='lat' dir='ltr'><strong>habet</strong></span> <span class='ocrx_word' id='word_1_81' title='bbox 1275 1564 1390 1620; x_wconf 88' lang='lat' dir='ltr'><strong>nisi</strong></span> <span class='ocrx_word' id='word_1_82' title='bbox 1421 1563 1657 1619; x_wconf 89' lang='lat' dir='ltr'><strong>unicum</strong></span> 
     </span>
    </p>

    <p class='ocr_par' dir='ltr' id='par_1_15' title="bbox 265 1644 1658 1704">
     <span class='ocr_line' id='line_1_15' title="bbox 265 1644 1658 1704; baseline -0.002 -3"><span class='ocrx_word' id='word_1_83' title='bbox 265 1668 269 1671; x_wconf 50' lang='lat'><strong>&gt;</strong></span> <span class='ocrx_word' id='word_1_84' title='bbox 300 1645 536 1703; x_wconf 89' lang='lat' dir='ltr'><strong>modum</strong></span> <span class='ocrx_word' id='word_1_85' title='bbox 585 1646 931 1704; x_wconf 88' lang='lat' dir='ltr'><strong>intensionis</strong></span> <span class='ocrx_word' id='word_1_86' title='bbox 960 1653 1020 1703; x_wconf 91' lang='lat' dir='ltr'><strong>ut</strong></span> <span class='ocrx_word' id='word_1_87' title='bbox 1049 1651 1189 1704; x_wconf 88' lang='lat' dir='ltr'><strong>octo.</strong></span> <span class='ocrx_word' id='word_1_88' title='bbox 1235 1644 1438 1703; x_wconf 88' lang='lat' dir='ltr'><strong>Modus</strong></span> <span class='ocrx_word' id='word_1_89' title='bbox 1467 1649 1658 1701; x_wconf 91' lang='lat' dir='ltr'><strong>autem</strong></span> 
     </span>
    </p>

    <p class='ocr_par' dir='ltr' id='par_1_16' title="bbox 299 1726 1660 1802">
     <span class='ocr_line' id='line_1_16' title="bbox 299 1726 1660 1802; baseline -0.002 -19"><span class='ocrx_word' id='word_1_90' title='bbox 299 1728 647 1799; x_wconf 86' lang='lat' dir='ltr'><strong>intensionis</strong></span> <span class='ocrx_word' id='word_1_91' title='bbox 673 1734 734 1784; x_wconf 92' lang='lat' dir='ltr'><strong>ut</strong></span> <span class='ocrx_word' id='word_1_92' title='bbox 762 1735 1022 1802; x_wconf 90' lang='lat' dir='ltr'><strong>quatuor,</strong></span> <span class='ocrx_word' id='word_1_93' title='bbox 1070 1729 1134 1785; x_wconf 91' lang='lat' dir='ltr'><strong>in</strong></span> <span class='ocrx_word' id='word_1_94' title='bbox 1173 1744 1285 1802; x_wconf 90' lang='lat' dir='ltr'><strong>quo</strong></span> <span class='ocrx_word' id='word_1_95' title='bbox 1332 1726 1660 1801; x_wconf 84' lang='lat' dir='ltr'><strong>praeexiste-</strong></span> 
     </span>
    </p>

    <p class='ocr_par' dir='ltr' id='par_1_17' title="bbox 298 1807 1658 1876">
     <span class='ocr_line' id='line_1_17' title="bbox 298 1807 1658 1876; baseline -0.002 -11"><span class='ocrx_word' id='word_1_96' title='bbox 298 1808 412 1876; x_wconf 86' lang='lat' dir='ltr'><strong>bat,</strong></span> <span class='ocrx_word' id='word_1_97' title='bbox 444 1826 562 1866; x_wconf 92' lang='lat' dir='ltr'><strong>non</strong></span> <span class='ocrx_word' id='word_1_98' title='bbox 610 1810 766 1867; x_wconf 88' lang='lat' dir='ltr'><strong>adest</strong></span> <span class='ocrx_word' id='word_1_99' title='bbox 806 1812 1136 1868; x_wconf 81' lang='lat' dir='ltr'><strong>formaliter</strong></span> <span class='ocrx_word' id='word_1_100' title='bbox 1182 1812 1246 1867; x_wconf 94' lang='lat' dir='ltr'><strong>in</strong></span> <span class='ocrx_word' id='word_1_101' title='bbox 1274 1826 1340 1868; x_wconf 90' lang='lat' dir='ltr'><strong>eo</strong></span> <span class='ocrx_word' id='word_1_102' title='bbox 1369 1807 1611 1865; x_wconf 85' lang='lat' dir='ltr'><strong>instanti</strong></span> <span class='ocrx_word' id='word_1_103' title='bbox 1643 1830 1658 1874; x_wconf 89' lang='lat'>;</span> 
     </span>
    </p>

    <p class='ocr_par' dir='ltr' id='par_1_18' title="bbox 296 1890 1664 1983">
     <span class='ocr_line' id='line_1_18' title="bbox 296 1890 1664 1983; baseline -0.002 -35"><span class='ocrx_word' id='word_1_104' title='bbox 296 1890 396 1983; x_wconf 75' lang='lat' dir='ltr'><strong>sed</strong></span> <span class='ocrx_word' id='word_1_105' title='bbox 425 1897 605 1965; x_wconf 85' lang='lat' dir='ltr'><strong>potest</strong></span> <span class='ocrx_word' id='word_1_106' title='bbox 630 1891 762 1959; x_wconf 90' lang='lat' dir='ltr'><strong>dici,</strong></span> <span class='ocrx_word' id='word_1_107' title='bbox 794 1892 944 1967; x_wconf 91' lang='lat' dir='ltr'><strong>quod</strong></span> <span class='ocrx_word' id='word_1_108' title='bbox 978 1894 1305 1951; x_wconf 87' lang='lat' dir='ltr'><strong>continetur</strong></span> <span class='ocrx_word' id='word_1_109' title='bbox 1331 1890 1664 1947; x_wconf 84' lang='lat' dir='ltr'><strong>virtualiter</strong></span> 
     </span>
    </p>

    <p class='ocr_par' dir='ltr' id='par_1_19' title="bbox 300 1968 1663 2047">
     <span class='ocr_line' id='line_1_19' title="bbox 300 1968 1663 2047; baseline -0.003 -19"><span class='ocrx_word' id='word_1_110' title='bbox 300 1988 363 2028; x_wconf 77' lang='lat' dir='ltr'><strong>in</strong></span> <span class='ocrx_word' id='word_1_111' title='bbox 416 1973 635 2029; x_wconf 86' lang='lat' dir='ltr'><strong>auxilio</strong></span> <span class='ocrx_word' id='word_1_112' title='bbox 683 1978 741 2028; x_wconf 92' lang='lat' dir='ltr'><strong>ut</strong></span> <span class='ocrx_word' id='word_1_113' title='bbox 782 1979 905 2031; x_wconf 91' lang='lat' dir='ltr'><strong>octo</strong></span> <span class='ocrx_word' id='word_1_114' title='bbox 959 1973 1269 2047; x_wconf 86' lang='lat' dir='ltr'><strong>adjuvante</strong></span> <span class='ocrx_word' id='word_1_115' title='bbox 1314 1972 1564 2046; x_wconf 86' lang='lat' dir='ltr'><strong>gratiam</strong></span> <span class='ocrx_word' id='word_1_116' title='bbox 1593 1968 1663 2027; x_wconf 89' lang='lat' dir='ltr'><strong>ad</strong></span> 
     </span>
    </p>

    <p class='ocr_par' dir='ltr' id='par_1_20' title="bbox 301 2051 1666 2128">
     <span class='ocr_line' id='line_1_20' title="bbox 301 2051 1666 2128; baseline 0.001 -20"><span class='ocrx_word' id='word_1_117' title='bbox 301 2058 488 2109; x_wconf 91' lang='lat' dir='ltr'><strong>actum</strong></span> <span class='ocrx_word' id='word_1_118' title='bbox 536 2054 829 2111; x_wconf 88' lang='lat' dir='ltr'><strong>intensum</strong></span> <span class='ocrx_word' id='word_1_119' title='bbox 857 2061 917 2111; x_wconf 91' lang='lat' dir='ltr'><strong>ut</strong></span> <span class='ocrx_word' id='word_1_120' title='bbox 944 2062 1085 2122; x_wconf 89' lang='lat' dir='ltr'><strong>oct0,</strong></span> <span class='ocrx_word' id='word_1_121' title='bbox 1118 2062 1174 2114; x_wconf 89' lang='lat' dir='ltr'><strong>et</strong></span> <span class='ocrx_word' id='word_1_122' title='bbox 1215 2055 1522 2128; x_wconf 86' lang='lat' dir='ltr'><strong>supplente</strong></span> <span class='ocrx_word' id='word_1_123' title='bbox 1562 2051 1666 2109; x_wconf 90' lang='lat' dir='ltr'><strong>de-</strong></span> 
     </span>
    </p>

    <p class='ocr_par' dir='ltr' id='par_1_21' title="bbox 302 2133 1664 2209">
     <span class='ocr_line' id='line_1_21' title="bbox 302 2133 1664 2209; baseline -0.001 -18"><span class='ocrx_word' id='word_1_124' title='bbox 302 2136 512 2193; x_wconf 81' lang='lat' dir='ltr'><strong>fectum</strong></span> <span class='ocrx_word' id='word_1_125' title='bbox 561 2137 928 2203; x_wconf 76' lang='lat' dir='ltr'><strong>intensioni5‚</strong></span> <span class='ocrx_word' id='word_1_126' title='bbox 959 2142 1078 2193; x_wconf 89' lang='lat' dir='ltr'><strong>tam</strong></span> <span class='ocrx_word' id='word_1_127' title='bbox 1106 2143 1169 2192; x_wconf 91' lang='lat' dir='ltr'><strong>ut</strong></span> <span class='ocrx_word' id='word_1_128' title='bbox 1196 2141 1459 2209; x_wconf 90' lang='lat' dir='ltr'><strong>quatuor,</strong></span> <span class='ocrx_word' id='word_1_129' title='bbox 1492 2133 1664 2206; x_wconf 85' lang='lat' dir='ltr'><strong>qua‘m</strong></span> 
     </span>
    </p>

    <p class='ocr_par' dir='ltr' id='par_1_22' title="bbox 304 2218 1668 2288">
     <span class='ocr_line' id='line_1_22' title="bbox 304 2218 1668 2288; baseline -0.001 -15"><span class='ocrx_word' id='word_1_130' title='bbox 304 2224 367 2273; x_wconf 92' lang='lat' dir='ltr'><strong>ut</strong></span> <span class='ocrx_word' id='word_1_131' title='bbox 405 2221 547 2273; x_wconf 84' lang='lat' dir='ltr'><strong>octo,</strong></span> <span class='ocrx_word' id='word_1_132' title='bbox 580 2218 899 2275; x_wconf 88' lang='lat' dir='ltr'><strong>Videantur</strong></span> <span class='ocrx_word' id='word_1_133' title='bbox 944 2218 1095 2274; x_wconf 90' lang='lat' dir='ltr'><strong>dicta</strong></span> <span class='ocrx_word' id='word_1_134' title='bbox 1139 2219 1406 2273; x_wconf 88' lang='lat' dir='ltr'><strong>Tractatu</strong></span> <span class='ocrx_word' id='word_1_135' title='bbox 1454 2230 1668 2288; x_wconf 60' lang='lat' dir='ltr'><strong>praece-</strong></span> 
     </span>
    </p>

    <p class='ocr_par' dir='ltr' id='par_1_23' title="bbox 228 2296 1669 2452">
     <span class='ocr_line' id='line_1_23' title="bbox 228 2296 1669 2373; baseline -0.001 -19"><span class='ocrx_word' id='word_1_136' title='bbox 228 2367 234 2373; x_wconf 34' lang='lat'><strong>,</strong></span> <span class='ocrx_word' id='word_1_137' title='bbox 306 2298 464 2355; x_wconf 89' lang='lat' dir='ltr'><strong>denti</strong></span> <span class='ocrx_word' id='word_1_138' title='bbox 508 2299 652 2372; x_wconf 78' lang='lat' dir='ltr'><strong>disp.</strong></span> <span class='ocrx_word' id='word_1_139' title='bbox 682 2302 736 2364; x_wconf 79' lang='lat'><strong>2,</strong></span> <span class='ocrx_word' id='word_1_140' title='bbox 768 2318 803 2355; x_wconf 86' lang='lat' dir='ltr'><strong>a</strong></span> <span class='ocrx_word' id='word_1_141' title='bbox 844 2317 996 2355; x_wconf 79' lang='lat' dir='ltr'><strong>num.</strong></span> <span class='ocrx_word' id='word_1_142' title='bbox 1030 2301 1159 2367; x_wconf 80' lang='lat'><strong>239,</strong></span> <span class='ocrx_word' id='word_1_143' title='bbox 1193 2298 1291 2355; x_wconf 91' lang='lat' dir='ltr'><strong>ubi</strong></span> <span class='ocrx_word' id='word_1_144' title='bbox 1321 2299 1468 2354; x_wconf 91' lang='lat' dir='ltr'><strong>hanc</strong></span> <span class='ocrx_word' id='word_1_145' title='bbox 1515 2296 1669 2353; x_wconf 84' lang='lat' dir='ltr'><strong>diffi-</strong></span> 
     </span>
     <span class='ocr_line' id='line_1_24' title="bbox 307 2380 1143 2452; baseline 0 -16"><span class='ocrx_word' id='word_1_146' title='bbox 307 2380 574 2436; x_wconf 85' lang='lat' dir='ltr'><strong>cultatem</strong></span> <span class='ocrx_word' id='word_1_147' title='bbox 602 2382 712 2436; x_wconf 88' lang='lat' dir='ltr'><strong>late</strong></span> <span class='ocrx_word' id='word_1_148' title='bbox 738 2381 1143 2452; x_wconf 79' lang='lat' dir='ltr'><strong>explicuimus,</strong></span> 
     </span>
    </p>

    <p class='ocr_par' dir='ltr' id='par_1_24' title="bbox 116 2460 1665 2537">
     <span class='ocr_line' id='line_1_25' title="bbox 116 2460 1665 2537; baseline -0.001 -19"><span class='ocrx_word' id='word_1_149' title='bbox 116 2475 276 2518; x_wconf 79' lang='lat' dir='ltr'><strong>secun·</strong></span> <span class='ocrx_word' id='word_1_150' title='bbox 386 2464 480 2518; x_wconf 83' lang='lat'><strong>85.</strong></span> <span class='ocrx_word' id='word_1_151' title='bbox 510 2462 786 2536; x_wconf 82' lang='lat' dir='ltr'><strong>Arguitur</strong></span> <span class='ocrx_word' id='word_1_152' title='bbox 806 2463 1072 2531; x_wconf 88' lang='lat' dir='ltr'><strong>secundo,</strong></span> <span class='ocrx_word' id='word_1_153' title='bbox 1091 2463 1227 2537; x_wconf 88' lang='lat' dir='ltr'><strong>quia</strong></span> <span class='ocrx_word' id='word_1_154' title='bbox 1245 2460 1433 2535; x_wconf 91' lang='lat' dir='ltr'><strong>gratia</strong></span> <span class='ocrx_word' id='word_1_155' title='bbox 1455 2460 1665 2535; x_wconf 91' lang='lat' dir='ltr'><strong>prima,</strong></span> 
     </span>
    </p>

    <p class='ocr_par' dir='ltr' id='par_1_25' title="bbox 90 2523 1672 2628">
     <span class='ocr_line' id='line_1_26' title="bbox 90 2523 1672 2628; baseline -0.004 -25"><span class='ocrx_word' id='word_1_156' title='bbox 90 2523 277 2628; x_wconf 58' lang='grc' dir='ltr'><strong>(ἑξξζέζζ</strong></span> <span class='ocrx_word' id='word_1_157' title='bbox 315 2552 370 2603; x_wconf 89' lang='lat' dir='ltr'><strong>et</strong></span> <span class='ocrx_word' id='word_1_158' title='bbox 390 2545 574 2619; x_wconf 88' lang='lat' dir='ltr'><strong>gratia</strong></span> <span class='ocrx_word' id='word_1_159' title='bbox 602 2545 865 2613; x_wconf 89' lang='lat' dir='ltr'><strong>secunda,</strong></span> <span class='ocrx_word' id='word_1_160' title='bbox 910 2548 1032 2603; x_wconf 90' lang='lat' dir='ltr'><strong>sive</strong></span> <span class='ocrx_word' id='word_1_161' title='bbox 1060 2549 1080 2618; x_wconf 97' lang='lat'>(</span> <span class='ocrx_word' id='word_1_162' title='bbox 1105 2551 1159 2603; x_wconf 91' lang='lat' dir='ltr'><strong>et</strong></span> <span class='ocrx_word' id='word_1_163' title='bbox 1189 2546 1251 2601; x_wconf 88' lang='lat' dir='ltr'><strong>in</strong></span> <span class='ocrx_word' id='word_1_164' title='bbox 1296 2543 1451 2601; x_wconf 88' lang='lat' dir='ltr'><strong>idem</strong></span> <span class='ocrx_word' id='word_1_165' title='bbox 1482 2542 1672 2615; x_wconf 86' lang='lat' dir='ltr'><strong>redit)</strong></span> 
     </span>
    </p>

    <p class='ocr_par' dir='ltr' id='par_1_26' title="bbox 149 2626 1675 2702">
     <span class='ocr_line' id='line_1_27' title="bbox 149 2626 1675 2702; baseline -0.001 -20"><span class='ocrx_word' id='word_1_166' title='bbox 149 2636 249 2671; x_wconf 68' lang='lat'>¹¹³1!-</span> <span class='ocrx_word' id='word_1_167' title='bbox 319 2626 636 2683; x_wconf 88' lang='lat' dir='ltr'><strong>substantia</strong></span> <span class='ocrx_word' id='word_1_168' title='bbox 661 2629 877 2702; x_wconf 70' lang='lat' dir='ltr'><strong>gratiae,</strong></span> <span class='ocrx_word' id='word_1_169' title='bbox 903 2635 957 2685; x_wconf 90' lang='lat' dir='ltr'><strong>et</strong></span> <span class='ocrx_word' id='word_1_170' title='bbox 977 2629 1099 2702; x_wconf 85' lang='lat' dir='ltr'><strong>ejus</strong></span> <span class='ocrx_word' id='word_1_171' title='bbox 1119 2632 1515 2702; x_wconf 88' lang='lat' dir='ltr'><strong>augmentum,</strong></span> <span class='ocrx_word' id='word_1_172' title='bbox 1540 2631 1675 2683; x_wconf 88' lang='lat' dir='ltr'><strong>sunt</strong></span> 
     </span>
    </p>

    <p class='ocr_par' dir='ltr' id='par_1_27' title="bbox 311 2708 1671 2785">
     <span class='ocr_line' id='line_1_28' title="bbox 311 2708 1671 2785; baseline -0.002 -18"><span class='ocrx_word' id='word_1_173' title='bbox 311 2709 564 2785; x_wconf 85' lang='lat' dir='ltr'><strong>ejusdem</strong></span> <span class='ocrx_word' id='word_1_174' title='bbox 596 2710 837 2766; x_wconf 87' lang='lat' dir='ltr'><strong>rationis</strong></span> <span class='ocrx_word' id='word_1_175' title='bbox 870 2732 882 2765; x_wconf 89' lang='lat'>:</span> <span class='ocrx_word' id='word_1_176' title='bbox 911 2709 1009 2767; x_wconf 90' lang='lat' dir='ltr'><strong>sed</strong></span> <span class='ocrx_word' id='word_1_177' title='bbox 1037 2711 1209 2768; x_wconf 91' lang='lat' dir='ltr'><strong>homo</strong></span> <span class='ocrx_word' id='word_1_178' title='bbox 1240 2710 1438 2783; x_wconf 89' lang='lat' dir='ltr'><strong>nequit</strong></span> <span class='ocrx_word' id='word_1_179' title='bbox 1457 2708 1671 2766; x_wconf 90' lang='lat' dir='ltr'><strong>mereri</strong></span> 
     </span>
    </p>

    <p class='ocr_par' dir='ltr' id='par_1_28' title="bbox 313 2792 1675 2867">
     <span class='ocr_line' id='line_1_29' title="bbox 313 2792 1675 2867; baseline -0.001 -19"><span class='ocrx_word' id='word_1_180' title='bbox 313 2793 382 2849; x_wconf 91' lang='lat' dir='ltr'><strong>de</strong></span> <span class='ocrx_word' id='word_1_181' title='bbox 427 2793 711 2867; x_wconf 89' lang='lat' dir='ltr'><strong>condigno</strong></span> <span class='ocrx_word' id='word_1_182' title='bbox 759 2794 1010 2866; x_wconf 90' lang='lat' dir='ltr'><strong>primam</strong></span> <span class='ocrx_word' id='word_1_183' title='bbox 1048 2794 1319 2866; x_wconf 88' lang='lat' dir='ltr'><strong>gratiam,</strong></span> <span class='ocrx_word' id='word_1_184' title='bbox 1350 2808 1447 2848; x_wconf 90' lang='lat' dir='ltr'><strong>seu</strong></span> <span class='ocrx_word' id='word_1_185' title='bbox 1475 2792 1675 2866; x_wconf 81' lang='lat' dir='ltr'><strong>gratiae</strong></span> 
     </span>
    </p>

    <p class='ocr_par' dir='ltr' id='par_1_29' title="bbox 312 2872 1676 2950">
     <span class='ocr_line' id='line_1_30' title="bbox 312 2872 1676 2950; baseline -0.001 -18"><span class='ocrx_word' id='word_1_186' title='bbox 312 2874 690 2933; x_wconf 81' lang='lat' dir='ltr'><strong>substantiam</strong></span> <span class='ocrx_word' id='word_1_187' title='bbox 741 2896 754 2931; x_wconf 76' lang='grc' dir='ltr'><strong><em>ε</em></strong></span> <span class='ocrx_word' id='word_1_188' title='bbox 794 2891 930 2950; x_wconf 88' lang='lat' dir='ltr'><strong>ergo</strong></span> <span class='ocrx_word' id='word_1_189' title='bbox 975 2875 1191 2931; x_wconf 87' lang='lat' dir='ltr'><strong>mereri</strong></span> <span class='ocrx_word' id='word_1_190' title='bbox 1248 2890 1366 2933; x_wconf 94' lang='lat' dir='ltr'><strong>non</strong></span> <span class='ocrx_word' id='word_1_191' title='bbox 1412 2873 1566 2941; x_wconf 89' lang='lat' dir='ltr'><strong>valet</strong></span> <span class='ocrx_word' id='word_1_192' title='bbox 1604 2872 1676 2930; x_wconf 90' lang='lat' dir='ltr'><strong>de</strong></span> 
     </span>
    </p>
   </div>
   <div class='ocr_carea' id='block_1_3' title="bbox 314 2957 1677 3116">
    <p class='ocr_par' dir='ltr' id='par_1_30' title="bbox 314 2957 1677 3116">
     <span class='ocr_line' id='line_1_31' title="bbox 314 2957 1677 3033; baseline -0.004 -17"><span class='ocrx_word' id='word_1_193' title='bbox 314 2959 596 3033; x_wconf 89' lang='lat' dir='ltr'><strong>condigno</strong></span> <span class='ocrx_word' id='word_1_194' title='bbox 647 2957 965 3014; x_wconf 64' lang='lat' dir='ltr'><strong>secundam*</strong></span> <span class='ocrx_word' id='word_1_195' title='bbox 998 2958 1286 3033; x_wconf 86' lang='lat' dir='ltr'><strong>gratiam,</strong></span> <span class='ocrx_word' id='word_1_196' title='bbox 1334 2974 1435 3015; x_wconf 90' lang='lat' dir='ltr'><strong>seu</strong></span> <span class='ocrx_word' id='word_1_197' title='bbox 1474 2957 1677 3033; x_wconf 81' lang='lat' dir='ltr'><strong>gratiae</strong></span> 
     </span>
     <span class='ocr_line' id='line_1_32' title="bbox 317 3048 711 3116; baseline -0.005 -18"><span class='ocrx_word' id='word_1_198' title='bbox 317 3048 711 3116; x_wconf 85' lang='lat' dir='ltr'><strong>augmentum.</strong></span> 
     </span>
    </p>
   </div>
   <div class='ocr_carea' id='block_1_4' title="bbox 104 3118 1705 5168">
    <p class='ocr_par' dir='ltr' id='par_1_31' title="bbox 104 3118 1705 5168">
     <span class='ocr_line' id='line_1_33' title="bbox 392 3118 1678 3188; baseline -0.003 -10"><span class='ocrx_word' id='word_1_199' title='bbox 392 3120 811 3188; x_wconf 59' lang='lat' dir='ltr'><strong>confirmatum</strong></span> <span class='ocrx_word' id='word_1_200' title='bbox 843 3136 980 3177; x_wconf 90' lang='lat' dir='ltr'><strong>nam</strong></span> <span class='ocrx_word' id='word_1_201' title='bbox 1009 3120 1134 3178; x_wconf 87' lang='lat' dir='ltr'><strong>ideo</strong></span> <span class='ocrx_word' id='word_1_202' title='bbox 1156 3126 1312 3177; x_wconf 87' lang='lat' dir='ltr'><strong>actus</strong></span> <span class='ocrx_word' id='word_1_203' title='bbox 1336 3118 1678 3175; x_wconf 86' lang='lat' dir='ltr'><strong>meritorius</strong></span> 
     </span>
     <span class='ocr_line' id='line_1_34' title="bbox 318 3199 1682 3277; baseline -0.007 -15"><span class='ocrx_word' id='word_1_204' title='bbox 318 3220 436 3262; x_wconf 89' lang='lat' dir='ltr'><strong>non</strong></span> <span class='ocrx_word' id='word_1_205' title='bbox 453 3207 630 3277; x_wconf 87' lang='lat' dir='ltr'><strong>potest</strong></span> <span class='ocrx_word' id='word_1_206' title='bbox 650 3202 864 3260; x_wconf 92' lang='lat' dir='ltr'><strong>mereri</strong></span> <span class='ocrx_word' id='word_1_207' title='bbox 885 3201 955 3258; x_wconf 91' lang='lat' dir='ltr'><strong>de</strong></span> <span class='ocrx_word' id='word_1_208' title='bbox 972 3200 1256 3275; x_wconf 86' lang='lat' dir='ltr'><strong>condigno</strong></span> <span class='ocrx_word' id='word_1_209' title='bbox 1278 3199 1533 3271; x_wconf 90' lang='lat' dir='ltr'><strong>primam</strong></span> <span class='ocrx_word' id='word_1_210' title='bbox 1554 3214 1682 3273; x_wconf 89' lang='lat' dir='ltr'><strong>gra-</strong></span> 
     </span>
     <span class='ocr_line' id='line_1_35' title="bbox 320 3279 1681 3356; baseline -0.006 -14"><span class='ocrx_word' id='word_1_211' title='bbox 320 3286 482 3350; x_wconf 90' lang='lat' dir='ltr'><strong>tiam,</strong></span> <span class='ocrx_word' id='word_1_212' title='bbox 513 3285 647 3356; x_wconf 88' lang='lat' dir='ltr'><strong>quia</strong></span> <span class='ocrx_word' id='word_1_213' title='bbox 669 3284 738 3339; x_wconf 90' lang='lat' dir='ltr'><strong>ab</strong></span> <span class='ocrx_word' id='word_1_214' title='bbox 765 3298 833 3338; x_wconf 87' lang='lat' dir='ltr'><strong>eo</strong></span> <span class='ocrx_word' id='word_1_215' title='bbox 861 3281 1113 3353; x_wconf 88' lang='lat' dir='ltr'><strong>procedit</strong></span> <span class='ocrx_word' id='word_1_216' title='bbox 1147 3303 1160 3338; x_wconf 90' lang='lat'>:</span> <span class='ocrx_word' id='word_1_217' title='bbox 1195 3281 1293 3337; x_wconf 87' lang='lat' dir='ltr'><strong>sed</strong></span> <span class='ocrx_word' id='word_1_218' title='bbox 1317 3287 1472 3337; x_wconf 89' lang='lat' dir='ltr'><strong>actus</strong></span> <span class='ocrx_word' id='word_1_219' title='bbox 1499 3279 1681 3336; x_wconf 90' lang='lat' dir='ltr'><strong>meri-</strong></span> 
     </span>
     <span class='ocr_line' id='line_1_36' title="bbox 321 3359 1684 3435; baseline -0.007 -12"><span class='ocrx_word' id='word_1_220' title='bbox 321 3368 506 3423; x_wconf 86' lang='lat' dir='ltr'><strong>torius</strong></span> <span class='ocrx_word' id='word_1_221' title='bbox 544 3370 607 3419; x_wconf 91' lang='lat' dir='ltr'><strong>ut</strong></span> <span class='ocrx_word' id='word_1_222' title='bbox 634 3362 817 3435; x_wconf 91' lang='lat' dir='ltr'><strong>magis</strong></span> <span class='ocrx_word' id='word_1_223' title='bbox 848 3363 1106 3417; x_wconf 87' lang='lat' dir='ltr'><strong>intensus</strong></span> <span class='ocrx_word' id='word_1_224' title='bbox 1135 3359 1388 3434; x_wconf 88' lang='lat' dir='ltr'><strong>procedit</strong></span> <span class='ocrx_word' id='word_1_225' title='bbox 1420 3377 1478 3423; x_wconf 77' lang='lat' dir='ltr'><strong>a,</strong></span> <span class='ocrx_word' id='word_1_226' title='bbox 1496 3360 1684 3434; x_wconf 89' lang='lat' dir='ltr'><strong>gratia</strong></span> 
     </span>
     <span class='ocr_line' id='line_1_37' title="bbox 327 3441 1683 3516; baseline -0.005 -15"><span class='ocrx_word' id='word_1_227' title='bbox 327 3452 391 3501; x_wconf 92' lang='lat' dir='ltr'><strong>ut</strong></span> <span class='ocrx_word' id='word_1_228' title='bbox 430 3444 613 3516; x_wconf 88' lang='lat' dir='ltr'><strong>magis</strong></span> <span class='ocrx_word' id='word_1_229' title='bbox 660 3442 927 3497; x_wconf 89' lang='lat' dir='ltr'><strong>intensa:</strong></span> <span class='ocrx_word' id='word_1_230' title='bbox 982 3457 1119 3516; x_wconf 91' lang='lat' dir='ltr'><strong>ergo</strong></span> <span class='ocrx_word' id='word_1_231' title='bbox 1156 3441 1355 3514; x_wconf 88' lang='lat' dir='ltr'><strong>nequit</strong></span> <span class='ocrx_word' id='word_1_232' title='bbox 1401 3443 1683 3515; x_wconf 87' lang='lat' dir='ltr'><strong>majorem</strong></span> 
     </span>
     <span class='ocr_line' id='line_1_38' title="bbox 328 3521 1682 3599; baseline -0.004 -16"><span class='ocrx_word' id='word_1_233' title='bbox 328 3529 493 3584; x_wconf 92' lang='lat' dir='ltr'><strong>illam</strong></span> <span class='ocrx_word' id='word_1_234' title='bbox 535 3525 924 3581; x_wconf 87' lang='lat' dir='ltr'><strong>intensionem</strong></span> <span class='ocrx_word' id='word_1_235' title='bbox 976 3522 1047 3579; x_wconf 90' lang='lat' dir='ltr'><strong>de</strong></span> <span class='ocrx_word' id='word_1_236' title='bbox 1112 3523 1397 3599; x_wconf 87' lang='lat' dir='ltr'><strong>condigno</strong></span> <span class='ocrx_word' id='word_1_237' title='bbox 1443 3521 1682 3579; x_wconf 90' lang='lat' dir='ltr'><strong>mereri.</strong></span> 
     </span>
     <span class='ocr_line' id='line_1_39' title="bbox 327 3605 1687 3679; baseline -0.004 -15"><span class='ocrx_word' id='word_1_238' title='bbox 327 3608 610 3666; x_wconf 88' lang='lat' dir='ltr'><strong>Probatur</strong></span> <span class='ocrx_word' id='word_1_239' title='bbox 633 3606 846 3671; x_wconf 90' lang='lat' dir='ltr'><strong>minor,</strong></span> <span class='ocrx_word' id='word_1_240' title='bbox 885 3606 1020 3679; x_wconf 84' lang='lat' dir='ltr'><strong>quia</strong></span> <span class='ocrx_word' id='word_1_241' title='bbox 1051 3621 1164 3662; x_wconf 90' lang='lat' dir='ltr'><strong>non</strong></span> <span class='ocrx_word' id='word_1_242' title='bbox 1197 3610 1281 3661; x_wconf 89' lang='lat' dir='ltr'><strong>est</strong></span> <span class='ocrx_word' id='word_1_243' title='bbox 1309 3605 1475 3670; x_wconf 91' lang='lat' dir='ltr'><strong>rati0,</strong></span> <span class='ocrx_word' id='word_1_244' title='bbox 1508 3618 1687 3677; x_wconf 88' lang='lat' dir='ltr'><strong>quare</strong></span> 
     </span>
     <span class='ocr_line' id='line_1_40' title="bbox 328 3683 1687 3759; baseline -0.006 -12"><span class='ocrx_word' id='word_1_245' title='bbox 328 3696 482 3747; x_wconf 91' lang='lat' dir='ltr'><strong>actus</strong></span> <span class='ocrx_word' id='word_1_246' title='bbox 504 3687 855 3754; x_wconf 80' lang='lat' dir='ltr'><strong>meritorius,</strong></span> <span class='ocrx_word' id='word_1_247' title='bbox 884 3687 946 3742; x_wconf 88' lang='lat' dir='ltr'><strong>in</strong></span> <span class='ocrx_word' id='word_1_248' title='bbox 977 3690 1257 3759; x_wconf 90' lang='lat' dir='ltr'><strong>quantum</strong></span> <span class='ocrx_word' id='word_1_249' title='bbox 1301 3686 1453 3750; x_wconf 89' lang='lat' dir='ltr'><strong>talis,</strong></span> <span class='ocrx_word' id='word_1_250' title='bbox 1486 3683 1687 3741; x_wconf 87' lang='lat' dir='ltr'><strong>debeat</strong></span> 
     </span>
     <span class='ocr_line' id='line_1_41' title="bbox 327 3764 1689 3844; baseline -0.006 -16"><span class='ocrx_word' id='word_1_251' title='bbox 327 3785 651 3844; x_wconf 86' lang='lat' dir='ltr'><strong>supponere</strong></span> <span class='ocrx_word' id='word_1_252' title='bbox 684 3768 950 3842; x_wconf 84' lang='lat' dir='ltr'><strong>gratiam,</strong></span> <span class='ocrx_word' id='word_1_253' title='bbox 983 3773 1040 3824; x_wconf 91' lang='lat' dir='ltr'><strong>et</strong></span> <span class='ocrx_word' id='word_1_254' title='bbox 1077 3767 1148 3824; x_wconf 89' lang='lat' dir='ltr'><strong>ab</strong></span> <span class='ocrx_word' id='word_1_255' title='bbox 1175 3783 1242 3823; x_wconf 89' lang='lat' dir='ltr'><strong>ea</strong></span> <span class='ocrx_word' id='word_1_256' title='bbox 1265 3764 1603 3838; x_wconf 91' lang='lat' dir='ltr'><strong>procedere;</strong></span> <span class='ocrx_word' id='word_1_257' title='bbox 1632 3770 1689 3822; x_wconf 89' lang='lat' dir='ltr'><strong>et</strong></span> 
     </span>
     <span class='ocr_line' id='line_1_42' title="bbox 330 3848 1689 3922; baseline -0.008 -11"><span class='ocrx_word' id='word_1_258' title='bbox 330 3859 485 3912; x_wconf 83' lang='lat' dir='ltr'><strong>actus</strong></span> <span class='ocrx_word' id='word_1_259' title='bbox 524 3850 857 3908; x_wconf 89' lang='lat' dir='ltr'><strong>meritorius</strong></span> <span class='ocrx_word' id='word_1_260' title='bbox 903 3854 964 3904; x_wconf 91' lang='lat' dir='ltr'><strong>ut</strong></span> <span class='ocrx_word' id='word_1_261' title='bbox 1016 3848 1199 3922; x_wconf 87' lang='lat' dir='ltr'><strong>magis</strong></span> <span class='ocrx_word' id='word_1_262' title='bbox 1260 3849 1522 3906; x_wconf 90' lang='lat' dir='ltr'><strong>intensus</strong></span> <span class='ocrx_word' id='word_1_263' title='bbox 1570 3861 1689 3901; x_wconf 91' lang='lat' dir='ltr'><strong>non</strong></span> 
     </span>
     <span class='ocr_line' id='line_1_43' title="bbox 329 3925 1690 4008; baseline -0.008 -16"><span class='ocrx_word' id='word_1_264' title='bbox 329 3938 609 4008; x_wconf 86' lang='lat' dir='ltr'><strong>supponat</strong></span> <span class='ocrx_word' id='word_1_265' title='bbox 635 3932 881 4007; x_wconf 89' lang='lat' dir='ltr'><strong>gratiam</strong></span> <span class='ocrx_word' id='word_1_266' title='bbox 911 3936 974 3985; x_wconf 94' lang='lat' dir='ltr'><strong>ut</strong></span> <span class='ocrx_word' id='word_1_267' title='bbox 995 3930 1179 4004; x_wconf 88' lang='lat' dir='ltr'><strong>magis</strong></span> <span class='ocrx_word' id='word_1_268' title='bbox 1200 3930 1508 3994; x_wconf 88' lang='lat' dir='ltr'><strong>intensam,</strong></span> <span class='ocrx_word' id='word_1_269' title='bbox 1535 3932 1592 3985; x_wconf 88' lang='lat' dir='ltr'><strong>et</strong></span> <span class='ocrx_word' id='word_1_270' title='bbox 1619 3925 1690 3983; x_wconf 90' lang='lat' dir='ltr'><strong>ab</strong></span> 
     </span>
     <span class='ocr_line' id='line_1_44' title="bbox 331 4007 1690 4086; baseline -0.01 -11"><span class='ocrx_word' id='word_1_271' title='bbox 331 4034 398 4075; x_wconf 89' lang='lat' dir='ltr'><strong>ea</strong></span> <span class='ocrx_word' id='word_1_272' title='bbox 424 4018 503 4072; x_wconf 87' lang='lat' dir='ltr'><strong>sic</strong></span> <span class='ocrx_word' id='word_1_273' title='bbox 526 4020 750 4086; x_wconf 87' lang='lat' dir='ltr'><strong>accepta</strong></span> <span class='ocrx_word' id='word_1_274' title='bbox 777 4011 1076 4085; x_wconf 82' lang='lat' dir='ltr'><strong>procedat3</strong></span> <span class='ocrx_word' id='word_1_275' title='bbox 1115 4011 1400 4085; x_wconf 88' lang='lat' dir='ltr'><strong>siquidem</strong></span> <span class='ocrx_word' id='word_1_276' title='bbox 1441 4007 1690 4067; x_wconf 90' lang='lat' dir='ltr'><strong>eandem</strong></span> 
     </span>
     <span class='ocr_line' id='line_1_45' title="bbox 335 4092 1693 4175; baseline -0.007 -18"><span class='ocrx_word' id='word_1_277' title='bbox 335 4099 765 4175; x_wconf 88' lang='lat' dir='ltr'><strong>proportionem</strong></span> <span class='ocrx_word' id='word_1_278' title='bbox 818 4095 986 4151; x_wconf 89' lang='lat' dir='ltr'><strong>habet</strong></span> <span class='ocrx_word' id='word_1_279' title='bbox 1025 4096 1212 4168; x_wconf 87' lang='lat' dir='ltr'><strong>gratia</strong></span> <span class='ocrx_word' id='word_1_280' title='bbox 1259 4101 1322 4151; x_wconf 92' lang='lat' dir='ltr'><strong>ut</strong></span> <span class='ocrx_word' id='word_1_281' title='bbox 1368 4092 1553 4168; x_wconf 85' lang='lat' dir='ltr'><strong>magis</strong></span> <span class='ocrx_word' id='word_1_282' title='bbox 1595 4095 1693 4147; x_wconf 87' lang='lat' dir='ltr'><strong>in-</strong></span> 
     </span>
     <span class='ocr_line' id='line_1_46' title="bbox 331 4178 1690 4251; baseline -0.007 -11"><span class='ocrx_word' id='word_1_283' title='bbox 331 4190 495 4241; x_wconf 89' lang='lat' dir='ltr'><strong>tensa</strong></span> <span class='ocrx_word' id='word_1_284' title='bbox 516 4181 584 4239; x_wconf 92' lang='lat' dir='ltr'><strong>ad</strong></span> <span class='ocrx_word' id='word_1_285' title='bbox 628 4187 814 4238; x_wconf 89' lang='lat' dir='ltr'><strong>actum</strong></span> <span class='ocrx_word' id='word_1_286' title='bbox 852 4185 914 4234; x_wconf 90' lang='lat' dir='ltr'><strong>ut</strong></span> <span class='ocrx_word' id='word_1_287' title='bbox 933 4178 1119 4251; x_wconf 88' lang='lat' dir='ltr'><strong>magis</strong></span> <span class='ocrx_word' id='word_1_288' title='bbox 1148 4178 1466 4244; x_wconf 90' lang='lat' dir='ltr'><strong>intensum,</strong></span> <span class='ocrx_word' id='word_1_289' title='bbox 1515 4190 1690 4248; x_wconf 89' lang='lat' dir='ltr'><strong>quam</strong></span> 
     </span>
     <span class='ocr_line' id='line_1_47' title="bbox 332 4257 1691 4340; baseline -0.007 -18"><span class='ocrx_word' id='word_1_290' title='bbox 332 4265 503 4322; x_wconf 89' lang='lat' dir='ltr'><strong>habet</strong></span> <span class='ocrx_word' id='word_1_291' title='bbox 523 4264 708 4340; x_wconf 88' lang='lat' dir='ltr'><strong>gratia</strong></span> <span class='ocrx_word' id='word_1_292' title='bbox 735 4258 1047 4318; x_wconf 88' lang='lat' dir='ltr'><strong>secundum</strong></span> <span class='ocrx_word' id='word_1_293' title='bbox 1071 4259 1453 4317; x_wconf 89' lang='lat' dir='ltr'><strong>substantiam</strong></span> <span class='ocrx_word' id='word_1_294' title='bbox 1497 4257 1567 4315; x_wconf 87' lang='lat' dir='ltr'><strong>ad</strong></span> <span class='ocrx_word' id='word_1_295' title='bbox 1609 4272 1691 4313; x_wconf 85' lang='lat' dir='ltr'><strong>ac-</strong></span> 
     </span>
     <span class='ocr_line' id='line_1_48' title="bbox 334 4343 1696 4417; baseline -0.006 -12"><span class='ocrx_word' id='word_1_296' title='bbox 334 4355 456 4405; x_wconf 90' lang='lat' dir='ltr'><strong>tum</strong></span> <span class='ocrx_word' id='word_1_297' title='bbox 479 4346 793 4406; x_wconf 88' lang='lat' dir='ltr'><strong>secundum</strong></span> <span class='ocrx_word' id='word_1_298' title='bbox 815 4343 1194 4400; x_wconf 89' lang='lat' dir='ltr'><strong>substantiam</strong></span> <span class='ocrx_word' id='word_1_299' title='bbox 1214 4348 1501 4417; x_wconf 90' lang='lat' dir='ltr'><strong>acceptum</strong></span> <span class='ocrx_word' id='word_1_300' title='bbox 1523 4363 1536 4398; x_wconf 75' lang='lat'>2</span> <span class='ocrx_word' id='word_1_301' title='bbox 1561 4355 1696 4415; x_wconf 90' lang='lat' dir='ltr'><strong>ergo</strong></span> 
     </span>
     <span class='ocr_line' id='line_1_49' title="bbox 337 4424 1695 4500; baseline -0.008 -10"><span class='ocrx_word' id='word_1_302' title='bbox 337 4438 492 4490; x_wconf 86' lang='lat' dir='ltr'><strong>actus</strong></span> <span class='ocrx_word' id='word_1_303' title='bbox 518 4428 855 4487; x_wconf 88' lang='lat' dir='ltr'><strong>meritorius</strong></span> <span class='ocrx_word' id='word_1_304' title='bbox 877 4432 939 4482; x_wconf 90' lang='lat' dir='ltr'><strong>ut</strong></span> <span class='ocrx_word' id='word_1_305' title='bbox 972 4424 1156 4500; x_wconf 88' lang='lat' dir='ltr'><strong>magis</strong></span> <span class='ocrx_word' id='word_1_306' title='bbox 1191 4425 1455 4483; x_wconf 85' lang='lat' dir='ltr'><strong>intensus</strong></span> <span class='ocrx_word' id='word_1_307' title='bbox 1496 4437 1695 4499; x_wconf 90' lang='lat' dir='ltr'><strong>proce-</strong></span> 
     </span>
     <span class='ocr_line' id='line_1_50' title="bbox 337 4508 1297 4587; baseline -0.008 -16"><span class='ocrx_word' id='word_1_308' title='bbox 337 4516 422 4571; x_wconf 90' lang='lat' dir='ltr'><strong>dit</strong></span> <span class='ocrx_word' id='word_1_309' title='bbox 450 4531 483 4571; x_wconf 92' lang='lat' dir='ltr'><strong>a</strong></span> <span class='ocrx_word' id='word_1_310' title='bbox 520 4511 707 4587; x_wconf 88' lang='lat' dir='ltr'><strong>gratia</strong></span> <span class='ocrx_word' id='word_1_311' title='bbox 736 4516 797 4565; x_wconf 92' lang='lat' dir='ltr'><strong>ut</strong></span> <span class='ocrx_word' id='word_1_312' title='bbox 836 4508 1021 4582; x_wconf 89' lang='lat' dir='ltr'><strong>magis</strong></span> <span class='ocrx_word' id='word_1_313' title='bbox 1050 4509 1297 4565; x_wconf 89' lang='lat' dir='ltr'><strong>intensa.</strong></span> 
     </span>
     <span class='ocr_line' id='line_1_51' title="bbox 104 4588 1699 4676; baseline -0.008 -21"><span class='ocrx_word' id='word_1_314' title='bbox 104 4624 314 4676; x_wconf 54' lang='lat' dir='ltr'><strong>ommi.</strong></span> <span class='ocrx_word' id='word_1_315' title='bbox 398 4595 500 4659; x_wconf 83' lang='lat' dir='ltr'><strong>&#39;Ad</strong></span> <span class='ocrx_word' id='word_1_316' title='bbox 522 4597 925 4667; x_wconf 88' lang='lat' dir='ltr'><strong>argumentum</strong></span> <span class='ocrx_word' id='word_1_317' title='bbox 970 4588 1371 4664; x_wconf 80' lang='lat' dir='ltr'><strong>respondetur,</strong></span> <span class='ocrx_word' id='word_1_318' title='bbox 1416 4588 1699 4663; x_wconf 85' lang='lat' dir='ltr'><strong>majorem</strong></span> 
     </span>
     <span class='ocr_line' id='line_1_52' title="bbox 108 4668 1702 4779; baseline -0.011 -39"><span class='ocrx_word' id='word_1_319' title='bbox 108 4685 330 4779; x_wconf 50' lang='lat' dir='ltr'><strong>tffiessftgfl·</strong></span> <span class='ocrx_word' id='word_1_320' title='bbox 344 4682 531 4739; x_wconf 90' lang='lat' dir='ltr'><strong>solum</strong></span> <span class='ocrx_word' id='word_1_321' title='bbox 560 4671 853 4731; x_wconf 89' lang='lat' dir='ltr'><strong>verificari</strong></span> <span class='ocrx_word' id='word_1_322' title='bbox 879 4671 950 4729; x_wconf 91' lang='lat' dir='ltr'><strong>de</strong></span> <span class='ocrx_word' id='word_1_323' title='bbox 977 4673 1186 4744; x_wconf 90' lang='lat' dir='ltr'><strong>prima,</strong></span> <span class='ocrx_word' id='word_1_324' title='bbox 1217 4673 1274 4726; x_wconf 91' lang='lat' dir='ltr'><strong>et</strong></span> <span class='ocrx_word' id='word_1_325' title='bbox 1299 4668 1546 4727; x_wconf 89' lang='lat' dir='ltr'><strong>secunda</strong></span> <span class='ocrx_word' id='word_1_326' title='bbox 1572 4684 1702 4742; x_wconf 90' lang='lat' dir='ltr'><strong>gra·</strong></span> 
     </span>
     <span class='ocr_line' id='line_1_53' title="bbox 295 4749 1701 4822; baseline -0.011 0"><span class='ocrx_word' id='word_1_327' title='bbox 295 4760 308 4775; x_wconf 74' lang='lat'><em>⁶</em></span> <span class='ocrx_word' id='word_1_328' title='bbox 346 4765 426 4822; x_wconf 91' lang='lat' dir='ltr'><strong>tia</strong></span> <span class='ocrx_word' id='word_1_329' title='bbox 451 4756 826 4819; x_wconf 88' lang='lat' dir='ltr'><strong>consideratis</strong></span> <span class='ocrx_word' id='word_1_330' title='bbox 853 4755 917 4811; x_wconf 90' lang='lat' dir='ltr'><strong>in</strong></span> <span class='ocrx_word' id='word_1_331' title='bbox 939 4770 1059 4812; x_wconf 90' lang='lat' dir='ltr'><strong>esse</strong></span> <span class='ocrx_word' id='word_1_332' title='bbox 1082 4753 1164 4810; x_wconf 90' lang='lat' dir='ltr'><strong>rei</strong></span> <span class='ocrx_word' id='word_1_333' title='bbox 1186 4776 1200 4821; x_wconf 91' lang='lat'>;</span> <span class='ocrx_word' id='word_1_334' title='bbox 1231 4767 1391 4809; x_wconf 89' lang='lat' dir='ltr'><strong>secus</strong></span> <span class='ocrx_word' id='word_1_335' title='bbox 1417 4756 1612 4808; x_wconf 89' lang='lat' dir='ltr'><strong>tamen</strong></span> <span class='ocrx_word' id='word_1_336' title='bbox 1649 4749 1701 4806; x_wconf 91' lang='lat' dir='ltr'><strong>si</strong></span> 
     </span>
     <span class='ocr_line' id='line_1_54' title="bbox 342 4833 1704 4906; baseline -0.012 -1"><span class='ocrx_word' id='word_1_337' title='bbox 342 4843 778 4906; x_wconf 90' lang='lat' dir='ltr'><strong>considerentur</strong></span> <span class='ocrx_word' id='word_1_338' title='bbox 805 4837 868 4893; x_wconf 93' lang='lat' dir='ltr'><strong>in</strong></span> <span class='ocrx_word' id='word_1_339' title='bbox 896 4851 1018 4893; x_wconf 90' lang='lat' dir='ltr'><strong>esse</strong></span> <span class='ocrx_word' id='word_1_340' title='bbox 1062 4833 1326 4891; x_wconf 79' lang='lat' dir='ltr'><strong>termini.</strong></span> <span class='ocrx_word' id='word_1_341' title='bbox 1375 4836 1523 4889; x_wconf 90' lang='lat' dir='ltr'><strong>Nam</strong></span> <span class='ocrx_word' id='word_1_342' title='bbox 1571 4835 1704 4889; x_wconf 89' lang='lat' dir='ltr'><strong>ante</strong></span> 
     </span>
     <span class='ocr_line' id='line_1_55' title="bbox 345 4913 1705 5006; baseline -0.012 -19"><span class='ocrx_word' id='word_1_343' title='bbox 345 4929 599 5006; x_wconf 88' lang='lat' dir='ltr'><strong>primam</strong></span> <span class='ocrx_word' id='word_1_344' title='bbox 650 4922 899 4999; x_wconf 90' lang='lat' dir='ltr'><strong>gratiam</strong></span> <span class='ocrx_word' id='word_1_345' title='bbox 961 4934 1079 4976; x_wconf 89' lang='lat' dir='ltr'><strong>non</strong></span> <span class='ocrx_word' id='word_1_346' title='bbox 1120 4917 1292 4974; x_wconf 91' lang='lat' dir='ltr'><strong>datur</strong></span> <span class='ocrx_word' id='word_1_347' title='bbox 1342 4916 1406 4972; x_wconf 93' lang='lat' dir='ltr'><strong>in</strong></span> <span class='ocrx_word' id='word_1_348' title='bbox 1451 4913 1705 4989; x_wconf 85' lang='lat' dir='ltr'><strong>subjecto</strong></span> 
     </span>
     <span class='ocr_line' id='line_1_56' title="bbox 340 4998 1705 5083; baseline -0.014 -11"><span class='ocrx_word' id='word_1_349' title='bbox 340 5015 551 5077; x_wconf 78' lang='lat' dir='ltr'><strong>forma,</strong></span> <span class='ocrx_word' id='word_1_350' title='bbox 582 5025 708 5083; x_wconf 85' lang='lat' dir='ltr'><strong>quae</strong></span> <span class='ocrx_word' id='word_1_351' title='bbox 741 5002 1035 5081; x_wconf 87' lang='lat' dir='ltr'><strong>dignificet</strong></span> <span class='ocrx_word' id='word_1_352' title='bbox 1069 5016 1262 5074; x_wconf 88' lang='lat' dir='ltr'><strong>opera,</strong></span> <span class='ocrx_word' id='word_1_353' title='bbox 1295 5003 1353 5057; x_wconf 92' lang='lat' dir='ltr'><strong>et</strong></span> <span class='ocrx_word' id='word_1_354' title='bbox 1396 4998 1705 5056; x_wconf 87' lang='lat' dir='ltr'><strong>constituat</strong></span> 
     </span>
     <span class='ocr_line' id='line_1_57' title="bbox 347 5076 1704 5168; baseline -0.013 -15"><span class='ocrx_word' id='word_1_355' title='bbox 347 5093 731 5168; x_wconf 67' lang='lat' dir='ltr'><strong>aequalitatem</strong></span> <span class='ocrx_word' id='word_1_356' title='bbox 760 5086 956 5146; x_wconf 90' lang='lat' dir='ltr'><strong>meriti</strong></span> <span class='ocrx_word' id='word_1_357' title='bbox 977 5100 1108 5142; x_wconf 89' lang='lat' dir='ltr'><strong>cum</strong></span> <span class='ocrx_word' id='word_1_358' title='bbox 1155 5076 1425 5157; x_wconf 81' lang='lat' dir='ltr'><strong>praedicta</strong></span> <span class='ocrx_word' id='word_1_359' title='bbox 1472 5080 1704 5155; x_wconf 87' lang='lat' dir='ltr'><strong>gratia:</strong></span> 
     </span>
    </p>
   </div>
   <div class='ocr_carea' id='block_1_5' title="bbox 110 3135 287 3232">
    <p class='ocr_par' dir='ltr' id='par_1_32' title="bbox 110 3135 287 3232">
     <span class='ocr_line' id='line_1_58' title="bbox 110 3135 287 3194; baseline -0.017 -12"><span class='ocrx_word' id='word_1_360' title='bbox 110 3135 287 3194; x_wconf 71' lang='lat' dir='ltr'><strong>contir-</strong></span> 
     </span>
     <span class='ocr_line' id='line_1_59' title="bbox 128 3191 274 3232; baseline -0.027 0"><span class='ocrx_word' id='word_1_361' title='bbox 128 3191 274 3232; x_wconf 72' lang='lat' dir='ltr'><strong>matio.</strong></span> 
     </span>
    </p>
   </div>
   <div class='ocr_carea' id='block_1_6' title="bbox 3033 394 3145 450">
    <p class='ocr_par' dir='ltr' id='par_1_33' title="bbox 3033 394 3145 450">
     <span class='ocr_line' id='line_1_60' title="bbox 3033 394 3145 450; baseline -0.009 0"><span class='ocrx_word' id='word_1_362' title='bbox 3033 394 3145 450; x_wconf 77' lang='lat'><strong>840</strong></span> 
     </span>
    </p>
   </div>
   <div class='ocr_carea' id='block_1_7' title="bbox 1776 568 3417 5147">
    <p class='ocr_par' dir='ltr' id='par_1_34' title="bbox 1776 568 3167 1956">
     <span class='ocr_line' id='line_1_61' title="bbox 1776 568 3146 652; baseline -0.013 -14"><span class='ocrx_word' id='word_1_363' title='bbox 1776 585 2046 638; x_wconf 81' lang='lat' dir='ltr'><strong>caeterum</strong></span> <span class='ocrx_word' id='word_1_364' title='bbox 2089 576 2341 636; x_wconf 89' lang='lat' dir='ltr'><strong>secunda</strong></span> <span class='ocrx_word' id='word_1_365' title='bbox 2369 575 2580 652; x_wconf 87' lang='lat' dir='ltr'><strong>gratia,</strong></span> <span class='ocrx_word' id='word_1_366' title='bbox 2609 588 2708 630; x_wconf 90' lang='lat' dir='ltr'><strong>seu</strong></span> <span class='ocrx_word' id='word_1_367' title='bbox 2742 568 2941 645; x_wconf 82' lang='lat' dir='ltr'><strong>gratiae</strong></span> <span class='ocrx_word' id='word_1_368' title='bbox 3005 581 3146 641; x_wconf 91' lang='lat' dir='ltr'><strong>aug-</strong></span> 
     </span>
     <span class='ocr_line' id='line_1_62' title="bbox 1777 652 3146 734; baseline -0.013 -14"><span class='ocrx_word' id='word_1_369' title='bbox 1777 667 2063 728; x_wconf 88' lang='lat' dir='ltr'><strong>mentum,</strong></span> <span class='ocrx_word' id='word_1_370' title='bbox 2093 659 2369 734; x_wconf 90' lang='lat' dir='ltr'><strong>supponit</strong></span> <span class='ocrx_word' id='word_1_371' title='bbox 2408 656 2660 730; x_wconf 89' lang='lat' dir='ltr'><strong>primam</strong></span> <span class='ocrx_word' id='word_1_372' title='bbox 2701 652 2972 728; x_wconf 87' lang='lat' dir='ltr'><strong>gratiam,</strong></span> <span class='ocrx_word' id='word_1_373' title='bbox 3019 662 3146 720; x_wconf 65' lang='lat' dir='ltr'><strong>quas</strong></span> 
     </span>
     <span class='ocr_line' id='line_1_63' title="bbox 1780 729 3149 818; baseline -0.013 -17"><span class='ocrx_word' id='word_1_374' title='bbox 1780 747 1962 818; x_wconf 90' lang='lat' dir='ltr'><strong>potest</strong></span> <span class='ocrx_word' id='word_1_375' title='bbox 1988 758 2162 816; x_wconf 91' lang='lat' dir='ltr'><strong>opera</strong></span> <span class='ocrx_word' id='word_1_376' title='bbox 2204 740 2490 805; x_wconf 87' lang='lat' dir='ltr'><strong>valorare,</strong></span> <span class='ocrx_word' id='word_1_377' title='bbox 2522 741 2579 793; x_wconf 90' lang='lat' dir='ltr'><strong>et</strong></span> <span class='ocrx_word' id='word_1_378' title='bbox 2615 734 2870 791; x_wconf 86' lang='lat' dir='ltr'><strong>continet</strong></span> <span class='ocrx_word' id='word_1_379' title='bbox 2909 733 2973 787; x_wconf 90' lang='lat' dir='ltr'><strong>in</strong></span> <span class='ocrx_word' id='word_1_380' title='bbox 3019 729 3149 785; x_wconf 86' lang='lat' dir='ltr'><strong>vir-</strong></span> 
     </span>
     <span class='ocr_line' id='line_1_64' title="bbox 1780 820 3151 897; baseline -0.012 -16"><span class='ocrx_word' id='word_1_381' title='bbox 1780 830 1900 881; x_wconf 86' lang='lat' dir='ltr'><strong>tute</strong></span> <span class='ocrx_word' id='word_1_382' title='bbox 1929 823 2262 897; x_wconf 85' lang='lat' dir='ltr'><strong>praedictum</strong></span> <span class='ocrx_word' id='word_1_383' title='bbox 2285 823 2680 894; x_wconf 90' lang='lat' dir='ltr'><strong>augmentum,</strong></span> <span class='ocrx_word' id='word_1_384' title='bbox 2704 820 2956 890; x_wconf 88' lang='lat' dir='ltr'><strong>utsupra</strong></span> <span class='ocrx_word' id='word_1_385' title='bbox 2976 825 3151 882; x_wconf 89' lang='lat' dir='ltr'><strong>expo-</strong></span> 
     </span>
     <span class='ocr_line' id='line_1_65' title="bbox 1781 891 3149 978; baseline -0.012 -14"><span class='ocrx_word' id='word_1_386' title='bbox 1781 908 2022 964; x_wconf 89' lang='lat' dir='ltr'><strong>suimus.</strong></span> <span class='ocrx_word' id='word_1_387' title='bbox 2083 904 2241 971; x_wconf 91' lang='lat' dir='ltr'><strong>Quod</strong></span> <span class='ocrx_word' id='word_1_388' title='bbox 2282 900 2465 978; x_wconf 86' lang='lat' dir='ltr'><strong>potest</strong></span> <span class='ocrx_word' id='word_1_389' title='bbox 2518 896 2806 956; x_wconf 88' lang='lat' dir='ltr'><strong>declarari</strong></span> <span class='ocrx_word' id='word_1_390' title='bbox 2880 891 3149 964; x_wconf 86' lang='lat' dir='ltr'><strong>exemplo</strong></span> 
     </span>
     <span class='ocr_line' id='line_1_66' title="bbox 1780 978 3149 1063; baseline -0.013 -15"><span class='ocrx_word' id='word_1_391' title='bbox 1780 1005 2004 1056; x_wconf 86' lang='lat' dir='ltr'><strong>eorum,</strong></span> <span class='ocrx_word' id='word_1_392' title='bbox 2052 1004 2178 1063; x_wconf 67' lang='lat' dir='ltr'><strong>quaa</strong></span> <span class='ocrx_word' id='word_1_393' title='bbox 2218 988 2282 1044; x_wconf 93' lang='lat' dir='ltr'><strong>in</strong></span> <span class='ocrx_word' id='word_1_394' title='bbox 2335 982 2702 1042; x_wconf 89' lang='lat' dir='ltr'><strong>naturalibus</strong></span> <span class='ocrx_word' id='word_1_395' title='bbox 2761 978 3102 1051; x_wconf 88' lang='lat' dir='ltr'><strong>contingunt</strong></span> <span class='ocrx_word' id='word_1_396' title='bbox 3136 998 3149 1042; x_wconf 90' lang='lat'>;</span> 
     </span>
     <span class='ocr_line' id='line_1_67' title="bbox 1783 1056 3153 1142; baseline -0.012 -14"><span class='ocrx_word' id='word_1_397' title='bbox 1783 1087 1922 1128; x_wconf 91' lang='lat' dir='ltr'><strong>nam</strong></span> <span class='ocrx_word' id='word_1_398' title='bbox 1945 1069 2262 1127; x_wconf 87' lang='lat' dir='ltr'><strong>substantia</strong></span> <span class='ocrx_word' id='word_1_399' title='bbox 2298 1069 2489 1142; x_wconf 89' lang='lat' dir='ltr'><strong>primo</strong></span> <span class='ocrx_word' id='word_1_400' title='bbox 2519 1063 2810 1139; x_wconf 89' lang='lat' dir='ltr'><strong>producta,</strong></span> <span class='ocrx_word' id='word_1_401' title='bbox 2863 1064 2919 1116; x_wconf 89' lang='lat' dir='ltr'><strong>et</strong></span> <span class='ocrx_word' id='word_1_402' title='bbox 2952 1056 3153 1114; x_wconf 88' lang='lat' dir='ltr'><strong>eadem</strong></span> 
     </span>
     <span class='ocr_line' id='line_1_68' title="bbox 1784 1136 3159 1219; baseline -0.013 -10"><span class='ocrx_word' id='word_1_403' title='bbox 1784 1151 2105 1209; x_wconf 87' lang='lat' dir='ltr'><strong>substantia</strong></span> <span class='ocrx_word' id='word_1_404' title='bbox 2128 1155 2189 1207; x_wconf 89' lang='lat' dir='ltr'><strong>ut</strong></span> <span class='ocrx_word' id='word_1_405' title='bbox 2211 1156 2409 1214; x_wconf 85' lang='lat' dir='ltr'><strong>aucta,</strong></span> <span class='ocrx_word' id='word_1_406' title='bbox 2434 1152 2571 1204; x_wconf 91' lang='lat' dir='ltr'><strong>sunt</strong></span> <span class='ocrx_word' id='word_1_407' title='bbox 2610 1141 2864 1219; x_wconf 87' lang='lat' dir='ltr'><strong>ejusdem</strong></span> <span class='ocrx_word' id='word_1_408' title='bbox 2913 1136 3159 1200; x_wconf 86' lang='lat' dir='ltr'><strong>rationis</strong></span> 
     </span>
     <span class='ocr_line' id='line_1_69' title="bbox 1786 1220 3160 1298; baseline -0.012 -7"><span class='ocrx_word' id='word_1_409' title='bbox 1786 1234 1850 1291; x_wconf 91' lang='lat' dir='ltr'><strong>in</strong></span> <span class='ocrx_word' id='word_1_410' title='bbox 1878 1233 2202 1298; x_wconf 75' lang='lat' dir='ltr'><strong>assecutis,</strong></span> <span class='ocrx_word' id='word_1_411' title='bbox 2232 1236 2290 1288; x_wconf 88' lang='lat' dir='ltr'><strong>et</strong></span> <span class='ocrx_word' id='word_1_412' title='bbox 2337 1227 2729 1286; x_wconf 87' lang='lat' dir='ltr'><strong>nihilominus</strong></span> <span class='ocrx_word' id='word_1_413' title='bbox 2772 1223 2904 1278; x_wconf 89' lang='lat' dir='ltr'><strong>licet</strong></span> <span class='ocrx_word' id='word_1_414' title='bbox 2955 1220 3160 1276; x_wconf 86' lang='lat' dir='ltr'><strong>vivens</strong></span> 
     </span>
     <span class='ocr_line' id='line_1_70' title="bbox 1786 1301 3156 1388; baseline -0.013 -15"><span class='ocrx_word' id='word_1_415' title='bbox 1786 1318 2029 1388; x_wconf 87' lang='lat' dir='ltr'><strong>nequeat</strong></span> <span class='ocrx_word' id='word_1_416' title='bbox 2045 1328 2208 1369; x_wconf 89' lang='lat' dir='ltr'><strong>suam</strong></span> <span class='ocrx_word' id='word_1_417' title='bbox 2224 1308 2603 1366; x_wconf 87' lang='lat' dir='ltr'><strong>substantiam</strong></span> <span class='ocrx_word' id='word_1_418' title='bbox 2622 1307 2813 1380; x_wconf 86' lang='lat' dir='ltr'><strong>primo</strong></span> <span class='ocrx_word' id='word_1_419' title='bbox 2826 1301 3156 1374; x_wconf 88' lang='lat' dir='ltr'><strong>producere,</strong></span> 
     </span>
     <span class='ocr_line' id='line_1_71' title="bbox 1789 1381 3162 1470; baseline -0.013 -17"><span class='ocrx_word' id='word_1_420' title='bbox 1789 1400 1972 1470; x_wconf 90' lang='lat' dir='ltr'><strong>potest</strong></span> <span class='ocrx_word' id='word_1_421' title='bbox 1991 1400 2185 1451; x_wconf 89' lang='lat' dir='ltr'><strong>tamen</strong></span> <span class='ocrx_word' id='word_1_422' title='bbox 2201 1393 2386 1465; x_wconf 90' lang='lat' dir='ltr'><strong>ipsam</strong></span> <span class='ocrx_word' id='word_1_423' title='bbox 2415 1404 2643 1464; x_wconf 87' lang='lat' dir='ltr'><strong>augere.</strong></span> <span class='ocrx_word' id='word_1_424' title='bbox 2687 1388 2756 1441; x_wconf 87' lang='lat' dir='ltr'><strong>Et</strong></span> <span class='ocrx_word' id='word_1_425' title='bbox 2797 1383 2908 1456; x_wconf 90' lang='lat' dir='ltr'><strong>ipsi</strong></span> <span class='ocrx_word' id='word_1_426' title='bbox 2935 1381 3162 1438; x_wconf 89' lang='lat' dir='ltr'><strong>Adver-</strong></span> 
     </span>
     <span class='ocr_line' id='line_1_72' title="bbox 1787 1464 3164 1547; baseline -0.012 -13"><span class='ocrx_word' id='word_1_427' title='bbox 1787 1477 1940 1534; x_wconf 89' lang='lat' dir='ltr'><strong>sarii·</strong></span> <span class='ocrx_word' id='word_1_428' title='bbox 1962 1474 2279 1532; x_wconf 88' lang='lat' dir='ltr'><strong>admittunt</strong></span> <span class='ocrx_word' id='word_1_429' title='bbox 2303 1473 2538 1547; x_wconf 84' lang='lat' dir='ltr'><strong>injusto</strong></span> <span class='ocrx_word' id='word_1_430' title='bbox 2567 1468 2848 1526; x_wconf 89' lang='lat' dir='ltr'><strong>meritum</strong></span> <span class='ocrx_word' id='word_1_431' title='bbox 2896 1464 2965 1521; x_wconf 92' lang='lat' dir='ltr'><strong>de</strong></span> <span class='ocrx_word' id='word_1_432' title='bbox 3022 1478 3164 1519; x_wconf 90' lang='lat' dir='ltr'><strong>con-</strong></span> 
     </span>
     <span class='ocr_line' id='line_1_73' title="bbox 1789 1542 3164 1633; baseline -0.012 -18"><span class='ocrx_word' id='word_1_433' title='bbox 1789 1574 1937 1633; x_wconf 94' lang='lat' dir='ltr'><strong>gruo</strong></span> <span class='ocrx_word' id='word_1_434' title='bbox 1970 1557 2141 1630; x_wconf 88' lang='lat' dir='ltr'><strong>longe</strong></span> <span class='ocrx_word' id='word_1_435' title='bbox 2180 1554 2557 1612; x_wconf 87' lang='lat' dir='ltr'><strong>excellentius</strong></span> <span class='ocrx_word' id='word_1_436' title='bbox 2587 1554 2843 1623; x_wconf 87' lang='lat' dir='ltr'><strong>respectu</strong></span> <span class='ocrx_word' id='word_1_437' title='bbox 2870 1542 3164 1620; x_wconf 87' lang='lat' dir='ltr'><strong>augmenti</strong></span> 
     </span>
     <span class='ocr_line' id='line_1_74' title="bbox 1790 1626 3166 1716; baseline -0.013 -18"><span class='ocrx_word' id='word_1_438' title='bbox 1790 1640 2010 1716; x_wconf 84' lang='lat' dir='ltr'><strong>gratiae,</strong></span> <span class='ocrx_word' id='word_1_439' title='bbox 2047 1653 2222 1712; x_wconf 89' lang='lat' dir='ltr'><strong>quam</strong></span> <span class='ocrx_word' id='word_1_440' title='bbox 2276 1636 2352 1691; x_wconf 90' lang='lat' dir='ltr'><strong>sit</strong></span> <span class='ocrx_word' id='word_1_441' title='bbox 2405 1634 2576 1700; x_wconf 90' lang='lat' dir='ltr'><strong>illud,</strong></span> <span class='ocrx_word' id='word_1_442' title='bbox 2642 1629 2792 1705; x_wconf 93' lang='lat' dir='ltr'><strong>quod</strong></span> <span class='ocrx_word' id='word_1_443' title='bbox 2845 1626 3166 1685; x_wconf 90' lang='lat' dir='ltr'><strong>concedunt</strong></span> 
     </span>
     <span class='ocr_line' id='line_1_75' title="bbox 1793 1709 3167 1792; baseline -0.012 -12"><span class='ocrx_word' id='word_1_444' title='bbox 1793 1724 1859 1780; x_wconf 90' lang='lat' dir='ltr'><strong>in</strong></span> <span class='ocrx_word' id='word_1_445' title='bbox 1910 1721 2151 1780; x_wconf 89' lang='lat' dir='ltr'><strong>homine</strong></span> <span class='ocrx_word' id='word_1_446' title='bbox 2210 1722 2465 1792; x_wconf 88' lang='lat' dir='ltr'><strong>respectu</strong></span> <span class='ocrx_word' id='word_1_447' title='bbox 2510 1712 2906 1789; x_wconf 83' lang='lat' dir='ltr'><strong>acquisitionis</strong></span> <span class='ocrx_word' id='word_1_448' title='bbox 2960 1709 3167 1783; x_wconf 76' lang='lat' dir='ltr'><strong>primae</strong></span> 
     </span>
     <span class='ocr_line' id='line_1_76' title="bbox 1792 1791 3165 1880; baseline -0.012 -20"><span class='ocrx_word' id='word_1_449' title='bbox 1792 1803 2014 1880; x_wconf 82' lang='lat' dir='ltr'><strong>gratiae.</strong></span> <span class='ocrx_word' id='word_1_450' title='bbox 2045 1800 2202 1857; x_wconf 90' lang='lat' dir='ltr'><strong>Idem</strong></span> <span class='ocrx_word' id='word_1_451' title='bbox 2223 1814 2373 1872; x_wconf 83' lang='lat' dir='ltr'><strong>ergO,</strong></span> <span class='ocrx_word' id='word_1_452' title='bbox 2401 1798 2471 1855; x_wconf 93' lang='lat' dir='ltr'><strong>ob</strong></span> <span class='ocrx_word' id='word_1_453' title='bbox 2499 1795 2854 1867; x_wconf 89' lang='lat' dir='ltr'><strong>eandemque</strong></span> <span class='ocrx_word' id='word_1_454' title='bbox 2878 1791 3165 1848; x_wconf 87' lang='lat' dir='ltr'><strong>rationem</strong></span> 
     </span>
     <span class='ocr_line' id='line_1_77' title="bbox 1794 1879 2805 1956; baseline -0.013 -12"><span class='ocrx_word' id='word_1_455' title='bbox 1794 1883 1867 1944; x_wconf 88' lang='lat' dir='ltr'><strong>de</strong></span> <span class='ocrx_word' id='word_1_456' title='bbox 1893 1885 2103 1942; x_wconf 91' lang='lat' dir='ltr'><strong>merito</strong></span> <span class='ocrx_word' id='word_1_457' title='bbox 2124 1881 2395 1956; x_wconf 88' lang='lat' dir='ltr'><strong>condigni</strong></span> <span class='ocrx_word' id='word_1_458' title='bbox 2428 1879 2805 1936; x_wconf 59' lang='lat' dir='ltr'><strong>affirmamus</strong></span> 
     </span>
    </p>

    <p class='ocr_par' dir='ltr' id='par_1_35' title="bbox 1799 1952 3378 3588">
     <span class='ocr_line' id='line_1_78' title="bbox 1872 1952 3378 2034; baseline -0.012 -10"><span class='ocrx_word' id='word_1_459' title='bbox 1872 1967 1959 2024; x_wconf 87' lang='lat' dir='ltr'><strong>Ad</strong></span> <span class='ocrx_word' id='word_1_460' title='bbox 1986 1965 2488 2023; x_wconf 88' lang='lat' dir='ltr'><strong>confirmationem</strong></span> <span class='ocrx_word' id='word_1_461' title='bbox 2507 1958 2885 2034; x_wconf 90' lang='lat' dir='ltr'><strong>respondetur</strong></span> <span class='ocrx_word' id='word_1_462' title='bbox 2907 1952 3169 2030; x_wconf 89' lang='lat' dir='ltr'><strong>negando</strong></span> <span class='ocrx_word' id='word_1_463' title='bbox 3183 1954 3378 2000; x_wconf 75' lang='lat' dir='ltr'><strong>Diruitur</strong></span> 
     </span>
     <span class='ocr_line' id='line_1_79' title="bbox 1799 2006 3372 2115; baseline -0.013 -7"><span class='ocrx_word' id='word_1_464' title='bbox 1799 2051 2135 2115; x_wconf 88' lang='lat' dir='ltr'><strong>minorem;</strong></span> <span class='ocrx_word' id='word_1_465' title='bbox 2184 2052 2341 2103; x_wconf 89' lang='lat' dir='ltr'><strong>actus</strong></span> <span class='ocrx_word' id='word_1_466' title='bbox 2370 2044 2531 2102; x_wconf 88' lang='lat' dir='ltr'><strong>enim</strong></span> <span class='ocrx_word' id='word_1_467' title='bbox 2572 2047 2636 2097; x_wconf 90' lang='lat' dir='ltr'><strong>ut</strong></span> <span class='ocrx_word' id='word_1_468' title='bbox 2676 2039 2860 2113; x_wconf 88' lang='lat' dir='ltr'><strong>magis</strong></span> <span class='ocrx_word' id='word_1_469' title='bbox 2907 2038 3170 2093; x_wconf 89' lang='lat' dir='ltr'><strong>intensus</strong></span> <span class='ocrx_word' id='word_1_470' title='bbox 3208 2006 3372 2100; x_wconf 56' lang='grc' dir='ltr'><strong>ῧὲἷῗέζ·</strong></span> 
     </span>
     <span class='ocr_line' id='line_1_80' title="bbox 1803 2119 3171 2209; baseline -0.015 -18"><span class='ocrx_word' id='word_1_471' title='bbox 1803 2133 2062 2209; x_wconf 89' lang='lat' dir='ltr'><strong>procedit</strong></span> <span class='ocrx_word' id='word_1_472' title='bbox 2089 2149 2121 2189; x_wconf 91' lang='lat' dir='ltr'><strong>a</strong></span> <span class='ocrx_word' id='word_1_473' title='bbox 2146 2130 2332 2206; x_wconf 88' lang='lat' dir='ltr'><strong>gratia</strong></span> <span class='ocrx_word' id='word_1_474' title='bbox 2373 2124 2794 2201; x_wconf 72' lang='lat' dir='ltr'><strong>praeexistente,</strong></span> <span class='ocrx_word' id='word_1_475' title='bbox 2827 2119 3023 2194; x_wconf 86' lang='lat' dir='ltr'><strong>adjuta</strong></span> <span class='ocrx_word' id='word_1_476' title='bbox 3063 2133 3171 2173; x_wconf 93' lang='lat' dir='ltr'><strong>au-</strong></span> 
     </span>
     <span class='ocr_line' id='line_1_81' title="bbox 1800 2198 3171 2287; baseline -0.015 -15"><span class='ocrx_word' id='word_1_477' title='bbox 1800 2216 1947 2273; x_wconf 86' lang='lat' dir='ltr'><strong>xilio</strong></span> <span class='ocrx_word' id='word_1_478' title='bbox 1968 2212 2119 2287; x_wconf 92' lang='lat' dir='ltr'><strong>quod</strong></span> <span class='ocrx_word' id='word_1_479' title='bbox 2139 2212 2399 2285; x_wconf 89' lang='lat' dir='ltr'><strong>suppleat</strong></span> <span class='ocrx_word' id='word_1_480' title='bbox 2414 2208 2696 2265; x_wconf 82' lang='lat' dir='ltr'><strong>defectum</strong></span> <span class='ocrx_word' id='word_1_481' title='bbox 2713 2201 2871 2260; x_wconf 90' lang='lat' dir='ltr'><strong>modi</strong></span> <span class='ocrx_word' id='word_1_482' title='bbox 2889 2198 3171 2256; x_wconf 88' lang='lat' dir='ltr'><strong>intensio-</strong></span> 
     </span>
     <span class='ocr_line' id='line_1_82' title="bbox 1802 2281 3174 2369; baseline -0.014 -14"><span class='ocrx_word' id='word_1_483' title='bbox 1802 2300 1918 2364; x_wconf 77' lang='lat' dir='ltr'><strong>niS,</strong></span> <span class='ocrx_word' id='word_1_484' title='bbox 1967 2302 2029 2353; x_wconf 90' lang='lat' dir='ltr'><strong>ut</strong></span> <span class='ocrx_word' id='word_1_485' title='bbox 2081 2296 2345 2369; x_wconf 89' lang='lat' dir='ltr'><strong>proxime</strong></span> <span class='ocrx_word' id='word_1_486' title='bbox 2392 2289 2745 2348; x_wconf 79' lang='lat' dir='ltr'><strong>dicebamus,</strong></span> <span class='ocrx_word' id='word_1_487' title='bbox 2790 2285 2874 2341; x_wconf 84' lang='lat' dir='ltr'><strong>Ad</strong></span> <span class='ocrx_word' id='word_1_488' title='bbox 2927 2281 3174 2339; x_wconf 84' lang='lat' dir='ltr'><strong>minoris</strong></span> 
     </span>
     <span class='ocr_line' id='line_1_83' title="bbox 1803 2370 3178 2451; baseline -0.013 -14"><span class='ocrx_word' id='word_1_489' title='bbox 1803 2385 1998 2438; x_wconf 89' lang='lat' dir='ltr'><strong>autem</strong></span> <span class='ocrx_word' id='word_1_490' title='bbox 2041 2377 2437 2451; x_wconf 91' lang='lat' dir='ltr'><strong>probationem</strong></span> <span class='ocrx_word' id='word_1_491' title='bbox 2468 2370 2795 2447; x_wconf 89' lang='lat' dir='ltr'><strong>negandum</strong></span> <span class='ocrx_word' id='word_1_492' title='bbox 2837 2371 2923 2424; x_wconf 87' lang='lat' dir='ltr'><strong>est</strong></span> <span class='ocrx_word' id='word_1_493' title='bbox 2950 2371 3178 2422; x_wconf 88' lang='lat' dir='ltr'><strong>antece—</strong></span> 
     </span>
     <span class='ocr_line' id='line_1_84' title="bbox 1804 2447 3181 2536; baseline -0.012 -16"><span class='ocrx_word' id='word_1_494' title='bbox 1804 2464 1969 2520; x_wconf 74' lang='lat' dir='ltr'><strong>denS.</strong></span> <span class='ocrx_word' id='word_1_495' title='bbox 1996 2463 2065 2518; x_wconf 90' lang='lat' dir='ltr'><strong>Et</strong></span> <span class='ocrx_word' id='word_1_496' title='bbox 2085 2461 2393 2536; x_wconf 87' lang='lat' dir='ltr'><strong>disparitas</strong></span> <span class='ocrx_word' id='word_1_497' title='bbox 2409 2463 2492 2528; x_wconf 87' lang='lat' dir='ltr'><strong>est</strong></span> <span class='ocrx_word' id='word_1_498' title='bbox 2514 2455 2651 2512; x_wconf 90' lang='lat' dir='ltr'><strong>satis</strong></span> <span class='ocrx_word' id='word_1_499' title='bbox 2681 2450 3011 2514; x_wconf 82' lang='lat' dir='ltr'><strong>manifesta,</strong></span> <span class='ocrx_word' id='word_1_500' title='bbox 3045 2447 3181 2521; x_wconf 91' lang='lat' dir='ltr'><strong>quia</strong></span> 
     </span>
     <span class='ocr_line' id='line_1_85' title="bbox 1806 2525 3179 2618; baseline -0.015 -17"><span class='ocrx_word' id='word_1_501' title='bbox 1806 2545 2057 2602; x_wconf 87' lang='lat' dir='ltr'><strong>defectus</strong></span> <span class='ocrx_word' id='word_1_502' title='bbox 2093 2543 2291 2618; x_wconf 83' lang='lat' dir='ltr'><strong>gratiae</strong></span> <span class='ocrx_word' id='word_1_503' title='bbox 2331 2541 2395 2595; x_wconf 90' lang='lat' dir='ltr'><strong>in</strong></span> <span class='ocrx_word' id='word_1_504' title='bbox 2436 2553 2559 2594; x_wconf 88' lang='lat' dir='ltr'><strong>esse</strong></span> <span class='ocrx_word' id='word_1_505' title='bbox 2602 2536 2804 2593; x_wconf 80' lang='lat' dir='ltr'><strong>formae</strong></span> <span class='ocrx_word' id='word_1_506' title='bbox 2854 2525 3179 2587; x_wconf 87' lang='lat' dir='ltr'><strong>valorantis</strong></span> 
     </span>
     <span class='ocr_line' id='line_1_86' title="bbox 1808 2609 3181 2699; baseline -0.016 -16"><span class='ocrx_word' id='word_1_507' title='bbox 1808 2626 2006 2699; x_wconf 89' lang='lat' dir='ltr'><strong>nequit</strong></span> <span class='ocrx_word' id='word_1_508' title='bbox 2075 2625 2197 2681; x_wconf 90' lang='lat' dir='ltr'><strong>ullo</strong></span> <span class='ocrx_word' id='word_1_509' title='bbox 2251 2619 2472 2679; x_wconf 91' lang='lat' dir='ltr'><strong>auxilio</strong></span> <span class='ocrx_word' id='word_1_510' title='bbox 2542 2613 2801 2689; x_wconf 90' lang='lat' dir='ltr'><strong>suppleri</strong></span> <span class='ocrx_word' id='word_1_511' title='bbox 2862 2631 2875 2665; x_wconf 71' lang='grc' dir='ltr'>ε</span> <span class='ocrx_word' id='word_1_512' title='bbox 2946 2609 3181 2665; x_wconf 91' lang='lat' dir='ltr'><strong>nullum</strong></span> 
     </span>
     <span class='ocr_line' id='line_1_87' title="bbox 1807 2695 3185 2781; baseline -0.015 -17"><span class='ocrx_word' id='word_1_513' title='bbox 1807 2709 2020 2781; x_wconf 89' lang='lat' dir='ltr'><strong>quippe</strong></span> <span class='ocrx_word' id='word_1_514' title='bbox 2042 2708 2222 2779; x_wconf 87' lang='lat' dir='ltr'><strong>potest</strong></span> <span class='ocrx_word' id='word_1_515' title='bbox 2236 2702 2582 2761; x_wconf 88' lang='lat' dir='ltr'><strong>constituere</strong></span> <span class='ocrx_word' id='word_1_516' title='bbox 2608 2695 2906 2754; x_wconf 90' lang='lat' dir='ltr'><strong>hominem</strong></span> <span class='ocrx_word' id='word_1_517' title='bbox 2924 2695 3038 2747; x_wconf 87' lang='lat' dir='ltr'><strong>Deo</strong></span> <span class='ocrx_word' id='word_1_518' title='bbox 3052 2705 3185 2764; x_wconf 89' lang='lat' dir='ltr'><strong>gra-</strong></span> 
     </span>
     <span class='ocr_line' id='line_1_88' title="bbox 1807 2767 3182 2855; baseline -0.015 -11"><span class='ocrx_word' id='word_1_519' title='bbox 1807 2789 1952 2855; x_wconf 84' lang='lat' dir='ltr'><strong>tum,</strong></span> <span class='ocrx_word' id='word_1_520' title='bbox 1979 2791 2036 2842; x_wconf 89' lang='lat' dir='ltr'><strong>et</strong></span> <span class='ocrx_word' id='word_1_521' title='bbox 2064 2784 2133 2841; x_wconf 90' lang='lat' dir='ltr'><strong>ad</strong></span> <span class='ocrx_word' id='word_1_522' title='bbox 2163 2784 2343 2840; x_wconf 90' lang='lat' dir='ltr'><strong>vitam</strong></span> <span class='ocrx_word' id='word_1_523' title='bbox 2372 2786 2649 2837; x_wconf 82' lang='lat' dir='ltr'><strong>aeternam</strong></span> <span class='ocrx_word' id='word_1_524' title='bbox 2673 2778 2987 2847; x_wconf 86' lang='lat' dir='ltr'><strong>acceptum.</strong></span> <span class='ocrx_word' id='word_1_525' title='bbox 3015 2767 3182 2826; x_wconf 90' lang='lat' dir='ltr'><strong>Unde</strong></span> 
     </span>
     <span class='ocr_line' id='line_1_89' title="bbox 1809 2849 3184 2930; baseline -0.015 -3"><span class='ocrx_word' id='word_1_526' title='bbox 1809 2874 1967 2927; x_wconf 87' lang='lat' dir='ltr'><strong>actus</strong></span> <span class='ocrx_word' id='word_1_527' title='bbox 2012 2869 2075 2923; x_wconf 92' lang='lat' dir='ltr'><strong>ut</strong></span> <span class='ocrx_word' id='word_1_528' title='bbox 2114 2864 2455 2923; x_wconf 88' lang='lat' dir='ltr'><strong>meritorius</strong></span> <span class='ocrx_word' id='word_1_529' title='bbox 2499 2859 2666 2918; x_wconf 87' lang='lat' dir='ltr'><strong>debet</strong></span> <span class='ocrx_word' id='word_1_530' title='bbox 2704 2867 3028 2930; x_wconf 91' lang='lat' dir='ltr'><strong>supponere</strong></span> <span class='ocrx_word' id='word_1_531' title='bbox 3057 2849 3184 2925; x_wconf 91' lang='lat' dir='ltr'><strong>pri-</strong></span> 
     </span>
     <span class='ocr_line' id='line_1_90' title="bbox 1809 2939 3181 3025; baseline -0.015 -17"><span class='ocrx_word' id='word_1_532' title='bbox 1809 2966 1968 3008; x_wconf 89' lang='lat' dir='ltr'><strong>mam</strong></span> <span class='ocrx_word' id='word_1_533' title='bbox 1996 2949 2336 3025; x_wconf 88' lang='lat' dir='ltr'><strong>gratiam,et</strong></span> <span class='ocrx_word' id='word_1_534' title='bbox 2357 2945 2427 3001; x_wconf 94' lang='lat' dir='ltr'><strong>ab</strong></span> <span class='ocrx_word' id='word_1_535' title='bbox 2455 2961 2520 3001; x_wconf 87' lang='lat' dir='ltr'><strong>ea</strong></span> <span class='ocrx_word' id='word_1_536' title='bbox 2538 2939 2865 3015; x_wconf 89' lang='lat' dir='ltr'><strong>procedere.</strong></span> <span class='ocrx_word' id='word_1_537' title='bbox 2897 2939 3181 2991; x_wconf 60' lang='lat' dir='ltr'><strong>Caeterum</strong></span> 
     </span>
     <span class='ocr_line' id='line_1_91' title="bbox 1812 3018 3186 3095; baseline -0.014 -6"><span class='ocrx_word' id='word_1_538' title='bbox 1812 3031 2064 3088; x_wconf 88' lang='lat' dir='ltr'><strong>intensio</strong></span> <span class='ocrx_word' id='word_1_539' title='bbox 2093 3036 2248 3086; x_wconf 86' lang='lat' dir='ltr'><strong>actus</strong></span> <span class='ocrx_word' id='word_1_540' title='bbox 2269 3025 2557 3082; x_wconf 89' lang='lat' dir='ltr'><strong>meritorii</strong></span> <span class='ocrx_word' id='word_1_541' title='bbox 2587 3025 2767 3095; x_wconf 88' lang='lat' dir='ltr'><strong>potest</strong></span> <span class='ocrx_word' id='word_1_542' title='bbox 2794 3018 2920 3074; x_wconf 86' lang='lat' dir='ltr'><strong>fieri</strong></span> <span class='ocrx_word' id='word_1_543' title='bbox 2952 3031 3070 3071; x_wconf 91' lang='lat' dir='ltr'><strong>non</strong></span> <span class='ocrx_word' id='word_1_544' title='bbox 3091 3029 3186 3071; x_wconf 89' lang='lat' dir='ltr'><strong>so-</strong></span> 
     </span>
     <span class='ocr_line' id='line_1_92' title="bbox 1812 3096 3189 3183; baseline -0.015 -15"><span class='ocrx_word' id='word_1_545' title='bbox 1812 3112 2059 3183; x_wconf 88' lang='lat' dir='ltr'><strong>lumper</strong></span> <span class='ocrx_word' id='word_1_546' title='bbox 2086 3109 2335 3183; x_wconf 89' lang='lat' dir='ltr'><strong>gratiam</strong></span> <span class='ocrx_word' id='word_1_547' title='bbox 2382 3103 2714 3160; x_wconf 81' lang='lat' dir='ltr'><strong>formaliter</strong></span> <span class='ocrx_word' id='word_1_548' title='bbox 2762 3098 2946 3172; x_wconf 87' lang='lat' dir='ltr'><strong>magis</strong></span> <span class='ocrx_word' id='word_1_549' title='bbox 2990 3096 3189 3151; x_wconf 90' lang='lat' dir='ltr'><strong>inten-</strong></span> 
     </span>
     <span class='ocr_line' id='line_1_93' title="bbox 1812 3181 3189 3260; baseline -0.013 -12"><span class='ocrx_word' id='word_1_550' title='bbox 1812 3208 1958 3255; x_wconf 86' lang='lat' dir='ltr'><strong>sam,</strong></span> <span class='ocrx_word' id='word_1_551' title='bbox 1990 3189 2087 3246; x_wconf 91' lang='lat' dir='ltr'><strong>sed</strong></span> <span class='ocrx_word' id='word_1_552' title='bbox 2104 3190 2278 3245; x_wconf 88' lang='lat' dir='ltr'><strong>etiam</strong></span> <span class='ocrx_word' id='word_1_553' title='bbox 2303 3201 2405 3260; x_wconf 90' lang='lat' dir='ltr'><strong>per</strong></span> <span class='ocrx_word' id='word_1_554' title='bbox 2434 3183 2721 3240; x_wconf 88' lang='lat' dir='ltr'><strong>auxilium</strong></span> <span class='ocrx_word' id='word_1_555' title='bbox 2746 3181 3027 3254; x_wconf 84' lang='lat' dir='ltr'><strong>adjuvans</strong></span> <span class='ocrx_word' id='word_1_556' title='bbox 3053 3191 3189 3250; x_wconf 89' lang='lat' dir='ltr'><strong>gra-</strong></span> 
     </span>
     <span class='ocr_line' id='line_1_94' title="bbox 1815 3259 3190 3346; baseline -0.012 -16"><span class='ocrx_word' id='word_1_557' title='bbox 1815 3274 1979 3337; x_wconf 88' lang='lat' dir='ltr'><strong>tiam,</strong></span> <span class='ocrx_word' id='word_1_558' title='bbox 2002 3286 2210 3346; x_wconf 87' lang='lat' dir='ltr'><strong>gerens</strong></span> <span class='ocrx_word' id='word_1_559' title='bbox 2239 3268 2388 3324; x_wconf 90' lang='lat' dir='ltr'><strong>vices</strong></span> <span class='ocrx_word' id='word_1_560' title='bbox 2411 3265 2569 3323; x_wconf 91' lang='lat' dir='ltr'><strong>modi</strong></span> <span class='ocrx_word' id='word_1_561' title='bbox 2617 3259 2983 3320; x_wconf 66' lang='lat' dir='ltr'><strong>intensionis</strong></span> <span class='ocrx_word' id='word_1_562' title='bbox 3035 3261 3190 3323; x_wconf 92' lang='lat' dir='ltr'><strong>Quo-</strong></span> 
     </span>
     <span class='ocr_line' id='line_1_95' title="bbox 1815 3339 3194 3423; baseline -0.011 -14"><span class='ocrx_word' id='word_1_563' title='bbox 1815 3354 1967 3410; x_wconf 89' lang='lat' dir='ltr'><strong>circa</strong></span> <span class='ocrx_word' id='word_1_564' title='bbox 1992 3368 2134 3423; x_wconf 89' lang='lat' dir='ltr'><strong>opus</strong></span> <span class='ocrx_word' id='word_1_565' title='bbox 2161 3365 2278 3405; x_wconf 90' lang='lat' dir='ltr'><strong>non</strong></span> <span class='ocrx_word' id='word_1_566' title='bbox 2300 3353 2402 3414; x_wconf 90' lang='lat' dir='ltr'><strong>est,</strong></span> <span class='ocrx_word' id='word_1_567' title='bbox 2435 3346 2586 3420; x_wconf 88' lang='lat' dir='ltr'><strong>quod</strong></span> <span class='ocrx_word' id='word_1_568' title='bbox 2615 3350 2769 3402; x_wconf 88' lang='lat' dir='ltr'><strong>actus</strong></span> <span class='ocrx_word' id='word_1_569' title='bbox 2798 3347 2858 3397; x_wconf 89' lang='lat' dir='ltr'><strong>ut</strong></span> <span class='ocrx_word' id='word_1_570' title='bbox 2905 3339 3194 3396; x_wconf 89' lang='lat' dir='ltr'><strong>intensior</strong></span> 
     </span>
     <span class='ocr_line' id='line_1_96' title="bbox 1816 3424 3194 3504; baseline -0.012 -14"><span class='ocrx_word' id='word_1_571' title='bbox 1816 3432 2054 3491; x_wconf 88' lang='lat' dir='ltr'><strong>modum</strong></span> <span class='ocrx_word' id='word_1_572' title='bbox 2099 3430 2341 3504; x_wconf 83' lang='lat' dir='ltr'><strong>majoris</strong></span> <span class='ocrx_word' id='word_1_573' title='bbox 2388 3427 2736 3485; x_wconf 87' lang='lat' dir='ltr'><strong>intensionis</strong></span> <span class='ocrx_word' id='word_1_574' title='bbox 2784 3424 3086 3496; x_wconf 88' lang='lat' dir='ltr'><strong>supponat,</strong></span> <span class='ocrx_word' id='word_1_575' title='bbox 3139 3424 3194 3476; x_wconf 92' lang='lat' dir='ltr'><strong>et</strong></span> 
     </span>
     <span class='ocr_line' id='line_1_97' title="bbox 1819 3512 2191 3588; baseline -0.011 -16"><span class='ocrx_word' id='word_1_576' title='bbox 1819 3516 1891 3572; x_wconf 90' lang='lat' dir='ltr'><strong>ab</strong></span> <span class='ocrx_word' id='word_1_577' title='bbox 1922 3516 2044 3588; x_wconf 90' lang='lat' dir='ltr'><strong>ipso</strong></span> <span class='ocrx_word' id='word_1_578' title='bbox 2071 3512 2191 3569; x_wconf 88' lang='lat' dir='ltr'><strong>fiat.</strong></span> 
     </span>
    </p>

    <p class='ocr_par' dir='ltr' id='par_1_36' title="bbox 1821 3582 3411 4820">
     <span class='ocr_line' id='line_1_98' title="bbox 1902 3582 3398 3673; baseline -0.011 -21"><span class='ocrx_word' id='word_1_579' title='bbox 1902 3599 1994 3656; x_wconf 85' lang='lat'><strong>86.</strong></span> <span class='ocrx_word' id='word_1_580' title='bbox 2019 3596 2298 3673; x_wconf 87' lang='lat' dir='ltr'><strong>Arguitur</strong></span> <span class='ocrx_word' id='word_1_581' title='bbox 2321 3592 2507 3658; x_wconf 89' lang='lat' dir='ltr'><strong>tertio,</strong></span> <span class='ocrx_word' id='word_1_582' title='bbox 2547 3590 2684 3664; x_wconf 90' lang='lat' dir='ltr'><strong>quia</strong></span> <span class='ocrx_word' id='word_1_583' title='bbox 2714 3593 2868 3645; x_wconf 89' lang='lat' dir='ltr'><strong>actus</strong></span> <span class='ocrx_word' id='word_1_584' title='bbox 2911 3582 3195 3641; x_wconf 90' lang='lat' dir='ltr'><strong>intensior</strong></span> <span class='ocrx_word' id='word_1_585' title='bbox 3211 3586 3398 3632; x_wconf 79' lang='lat' dir='ltr'><strong>Tertium</strong></span> 
     </span>
     <span class='ocr_line' id='line_1_99' title="bbox 1821 3646 3411 3761; baseline -0.019 -16"><span class='ocrx_word' id='word_1_586' title='bbox 1821 3680 2087 3761; x_wconf 89' lang='lat' dir='ltr'><strong>producit</strong></span> <span class='ocrx_word' id='word_1_587' title='bbox 2112 3677 2371 3735; x_wconf 76' lang='lat' dir='ltr'><strong>effective</strong></span> <span class='ocrx_word' id='word_1_588' title='bbox 2398 3673 2633 3747; x_wconf 85' lang='lat' dir='ltr'><strong>physice</strong></span> <span class='ocrx_word' id='word_1_589' title='bbox 2660 3672 3036 3744; x_wconf 90' lang='lat' dir='ltr'><strong>augmentum</strong></span> <span class='ocrx_word' id='word_1_590' title='bbox 3065 3680 3199 3740; x_wconf 89' lang='lat' dir='ltr'><strong>gra·</strong></span> <span class='ocrx_word' id='word_1_591' title='bbox 3215 3646 3411 3731; x_wconf 53' lang='lat' dir='ltr'><strong>mssfiffiffi,</strong></span> 
     </span>
     <span class='ocr_line' id='line_1_100' title="bbox 1822 3747 3201 3836; baseline -0.019 -11"><span class='ocrx_word' id='word_1_592' title='bbox 1822 3768 1918 3824; x_wconf 81' lang='lat' dir='ltr'><strong>tiae</strong></span> <span class='ocrx_word' id='word_1_593' title='bbox 1939 3776 2106 3836; x_wconf 86' lang='lat' dir='ltr'><strong>:ergo</strong></span> <span class='ocrx_word' id='word_1_594' title='bbox 2131 3773 2249 3814; x_wconf 93' lang='lat' dir='ltr'><strong>non</strong></span> <span class='ocrx_word' id='word_1_595' title='bbox 2270 3758 2640 3828; x_wconf 89' lang='lat' dir='ltr'><strong>comparatur</strong></span> <span class='ocrx_word' id='word_1_596' title='bbox 2664 3751 2732 3809; x_wconf 86' lang='lat' dir='ltr'><strong>ad</strong></span> <span class='ocrx_word' id='word_1_597' title='bbox 2757 3747 2904 3806; x_wconf 89' lang='lat' dir='ltr'><strong>illud</strong></span> <span class='ocrx_word' id='word_1_598' title='bbox 2926 3753 3201 3817; x_wconf 89' lang='lat' dir='ltr'><strong>tanquam</strong></span> 
     </span>
     <span class='ocr_line' id='line_1_101' title="bbox 1822 3828 3203 3913; baseline -0.017 -6"><span class='ocrx_word' id='word_1_599' title='bbox 1822 3847 2104 3908; x_wconf 87' lang='lat' dir='ltr'><strong>meritum</strong></span> <span class='ocrx_word' id='word_1_600' title='bbox 2123 3840 2191 3898; x_wconf 89' lang='lat' dir='ltr'><strong>ad</strong></span> <span class='ocrx_word' id='word_1_601' title='bbox 2215 3834 2907 3913; x_wconf 78' lang='lat' dir='ltr'><strong>praemium.Antecedens</strong></span> <span class='ocrx_word' id='word_1_602' title='bbox 2926 3828 3203 3903; x_wconf 90' lang='lat' dir='ltr'><strong>probatur</strong></span> 
     </span>
     <span class='ocr_line' id='line_1_102' title="bbox 1822 3909 3202 3998; baseline -0.019 -9"><span class='ocrx_word' id='word_1_603' title='bbox 1822 3928 2093 3998; x_wconf 90' lang='lat' dir='ltr'><strong>exemplo</strong></span> <span class='ocrx_word' id='word_1_604' title='bbox 2113 3927 2343 3981; x_wconf 90' lang='lat' dir='ltr'><strong>actuum</strong></span> <span class='ocrx_word' id='word_1_605' title='bbox 2358 3919 2642 3975; x_wconf 88' lang='lat' dir='ltr'><strong>virtutum</strong></span> <span class='ocrx_word' id='word_1_606' title='bbox 2667 3909 3202 3987; x_wconf 88' lang='lat' dir='ltr'><strong>acquisitarum‚qui</strong></span> 
     </span>
     <span class='ocr_line' id='line_1_103' title="bbox 1821 3991 3204 4073; baseline -0.019 -3"><span class='ocrx_word' id='word_1_607' title='bbox 1821 4028 1954 4070; x_wconf 90' lang='lat' dir='ltr'><strong>cum</strong></span> <span class='ocrx_word' id='word_1_608' title='bbox 1977 4005 2326 4067; x_wconf 88' lang='lat' dir='ltr'><strong>intensiores</strong></span> <span class='ocrx_word' id='word_1_609' title='bbox 2348 4006 2501 4066; x_wconf 86' lang='lat' dir='ltr'><strong>sunt,</strong></span> <span class='ocrx_word' id='word_1_610' title='bbox 2533 4003 2742 4073; x_wconf 88' lang='lat' dir='ltr'><strong>augent</strong></span> <span class='ocrx_word' id='word_1_611' title='bbox 2770 3994 3028 4067; x_wconf 77' lang='lat' dir='ltr'><strong>effective</strong></span> <span class='ocrx_word' id='word_1_612' title='bbox 3055 3991 3204 4065; x_wconf 86' lang='lat' dir='ltr'><strong>phy-</strong></span> 
     </span>
     <span class='ocr_line' id='line_1_104' title="bbox 1825 4076 3207 4167; baseline -0.018 -13"><span class='ocrx_word' id='word_1_613' title='bbox 1825 4097 1941 4153; x_wconf 87' lang='lat' dir='ltr'><strong>sice</strong></span> <span class='ocrx_word' id='word_1_614' title='bbox 1969 4090 2268 4167; x_wconf 82' lang='lat' dir='ltr'><strong>praedictas</strong></span> <span class='ocrx_word' id='word_1_615' title='bbox 2294 4087 2561 4143; x_wconf 78' lang='lat' dir='ltr'><strong>virtutes,</strong></span> <span class='ocrx_word' id='word_1_616' title='bbox 2594 4076 3013 4151; x_wconf 87' lang='lat' dir='ltr'><strong>Consequentia</strong></span> <span class='ocrx_word' id='word_1_617' title='bbox 3067 4088 3207 4131; x_wconf 91' lang='lat' dir='ltr'><strong>vero</strong></span> 
     </span>
     <span class='ocr_line' id='line_1_105' title="bbox 1828 4153 3207 4253; baseline -0.02 -18"><span class='ocrx_word' id='word_1_618' title='bbox 1828 4175 2123 4253; x_wconf 86' lang='lat' dir='ltr'><strong>probatur,</strong></span> <span class='ocrx_word' id='word_1_619' title='bbox 2167 4170 2302 4244; x_wconf 88' lang='lat' dir='ltr'><strong>quia</strong></span> <span class='ocrx_word' id='word_1_620' title='bbox 2330 4183 2501 4225; x_wconf 88' lang='lat' dir='ltr'><strong>nemo</strong></span> <span class='ocrx_word' id='word_1_621' title='bbox 2529 4167 2787 4220; x_wconf 89' lang='lat' dir='ltr'><strong>meretur</strong></span> <span class='ocrx_word' id='word_1_622' title='bbox 2816 4159 2891 4227; x_wconf 89' lang='lat' dir='ltr'><strong>id,</strong></span> <span class='ocrx_word' id='word_1_623' title='bbox 2924 4153 3074 4230; x_wconf 92' lang='lat' dir='ltr'><strong>quod</strong></span> <span class='ocrx_word' id='word_1_624' title='bbox 3103 4164 3207 4227; x_wconf 82' lang='lat' dir='ltr'><strong>po-</strong></span> 
     </span>
     <span class='ocr_line' id='line_1_106' title="bbox 1827 4237 3209 4321; baseline -0.02 -1"><span class='ocrx_word' id='word_1_625' title='bbox 1827 4266 1938 4320; x_wconf 87' lang='lat' dir='ltr'><strong>test</strong></span> <span class='ocrx_word' id='word_1_626' title='bbox 1963 4258 2176 4318; x_wconf 89' lang='lat' dir='ltr'><strong>habere</strong></span> <span class='ocrx_word' id='word_1_627' title='bbox 2221 4269 2253 4311; x_wconf 90' lang='lat' dir='ltr'><strong>a</strong></span> <span class='ocrx_word' id='word_1_628' title='bbox 2281 4268 2360 4320; x_wconf 91' lang='lat' dir='ltr'><strong>se,</strong></span> <span class='ocrx_word' id='word_1_629' title='bbox 2392 4252 2515 4307; x_wconf 84' lang='lat' dir='ltr'><strong>sive</strong></span> <span class='ocrx_word' id='word_1_630' title='bbox 2545 4262 2646 4321; x_wconf 90' lang='lat' dir='ltr'><strong>per</strong></span> <span class='ocrx_word' id='word_1_631' title='bbox 2675 4242 2964 4318; x_wconf 90' lang='lat' dir='ltr'><strong>principia</strong></span> <span class='ocrx_word' id='word_1_632' title='bbox 2986 4237 3209 4296; x_wconf 91' lang='lat' dir='ltr'><strong>intrin-</strong></span> 
     </span>
     <span class='ocr_line' id='line_1_107' title="bbox 1828 4321 3210 4410; baseline -0.021 -8"><span class='ocrx_word' id='word_1_633' title='bbox 1828 4360 1974 4409; x_wconf 86' lang='lat' dir='ltr'><strong>seca,</strong></span> <span class='ocrx_word' id='word_1_634' title='bbox 1998 4339 2095 4398; x_wconf 88' lang='lat' dir='ltr'><strong>sed</strong></span> <span class='ocrx_word' id='word_1_635' title='bbox 2121 4334 2270 4410; x_wconf 90' lang='lat' dir='ltr'><strong>quod</strong></span> <span class='ocrx_word' id='word_1_636' title='bbox 2291 4336 2547 4407; x_wconf 87' lang='lat' dir='ltr'><strong>expectat</strong></span> <span class='ocrx_word' id='word_1_637' title='bbox 2575 4328 2645 4385; x_wconf 91' lang='lat' dir='ltr'><strong>ab</strong></span> <span class='ocrx_word' id='word_1_638' title='bbox 2674 4327 2789 4384; x_wconf 88' lang='lat' dir='ltr'><strong>alio</strong></span> <span class='ocrx_word' id='word_1_639' title='bbox 2818 4347 2831 4381; x_wconf 71' lang='grc' dir='ltr'><strong>ε</strong></span> <span class='ocrx_word' id='word_1_640' title='bbox 2859 4322 3013 4397; x_wconf 90' lang='lat' dir='ltr'><strong>atqui</strong></span> <span class='ocrx_word' id='word_1_641' title='bbox 3037 4321 3210 4376; x_wconf 90' lang='lat' dir='ltr'><strong>homo</strong></span> 
     </span>
     <span class='ocr_line' id='line_1_108' title="bbox 1831 4400 3211 4501; baseline -0.021 -17"><span class='ocrx_word' id='word_1_642' title='bbox 1831 4430 2017 4501; x_wconf 87' lang='lat' dir='ltr'><strong>potest</strong></span> <span class='ocrx_word' id='word_1_643' title='bbox 2040 4420 2251 4480; x_wconf 91' lang='lat' dir='ltr'><strong>habere</strong></span> <span class='ocrx_word' id='word_1_644' title='bbox 2280 4433 2314 4472; x_wconf 92' lang='lat' dir='ltr'><strong>a</strong></span> <span class='ocrx_word' id='word_1_645' title='bbox 2343 4431 2424 4480; x_wconf 88' lang='lat' dir='ltr'><strong>se,</strong></span> <span class='ocrx_word' id='word_1_646' title='bbox 2450 4419 2505 4471; x_wconf 89' lang='lat' dir='ltr'><strong>et</strong></span> <span class='ocrx_word' id='word_1_647' title='bbox 2549 4426 2653 4485; x_wconf 89' lang='lat' dir='ltr'><strong>per</strong></span> <span class='ocrx_word' id='word_1_648' title='bbox 2675 4405 2962 4483; x_wconf 89' lang='lat' dir='ltr'><strong>principia</strong></span> <span class='ocrx_word' id='word_1_649' title='bbox 2989 4400 3211 4460; x_wconf 90' lang='lat' dir='ltr'><strong>intrin-</strong></span> 
     </span>
     <span class='ocr_line' id='line_1_109' title="bbox 1831 4487 3212 4579; baseline -0.021 -12"><span class='ocrx_word' id='word_1_650' title='bbox 1831 4525 1975 4573; x_wconf 88' lang='lat' dir='ltr'><strong>seca,</strong></span> <span class='ocrx_word' id='word_1_651' title='bbox 2002 4503 2152 4579; x_wconf 89' lang='lat' dir='ltr'><strong>quod</strong></span> <span class='ocrx_word' id='word_1_652' title='bbox 2198 4498 2456 4558; x_wconf 80' lang='lat' dir='ltr'><strong>effective</strong></span> <span class='ocrx_word' id='word_1_653' title='bbox 2507 4493 2739 4569; x_wconf 84' lang='lat' dir='ltr'><strong>physice</strong></span> <span class='ocrx_word' id='word_1_654' title='bbox 2775 4487 3006 4561; x_wconf 87' lang='lat' dir='ltr'><strong>attingit</strong></span> <span class='ocrx_word' id='word_1_655' title='bbox 3033 4507 3046 4542; x_wconf 93' lang='lat'><strong>:</strong></span> <span class='ocrx_word' id='word_1_656' title='bbox 3075 4498 3212 4558; x_wconf 88' lang='lat' dir='ltr'><strong>ergo</strong></span> 
     </span>
     <span class='ocr_line' id='line_1_110' title="bbox 1833 4571 3212 4651; baseline -0.02 -4"><span class='ocrx_word' id='word_1_657' title='bbox 1833 4590 1882 4647; x_wconf 94' lang='lat' dir='ltr'><strong>si</strong></span> <span class='ocrx_word' id='word_1_658' title='bbox 1905 4593 2059 4647; x_wconf 86' lang='lat' dir='ltr'><strong>actus</strong></span> <span class='ocrx_word' id='word_1_659' title='bbox 2082 4581 2366 4641; x_wconf 89' lang='lat' dir='ltr'><strong>intensior</strong></span> <span class='ocrx_word' id='word_1_660' title='bbox 2390 4577 2620 4651; x_wconf 85' lang='lat' dir='ltr'><strong>physice</strong></span> <span class='ocrx_word' id='word_1_661' title='bbox 2656 4571 3212 4648; x_wconf 89' lang='lat' dir='ltr'><strong>producitaugmen-</strong></span> 
     </span>
     <span class='ocr_line' id='line_1_111' title="bbox 1832 4646 3217 4743; baseline -0.021 -15"><span class='ocrx_word' id='word_1_662' title='bbox 1832 4676 1957 4728; x_wconf 90' lang='lat' dir='ltr'><strong>tnm</strong></span> <span class='ocrx_word' id='word_1_663' title='bbox 1983 4667 2196 4743; x_wconf 80' lang='lat' dir='ltr'><strong>gratiae,</strong></span> <span class='ocrx_word' id='word_1_664' title='bbox 2225 4661 2422 4735; x_wconf 84' lang='lat' dir='ltr'><strong>nequit</strong></span> <span class='ocrx_word' id='word_1_665' title='bbox 2450 4656 2520 4714; x_wconf 89' lang='lat' dir='ltr'><strong>ad</strong></span> <span class='ocrx_word' id='word_1_666' title='bbox 2548 4654 2693 4713; x_wconf 90' lang='lat' dir='ltr'><strong>illud</strong></span> <span class='ocrx_word' id='word_1_667' title='bbox 2721 4647 3046 4725; x_wconf 89' lang='lat' dir='ltr'><strong>comparari</strong></span> <span class='ocrx_word' id='word_1_668' title='bbox 3069 4646 3217 4702; x_wconf 88' lang='lat' dir='ltr'><strong>sicut</strong></span> 
     </span>
     <span class='ocr_line' id='line_1_112' title="bbox 1835 4745 2564 4820; baseline -0.021 -9"><span class='ocrx_word' id='word_1_669' title='bbox 1835 4751 2111 4811; x_wconf 89' lang='lat' dir='ltr'><strong>meritum</strong></span> <span class='ocrx_word' id='word_1_670' title='bbox 2141 4746 2209 4804; x_wconf 90' lang='lat' dir='ltr'><strong>ad</strong></span> <span class='ocrx_word' id='word_1_671' title='bbox 2236 4745 2564 4820; x_wconf 80' lang='lat' dir='ltr'><strong>praemium.</strong></span> 
     </span>
    </p>

    <p class='ocr_par' dir='ltr' id='par_1_37' title="bbox 1836 4808 3417 5147">
     <span class='ocr_line' id='line_1_113' title="bbox 1892 4808 3410 4895; baseline -0.016 -4"><span class='ocrx_word' id='word_1_672' title='bbox 1892 4830 2316 4895; x_wconf 64' lang='lat' dir='ltr'><strong>confirmatum</strong></span> <span class='ocrx_word' id='word_1_673' title='bbox 2343 4840 2481 4882; x_wconf 90' lang='lat' dir='ltr'><strong>nam</strong></span> <span class='ocrx_word' id='word_1_674' title='bbox 2511 4820 2886 4885; x_wconf 89' lang='lat' dir='ltr'><strong>meritum,et</strong></span> <span class='ocrx_word' id='word_1_675' title='bbox 2906 4808 3214 4887; x_wconf 86' lang='lat' dir='ltr'><strong>praemium</strong></span> <span class='ocrx_word' id='word_1_676' title='bbox 3249 4835 3410 4878; x_wconf 83' lang='lat' dir='ltr'><strong>conar-</strong></span> 
     </span>
     <span class='ocr_line' id='line_1_114' title="bbox 1837 4886 3403 4988; baseline -0.02 -15"><span class='ocrx_word' id='word_1_677' title='bbox 1837 4916 2129 4988; x_wconf 89' lang='lat' dir='ltr'><strong>nequeunt</strong></span> <span class='ocrx_word' id='word_1_678' title='bbox 2148 4910 2395 4969; x_wconf 89' lang='lat' dir='ltr'><strong>existere</strong></span> <span class='ocrx_word' id='word_1_679' title='bbox 2416 4906 2479 4961; x_wconf 92' lang='lat' dir='ltr'><strong>in</strong></span> <span class='ocrx_word' id='word_1_680' title='bbox 2502 4903 2702 4960; x_wconf 89' lang='lat' dir='ltr'><strong>eodem</strong></span> <span class='ocrx_word' id='word_1_681' title='bbox 2731 4894 2993 4962; x_wconf 85' lang='lat' dir='ltr'><strong>instanti,</strong></span> <span class='ocrx_word' id='word_1_682' title='bbox 3012 4895 3074 4948; x_wconf 91' lang='lat' dir='ltr'><strong>ut</strong></span> <span class='ocrx_word' id='word_1_683' title='bbox 3112 4889 3218 4946; x_wconf 90' lang='lat' dir='ltr'><strong>do-</strong></span> <span class='ocrx_word' id='word_1_684' title='bbox 3257 4886 3403 4929; x_wconf 62' lang='lat' dir='ltr'><strong>msto·</strong></span> 
     </span>
     <span class='ocr_line' id='line_1_115' title="bbox 1836 4968 3417 5061; baseline -0.02 -9"><span class='ocrx_word' id='word_1_685' title='bbox 1836 5002 1924 5054; x_wconf 86' lang='lat' dir='ltr'><strong>cet</strong></span> <span class='ocrx_word' id='word_1_686' title='bbox 1945 4998 2009 5052; x_wconf 90' lang='lat' dir='ltr'><strong>D.</strong></span> <span class='ocrx_word' id='word_1_687' title='bbox 2038 4993 2243 5050; x_wconf 87' lang='lat' dir='ltr'><strong>Thom.</strong></span> <span class='ocrx_word' id='word_1_688' title='bbox 2275 4991 2329 5057; x_wconf 88' lang='grc'><strong>3,</strong></span> <span class='ocrx_word' id='word_1_689' title='bbox 2348 4992 2502 5061; x_wconf 85' lang='lat' dir='ltr'><strong>part.</strong></span> <span class='ocrx_word' id='word_1_690' title='bbox 2535 4988 2718 5061; x_wconf 71' lang='lat' dir='ltr'><strong>quaest.</strong></span> <span class='ocrx_word' id='word_1_691' title='bbox 2755 4981 2837 5047; x_wconf 88' lang='lat'><strong>19,</strong></span> <span class='ocrx_word' id='word_1_692' title='bbox 2871 4983 2981 5033; x_wconf 81' lang='lat' dir='ltr'><strong>art.</strong></span> <span class='ocrx_word' id='word_1_693' title='bbox 3031 4973 3085 5036; x_wconf 90' lang='lat'><strong>3,</strong></span> <span class='ocrx_word' id='word_1_694' title='bbox 3118 4968 3290 5044; x_wconf 46' lang='lat' dir='ltr'><strong>ubiD·</strong></span> <span class='ocrx_word' id='word_1_695' title='bbox 3310 4999 3417 5044; x_wconf 72' lang='lat' dir='ltr'><strong>Tho.</strong></span> 
     </span>
     <span class='ocr_line' id='line_1_116' title="bbox 1840 5050 3220 5147; baseline -0.023 -11"><span class='ocrx_word' id='word_1_696' title='bbox 1840 5092 1914 5135; x_wconf 85' lang='lat' dir='ltr'><strong>ex</strong></span> <span class='ocrx_word' id='word_1_697' title='bbox 1937 5076 2042 5133; x_wconf 82' lang='lat' dir='ltr'><strong>hoo</strong></span> <span class='ocrx_word' id='word_1_698' title='bbox 2060 5071 2244 5147; x_wconf 87' lang='lat' dir='ltr'><strong>capite</strong></span> <span class='ocrx_word' id='word_1_699' title='bbox 2285 5066 2508 5143; x_wconf 90' lang='lat' dir='ltr'><strong>probat,</strong></span> <span class='ocrx_word' id='word_1_700' title='bbox 2543 5062 2693 5137; x_wconf 89' lang='lat' dir='ltr'><strong>quod</strong></span> <span class='ocrx_word' id='word_1_701' title='bbox 2725 5059 2987 5116; x_wconf 89' lang='lat' dir='ltr'><strong>Christus</strong></span> <span class='ocrx_word' id='word_1_702' title='bbox 3018 5050 3220 5109; x_wconf 89' lang='lat' dir='ltr'><strong>Domi-</strong></span> 
     </span>
    </p>
   </div>
  </div>
 </body>
</html>
