3647 5753
258 963 388 1009 Aliud

285 1025 361 1067 pro

260 1074 395 1109 asser·

277 1115 393 1172 tione

278 1168 398 1207 moti·

283 1223 391 1258 vum.

444 473 556 529 592

1050 628 1216 699 sm.
1317 596 1327 603 ’

447 792 756 851 Roboretur
821 786 954 844 aliis
997 783 1220 839 motivis
1263 785 1454 840 nostra
1521 777 1817 835 conclusio.

527 950 619 1006 87.
664 945 859 1003 Tertio
910 946 1089 1017 potest
1126 937 1363 996 assertio
1391 938 1589 993 nostra
1624 931 1820 990 fulciri

453 1030 571 1088 alia
613 1029 836 1085 ratione
869 1024 1167 1095 desumpta
1218 1035 1290 1077 ex
1337 1019 1400 1075 D.
1432 1016 1638 1076 Thom.
1684 1013 1823 1072 locis

453 1112 648 1168 statim
680 1106 1017 1171 referendis,
1067 1119 1193 1177 quae
1217 1101 1299 1157 sic
1325 1099 1639 1164 formatum
1684 1110 1822 1152 nam

454 1197 609 1251 actus
636 1191 870 1258 amoris,
903 1202 1075 1262 quem
1103 1182 1362 1241 Christus
1390 1179 1672 1239 Dominus
1710 1176 1825 1234 eli-

450 1276 569 1334 cuit
621 1276 684 1331 in
735 1273 925 1348 primo
963 1265 1349 1342 conceptionis
1395 1263 1658 1329 instanti,
1715 1260 1825 1317 fuit

449 1357 749 1432 dispositio
777 1352 846 1413 ad
881 1354 1131 1430 gratiam
1172 1349 1526 1406 habitualem
1561 1341 1826 1402 sanctifi-

449 1446 675 1498 cantem
702 1461 717 1505 ς
747 1441 1013 1494 ettamen
1043 1430 1345 1507 praedictus
1367 1433 1523 1486 actus
1544 1424 1823 1501 processit

451 1523 522 1580 ab
550 1521 749 1580 eadem
777 1518 981 1594 gratia,
1015 1523 1287 1588 tanquam
1324 1528 1358 1569 a
1405 1509 1692 1584 principio
1736 1507 1827 1566 ei·-

454 1605 663 1664 fectivo
692 1618 864 1676 :ergo
887 1604 1060 1665 actuS,
1085 1615 1197 1672 quo
1225 1612 1402 1671 purus
1421 1595 1593 1651 homo
1619 1592 1828 1648 ultimo

452 1687 782 1761 disponitur
803 1683 872 1740 ad
883 1680 1374 1757 justificationem,
1393 1674 1646 1750 procedit
1665 1674 1828 1732 effec-

452 1772 571 1827 tive
625 1786 657 1826 a
709 1766 896 1842 gratia
939 1761 1347 1822 sanctificante.
1409 1757 1828 1831 Consequentia

456 1855 608 1926 patet
635 1871 647 1905 :
681 1854 804 1903 tum
831 1844 965 1920 quia
986 1845 1036 1900 si
1057 1843 1237 1901 semel
1259 1841 1322 1897 in
1338 1839 1562 1896 Christo
1580 1837 1829 1896 Domino

452 1930 820 2006 componitur
840 1971 853 1997 ‚
908 1926 1057 2001 quod
1110 1931 1265 1982 actus
1312 1923 1528 1991 amoris
1563 1919 1830 1995 procedat

451 2014 710 2075 effective
747 2012 817 2069 ab
864 2010 1064 2069 eadem
1105 2007 1292 2083 gratia
1320 2051 1334 2076 ,
1381 2005 1452 2062 ad
1500 2019 1675 2078 quam
1704 2002 1830 2059 dis-

454 2099 639 2172 ponit,
674 2098 837 2152 nulla
886 2091 1273 2166 repugnantia
1315 2087 1599 2163 assignari
1630 2091 1825 2160 potest,

453 2198 557 2239 cur
582 2180 734 2238 idem
760 2195 877 2236 non
901 2175 1114 2234 accidat
1136 2174 1200 2231 in
1230 2173 1361 2230 aliis
1384 2171 1546 2245 puris
1567 2169 1831 2227 homini-

457 2263 585 2319 buS.
604 2263 754 2318 Tum
776 2261 911 2334 quia
934 2255 1266 2333 justificatio
1287 2254 1500 2310 Christi
1518 2259 1601 2310 est
1628 2267 1830 2309 exem-

459 2347 589 2419 plar
619 2350 826 2401 nostrae
844 2338 1271 2416 justificationis
1298 2359 1310 2394 :
1337 2352 1474 2411 ergo
1499 2336 1548 2392 si
1570 2334 1832 2390 Christus

458 2425 845 2485 sanctificatus
869 2429 951 2481 est
980 2420 1189 2478 mediis
1211 2419 1446 2483 actibus,
1473 2417 1572 2490 qui
1600 2415 1833 2491 agratia

460 2504 854 2563 sanctificante
879 2506 1293 2575 processerunt,
1327 2499 1481 2557 idem
1506 2497 1833 2571 proportio-

463 2585 739 2643 nabiliter
767 2583 836 2640 de
858 2581 1265 2656 justificatione
1287 2585 1626 2636 caeterorum
1639 2575 1832 2633 homi-

464 2683 608 2724 num
638 2664 944 2722 dicendum
972 2668 1077 2720 est.
1107 2664 1291 2736 Major
1319 2664 1509 2717 autem
1560 2656 1834 2732 probatur

467 2746 812 2805 authoritate
858 2759 1146 2816 expressa,
1177 2747 1231 2799 et
1277 2741 1452 2796 simul
1504 2739 1726 2795 ratione
1766 2738 1829 2790 D.

251 2834 429 2883 D-'l'ho-
467 2830 672 2887 Thom.
705 2828 741 2884 3
784 2831 935 2900 part.
986 2830 1169 2902 quaest.
1204 2822 1292 2888 34,
1340 2829 1451 2878 art.
1478 2820 1542 2883 3,
1573 2817 1672 2874 ubi
1719 2817 1836 2873 haec

469 2910 640 2969 habet
673 2931 685 2965 ε
716 2930 741 2963 α
766 2905 1083 2964 Dicendum
1103 2903 1252 2977 quod
1269 2903 1526 2959 Christus
1554 2901 1615 2955 in
1645 2900 1836 2973 primo

478 3015 503 3047 «
548 2990 785 3049 instanti
838 3003 954 3044 suae
1013 2983 1399 3057 conceptionis
1454 2980 1838 3038 sanctificatus

476 3096 502 3126 «
549 3074 659 3130 fuit
682 3087 781 3145 per
802 3068 1072 3144 gratiam.
1104 3068 1203 3121 Est
1229 3071 1418 3121 autem
1443 3063 1655 3136 duplex
1679 3078 1839 3119 sanc-

479 3178 505 3208 «
548 3151 785 3209 tificatio
814 3164 968 3206 :una
992 3144 1224 3220 quidem
1253 3143 1601 3212 adultorum,
1627 3144 1725 3216 qui
1745 3158 1840 3198 se-

478 3261 504 3290 «
549 3236 804 3294 cundum
834 3232 1137 3307 proprium
1160 3236 1347 3286 actum
1387 3227 1835 3285 sanctificantur.

482 3341 507 3372 (ι
551 3319 682 3375 Alia
711 3323 903 3374 autem
933 3328 1265 3390 puerorum,
1290 3312 1389 3385 qui
1411 3309 1842 3368 sanctificantur

479 3421 503 3452 «
550 3398 866 3457 secundum
893 3394 1193 3469 proprium
1223 3398 1410 3450 actum
1439 3390 1593 3460 fidei,
1623 3389 1720 3448 sed
1747 3406 1842 3446 se-

482 3504 507 3534 «
553 3480 805 3539 cundum
846 3477 1020 3535 fidem
1068 3481 1392 3550 parentum,
1426 3474 1518 3531 vel
1558 3472 1837 3530 Ecclesiae.

478 3586 508 3615 «
555 3562 753 3619 Prima
781 3566 971 3617 autem
1011 3556 1384 3614 sanctificatio
1405 3561 1488 3613 est
1516 3553 1837 3627 perfectior,

482 3669 508 3698 a
553 3662 725 3719 quam
752 3642 1022 3701 secunda:
1043 3642 1189 3698 sicut
1229 3646 1383 3697 actus
1408 3645 1493 3697 est
1515 3637 1838 3712 perfectior,

480 3751 512 3782 «
554 3745 725 3802 quam
755 3727 983 3783 habitus
1003 3749 1017 3792 ;
1035 3731 1090 3781 et
1110 3724 1259 3797 quod
1275 3729 1359 3781 est
1380 3739 1480 3797 per
1501 3738 1580 3789 se,
1605 3737 1672 3779 eo
1692 3719 1843 3794 quod

480 3832 509 3861 «
554 3815 639 3867 est
692 3825 793 3882 per
844 3805 1021 3864 aliud.
1082 3808 1223 3861 Cum
1275 3821 1412 3880 ergo
1470 3801 1845 3860 sanctificatio

490 3914 516 3943 «
559 3891 770 3947 Christi
802 3889 975 3946 fuerit
1028 3886 1444 3959 perfectissima
1483 3907 1508 3938 n
1561 3884 1719 3957 (quia
1764 3883 1847 3938 sic

474 3969 864 4028 sanctificatus
889 3972 990 4030 est,
1022 3971 1085 4021 ut
1109 3971 1255 4022 esset
1303 3964 1554 4022 aliorum
1582 3962 1844 4020 sanctifi-

476 4055 659 4123 cator)
691 4074 714 4104 «
740 4063 1091 4122 consequens
1122 4053 1235 4115 est,
1285 4047 1434 4120 quod
1472 4049 1595 4120 ipse
1639 4060 1846 4103 secun-

488 4158 518 4189 «
557 4135 696 4191 dum
728 4132 1027 4207 proprium
1056 4135 1275 4187 motum
1304 4129 1477 4193 liberi
1520 4128 1750 4187 arbitrii
1781 4128 1847 4183 in

485 4243 518 4273 (ι
561 4222 741 4276 Deum
770 4215 943 4273 suerit
963 4211 1365 4271 sanctificatus.
1399 4233 1425 4265 »
1456 4212 1650 4269 Minor
1669 4210 1846 4268 etiam

487 4302 783 4378 probatur,
816 4302 938 4354 tum
956 4313 1026 4355 ex
1048 4296 1248 4354 eodem
1275 4298 1340 4352 D.
1371 4296 1576 4352 Thom.
1608 4295 1644 4350 3
1688 4298 1843 4367 part.

485 4391 671 4462 quaest.
702 4385 758 4448 7,
784 4388 895 4437 art.
930 4381 974 4445 l,
1007 4379 1104 4434 ubi
1149 4376 1368 4452 probat,
1393 4376 1457 4432 in
1486 4375 1847 4432 ChristoDo-

490 4468 652 4524 mino
675 4465 850 4522 fuisse
862 4461 1110 4538 gratiam
1133 4456 1504 4526 habitualem,
1524 4462 1585 4512 ut
1600 4454 1849 4530 perfecte

486 4552 719 4609 eliceret
761 4544 1227 4620 supernaturales
1266 4540 1626 4614 operationes
1648 4539 1849 4614 cogni-

489 4632 684 4700 tionis,
714 4638 772 4690 et
792 4629 1025 4687 amoris.
1060 4628 1128 4682 Et
1152 4625 1227 4682 ad
1246 4624 1282 4679 3
1308 4623 1465 4681 addit
1494 4644 1507 4678 ε
1534 4644 1559 4676 α
1579 4622 1688 4680 Sed
1714 4622 1849 4696 quia

493 4741 520 4772 ιι
566 4719 775 4792 praeter
801 4711 1193 4786 operationem
1212 4707 1478 4765 divinam
1506 4709 1729 4777 oportet
1757 4720 1852 4778 po·

490 4822 520 4854 (ι
567 4813 707 4857 nere
734 4796 799 4852 in
818 4809 885 4852 eo
905 4791 1298 4867 operationem
1323 4788 1660 4850 humanam,
1677 4801 1850 4859 opor-

493 4904 519 4935 «
565 4880 673 4937 tuit
696 4880 759 4935 in
797 4893 865 4934 eo
891 4890 1014 4932 esse
1042 4871 1397 4929 habitualem
1446 4868 1715 4944 gratiam,
1749 4882 1852 4940 per

1119 459 1210 514 DE
1250 450 1856 511 DISPOSITIONIBUS
1897 451 1991 505 AD
2031 445 2699 504 JUSTIFICATIONEM.

1950 617 2229 691 captionis
2269 614 2507 673 instanti
2537 612 2754 678 elicuit,
2805 609 2982 667 fuisse
3025 606 3319 682 operatio-

1953 716 2087 758 nem
2117 698 2426 773 perfectam
2457 711 2631 770 :ergo
2654 692 2959 769 praedictus
2985 706 3152 748 amor
3178 705 3319 763 pro-

1953 781 2118 840 cessit
2144 798 2177 838 a
2195 780 2389 857 'gratia
2416 777 2697 836 habituali
2738 782 3013 848 tanquam
3034 789 3069 830 a
3095 772 3321 847 princi-

1956 864 2050 938 pio
2098 863 2377 921 effectivo.
2421 862 2572 917 Tum
2615 859 2823 926 etiam,
2872 858 3009 930 quia
3047 863 3109 913 ut
3158 855 3323 913 docet

1954 945 2109 1003 idem
2135 945 2193 1000 S.
2217 946 2421 1002 Doctor
2449 943 2557 1010 1,2,
2587 948 2771 1020 quast.
2808 940 2931 1005 110,
2954 947 3066 995 art.
3091 940 3147 1005 2,
3179 938 3322 993 nul-

1955 1029 2078 1084 lum
2107 1041 2280 1099 agens
2307 1024 2572 1080 naturale
2616 1022 2936 1078 inclinatur
2964 1020 3210 1094 perfecte
3255 1019 3322 1075 in

1954 1124 2126 1167 suum
2154 1105 2350 1173 finem,
2403 1105 2517 1163 nisi
2548 1109 2754 1178 praeter
2799 1105 3080 1161 actualem
3107 1101 3323 1161 motio·

1957 1208 2093 1250 nem
2108 1189 2315 1248 habeat
2331 1189 2585 1263 aliquam
2597 1187 2847 1245 formam
2858 1189 3295 1261 permanentem
3305 1228 3319 1252 ,

1957 1291 2081 1351 quae
2105 1275 2181 1332 sit
2208 1274 2561 1349 priucipium
2590 1271 2872 1345 praedictae
2898 1269 3317 1327 inclinationis.

1959 1360 2030 1416 Et
2053 1373 2125 1415 ex
2144 1357 2250 1414 hoc
2276 1355 2560 1430 principio
2587 1352 2872 1411 concludit
2904 1372 2919 1409 ε
2955 1373 2981 1405 α
3006 1352 3191 1408 Multo
3217 1351 3325 1426 igi-

1963 1459 1990 1491 «
2033 1443 2129 1494 tur
2155 1439 2338 1513 magis
2368 1436 2508 1503 illis,
2537 1451 2678 1509 quos
2702 1438 2849 1492 Deus
2871 1439 3065 1491 movet
3090 1432 3161 1489 ad
3181 1449 3323 1491 con-

1966 1541 1993 1572 α
2032 1518 2387 1592 sequendum
2417 1516 2633 1576 bonum
2678 1516 3119 1590 supernaturale
3147 1519 3319 1571 aeter-

1966 1622 1992 1652 α
2035 1616 2194 1678 num,
2225 1598 2485 1656 infundit
2511 1598 2733 1672 aliquas
2765 1598 3001 1663 formas,
3032 1612 3131 1654 seu
3179 1612 3323 1670 qua-

1967 1703 1993 1734 «
2034 1682 2224 1739 litates
2266 1682 2771 1755 supernaturales,
2821 1679 3135 1738 secundum
3186 1694 3326 1752 quas

1967 1787 1994 1817 α
2034 1765 2307 1832 suaviter,
2334 1771 2391 1823 et
2423 1768 2687 1839 prompte
2711 1762 2782 1821 ab
2811 1764 2935 1837 ipso
2981 1767 3325 1820 moveantur

1965 1869 1992 1901 α
2034 1848 2105 1905 ad
2145 1847 2360 1906 bonum
2388 1854 2674 1906 aeternum
2713 1845 3202 1919 consequendum.
3252 1847 3322 1900 Et

1966 1952 1993 1984 α
2036 1930 2116 1987 sic
2142 1930 2360 1989 donum
2380 1932 2581 2006 gratiae
2604 1930 2851 2004 qualitas
2876 1927 3140 2002 quaedam
3165 1933 3268 1985 est.
3293 1951 3320 1980 »

1962 2013 2106 2067 Cum
2144 2027 2279 2086 ergo
2308 2028 2489 2076 amor,
2522 2027 2690 2084 quem
2739 2011 2998 2068 Christus
3045 2010 3325 2066 Dominus

1962 2095 2025 2150 in
2045 2111 2113 2152 eo
2141 2096 2378 2152 instanti
2407 2096 2621 2161 elicuit,
2653 2094 2829 2151 fuerit
2857 2093 3106 2167 perfecta
3146 2093 3328 2150 incli-

1962 2178 2119 2235 natio
2161 2178 2222 2234 in
2271 2181 2449 2233 Deum
2501 2179 2776 2233 ultimum
2817 2174 3013 2241 finem,
3068 2173 3329 2247 sequitur

1962 2259 2112 2334 quod
2140 2261 2473 2332 processerit
2500 2258 2756 2316 effective
2797 2274 2829 2315 a
2854 2257 3042 2332 gratia
3067 2254 3330 2313 sanctifi-

1963 2346 2144 2398 cante.
2171 2340 2318 2395 Tum
2333 2339 2596 2413 denique,
2617 2340 2752 2412 quia
2766 2338 2816 2395 si
2835 2337 3140 2411 praedictus
3162 2352 3332 2394 amor

1966 2437 2083 2478 non
2105 2421 2462 2493 processisset
2482 2437 2515 2477 a
2539 2421 2726 2494 gratia
2770 2417 3162 2477 sanctificante
3192 2425 3330 2476 tan-

1964 2517 2139 2574 quam
2160 2517 2193 2557 a
2216 2501 2500 2575 principio
2520 2500 2797 2569 effectivo,
2829 2499 3139 2556 meruisset
3184 2515 3333 2556 ean-

1966 2581 2098 2639 dem
2144 2581 2391 2656 gratiam
2408 2605 2423 2649 ;
2473 2581 2609 2654 quia
2657 2597 2761 2654 pro
2812 2579 2997 2654 priori
3038 2578 3108 2636 ad
3162 2580 3332 2637 illam

1969 2663 2167 2720 fuisset
2208 2668 2364 2719 actus
2415 2662 2689 2720 honestus
2735 2660 2952 2717 infiniti
2995 2660 3233 2728 valoris,
3276 2665 3335 2718 et

1967 2744 2191 2802 elicitus
2220 2759 2249 2799 a
2295 2741 2546 2817 subjecto
2577 2748 2741 2818 grato
2766 2741 3119 2817 gratitudine
3163 2739 3334 2798 subs-

1967 2825 2215 2892 tantiali,
2241 2830 2296 2883 et
2323 2825 2545 2884 altioris
2583 2824 2846 2884 ordinis:
2872 2841 2983 2899 quo
3009 2823 3164 2882 nihil
3205 2839 3336 2882 am-

1971 2909 2122 2984 plius
2143 2909 2462 2967 desiderari
2492 2914 2672 2982 potest
2698 2908 2768 2967 ad
2798 2910 3074 2967 meritum
3103 2907 3174 2965 de
3194 2924 3337 2966 con-

1969 2991 2145 3066 digno
2201 3013 2215 3048 :
2264 3006 2614 3065 consequens
2660 2995 2744 3048 est
2791 2994 2986 3063 aperte
3025 2996 3224 3048 contra
3267 2990 3333 3046 D.

1971 3074 2177 3139 Thom,
2203 3075 2237 3129 3
2252 3080 2403 3147 part.
2431 3081 2616 3151 quast.
2649 3074 2732 3140 19,
2771 3079 2884 3128 art.
2912 3074 2966 3139 3,
2997 3078 3054 3130 et
3095 3077 3340 3147 negatur

1971 3154 2357 3212 communiter
2384 3171 2417 3211 a
2464 3154 2767 3228 Theologis
2799 3174 2813 3209 ε
2854 3169 2992 3228 ergo
3036 3154 3341 3227 praedictus

1974 3253 2137 3293 amor
2159 3236 2482 3309 processita
2525 3235 2715 3309 gratia
2764 3234 3159 3292 sanctificante
3205 3240 3339 3292 tan-

1973 3333 2146 3391 quam
2169 3335 2202 3375 a
2242 3316 2527 3391 principio
2552 3315 2832 3374 effectivo.
2877 3318 2951 3372 Et
2977 3317 3082 3373 hac
3110 3317 3336 3374 ratione

1974 3416 2098 3457 eam
2149 3416 2267 3458 non
2296 3399 2633 3474 promeruit.
2665 3398 2799 3472 quia
2827 3398 3181 3474 principium
3207 3413 3335 3455 me-

1977 3482 2073 3538 riti
2091 3497 2209 3538 non
2235 3479 2386 3538 cadit
2410 3480 2515 3536 sub
2536 3480 2766 3537 merito.

2048 3558 2139 3612 88.
2187 3555 2333 3613 Huic
2353 3559 2691 3629 argumento
2713 3553 3060 3628 respondent
3086 3568 3338 3611 commu·

1977 3639 2130 3695 niter
2157 3637 2491 3695 Adversarii
2533 3635 2797 3711 negando
2838 3638 3118 3711 majorem
3158 3635 3337 3692 intel-

1978 3722 2178 3779 lectam
2207 3718 2276 3776 de
2302 3718 2677 3791 dispositione
2697 3717 3064 3776 antecedente
3086 3715 3335 3791 gratiam

1978 3804 2041 3860 in
2078 3819 2288 3879 genere
2324 3818 2504 3859 causae
2538 3801 2860 3859 materialis
2885 3800 3245 3875 dispositiva-²,
3276 3804 3338 3857 et

1977 3903 2105 3945 eam
2132 3884 2493 3944 concedendo
2523 3884 2594 3941 de
2620 3884 2994 3959 dispositione
3022 3899 3162 3957 pure
3198 3898 3339 3941 con-

1978 3970 2305 4033 comitante,
2357 3972 2456 4024 aut
2515 3972 2911 4040 consequente.
2976 3967 3045 4022 Et
3109 3967 3172 4022 in
3237 3966 3344 4024 hoc

1981 4051 2281 4125 posteriori
2308 4065 2480 4106 sensu
2520 4047 2719 4105 dicunt
2752 4047 3196 4123 intelligendum
3220 4063 3345 4107 esse

1979 4136 2044 4191 D.
2076 4132 2280 4190 Thom.
2327 4131 2439 4186 loco
2478 4132 2663 4187 citato.
2696 4132 2880 4196 Quam
2909 4130 3346 4201 responsionem

1979 4211 2324 4271 confirmant
2352 4210 2560 4285 primo,
2592 4210 2728 4284 quia
2754 4210 2818 4266 in
2847 4209 3072 4266 Christo
3100 4209 3350 4267 Domino

1980 4295 2211 4352 nullum
2240 4298 2364 4351 erat
2401 4291 2883 4365 impedimentum
2926 4290 3349 4349 removendum

1981 4384 2113 4437 ante
2141 4377 2495 4434 infusionem
2536 4375 2736 4451 gratiae
2775 4373 3185 4432 sanctificantis
3197 4398 3212 4443 ;
3255 4379 3351 4434 at-

1980 4477 2089 4536 que
2117 4459 2247 4517 ideo
2280 4475 2397 4517 non
2431 4463 2555 4516 erat
2581 4456 2900 4514 necessaria
2928 4455 3120 4529 aliqua
3146 4456 3352 4530 dispo-

1980 4543 2132 4608 siti0‚
2164 4557 2289 4614 quae
2309 4539 2568 4597 animam
2595 4538 2717 4612 ejus
2741 4536 3071 4610 disponeret
3098 4536 3168 4594 ad
3196 4553 3352 4610 prae-

1981 4625 2144 4682 dictae
2192 4622 2390 4698 gratiae
2443 4620 2846 4693 receptionem.
2902 4618 3180 4687 Secundo,
3210 4618 3354 4692 quia

1981 4708 2185 4785 gratia,
2216 4712 2273 4764 et
2306 4705 2548 4761 virtutes
2587 4702 2651 4758 in
2682 4701 2908 4759 Christo
2935 4702 3182 4759 Domino
3207 4715 3356 4758 con-

1983 4796 2231 4864 sequutae
2276 4788 2513 4845 fuerunt
2568 4784 2848 4841 unionem
2907 4782 3351 4857 hypostaticam,

1982 4875 2130 4932 sicut
2155 4871 2475 4946 proprietas
2514 4868 2764 4925 formam
2798 4886 2812 4921 ε
2840 4864 2995 4922 unde
3031 4865 3176 4921 sicut
3211 4881 3358 4939 sup-

3400 3552 3508 3609 aau-

3377 3612 3514 3655 num.

495 4986 523 5017 <t
563 4977 737 5036 quam
786 4953 1114 5033 hujusmodi
1174 4951 1431 5026 operatio
1480 4949 1544 5005 in
1594 4964 1662 5006 eo
1704 4953 1853 5006 esset

496 5065 521 5094 «
568 5043 836 5117 perfecta.
883 5061 908 5091 ι)
935 5040 1162 5095 Constat
1189 5041 1379 5092 autem
1401 5035 1587 5088 actum
1612 5031 1846 5098 amoris,

484 5139 662 5195 quem
685 5122 941 5177 Christus
970 5116 1249 5175 Dominus
1275 5114 1338 5171 in
1360 5114 1553 5189 primo
1578 5128 1694 5170 suae
1720 5128 1852 5170 con-

1984 4955 2166 5030 posita
2193 4953 2378 5010 forma
2418 4966 2538 5009 non
2577 4947 2894 5022 requiritur
2931 4946 3251 5019 dispositio,
3292 4952 3362 5005 ut

1985 5038 2262 5095 resultent
2285 5033 2661 5108 proprietates
2680 5053 2694 5097 ς
2719 5028 2800 5086 ita
2819 5028 3114 5102 supposita
3134 5029 3362 5088 unione

1985 5116 2357 5194 hypostatica,
2378 5115 2542 5179 nulla
2556 5111 2853 5186 dispositio
2874 5110 2984 5167 fuit
3005 5110 3368 5242 necessari&
