3647 5753
657 349 771 403 652
1371 346 1464 400 DE
1505 345 1950 410 QL‘IDDITATE
1986 344 2584 400 JUSTIFICATIONIS
2621 345 2830 403 mPn.

658 518 810 573 Tum
835 518 1186 590 etiam,quia
1209 517 1340 575 licet
1375 519 1438 574 in
1471 533 1684 593 genere
1716 516 2024 590 loquend0,

657 598 972 673 producere
998 617 1070 656 ex
1111 600 1302 656 nihilo
1338 600 1585 671 explicet
1627 599 2028 671 perfectiorem

655 680 897 738 modum
937 679 1164 755 agendi,
1196 697 1368 754 quam
1401 696 1568 754 agere
1593 697 1666 737 ex
1693 697 2027 753 praesuppo-

654 763 768 819 sito
791 762 1075 836 subjecto;
1117 769 1173 819 et
1214 764 1280 819 in
1321 763 1428 820 hoc
1466 779 1639 819 sensu
1685 769 1901 819 creatio
1949 763 2026 818 sit

655 843 961 916 perfectior
969 845 989 916 j
1000 842 1376 900 ustificatione
1390 843 1752 901 considerata
1771 844 1836 899 in
1853 843 2026 901 ratio·

657 942 733 983 ne
757 926 1097 991 eductionis,
1130 925 1281 998 quod
1308 933 1534 983 tantum
1563 926 1925 983 intendimus
1960 926 2025 983 in

658 1010 850 1083 prima
887 1010 1250 1066 conclusione
1283 1030 1297 1064 2
1328 1009 1736 1076 nihilominus,
1766 1017 1831 1065 ut
1873 1014 2024 1067 recte

451 1116 627 1163 Μ
658 1090 804 1146 vidit
823 1092 1062 1148 Suarius
1088 1092 1181 1146 lib.
1211 1094 1267 1156 7,
1292 1091 1356 1146 de
1377 1095 1586 1162 qratia,
1618 1110 1739 1165 cap.
1772 1094 1866 1157 25,
1892 1106 2022 1147 mo-

655 1169 764 1227 dus
784 1172 991 1246 agendi
1013 1190 1083 1230 ex
1107 1173 1296 1230 nihilo
1320 1174 1667 1230 sufficienter
1692 1186 2023 1244 compensa-

653 1262 752 1310 tur
797 1270 899 1326 per
944 1253 1178 1310 modum
1227 1252 1434 1327 agendi
1485 1269 1602 1310 non
1644 1268 1717 1309 ex
1766 1252 2022 1325 potentia

652 1336 929 1403 natural-i,
954 1335 1052 1391 sed
1073 1354 1144 1393 ex
1167 1337 1421 1409 potentia
1448 1335 1856 1395 obedientiali:
1880 1351 2018 1392 nam

650 1420 750 1492 qui
775 1434 875 1491 per
896 1418 1132 1476 modum
1158 1435 1341 1476 causae
1368 1419 1707 1492 principalis
1731 1418 1881 1474 valet
1905 1417 2017 1473 sibi

648 1499 931 1575 subjicere
971 1503 1288 1574 potentiam
1315 1501 1760 1559 obedientialem
1788 1506 2018 1557 creatu-

650 1598 749 1645 rae,
773 1598 842 1638 eo
875 1582 998 1654 ipso
1031 1584 1278 1656 explicat
1317 1582 1614 1640 infinitam
1640 1583 1933 1649 virtutem,
1961 1590 2018 1640 et

648 1661 954 1719 efficaciam
979 1663 1051 1720 ad
1072 1663 1431 1735 operandum
1459 1662 1740 1736 quidquid
1767 1679 1886 1720 non
1910 1664 2018 1720 im·

647 1745 824 1819 plicat
867 1746 1380 1804 contradictionem
1414 1770 1429 1802 2
1458 1747 1556 1819 qui
1585 1746 1791 1804 modus
1834 1747 2016 1820 aequi-

645 1828 802 1883 valet
832 1827 1000 1885 modo
1036 1828 1363 1889 creationis,
1393 1833 1451 1885 et
1492 1827 1729 1885 aliunde
1754 1845 1827 1885 ex
1854 1834 2018 1900 parte

647 1907 733 1962 rei
763 1907 921 1964 factae
963 1908 1132 1963 illum
1180 1908 1420 1964 excedit.
1453 1909 1596 1963 Cum
1623 1925 1761 1983 ergo
1799 1907 2015 1981 justifi-

643 1989 793 2045 catio
834 1988 1003 2061 impii
1048 1990 1127 2045 ita
1155 1996 1283 2063 agat
1322 2006 1394 2046 ex
1435 1991 1850 2063 praesupposim
1875 1989 2014 2047 sub-

640 2070 807 2144 jecto,
834 2069 985 2143 quod
1007 2075 1203 2127 tamen
1228 2070 1374 2126 illud
1405 2071 1672 2127 immutet
1697 2070 2013 2128 secundnm

642 2152 961 2225 potentiam
1008 2150 1453 2208 obedientialem
1474 2197 1488 2218 ,
1538 2152 1798 2224 sequitur
1861 2151 2013 2225 qnod

643 2232 919 2300 absolute,
964 2240 1021 2290 et
1068 2236 1300 2291 attentis
1346 2232 1637 2303 omnibus,
1683 2233 2013 2307 justificatio

643 2316 812 2390 impii
841 2317 1193 2374 creationem
1239 2316 1483 2373 excellat
1529 2318 1593 2373 in
1641 2317 2010 2389 perfectione.

424 2411 483 2453 ι).
503 2412 612 2465 Aug.
644 2397 810 2453 Unde
836 2402 1072 2471 August.
1104 2399 1223 2454 loco
1244 2413 1418 2469 supra
1437 2397 1629 2465 citato,
1657 2399 1821 2455 nulla
1843 2398 2012 2454 adhi-

644 2474 763 2532 bita
791 2476 1160 2534 distinctione
1183 2478 1337 2534 inter
1365 2476 1601 2535 modum
1634 2478 2005 2552 producendi,

643 2559 699 2611 et
745 2558 1064 2614 terminum
1107 2555 1467 2628 productum,
1495 2557 1752 2617 absolute
1793 2558 2013 2632 profert

640 2637 830 2709 majus
849 2655 970 2695 esse
986 2637 1302 2713 justificare
1326 2640 1599 2712 impium,
1619 2658 1791 2715 quam
1817 2656 2011 2698 creare

639 2718 866 2784 coelum,
899 2728 956 2776 et
996 2727 1235 2775 terram.
1268 2718 1537 2792 Idemque
1577 2721 1860 2795 significat
1904 2723 2011 2777 Ec-

642 2798 816 2854 clesia
861 2800 924 2855 in
965 2801 1229 2865 collecta,
1280 2815 1452 2870 quam
1484 2800 1661 2857 refert
1700 2804 1767 2857 D.
1798 2802 2007 2858 Thom.

644 2882 706 2935 in
730 2897 946 2949 aryum.
977 2881 1087 2938 Sed
1107 2888 1317 2947 contra,
1347 2880 1442 2937 ubi
1467 2889 1593 2937 orat
1615 2883 1678 2939 in
1700 2883 1853 2939 hunc
1881 2898 2010 2939 mo-

644 2959 785 3016 dum
815 2961 997 3019 :Deus
1042 2965 1138 3040 qui
1175 2964 1625 3035 omnipotentiam
1675 2971 1831 3019 tuam
1867 2983 2009 3039 par-

642 3042 806 3097 cendo
835 3047 1095 3108 mamime,
1120 3050 1168 3097 et
1195 3044 1504 3099 miserando
1529 3046 1873 3117 manifestas,
1904 3053 2001 3102 etc.

644 3123 804 3189 Quod
832 3131 1022 3180 autem
1049 3129 1312 3180 creatura
1335 3125 1524 3180 valeat
1551 3124 1621 3180 ad
1643 3124 2008 3200 justificatio-

643 3221 778 3262 nem
819 3206 1340 3263 instrumentaliter
1385 3222 1751 3274 concurrere,
1797 3215 1854 3266 et
1902 3226 2007 3267 ne-

643 3295 812 3361 queat
852 3290 932 3346 ita
977 3303 1321 3345 concurrere
1368 3287 1437 3343 ad
1485 3290 1854 3358 creationem,
1888 3307 2006 3347 non

643 3371 912 3442 provenit
937 3386 1008 3427 ex
1034 3387 1118 3437 eo,
1150 3368 1299 3441 quod
1326 3371 1538 3428 creatio
1564 3372 1639 3426 sit
1660 3372 2006 3444 simpliciter

643 3450 928 3510 nobilior;
956 3451 1055 3507 sed
1076 3451 1211 3523 quia
1239 3451 1456 3507 creatio
1482 3453 1711 3507 nullum
1744 3469 2005 3525 praesup-

641 3533 805 3605 ponit
847 3531 1285 3605 subjectum,=et
1329 3532 1520 3588 omnis
1552 3534 1698 3590 actio
1725 3540 2004 3590 creaturae

640 3613 787 3669 illud
809 3613 1125 3669 necessario
1151 3613 1438 3685 supponit.

712 3696 805 3750 39.
871 3694 1160 3751 Venianus
1206 3693 1327 3766 jam
1383 3693 1452 3751 ad
1507 3696 2001 3767 comparationem

638 3775 793 3831 inter
815 3775 1281 3848 justificationem
1311 3775 1493 3848 impii.
1534 3781 1588 3831 et
1626 3776 2001 3850 glorificatio-

640 3873 795 3914 nem.
829 3861 1010 3921 Quam
1040 3859 1099 3908 ut
1137 3861 1284 3911 recte
1327 3859 1767 3928 perpendamuS,
1799 3856 2000 3914 obser-

637 3940 894 3996 vandum
916 3945 1017 4002 est,
1038 3936 1514 4010 glorificationem
1539 3938 1812 3995 bifariam
1838 3956 1999 4011 posse

635 4020 988 4078 considerari
1047 4059 1059 4072 .
1111 4032 1226 4072 uno
1273 4017 1443 4074 modo
1485 4018 1775 4093 adaequate
1829 4029 1998 4092 prout

635 4103 908 4176 importat
934 4097 1180 4173 gratiam
1207 4097 1679 4165 sanctificantem,
1712 4101 1835 4174 ejus
1856 4118 1995 4157 con-

629 4184 1098 4244 summationem,
1156 4180 1356 4236 lumen
1407 4180 1625 4254 glorias,
1683 4184 1994 4240 essentiam

629 4266 894 4324 divinam
937 4263 1160 4318 unitam
1192 4260 1255 4315 in
1297 4261 1518 4317 ratione
1545 4262 1771 4332 speciei,
1808 4263 1993 4320 etde-

451 3729 577 3772 Nota.

630 4352 805 4424 nique
832 4348 1115 4403 visionem
1146 4343 1245 4399 Dei
1287 4342 1349 4398 in
1387 4343 1593 4414 seipsa,
1627 4344 1688 4400 in
1716 4361 1829 4416 qua
1870 4345 1993 4403 for-

626 4432 801 4488 malis
845 4425 1154 4490 beatitudo,
1187 4424 1309 4480 sive
1340 4421 1681 4496 glorificatio
1708 4426 1985 4485 consistit.

625 4515 824 4569 Altero
850 4509 1019 4567 modo
1058 4507 1309 4562 sumitur
1340 4504 1700 4578 inadaequate
1746 4525 1851 4582 pro
1896 4511 1991 4567 vi-

623 4595 789 4652 sione
812 4591 1083 4649 beatifica.
1121 4591 1233 4643 Hoc
1260 4588 1574 4657 supposito.

425 4707 573 4751 'tortia
697 4677 791 4732 40.
825 4671 1138 4728 Dicendum
1174 4673 1255 4724 est
1285 4667 1472 4730 tertio,
1506 4667 1988 4742 glorificationem

409 4759 585 4815 conptu·
624 4758 913 4831 adaequate
933 4759 1220 4825 sumptam
1247 4765 1368 4805 esse
1389 4750 1576 4823 majus
1603 4769 1746 4825 opus
1769 4754 1985 4827 justifi-

401 4817 585 4900 1).⁸'ffii0.
621 4842 844 4900 catione
897 4837 1083 4909 impii,
1144 4828 1427 4905 loquendo
1486 4830 1772 4902 absolute;
1828 4853 1987 4894 secus

618 4929 812 4981 autem
846 4917 1163 4992 quantitate
1211 4911 1596 4985 proportionis
1651 4914 1722 4970 ad
1760 4916 1984 4991 subjec-

615 5012 763 5063 tum.
789 5003 881 5058 Sic
902 4999 1061 5056 docet
1081 4999 1145 5052 D.
1171 4994 1376 5051 Thom.
1404 4995 1467 5050 in
1496 4997 1786 5067 praesenti,
1812 5015 1984 5070 quem

2161 523 2479 591 sequuntur
2530 518 2920 575 communiter
2973 519 3257 592 Theologi.
3302 519 3433 574 Prima

2162 600 2492 656 assertionis
2519 617 2651 672 pars
2669 608 2755 657 est
2780 601 2922 656 satis
2947 598 3218 666 evidens3
3237 602 3433 672 quoniam

2159 679 2499 756 glorificatio
2524 683 2692 754 impii
2735 680 3037 754 adaequate
3080 690 3288 753 sumpta
3321 699 3435 753 supra
3496 714 3498 725 ›

2158 764 2406 839 gratiam
2433 763 2883 820 sanctificantem
2917 763 3086 818 addit
3122 763 3330 818 modum
3347 780 3436 819 oon-

2157 846 2584 914 summationis,
2634 848 2838 901 lumen
2879 844 3113 917 gloriae.
3143 852 3198 901 et
3233 847 3434 902 visionem

2160 924 2261 981 Dei
2289 926 2353 980 in
2372 927 2560 999 seipso
2590 947 2605 981 :
2632 924 2732 981 sed
2757 926 2949 999 gratia
2979 925 3063 980 ita
3091 924 3314 997 perfecta
3331 942 3437 981 exue

2157 1003 2242 1060 dit
2267 1005 2522 1063 absolute
2566 1008 2814 1080 seipsam
2855 1005 3269 1062 consideratam
3300 1023 3437 1064 secun-

2156 1082 2295 1141 dum
2328 1103 2409 1153 se,
2440 1091 2498 1143 et
2530 1092 2698 1160 prout
2726 1086 2909 1158 impio
2946 1087 3438 1149 communicatam

2155 1179 2227 1221 ex
2254 1166 2395 1239 ipsis
2438 1167 2708 1223 terminis
2749 1168 2927 1240 liquet
2970 1183 3151 1241 :ergo
3186 1167 3437 1241 glorificatio

2155 1244 2444 1319 adaequate
2459 1254 2682 1320 accepta
2701 1253 2787 1304 est
2807 1247 3074 1305 absolute
3097 1248 3346 1320 loquendo
3361 1265 3438 1319 per-

2153 1328 2373 1394 fectior,
2405 1346 2578 1401 quam
2626 1330 2795 1403 impii
2829 1330 3170 1405 justificatio
3201 1341 3288 1387 :et
3317 1333 3438 1406 gloria

2154 1409 2219 1467 in
2257 1411 2458 1469 eodem
2502 1429 2671 1469 sensu
2717 1419 2803 1468 est
2842 1414 3039 1487 majus
3083 1413 3299 1479 bonum,
3323 1431 3434 1485 quam
3496 1414 3497 1473 ἰ

2151 1493 2361 1565 gratia.
2382 1496 2504 1558 Quo
2528 1508 2698 1550 sensu
2726 1493 2876 1550 dixit
2915 1498 3184 1553 Christus
3214 1497 3433 1551 Dominus.
3496 1476 3497 1527 ¹

2151 1573 2355 1630 Matth.
2395 1575 2450 1630 ll
2486 1595 2500 1629 z
2526 1574 2640 1645 Qui
2658 1578 2840 1632 minor
2863 1585 2941 1632 est
2972 1582 3036 1632 in
3054 1594 3213 1648 rayno
3234 1577 3429 1633 calma
3450 1572 3497 1649 ἓ

2150 1658 2332 1728 major
2374 1665 2452 1713 est
2491 1658 2608 1714 illo.
2652 1659 2913 1717 Secunda
2951 1662 3133 1717 etiam
3184 1660 3433 1715 assertionis
3466 1650 3498 1713 “Q

2152 1755 2286 1811 pars
2337 1742 2506 1799 facile
2557 1743 2900 1810 ostenditur,
2932 1747 3075 1818 quia
3121 1743 3257 1800 illud
3293 1742 3433 1798 dicitur

2150 1822 2337 1894 majus
2356 1825 2673 1895 quantitate
2697 1826 3114 1898 proportionis,
3130 1832 3186 1883 et
3204 1826 3432 1896 respective

2151 1898 2222 1957 ad
2248 1901 2584 1976 subiectum,
2610 1902 2762 1977 quod
2790 1906 2922 1978 plus
2948 1906 3175 1963 excedit
3191 1907 3296 1978 ejus
3311 1902 3435 1975 digni-

2150 1987 2347 2049 tatem,
2403 1985 2809 2058 aptitudinem,
2860 1994 2919 2044 et
2963 1988 3338 2063 exigentiam:
3370 1982 3431 2039 sod

2148 2064 2299 2137 qnod
2329 2067 2476 2121 Deus
2491 2067 2763 2142 Justificet
2783 2070 3062 2142 impium,
3093 2077 3176 2126 est
3197 2083 3343 2140 supra
3355 2066 3432 2139 ejus

2147 2143 2508 2219 dignitatem,
2561 2150 2970 2222 aptitudinem,
3022 2158 3080 2208 et
3140 2149 3426 2223 exigentiam,

2148 2227 2430 2300 siquidem
2478 2231 2648 2288 hahet
2685 2234 2951 2305 opposita
3004 2226 3429 2307 pr.-÷÷2oicata;‹111‹›1

2149 2315 2341 2365 autem
2368 2311 2624 2370 conferat
2650 2313 2803 2386 justo
2830 2315 3109 2386 gloriam,
3140 2329 3246 2369 non
3278 2306 3429 2367 excedit

2146 2390 2271 2462 ejus
2307 2389 2669 2464 dignitatem,
2709 2399 2765 2449 et
2791 2394 3169 2467 exigentiam,
3206 2408 3313 2447 cum
3346 2390 3425 2460 ipsa

2146 2472 2333 2545 gratia
2353 2473 2427 2527 sit
2453 2489 2650 2530 semen
2676 2474 2894 2548 gloriae,
2928 2482 2987 2531 et
3014 2476 3288 2532 hominem
3311 2468 3425 2526 beati·

2148 2550 2351 2609 tudine
2389 2552 2628 2628 dignum
2676 2556 2990 2612 constituat
3016 2573 3183 2630 :ergo
3219 2548 3421 2624 loquendo

2145 2634 2460 2692 secundum
2482 2636 2860 2709 quantitatem
2889 2638 3278 2712 proportionis,
3298 2633 3421 2703 majus

2146 2731 2287 2786 opus
2308 2720 2392 2772 est
2410 2714 2739 2789 justificatio
2760 2718 2958 2792 impii,
2983 2735 3153 2792 quam
3174 2716 3291 2790 justi
3305 2710 3420 2787 glori·

2145 2796 2349 2855 ficati0.
2952 2804 2959 2808 ’

2218 2882 2312 2936 41.
2357 2883 2471 2937 Nec
2497 2880 2693 2949 refert,
2734 2884 2784 2940 si
2831 2900 3092 2958 opponas
3120 2870 3491 2972 ρνίηιιπἰῐῑιιάᾱέιθξὲ5

2144 2967 2231 3017 est
2255 2960 2507 3020 absolute
2528 2965 2714 3038 majus
2734 2964 2974 3032 bonum,
3006 2967 3159 3040 cujus
3178 2960 3410 3035 oppositum

2143 3048 2230 3099 est
2266 3041 2521 3102 absolute
2566 3046 2753 3119 majus
2800 3049 3029 3103 malum
3068 3069 3083 3103 ι
3118 3044 3205 3102 sed
3246 3037 3412 3115 privatio

2142 3125 2342 3198 gratiae
2391 3133 2476 3184 est
2519 3128 2776 3185 absolute
2822 3131 3018 3203 maius
3065 3130 3278 3190 malum,
3300 3132 3407 3194 quam

2146 3207 2394 3281 privatio
2408 3211 2636 3283 gloriae3
2666 3209 2816 3267 beati
2839 3214 3005 3268 enim
3029 3212 3204 3284 potius
3221 3203 3407 3279 eligerent

2142 3305 2339 3344 carere
2364 3291 2568 3364 gloria,
2600 3308 2775 3364 quam
2812 3296 3007 3366 gratia
3039 3314 3053 3349 z
3082 3308 3208 3365 ergo
3241 3283 3407 3366 absolute
3496 3273 3497 3306 ¹

2142 3369 2424 3442 quuendo
2449 3370 2791 3443 glorificatio
2840 3388 2963 3429 non
2991 3380 3077 3431 est
3103 3370 3282 3427 melior
3298 3366 3400 3437 justi-

2141 3449 2421 3518 ficatione‚
2477 3457 2539 3507 ut
2591 3453 2653 3510 in
2702 3455 2893 3528 prima
2952 3451 3266 3513 assertionis
3307 3445 3396 3516 parte

2140 3535 2510 3590 asseruimus,
2562 3535 2829 3602 Secundo,
2880 3538 2930 3593 si
2983 3533 3284 3611 justificatio
3316 3524 3397 3605 5³5¹

2140 3614 2325 3687 major
2346 3617 2664 3687 quantitate
2692 3618 3104 3690 proportionis»,
3129 3627 3276 3688 quam
3296 3606 3399 3679 8¹⁰¹*

2137 3696 2341 3762 ficatio,
2391 3699 2574 3771 magis
2625 3705 2919 3757 teneretur
2986 3701 3193 3773 impius
3245 3685 3399 3749 reddere
3496 3713 3497 3730 η

2136 3777 2351 3852 gratias
2391 3781 2504 3835 Deo
2545 3795 2649 3850 pro
2691 3780 2897 3853 gratia,
2943 3797 3117 3854 quam
3156 3779 3304 3853 justus
3337 3776 3396 3836 1³¹⁰

2134 3859 2319 3932 gloria
2339 3883 2353 3925 ;
2377 3859 2651 3933 obligatio
2691 3861 2849 3917 enim
2877 3863 3096 3935 gratias
3132 3851 3301 3931 agendi
3327 3857 3397 3933 non

2135 3945 2253 3996 tam
2305 3942 2618 4013 attenditur
2671 3960 2844 4016 penes
2901 3943 3257 4016 quantitatem
3294 3931 3391 3986 dossh

2134 4037 2305 4094 quam
2334 4038 2506 4093 penes
2542 4025 2974 4097 proportionem
3019 4023 3088 4081 ad
3128 4019 3394 4095 subjectumf

2136 4102 2286 4159 unde
2307 4107 2489 4179 magis
2509 4111 2736 4163 tenetur
2756 4107 2826 4164 ad
2850 4108 3132 4181 agendum
3151 4098 3392 4176 gratiasqm

2132 4187 2388 4241 maxima
2410 4188 2561 4243 fame
2582 4195 2820 4261 urgente
2843 4191 3048 4262 recipit
3069 4197 3267 4262 panem,
3282 4184 3394 4248 quam

2129 4268 2227 4338 qui
2274 4267 2475 4339 recipit
2532 4271 2875 4343 margaritas
2923 4294 2938 4329 :
2993 4276 3304 4344 consequens
3343 4255 3394 4308 ⁹⁵¹

2130 4347 2464 4414 absurdum,
2491 4349 2772 4422 siquidem
2815 4353 3153 4426 glorificatio
3182 4353 3251 4403 est
3273 4349 3393 4424 max}-

2129 4448 2290 4487 mnm
2320 4433 2420 4487 Dei
2452 4431 2790 4489 beneficium
2817 4458 2831 4500 ;
2880 4441 2937 4492 et
2975 4436 3269 4510 gratiarum
3300 4422 3394 4508 ³⁰9⁰

2125 4511 2292 4569 debet
2341 4514 2685 4586 respondere
2731 4516 3123 4590 magnitudini
3163 4501 3388 4567 beneficu:

2125 4609 2261 4667 ergo
2323 4593 2651 4667 justificatio
2714 4597 3033 4654 secundum
3103 4586 3391 4674 quantitatem

2126 4676 2512 4747 proportionis
2553 4693 2669 4733 non
2707 4684 2792 4734 est
2816 4681 3005 4753 maJ'or
3043 4671 3383 4755 glorificatione,

2125 4756 2270 4812 utin
2308 4757 2556 4814 secunda
2596 4761 2983 4818 conclusionis
3025 4765 3173 4836 parte
3207 4748 3387 4808 affirma·

2122 4855 2337 4896 vimus,

2196 4923 2307 4985 Eae,
2341 4921 2599 4993 inquam,
2643 4921 2986 4996 obiectiones
3033 4938 3141 4980 non
3180 4896 3471 5002 referunt-{fif

2120 4998 2206 5056 Ad
2246 5001 2502 5075 primam
2546 5003 2708 5060 enim
2735 5010 2957 5062 constat
2992 5021 3065 5063 ex
3105 4994 3477 5059 distincnonepw

3263 5067 3381 5135 supra
