3647 5753
530 414 642 470 692
1576 402 1670 457 DE
1708 398 2012 464 NATURA
2050 396 2329 453 MERITI.

532 581 677 639 Puto
723 583 866 662 quod
901 581 1047 639 Deus
1086 597 1184 636 nos
1229 578 1517 652 Apostolos
1568 575 1894 632 novissimos

315 675 499 719 namu.
532 666 782 731 ostendit,
808 673 908 721 etc.
935 677 1106 734 super
1144 676 1314 734 quem
1338 662 1524 717 locum
1552 660 1613 711 D.
1642 653 1894 712 Ambro-

531 746 653 802 sius
679 747 761 804 sic
789 746 870 803 ait
895 768 908 802 ε
945 765 970 796 α
992 745 1108 799 Hoc
1133 741 1261 799 ideo
1288 757 1544 815 personae
1575 753 1691 794 suae
1711 736 1896 808 depu-

541 849 568 880 «
593 832 695 892 tat,
728 827 863 901 quia
882 839 1111 895 semper
1140 822 1202 877 in
1231 822 1563 879 necessitate
1602 818 1731 884 fuit,
1760 832 1896 890 per-

538 932 564 963 «
595 909 977 984 sequutioneS,
1021 914 1077 965 et
1121 922 1418 980 pressuras
1471 905 1626 960 ultra
1665 907 1897 959 caeteros

540 1015 566 1048 α
598 1009 813 1066 passuS,
834 992 977 1048 sicut
1005 990 1227 1063 passuri
1243 993 1378 1045 sunt
1397 987 1612 1053 Enoch,
1637 988 1695 1042 et
1714 986 1891 1050 Elias,

538 1099 565 1131 α
594 1077 693 1151 qui
716 1076 920 1132 ultimo
945 1078 1204 1147 tempore
1232 1071 1412 1129 futuri
1438 1074 1573 1126 sunt
1599 1066 1853 1141 Apostoli
1878 1087 1893 1123 ε

541 1181 568 1213 α
598 1159 753 1216 mitti
804 1158 964 1214 enim
1011 1156 1224 1213 habent
1282 1158 1416 1211 ante
1473 1151 1769 1208 Christum
1823 1147 1897 1206 ad

541 1261 567 1292 α
601 1237 1041 1313 praeparandum
1066 1236 1341 1310 populum
1377 1233 1498 1299 Dei,
1529 1238 1587 1289 et
1618 1232 1900 1288 munien-

544 1343 569 1376 α
597 1321 700 1378 das
725 1337 927 1377 omnes
948 1320 1225 1377 Ecclesias
1259 1316 1329 1374 ad
1359 1314 1745 1374 resistendum
1772 1315 1899 1370 An-

544 1428 570 1460 α
601 1404 878 1463 tichristo.
940 1425 965 1456 »
1018 1401 1232 1458 Eodem
1273 1400 1392 1458 fere
1440 1399 1610 1457 modo
1661 1396 1899 1469 exponit

320 1489 526 1537 D·An⁵e¹·
540 1487 715 1546 verba
757 1486 924 1542 Pauli
970 1487 1031 1540 D.
1058 1484 1385 1549 Anselmus,
1417 1481 1646 1538 dicens:
1680 1502 1706 1533 «
1729 1481 1894 1546 Put0,

542 1592 568 1624 «
599 1573 655 1626 et
701 1583 804 1641 pro
847 1569 1001 1623 certe
1040 1565 1175 1629 scio,
1225 1564 1375 1638 quod
1417 1565 1564 1619 Deus
1602 1561 1901 1635 Apostolos

542 1672 568 1702 <r
602 1648 946 1706 novissimos
981 1645 1231 1704 ostendit
1252 1643 1491 1710 mundo,
1517 1641 1725 1716 quibus
1747 1642 1896 1698 nulli

545 1755 571 1785 (ι
598 1729 896 1787 succedent
924 1728 1178 1800 Apostoli
1209 1732 1327 1782 tam
1365 1724 1617 1799 perfecti,
1649 1729 1768 1780 tam
1794 1739 1901 1780 ne-

546 1835 571 1866 «
600 1812 831 1869 cessarii
858 1809 1030 1865 saluti
1060 1808 1386 1875 hominum,
1413 1806 1611 1879 quales
1651 1820 1901 1877 appare-

547 1915 572 1947 α
601 1892 745 1949 bunt
803 1892 865 1947 in
931 1889 1244 1948 novissimo
1302 1893 1559 1960 tempore
1608 1887 1784 1953 Elias,
1846 1890 1903 1942 et

546 1998 570 2029 a
604 1974 817 2040 Enoch,
843 1989 983 2045 quos
1003 1976 1151 2031 Deus
1167 1977 1439 2038 reservat,
1466 1976 1530 2028 ut
1556 1970 1708 2027 filios
1724 1970 1900 2027 Israel

546 2080 571 2111 «
603 2055 674 2114 ab
711 2054 1051 2111 Antichristi
1090 2055 1417 2113 seductione
1456 2054 1722 2112 liberent.
1787 2058 1903 2112 Nos

549 2161 576 2192 «
605 2136 855 2195 ostendit
875 2136 1239 2200 novissimos,
1267 2135 1413 2193 idest
1431 2136 1551 2192 illis
1567 2137 1903 2193 novissimis

321 2215 512 2312 ,Slgfflffi-
549 2242 573 2271 «
607 2217 962 2292 praeconibus
1005 2217 1344 2275 consimilis,
1381 2239 1406 2270 »
1430 2218 1717 2293 'Magister
1757 2219 1904 2274 Sen-

504 2299 515 2309 '
543 2302 857 2360 tentiarum
888 2322 901 2355 :
930 2322 954 2352 a
989 2300 1134 2355 Deus
1176 2315 1280 2356 nos
1319 2301 1618 2372 Apostolos
1650 2300 1904 2357 novissi-

550 2406 576 2437 «
607 2400 730 2441 mos
764 2383 1013 2441 ostendit
1040 2404 1053 2438 ε
1097 2381 1155 2437 id
1200 2387 1324 2448 est,
1356 2382 1605 2440 ostendit
1639 2398 1742 2439 nos
1781 2398 1905 2439 esse

329 2518 527 2610 eteiu-
543 2465 1196 2602 iessnssssfiiii‘ZViSZssEssZ
1211 2463 1500 2601 istis}
1517 2465 1727 2599 {2312}
1750 2463 1904 2599 ἓξὲξ

371 2579 642 2712 ffirqnno,
694 2625 856 2696 Hugo
903 2623 1247 2688 cardinalis,
1297 2632 1355 2682 et
1401 2625 1524 2690 alii,
1557 2623 1655 2698 qui
1703 2639 1905 2682 omnes

543 2704 831 2778 explicant
869 2704 1045 2761 verba
1072 2705 1193 2770 illa,
1224 2706 1568 2762 Novissimos
1593 2705 1899 2780 Apostolos,

521 2785 705 2852 ‘idest‚
753 2787 959 2841 similes
1002 2787 1320 2841 novissimis
1372 2786 1531 2851 Elim,
1575 2793 1623 2840 et
1684 2784 1898 2845 Enoch.

547 2869 704 2923 Hanc
737 2865 979 2923 eandem
1008 2864 1350 2936 doctrinam,
1376 2872 1430 2924 et
1449 2866 1903 2940 propositionem

545 2954 800 3006 nostram
838 2948 908 3004 de
934 2948 1255 3020 aequalitate
1300 2949 1442 3006 Eliae
1490 2965 1619 3005 cum
1666 2948 1906 3021 reliquis

544 3030 848 3103 Apostolis,
902 3034 1056 3085 tenet
1093 3029 1290 3096 etiam,
1322 3035 1377 3087 et
1423 3031 1641 3102 optima
1682 3030 1906 3088 ratione

332 3110 513 3158 malven.
547 3108 748 3183 probat
773 3109 1080 3167 Malvenda
1100 3110 1193 3166 lib.
1220 3111 1274 3175 9,
1301 3109 1364 3166 de
1395 3108 1759 3175 Antichristo,
1777 3129 1901 3184 cop.

544 3194 598 3259 5,
631 3192 788 3265 cujus
816 3191 991 3249 verba
1014 3191 1104 3247 hic
1149 3190 1361 3263 placuit
1402 3190 1638 3256 referre,
1671 3191 1806 3264 quia
1836 3191 1906 3248 ad

545 3289 794 3347 praesens
835 3273 1124 3331 intentum
1153 3288 1269 3329 non
1298 3288 1505 3346 parum
1536 3271 1863 3329 conducunt
1886 3296 1902 3340 3

544 3355 625 3411 sic
644 3353 803 3410 enim
827 3354 906 3409 ait
931 3378 944 3412 :
983 3378 1008 3407 (ι
1031 3358 1147 3412 Nec
1168 3370 1402 3426 prorsus
1442 3370 1475 3410 a
1514 3370 1653 3412 vero
1678 3353 1907 3410 aberra·

550 3458 575 3489 «
605 3440 729 3493 tum
769 3436 1187 3499 existimamus,
1231 3435 1279 3490 si
1331 3436 1458 3509 quis
1498 3434 1664 3497 dicat,
1692 3435 1903 3501 Eliam,

551 3540 576 3571 «
605 3522 663 3574 et
708 3518 900 3574 Enoch
949 3516 1192 3581 meritis,
1254 3517 1459 3590 gratia,
1509 3521 1568 3573 et
1628 3515 1906 3573 charitate

551 3621 577 3652 (ι
606 3604 925 3670 aequaturos
952 3598 1266 3670 Apostolos,
1294 3613 1355 3653 ac
1384 3612 1550 3670 pares
1594 3596 1715 3652 illis
1746 3596 1907 3653 futu—

554 3703 579 3734 «
610 3696 722 3737 ros.
748 3682 861 3735 Cur
887 3678 1046 3735 enim
1093 3677 1152 3734 id
1194 3677 1571 3735 formidemus
1609 3681 1907 3735 asserere?

551 3783 577 3814 «
609 3759 902 3834 Siquidem
926 3760 1075 3815 nihil
1106 3758 1320 3825 minuS,
1346 3758 1467 3815 imo
1507 3758 1692 3814 multo
1720 3758 1908 3832 majo-

553 3865 578 3895 (ι
612 3858 676 3898 ra
702 3840 797 3897 isti
827 3840 1084 3897 Ecclesiae
1108 3838 1457 3912 praestabunt
1490 3839 1595 3895 illo
1638 3839 1907 3896 omnium

555 3948 579 3978 «
609 3923 1106 3980 turbulentissimo
1132 3927 1410 3995 tempore,
1436 3938 1612 3995 quam
1637 3921 1910 3995 praestite-

555 4029 582 4061 α
614 4006 732 4061 rint
754 4005 1029 4077 Apostoli.
1054 4002 1340 4068 Quoniam
1387 4003 1573 4076 major
1619 4007 1754 4059 tunc
1795 4001 1908 4058 erit

558 4111 582 4139 (ι
614 4087 876 4144 Ecclesiae
921 4085 1243 4149 necessitas,
1275 4089 1332 4140 et
1370 4083 1701 4150 discrimen,
1733 4099 1908 4156 quam

558 4193 584 4223 «
613 4184 868 4241 unquam
923 4173 1076 4224 retro
1121 4166 1328 4223 extitit.
1382 4168 1567 4223 Erunt
1610 4181 1745 4240 ergo
1798 4165 1908 4239 ipsi

557 4272 581 4303 «
613 4264 834 4321 quoque
894 4247 1090 4321 magni
1146 4247 1424 4319 Apostoli,
1474 4245 1910 4320 Apostolicoque

558 4354 583 4385 α
614 4344 855 4387 munere
872 4344 1075 4385 revera
1092 4327 1424 4401 fungentur.
1446 4330 1594 4383 Nam
1614 4342 1745 4383 cum
1774 4331 1911 4383 tunc

555 4433 581 4465 α
614 4410 891 4475 maxima,
924 4415 979 4465 et
1004 4424 1273 4481 suprema
1302 4407 1387 4463 vis
1412 4407 1754 4464 Antichristi
1802 4409 1912 4465 Ec-

558 4514 584 4545 «
612 4490 846 4548 clesiam
866 4491 941 4546 sit
969 4490 1269 4556 infectura,
1295 4504 1407 4561 qua
1433 4488 1620 4561 major
1646 4504 1750 4546 nec
1778 4487 1907 4557 fuit,

557 4594 582 4625 α
616 4588 720 4629 nec
755 4573 899 4638 erit;
937 4588 1079 4645 opus
1105 4569 1352 4636 videtur,
1391 4574 1454 4626 ut
1473 4571 1650 4639 vireS,
1680 4576 1737 4627 et
1763 4586 1913 4644 prae-

557 4676 587 4707 α
617 4652 765 4709 sidia
807 4651 1026 4726 gratiae,
1076 4650 1283 4725 quibus
1328 4651 1690 4708 Christianus
1735 4657 1913 4709 coetus

563 4757 588 4789 a
619 4732 876 4799 ducibus„
923 4735 977 4788 et
1018 4732 1409 4806 antesignanis
1455 4731 1669 4797 Enoch,
1701 4735 1756 4788 et
1784 4733 1914 4790 Elia

560 4838 589 4869 «
618 4829 678 4873 se
694 4812 1035 4870 Antichristi
1050 4813 1255 4877 furori,
1277 4817 1333 4869 et
1347 4812 1713 4886 impressioni
1728 4812 1914 4871 victor

561 4922 590 4953 «
619 4898 883 4970 opponet,
916 4894 1033 4948 sint
1067 4909 1287 4966 quoque
1314 4894 1590 4959 maxima,
1641 4908 1703 4949 ac
1744 4893 1916 4965 plane

561 5001 590 5031 «
621 4975 898 5053 ingentia,
929 4989 1054 5047 quae
1078 4975 1283 5031 saltem
1322 4974 1647 5047 Apostolica
1665 4979 1913 5047 aequent.

554 5056 667 5117 Sed
710 5057 860 5115 circa
886 5057 1002 5114 haec
1028 5055 1162 5114 vide
1185 5056 1473 5114 Authores
1525 5060 1722 5113 nostro
1748 5072 1912 5113 num.

2027 569 2121 635 37,
2149 568 2379 635 relatos,
2406 566 2557 641 apud
2578 582 2719 640 quos
2745 565 2816 623 de
2853 565 2993 622 Eliae
3031 561 3394 639 Apostolatu,

2026 654 2083 706 et
2110 649 2368 740 maxima
2393 649 2693 705 sanctitate
2729 648 2897 721 plura
2925 644 3151 704 erudite
3182 642 3405 701 tradita

2030 745 2304 804 reperies.

2498 893 2783 947 DUBIUM
2823 893 2916 948 vl.

2035 1039 2233 1099 Utrum
2253 1040 2329 1096 ad
2353 1043 2610 1097 meritum
2647 1042 2966 1117 requiratur
2992 1038 3318 1112 acceptatio,
3345 1043 3400 1092 et

2097 1117 2394 1189 promissio
2426 1116 2524 1171 sub
2544 1116 2850 1170 conditione
2875 1116 3052 1187 operis
3071 1111 3387 1176 exercendi,

2105 1208 2220 1267 quse
2238 1197 2466 1263 pactum
2490 1191 2716 1245 dicitur.

2105 1299 2314 1355 Nullus
2349 1298 2573 1356 dubitat
2594 1298 2789 1357 adesse
2827 1298 2899 1356 de
2939 1298 3085 1354 facto
3127 1295 3405 1352 divinam

2032 1379 2485 1451 pr'omissionem
2525 1378 2596 1437 de
2637 1375 3409 1452 remunerandispoperibus

2030 1461 2095 1517 in
2110 1460 2443 1534 obsequium
2468 1462 2566 1519 Dei
2588 1479 2661 1518 ex
2681 1462 2804 1536 ejus
2823 1460 3010 1534 gratia
3032 1458 3221 1524 factis;
3235 1462 3292 1514 et
3315 1457 3405 1513 ita

2031 1541 2304 1600 docemur
2343 1542 2546 1599 Matth.
2599 1544 2665 1598 19
2695 1566 2707 1600 ι
2742 1541 2935 1599 Omnis
2977 1543 3075 1619 qui
3111 1539 3405 1615 reliquerit
3439 1550 3554 1594 m
3631 1563 3632 1572 κ

2032 1626 2366 1693 domum,t·el
2376 1627 2603 1699 fratres,
2632 1633 2730 1682 etc.
2749 1633 2970 1699 propter
2985 1640 3398 1691 mmmmm,
3473 1601 3526 1643 ¹²

2032 1709 2345 1781 centuplum
2379 1713 2628 1782 accipiet,
2658 1717 2709 1764 et
2739 1711 2916 1763 vitam
2961 1716 3219 1763 aeternam
3267 1723 3408 1779 pos-

2032 1790 2244 1847 sidebit.
2279 1794 2615 1864 ApocalypS.
2648 1793 2684 1846 2
2712 1811 2725 1846 ε
2749 1789 2888 1846 Esto
2912 1790 3088 1861 fidelis
3125 1804 3296 1866 usque
3323 1787 3407 1843 ad

2032 1881 2277 1938 mortem,
2296 1880 2345 1928 et
2364 1873 2502 1928 dabo
2518 1873 2886 1928 tibicoronam
2902 1874 3039 1926 virae.
3069 1869 3406 1941 Etinepist.
3499 1897 3504 1902 ·

2032 1952 2246 2020 Jacobi,
2284 1970 2404 2026 cap.
2447 1956 2493 2010 l:
2522 1951 2731 2010 Beatus
2758 1954 2847 2006 vir
2873 1953 2968 2027 qui
2993 1951 3185 2024 suffert
3211 1957 3576 2006 tenta-samu.

2034 2035 2254 2100 tionem,
2287 2035 2550 2113 quoniam
2584 2053 2709 2090 cum
2751 2033 3014 2106 probatus
3038 2033 3209 2104 fiserit
3245 2033 3410 2086 aoei-

2027 2117 2143 2189 piet
2186 2134 2444 2172 coronam
2482 2118 2623 2181 vitm,
2677 2132 2843 2192 quam
2888 2114 3201 2185 repromisit
3256 2112 3410 2168 Deus

2034 2198 2384 2269 ditiyentibus
2409 2216 2480 2254 se.
2514 2199 2611 2252 Est
2628 2202 2821 2253 tamen
2849 2195 3169 2261 difficultas,
3200 2198 3409 2252 utrum

2037 2279 2155 2335 haec
2205 2279 2407 2335 divina
2473 2278 2780 2351 promissio
2833 2276 3143 2334 constituat
3201 2275 3412 2348 aliquo

2038 2360 2208 2418 modo
2239 2362 2520 2418 rationem
2549 2361 2766 2426 meriti,
2799 2361 2892 2416 vel
2939 2358 3010 2415 ad
3039 2357 3186 2415 illud
3216 2360 3411 2431 perti·

2038 2446 2188 2505 neat,
2217 2440 2294 2497 ita
2321 2440 2470 2514 quod
2498 2447 2631 2497 ante
2664 2442 2848 2514 ipsam
2871 2445 3026 2496 actus
3055 2445 3250 2496 noster
3280 2455 3406 2496 non

2039 2522 2397 2597 intelligatur
2418 2524 2697 2597 complete
2721 2521 3076 2579 meritorius,

2112 2605 2223 2661 Pro
2243 2603 2399 2676 cujus
2425 2603 2712 2661 decisione
2740 2609 2892 2666 nota,
2925 2601 3077 2674 quod
3116 2617 3251 2658 cum
3294 2601 3406 2657 dn·

2038 2685 2170 2757 plex
2196 2685 2270 2741 sit
2284 2686 2578 2751 meritum,
2605 2685 2762 2741 aliud
2779 2684 2848 2741 de
2867 2700 3137 2758 congruo,
3157 2689 3213 2739 et
3235 2682 3403 2739 aliud

2037 2766 2108 2824 de
2128 2766 2410 2842 condigno
2431 2769 2751 2840 (utriusque
2773 2769 3058 2825 rationem
3080 2765 3408 2839 explicabi-

2040 2863 2168 2904 mus
2195 2848 2339 2922 disp.
2366 2852 2499 2927 seq.)
2523 2865 2772 2922 praesens
2800 2847 3040 2905 dubium
3070 2863 3185 2905 non
3209 2861 3409 2921 prooe-

2038 2931 2123 2986 dit
2143 2929 2213 2987 de
2235 2933 2442 2990 merito
2467 2932 2537 2989 de
2560 2946 2830 3006 congruo,
2872 2934 2989 2988 Hoc
3012 2930 3173 2987 enim
3194 2945 3405 2987 omnes

2041 3011 2162 3069 fere
2202 3012 2535 3079 admittunt,
2581 3029 2698 3069 non
2730 3012 3022 3084 requirere
3062 3012 3407 3084 promissio-

2040 3108 2205 3161 nem;
2237 3095 2371 3166 quia
2399 3109 2515 3151 non
2545 3099 2663 3149 tam
2685 3093 2922 3165 justitiae
2963 3092 3260 3157 innititur,
3302 3096 3407 3148 aut

2038 3172 2304 3248 dignitati
2327 3175 2535 3248 operis,
2551 3190 2723 3246 quam
2741 3173 2981 3229 bonitati
3013 3173 3401 3245 praemiantis,

2038 3262 2095 3314 et
2123 3258 2391 3314 amicitiae
2414 3256 2484 3313 ad
2529 3273 2684 3323 eum,
2731 3257 2827 3329 qui
2877 3262 3131 3313 meretur
3159 3279 3173 3311 z
3221 3272 3296 3313 ex
3337 3271 3409 3312 eo

2041 3355 2306 3413 namque,
2339 3338 2489 3411 quod
2513 3340 2658 3395 Deus
2688 3339 2870 3395 bonus
2890 3342 2994 3402 est,
3025 3342 3083 3394 et
3109 3339 3410 3411 prosequi-

2038 3425 2134 3476 tur
2156 3421 2337 3493 justos
2359 3435 2556 3476 amore
2584 3419 2871 3482 amicitiae,
2899 3418 3121 3490 ipsique
3151 3434 3251 3492 per
3273 3435 3408 3475 om-

2042 3501 2141 3557 nia
2172 3501 2492 3572 adimplent
2519 3499 2782 3556 divinam
2825 3500 3202 3565 voluntatem,
3235 3499 3408 3558 valde

2039 3583 2321 3659 congruit,
2348 3583 2614 3656 decetque
2641 3583 2954 3640 bonitatem
2984 3582 3269 3648 divinam,
3302 3599 3410 3641 eo·

2042 3684 2174 3724 rum
2199 3667 2350 3723 bona
2371 3682 2563 3738 opera,
2592 3667 2753 3722 nulla
2773 3667 2948 3723 etiam
2977 3666 3122 3722 facta
3152 3668 3409 3738 promis-

2039 3751 2220 3816 sione,
2237 3748 2901 3823 acceptare,reddereque
2924 3749 3043 3804 illis
3069 3750 3404 3822 praemium,

2040 3831 2187 3907 quod
2209 3830 2591 3904 expostulant,
2610 3830 2838 3886 etiamsi
2861 3845 3034 3903 opera
3051 3831 3174 3902 ipsa
3194 3829 3264 3887 ad
3289 3830 3410 3888 tale

2044 3913 2348 3985 praemium
2374 3911 2602 3967 nullum
2624 3909 2781 3967 aliud
2798 3911 2890 3983 jus
2912 3910 3177 3967 habeant.
3203 3912 3411 3968 Proce-

2041 3993 2124 4050 dit
2152 4009 2286 4068 ergo
2314 3990 2553 4047 dubium
2581 3989 2651 4048 de
2689 3992 2896 4047 merito
2921 3989 3215 4065 condigni,
3246 3991 3408 4064 quod

2036 4073 2271 4150 justitiae
2294 4074 2588 4130 innititur.
2615 4075 2728 4128 Nec
2759 4073 2944 4129 solum
2973 4074 3305 4144 quaerimus,
3325 4089 3407 4130 an

2042 4155 2310 4231 operibus
2324 4155 2394 4212 de
2413 4155 2695 4230 condigno
2721 4155 3037 4210 meritoriis
3058 4155 3413 4212 anteceden-

2042 4246 2128 4296 ter
2140 4236 2208 4294 ad
2221 4236 2481 4292 divinam
2497 4236 2937 4309 promissionem
2947 4280 2957 4300 ,
2967 4236 3056 4292 vel
3070 4238 3411 4310 acceptatio—

2045 4337 2179 4379 nem
2203 4320 2342 4376 insit
2378 4318 2664 4376 sufficiens
2713 4320 2893 4381 valor,
2920 4324 2975 4373 et
3004 4317 3274 4392 dignitas,
3303 4336 3410 4377 ra-

2044 4402 2201 4459 tione
2220 4400 2379 4473 cujus
2422 4414 2544 4456 esse
2590 4400 2807 4473 possint
2850 4415 3073 4471 aequum
3123 4401 3403 4472 pretium,

2044 4487 2139 4542 vel
2159 4484 2318 4557 quasi
2349 4482 2599 4554 pretium
2621 4481 2689 4538 ad
2721 4482 3028 4555 praemium
3055 4499 3410 4557 comparan-

2045 4568 2185 4625 dum
2202 4570 2230 4623 ?
2249 4564 2409 4632 Quod
2429 4570 2514 4620 est
2541 4567 2644 4623 illa
2670 4581 2790 4622 esse
2806 4564 3287 4638 aptitudinaliter,
3301 4583 3410 4625 seu

2048 4651 2112 4706 in
2140 4653 2264 4706 actu
2292 4648 2485 4720 primo
2529 4646 2865 4712 meritoria;
2919 4645 3018 4703 sed
3070 4663 3145 4703 an
3190 4646 3415 4722 absque

2047 4728 2315 4806 praedicta
2354 4728 2736 4801 promissione
2757 4726 3005 4784 habeant
3053 4726 3115 4782 in
3156 4734 3285 4786 actu
3311 4748 3417 4788 se-

2046 4811 2253 4878 cundo,
2303 4816 2361 4868 et
2398 4811 2677 4883 complete
2728 4809 3014 4867 rationem
3061 4811 3283 4880 meriti,
3325 4813 3418 4872 ita

2046 4892 2195 4970 quod
2217 4892 2288 4950 de
2309 4893 2471 4960 facto,
2486 4897 2542 4950 et
2562 4891 2625 4948 in
2644 4891 2916 4950 exercitio
2934 4892 3239 4966 praemium
3263 4894 3418 4968 ipsis

2046 4976 2337 5037 debeatur.

3282 5138 3418 5207 51.
