3647 5753
1445 322 1853 378 ARTICULUS
1891 323 1936 378 1.

3039 327 3155 383 667
3190 342 3196 348 ·

1134 654 1836 759 QUAESTIO
1963 655 2353 745 CXIV.

299 932 403 996 De
432 931 711 1006 merim,
733 928 917 1012 quod
943 933 1047 993 est
1064 931 1346 1012 effectus
1368 928 1633 1013 ,qr-ati&
1657 902 2127 1012 cooperaniis,
2153 933 2229 996 in
2256 931 2490 998 decem
2521 933 2857 1000 articulos
2883 936 3147 1003 diuisa.

471 1148 676 1205 Deinde
703 1146 1158 1204 considerandum
1182 1153 1259 1201 est
1281 1145 1345 1199 de
1370 1140 1585 1211 merito,
1619 1144 1763 1218 quod
1779 1151 1860 1201 est
1884 1146 2103 1218 effectus
2125 1150 2319 1218 qratia·
2344 1151 2702 1222 cooperantis.
2733 1150 2810 1207 Et
2830 1154 2979 1208 ct‘rca

1372 1243 1472 1300 hoc
1512 1250 1835 1321 quaeruntur
1878 1244 2074 1302 decem.

86 1452 285 1524 Antinpa-
373 1446 684 1509 AbsolutiS,
715 1461 841 1518 quae
894 1442 964 1500 ad
1010 1444 1256 1518 gratiam
1298 1443 1663 1501 sanctifican-

103 1522 258 1559 '⁰‘⁸¹⁰·
298 1535 438 1594 tem,
469 1534 526 1585 et
566 1526 732 1599 impii
771 1522 1239 1600 justificationem
1285 1531 1559 1597 spectant,
1593 1525 1662 1582 ad

297 1609 702 1686 explicandam
753 1608 945 1666 meriti
998 1613 1268 1664 naturam
1309 1610 1440 1683 jure
1482 1608 1665 1683 pergit

299 1698 367 1753 D.
394 1696 596 1752 Thom.
629 1693 839 1766 quippe
865 1691 1268 1764 disputationis
1301 1690 1443 1749 ordo
1469 1692 1665 1766 exige-

298 1777 416 1845 bat,
441 1783 497 1834 ut
521 1776 875 1850 pertractatis
889 1790 1012 1847 quae
1028 1773 1096 1830 ad
1114 1775 1364 1846 primam
1389 1773 1659 1840 formam,

293 1862 420 1917 sive
459 1856 1281 1928 naturam‘supernaturalem,
1316 1857 1398 1911 uti
1426 1862 1510 1912 est
1528 1872 1665 1931 gra-

292 1942 407 2010 tia,
464 1939 536 1997 ad
595 1940 828 2012 ejusque
894 1936 1158 1994 effectum
1218 1937 1557 2004 formalem,
1611 1943 1665 1995 et

293 2022 615 2097 physicum,
640 2020 828 2093 qualis
849 2024 935 2076 est
957 2017 1311 2091 justificatio,
1340 2019 1660 2090 pertinent;

293 2103 366 2161 ad
392 2102 622 2159 effeetus
662 2100 931 2165 morale-e,
964 2099 1138 2172 etqui
1181 2098 1251 2154 ab
1281 2098 1384 2154 illa
1410 2099 1666 2157 effective

296 2182 646 2257 proveniunt
674 2181 850 2251 (inter
889 2195 1031 2252 quos
1080 2179 1434 2252 praecipuum
1477 2181 1663 2236 locum

295 2264 519 2321 obtinet
564 2263 861 2331 meritum)
901 2259 1142 2334 gradum
1186 2260 1417 2316 faceret.
1449 2261 1665 2317 Dividit

302 2350 494 2401 autem
542 2342 689 2399 hanc
725 2341 1095 2413 quaestionem
1124 2341 1431 2415 Angelicus
1468 2343 1664 2398 Doctor

302 2428 368 2482 in
394 2426 587 2481 decem
617 2425 904 2497 articulos,
930 2429 987 2480 et
1007 2422 1134 2479 ideo
1154 2439 1259 2479 nos
1278 2439 1378 2480 sex
1406 2423 1665 2496 disputa-

299 2506 557 2564 tionibus
585 2513 759 2562 totam
784 2506 930 2561 hane
952 2505 1252 2560 materiam
1281 2505 1662 2577 complecten-

298 2587 454 2645 tibus
482 2587 863 2645 absolvemuS.
905 2642 916 2647 ,

786 2755 1100 2799 ARTICULUS
1130 2755 1166 2797 1.

482 2870 626 2915 Utrum
652 2867 769 2912 homo
791 2870 929 2923 possit
954 2867 1119 2922 aliquid
1141 2866 1301 2910 mereri
1324 2876 1351 2909 a
1376 2867 1479 2910 Deo.

341 3014 410 3059 Ad
437 3014 611 3066 primum
632 3011 694 3055 sic
714 3009 965 3064 proceditur.
986 3009 1164 3055 Videtur
1182 3010 1292 3062 quod
1325 3010 1447 3054 bomo
1466 3019 1547 3052 non
1575 3019 1665 3062 pos-

288 3070 350 3114 sit
377 3070 538 3124 aliquid
558 3068 748 3114 mereria
780 3069 884 3113 Deo.
916 3066 1067 3109 Nullus
1094 3068 1207 3110 enim
1239 3066 1404 3110 videtur
1434 3065 1665 3110 mercedem

292 3128 445 3172 mereri
467 3139 519 3172 ex
537 3127 629 3178 boe,
652 3124 761 3179 quod
783 3121 922 3166 reddit
939 3124 1060 3169 alteri
1082 3124 1191 3178 quod
1212 3122 1336 3167 debet
1362 3140 1371 3165 ε
1396 3121 1564 3174 sed'per
1583 3132 1664 3165 om·

291 3184 362 3229 uia
398 3186 519 3234 bona,
552 3195 642 3237 quae
674 3181 860 3231 sacimuS,
882 3190 962 3223 non
995 3191 1209 3244 possumus
1240 3179 1490 3223 sufficienter
1511 3190 1664 3223 recom-
1741 3205 1749 3214 ·

287 3249 466 3293 pensare
486 3241 576 3282 Deo
588 3237 698 3290 quod
713 3236 926 3285 debemus,
943 3247 1042 3289 quin
1057 3246 1220 3288 semper
1236 3235 1414 3287 amplius
1427 3234 1664 3286 debeamus,

289 3301 337 3341 ut
354 3296 480 3339 etiam
497 3293 722 3347 Philosopb
759 3293 860 3336 dicit
882 3292 923 3334 in
941 3295 967 3334 Β
985 3293 1167 3337 Etbicor.
1190 3291 1299 3335 unde
1317 3296 1361 3335 et
1381 3293 1505 3333 Lucas
1527 3293 1586 3342 17,
1601 3290 1666 3333 di·

289 3353 400 3397 eitur
422 3371 432 3395 ε
467 3356 569 3396 Cum
601 3352 738 3395 omnia
771 3361 862 3404 qua:
891 3355 1092 3403 praecepta
1122 3353 1219 3394 sunt
1256 3348 1457 3398 feceritis,
1497 3347 1624 3391 dicite
1653 3367 1663 3391 =

290 3410 413 3453 Servi
437 3410 607 3452 inutiles
625 3417 778 3457 sumus,
800 3406 910 3458 ‹Juod
941 3406 1137 3449 debemus
1156 3406 1307 3457 tacere,
1341 3405 1527 3448 [ecimus.
1555 3406 1666 3457 Ergo

293 3464 419 3508 hemo
437 3473 519 3505 non
534 3467 666 3515 potest
683 3460 843 3515 aliquid
864 3461 1013 3504 mereri
1027 3471 1049 3502 a
1070 3463 1177 3504 Deo.

348 3523 558 3564 Prii-terea
583 3538 593 3562 :
613 3522 676 3562 Ex
703 3529 770 3566 eo,
792 3516 1068 3572 quod-aliquis
1086 3517 1167 3561 sibi
1187 3516 1360 3572 prolicit.
1376 3516 1480 3559 nihil
1504 3516 1667 3560 videtur

298 3575 451 3622 mereri
485 3574 592 3627 apud
623 3584 731 3626 eum.
765 3575 832 3617 cui
863 3573 966 3618 nibil
989 3575 1182 3626 prolicit:
1210 3573 1285 3618 sed
1311 3573 1433 3616 honio
1451 3573 1557 3616 bene
1573 3582 1667 3623 ope·

299 3633 432 3679 rande
450 3631 530 3674 sibi
552 3631 729 3684 prolicit,
750 3631 813 3674 vel
833 3630 954 3674 alteri
973 3630 1145 3679 homini,
1166 3641 1247 3674 nou
1264 3637 1405 3683 autem,
1426 3630 1529 3672 Deo,
1550 3627 1667 3671 Diei·

297 3699 365 3738 tur
379 3690 494 3737 euim
511 3690 596 3734 Job
613 3691 688 3733 35:
709 3689 752 3732 Si
772 3690 882 3741 juste
902 3688 1054 3741 egeriS,
1074 3688 1173 3742 quid
1201 3688 1379 3733 donabis
1405 3688 1461 3736 ei,
1480 3693 1548 3731 aut
1567 3686 1664 3740 quid

296 3752 351 3796 (le
370 3761 493 3794 manu
513 3754 578 3792 tua
597 3747 804 3800 accipiet?
825 3751 936 3802 Ergo
954 3747 1073 3791 homo
1091 3758 1171 3791 non
1192 3754 1328 3801 potest
1351 3745 1512 3801 aliquid
1534 3756 1558 3788 a
1577 3747 1667 3788 Deo

296 3817 465 3852 mereri.

346 3865 555 3906 Fra-'crea
592 3879 603 3904 ι
644 3857 898 3912 Quicumque
932 3859 1039 3912 apud
1069 3859 1248 3912 aliquem
1283 3858 1441 3912 aliquid
1471 3862 1663 3911 meretur.

293 3920 509 3964 constituit
528 3929 620 3963 eum
639 3915 722 3959 sibi
747 3916 974 3961 debitorem
992 3934 1002 3968 ;
1023 3916 1206 3960 debitum
1226 3917 1338 3960 enim
1356 3921 1435 3966 est,
1455 3921 1499 3960 ut
1515 3915 1667 3968 aliquis

295 3978 471 4020 merenti
504 3973 736 4018 mercedem
763 3973 966 4024 rependat
994 3990 1004 4015 ε
1039 3972 1114 4016 sed
1142 3973 1255 4015 Deus
1283 3972 1386 4016 nulli
1404 3978 1468 4015 est
1486 3971 1665 4022 debitor,

295 4036 407 4080 uude
421 4035 578 4078 dicitur
590 4034 710 4074 Rom.
732 4033 790 4073 10:
811 4030 914 4082 Quis
929 4031 1039 4083 prior
1053 4031 1170 4076 dedit
1188 4030 1245 4080 ei,
1263 4036 1306 4074 et
1320 4029 1573 4075 retribuetur
1589 4028 1629 4073 ei
1644 4032 1665 4073 Ρ

295 4095 410 4147 Ergo
430 4092 571 4135 nullus
588 4101 612 4133 a
632 4092 723 4133 Deo
739 4093 872 4142 potest
892 4088 1050 4142 aliquid
1071 4087 1234 4132 mereri.

345 4149 432 4194 Sed
452 4153 594 4192 contra
613 4151 678 4190 est
696 4145 805 4200 quod
825 4146 978 4190 dieitur
1007 4147 1149 4189 Jerem
1178 4149 1226 4187 31
1245 4163 1254 4187 ε
1284 4146 1358 4187 Est
1376 4151 1534 4187 merces
1550 4141 1666 4196 operi

294 4211 369 4250 tuo
388 4225 400 4248 e
434 4204 510 4248 sed
532 4213 689 4247 merces
717 4201 869 4245 dicitur
899 4202 1011 4256 quod
1038 4212 1112 4255 pro
1131 4202 1279 4245 merito
1309 4198 1500 4244 redditur
1530 4218 1541 4243 :
1567 4209 1667 4252 crgo

294 4265 465 4308 videtur
483 4262 594 4316 quod
614 4261 733 4303 homo
750 4261 880 4313 possit
894 4271 918 4303 a
946 4262 1035 4303 Deo
1055 4260 1219 4303 mereri.

348 4319 603 4372 Respondeo
631 4316 866 4368 dicendum,
887 4316 995 4370 quod
1018 4316 1222 4364 meritum,
1244 4318 1287 4358 et
1304 4322 1461 4357 merces
1476 4312 1529 4356 ad
1556 4313 1668 4357 idem

293 4375 549 4421 referuntur.
571 4375 620 4417 1d
639 4374 751 4417 enim
772 4383 929 4416 merces
953 4371 1119 4420 dicitur,
1139 4370 1247 4424 quod
1277 4369 1402 4413 alicui
1435 4379 1668 4422 recompen-

293 4440 417 4479 satur
444 4443 518 4486 pro
550 4432 826 4478 retributione
856 4430 1009 4483 operis,
1029 4430 1094 4473 vel
1126 4429 1297 4480 laboris,
1318 4428 1434 4482 quasi
1461 4428 1668 4482 quoddam

296 4493 481 4547 pretium
516 4491 646 4545 ipsius
670 4510 679 4533 ε
707 4490 817 4534 unde
843 4488 950 4532 sicut
964 4487 1141 4531 reddere
1164 4486 1319 4538 justum
1340 4486 1512 4540 pretium
1531 4496 1605 4539 pro
1625 4495 1668 4529 re

293 4556 471 4602 accepta
488 4550 542 4592 ab
560 4548 714 4601 aliquo,
733 4552 797 4590 est
809 4545 1132 4598 actusjustitiae;
1153 4544 1210 4586 ita
1222 4543 1346 4587 etiam
1361 4551 1670 4596 recompensare

297 4607 540 4653 mercedem
568 4604 722 4658 operis.
752 4603 817 4648 vel
853 4603 1023 4652 laboriS,
1052 4606 1118 4645 est
1150 4605 1264 4644 actus
1289 4599 1479 4652 justittae.
1497 4600 1669 4643 Justitia

294 4669 440 4710 autem
460 4662 676 4716 aequalitas
693 4661 879 4714 quaedam
897 4665 977 4709 est,
996 4664 1040 4702 ut
1059 4663 1169 4711 patet
1186 4666 1260 4710 per
1277 4657 1568 4709 Philosophum
1590 4655 1672 4698 in5

297 4721 494 4767 Etbicor.
525 4724 569 4763 et
588 4719 684 4762 ideo
712 4716 958 4771 simpliciter
988 4713 1233 4766 aetjustitia
1254 4712 1364 4756 inter
1389 4723 1476 4762 eos.
1496 4721 1672 4776 quorum

292 4784 372 4826 oet
384 4776 636 4830 simplic-iter
654 4775 870 4829 a=qualitas
885 4793 896 4819 ε
914 4784 1057 4818 eorum
1077 4781 1188 4822 vero,
1238 4780 1379 4813 uorum
1398 4779 1480 4812 nou
1497 4774 1673 4832 est-stm-

295 4835 474 4892 pliciter
504 4832 735 4884 aequalitas,
756 4843 837 4875 non
867 4836 930 4873 est
949 4827 1194 4882 simpliciter
1209 4781 1396 4878 (iustitia,
1415 4825 1489 4869 sed
1507 4824 1675 4878 quidam

289 4892 484 4950 justitia:
501 4891 649 4934 modus
668 4895 800 4943 potest
819 4899 927 4940 esse,
945 4890 1053 4932 sieut
1070 4887 1224 4930 dicitur
1241 4882 1447 4939 quoddam
1462 4882 1532 4935 jus
1546 4887 1676 4945 patet·⁶

293 4962 422 5001 num,
439 4949 532 4993 sive
562 4947 877 4996 dominativum,
897 4950 941 4988 ut
967 4944 1011 4987 iu
1026 4943 1174 4988 codem
1194 4942 1303 4987 libro
1322 4939 1597 4992 Philosophus
1616 4937 1679 4981 dt·

1794 1449 1855 1494 cit
1871 1470 1880 1494 ι
1899 1456 1945 1517 ⁰¹.
1961 1438 2222 1507 propter‘hoe
2242 1452 2284 1497 iu
2302 1453 2381 1504 his,
2403 1454 2445 1497 iu
2465 1453 2614 1509 quibus
2630 1460 2695 1498 est
2711 1454 2957 1508 simpliciter
2981 1454 3158 1509 justum.

1793 1512 1861 1551 est
1889 1514 2015 1553 etiam
2043 1509 2291 1564 simpliciter
2310 1512 2416 1554 ratio
2441 1510 2594 1563 meriti,
2611 1516 2654 1555 et
2684 1512 2909 1563 mercedis;
2947 1515 2987 1556 in
3006 1513 3157 1565 quibus

1794 1566 1938 1607 autem
1955 1570 2018 1608 est
2037 1567 2263 1610 secundum
2281 1567 2381 1620 quid
2396 1566 2568 1619 justum.
2591 1572 2633 1611 et
2652 1578 2733 1611 non
2750 1567 3009 1621 simpliciter.
3030 1568 3072 1612 in
3092 1570 3159 1617 bis

1794 1627 1920 1685 ettam
1940 1631 2022 1664 non
2039 1626 2104 1666 est
2120 1621 2366 1676 simpliciter
2384 1623 2491 1666 ratio
2520 1622 2673 1675 meriti,
2692 1625 2769 1669 sed
2796 1626 3018 1670 secundum
3038 1628 3154 1681 quid,

1796 1686 1840 1719 tn
1859 1683 2055 1729 quantum
2078 1678 2329 1723 salvaturibi
2341 1679 2516 1732 justitiae
2533 1679 2653 1727 ratio.
2670 1680 2740 1723 Sic
2757 1681 2868 1724 enim
2887 1688 2929 1726 et
2948 1682 3158 1728 illiusmo-

1795 1738 1910 1776 retur
1937 1733 2097 1785 aliquid
2117 1746 2142 1777 a
2173 1740 2302 1787 patre.
2323 1743 2366 1779 et
2395 1746 2541 1780 servus
2557 1746 2579 1777 a
2598 1737 2790 1780 Domino.
2812 1738 3160 1785 manifestantem

1795 1795 1955 1853 autem,
1973 1789 2082 1852 quod
2102 1791 2211 1834 inter
2228 1793 2376 1843 Deum,
2402 1796 2444 1835 et
2462 1791 2669 1835 hominem
2685 1799 2750 1835 est
2773 1793 2946 1838 maxima
2980 1797 3160 1850 inaequa-

1797 1844 1895 1888 litas
1924 1854 1985 1895 (m
2006 1844 2211 1890 inlinitum
2240 1847 2351 1890 enim
2372 1847 2545 1896 distant)
2574 1865 2584 1890 ε
2617 1852 2743 1891 totum
2761 1850 2869 1902 quod
2898 1856 2961 1894 est
2980 1852 3159 1897 hominis

1795 1900 1964 1951 bonum,
1982 1907 2047 1945 est
2061 1913 2084 1944 a
2103 1904 2210 1953 Deo,
2230 1904 2339 1948 unde
2356 1914 2438 1946 non
2457 1909 2590 1957 potest
2609 1904 2788 1948 bominis
2803 1916 2826 1949 3
2859 1908 2944 1950 Deo
2964 1916 3057 1952 esse
3072 1908 3159 1961 jus·

1797 1959 1889 2003 titia
1906 1960 2128 2003 secundum
2157 1960 2385 2005 absolutam
2413 1961 2701 2014 aequalitatem.
2719 1962 2794 2005 sed
2825 1964 3047 2010 secundum
3068 1977 3159 2020 pro·

1794 2016 2026 2069 portionem
2056 2016 2275 2071 quandam,
2309 2017 2351 2061 iu
2381 2023 2573 2070 quantum
2600 2018 2950 2072 scilicctuterqne
2968 2029 3159 2074 operatur

1794 2073 2021 2116 secundum
2041 2072 2207 2118 modum
2224 2086 2355 2119 suum.
2376 2076 2526 2120 Medus
2541 2081 2691 2125 autem,
2705 2082 2747 2119 et
2767 2086 2954 2121 mensura
2974 2079 3159 2125 bumanae

1796 2129 1966 2173 virtutis
1985 2128 2141 2173 bomini
2168 2136 2233 2174 cst
2250 2143 2272 2175 a
2295 2134 2412 2183 Deo;
2447 2139 2489 2175 et
2515 2132 2612 2177 ideo
2631 2133 2817 2176 meritum
2849 2134 3026 2177 hominis
3051 2136 3160 2190 apud

1795 2188 1928 2230 Deum
1947 2197 2041 2231 esse
2060 2198 2141 2230 uon
2160 2194 2293 2241 potest
2313 2190 2391 2233 nisi
2412 2190 2635 2233 seeundum
2664 2190 3070 2242 pra-suppositionem
3099 2193 3161 2236 di·

1795 2244 1907 2289 vinae
1936 2244 2238 2297 ordinationis;
2273 2247 2329 2289 ita
2356 2246 2532 2298 scilieet,
2555 2254 2595 2291 ut
2629 2248 2670 2289 id
2702 2247 2820 2291 hoino
2849 2257 3161 2303 consequatura

1796 2303 1888 2364 Deo
1901 2311 1977 2364 per
1995 2311 2108 2344 suam
2127 2301 2424 2355 operationem,
2442 2303 2557 2357 quasi
2577 2304 2839 2354 mercedem?
2841 2304 2895 2347 ad
2920 2306 3029 2358 quod
3048 2308 3162 2351 Deus

1795 2366 1837 2400 et
1871 2363 2065 2400 virtutem
2097 2358 2295 2409 operandi
2326 2359 2567 2413 deputavit:
2597 2359 2703 2402 sicut
2722 2362 2847 2403 etiam
2868 2370 2935 2403 res
2954 2364 3164 2407 naturales

1797 2412 1876 2455 boc
1909 2418 2214 2466 consequuntur
2241 2425 2314 2466 per
2346 2414 2533 2467 proprios
2563 2420 2714 2461 motus,
2742 2419 2785 2458 ct
2813 2422 3086 2468 operationes,
3105 2418 3159 2462 ad

1797 2470 1906 2521 quod
1923 2482 1946 2514 3
1965 2472 2056 2513 Deo
2074 2477 2168 2513 sunt
2185 2471 2414 2520 ordin'atae;
2434 2472 2676 2517 differuntur
2692 2478 2843 2522 tamen,
2858 2474 2951 2525 quia
2977 2480 3162 2521 creatura

1797 2525 2015 2569 rationalis
2027 2527 2202 2580 seipsam
2218 2532 2352 2571 movet
2365 2527 2417 2570 ad
2429 2529 2630 2580 agendum
2646 2540 2717 2582 per
2731 2528 2906 2573 liberum
2920 2532 3162 2576 arbitrium:

1796 2583 1907 2627 unde
1924 2594 1997 2682 5313
2013 2583 2124 2627 actio
2142 2584 2265 2628 habet
2286 2584 2486 2629 rationem
2515 2585 2670 2636 meriti,
2696 2586 2804 2639 qnod
2824 2597 2905 2630 nou
2922 2593 2983 2630 est
3004 2588 3046 2630 in
3064 2588 3163 2632 aliis

1795 2646 1961 2685 creatur
1980 2650 2013 2683 5.

1846 2697 1912 2740 Ad
1940 2695 2113 2749 primum
2141 2705 2240 2750 ergo
2268 2697 2504 2747 dicendum,
2532 2697 2642 2750 quod
2660 2697 2781 2742 bomo
2799 2700 2840 2742 in
2861 2704 3054 2753 quantum
3073 2710 3157 2753 pro-

1797 2754 1884 2807 pria
1917 2752 2126 2797 voluntate
2156 2753 2254 2798 facit
2287 2752 2389 2798 illud
2421 2755 2528 2807 quod
2558 2754 2695 2803 debet,
2726 2761 2939 2807 merctur;
2976 2756 3161 2808 alioquin

1795 2819 1912 2878 actus
1937 2809 2127 2863 justitiae,
2148 2823 2229 2866 quo
2256 2812 2350 2867 quis
2380 2810 2520 2855 reddit
2539 2812 2737 2865 debitum,
2760 2824 2840 2857 uon
2868 2819 2980 2859 esset
2999 2815 3165 2860 merito-

1796 2880 1896 2914 rius

1848 2924 1913 2969 Ad
1932 2923 2156 2968 secundum
2175 2924 2413 2978 dicendum,
2432 2924 2540 2977 quod
2559 2928 2674 2969 Deus
2699 2936 2750 2970 ex
2770 2925 2893 2970 bonis
2910 2929 3062 2972 nostris
3081 2940 3162 2974 non

1796 2982 1946 3034 quaerit
1972 2980 2206 3030 utilitatem,
2227 2982 2302 3024 sed
2319 2981 2509 3033 gloriam,
2530 2982 2572 3024 id
2598 2987 2663 3025 est
2682 2982 3055 3028 manifestationem
3078 2996 3166 3029 5333

1797 3037 2012 3088 bonitatis.
2036 3037 2145 3090 quod
2164 3038 2289 3080 etiam
2307 3048 2359 3081 ex
2377 3041 2464 3081 suis
2483 3038 2677 3090 operibus
2709 3039 2871 3093 quaerit.
2902 3042 2964 3082 Ex
2994 3044 3068 3084 boe
3095 3053 3167 3085 au·

1797 3100 1895 3144 tem,
1926 3093 2035 3147 quod
2064 3103 2158 3137 eum
2191 3093 2379 3144 colimus,
2414 3094 2517 3137 nihil
2548 3094 2587 3138 ei
2620 3097 2837 3144 accrescit,
2857 3096 2929 3138 sed
2960 3098 3104 3148 nobis3
3124 3102 3169 3142 et
3238 3137 3245 3144 .

1797 3151 1894 3194 ideo
1915 3160 2115 3193 meremur
2132 3149 2292 3202 aliquid
2310 3161 2333 3192 a
2352 3152 2456 3200 Deo,
2476 3160 2559 3193 nou
2577 3152 2692 3204 quasi
2721 3162 2773 3195 ex
2800 3154 2954 3195 nostris
2972 3153 3168 3206 operibus

1796 3205 1958 3261 aliquid
1985 3206 2026 3250 ei
2057 3211 2278 3257 accrescat,
2309 3206 2384 3249 sed
2420 3205 2461 3248 in
2489 3213 2681 3260 quantum
2700 3214 2866 3262 propter
2880 3208 2974 3262 ejus
2988 3210 3167 3263 gloriam

1797 3275 2027 3318 operamur.

1846 3322 1912 3364 Ad
1933 3322 2096 3366 tertium
2121 3321 2357 3371 dicendum,
2375 3319 2484 3374 quod
2514 3321 2609 3374 quia
2627 3323 2737 3365 aetio
2768 3329 2903 3367 nostra
2924 3335 3006 3368 non
3036 3324 3161 3369 habet

1797 3378 2000 3421 rationem
2030 3375 2164 3420 meriti
2195 3376 2275 3419 nisi
2305 3387 2358 3420 ex
2376 3376 2743 3428 pra—suppositione
2761 3378 2915 3422 divinae
2934 3378 3161 3423 ordinatio·

1798 3432 1881 3484 nis,
1912 3443 1994 3475 non
2022 3432 2205 3486 sequitur
2235 3432 2344 3485 quod
2374 3434 2487 3475 Deus
2504 3434 2702 3477 efficiatur
2719 3433 2964 3488 simpliciter
2995 3436 3160 3479 debitor

1798 3488 1934 3541 nobis,
1953 3490 2028 3590 {cd
2046 3489 2129 3532 sibi
2150 3488 2244 3541 ipsi,
2268 3488 2310 3531 in
2327 3493 2521 3541 quantum
2541 3489 2724 3534 debitum
2741 3497 2820 3542 est,
2841 3497 2882 3535 ut
2900 3502 2971 3534 sua
2990 3492 3162 3535 ordina-

1798 3545 1859 3590 tio
1874 3544 1955 3598 imp
1973 3550 2104 3589 eatur.

1875 3687 2166 3745 Conclusio
2219 3705 2237 3739 :
2291 3688 2479 3744 Potest
2526 3687 2697 3743 homo
2744 3689 2956 3745 mereri
3008 3689 3162 3763 apud

1801 3772 2002 3834 Deum,
2050 3783 2165 3823 non
2204 3767 2517 3824 secundum
2561 3767 2879 3825 absolutam
2920 3771 3165 3845 justiliae

1801 3850 2204 3922 aequalitatem,
2256 3848 2354 3905 sed
2405 3848 2718 3906 seeundum
2772 3853 3166 3925 praesupposi-

1800 3932 2015 3989 tionem
2037 3928 2253 3985 divinae
2280 3929 2689 3989 ordinationis:

1875 4099 2036 4155 Circa
2080 4098 2504 4156 conclusionem
2565 4097 2711 4153 hane
2750 4105 2885 4156 nota
2930 4100 2999 4157 de
3043 4101 3158 4160 fide
3194 4141 3319 4185 uota.

1798 4197 1940 4242 esse.
1967 4181 2229 4237 homines
2273 4180 2589 4252 praesertim
2611 4179 2943 4253 justificatos
2990 4183 3156 4241 bonis

1798 4264 1919 4319 suis
1962 4260 2232 4334 operibus
2272 4261 2483 4317 mereri
2551 4261 2858 4333 praemium
2923 4265 3156 4337 aliquod

1800 4343 1950 4417 apud
1982 4346 2179 4399 Deum.
2214 4341 2274 4396 ld
2301 4342 2460 4398 enim
2488 4358 2639 4414 saepe
2667 4346 2943 4401 asseritur
2968 4347 3032 4403 in
3058 4364 3153 4404 sa-

1799 4443 1897 4483 era
1916 4425 2226 4496 Scriptura,
2254 4421 2390 4479 nam
2416 4424 2788 4480 Ecclesiastiei
2819 4428 2881 4481 16
2904 4426 3115 4485 dicitur
3141 4451 3158 4488 ε

1803 4508 1999 4564 Omnis
2025 4505 2401 4562 misericordia
2450 4507 2618 4577 faciet
2660 4508 2836 4562 locum
2863 4513 3160 4586 unicuique

1800 4588 2099 4645 secundum
2140 4588 2394 4643 meritum
2432 4604 2653 4659 operum
2701 4605 2940 4647 suorum.
2975 4593 3043 4645 Et
3089 4590 3161 4648 ad

1805 4670 2076 4727 Hebraeos
2112 4672 2175 4725 13
2211 4691 2224 4726 ε
2254 4669 2637 4742 Beneficentiae,
2668 4678 2717 4725 et
2763 4675 3163 4730 communionis

1803 4754 1969 4810 nolite
1988 4752 2235 4808 oblivisci
2248 4771 2268 4820 ‚·
2287 4753 2491 4809 talibus
2516 4756 2662 4810 enim
2682 4754 2874 4810 hostiis
2886 4773 3172 4828 promere-

1806 4843 1898 4891 tur
1926 4837 2087 4890 Deus.
2144 4835 2293 4892 ltem'
2338 4836 2589 4893 Hierem.
2624 4837 2904 4903 31,.Matt.
2942 4841 3055 4894 5et
3094 4840 3168 4895 20

1808 4917 1927 4974 vita
1944 4921 2159 4973 aeterna
2186 4922 2548 4990 nuncupatur
2574 4935 2790 4990 mercae,
2823 4935 2996 4993 quam
3017 4922 3167 4977 Deus
