3647 5753
272 753 401 804 Vasa.

458 420 530 476 ¹4
1486 433 1578 487 DE
1617 431 1890 488 GRA'rrA
1928 426 2269 483 EFFICACI.

458 599 819 690 voluntatem
848 605 1002 661 velut
1030 606 1092 662 in
1119 624 1347 665 causam
1374 626 1435 666 se
1454 611 1574 667 sola
1601 610 1815 666 imme-

455 677 610 737 diate
652 683 1041 744 sufficientem.
1092 690 1251 754 Quod
1297 708 1562 764 expresse
1620 690 1814 747 docuit

454 759 708 853 Vasquez
742 766 761 819 1
800 774 952 838 part.
992 769 1135 841 disp.
1187 771 1319 839 100,
1367 791 1489 846 cap.
1521 773 1588 837 3,
1620 775 1652 841 g
1697 770 1814 828 Aut

454 841 702 919 dentque,
730 844 826 901 ubi
848 847 959 904 ait:
991 871 1016 901 α
1040 851 1325 922 Superest,
1353 858 1414 908 ut
1436 852 1671 910 libertas
1690 851 1807 919 Dei,

460 946 487 975 «
527 939 640 995 qua
679 926 975 984 nobiscum
1025 929 1204 988 libere
1249 939 1604 1006 cooperatur,
1661 933 1812 989 nihil

459 1025 487 1055 «
528 1006 772 1078 omnino
816 1009 1089 1075 conferat,
1122 1018 1185 1067 ut
1209 1015 1464 1086 operatio
1504 1019 1700 1071 nostra
1735 1013 1812 1068 li-

458 1106 486 1136 «
530 1084 666 1143 bera
679 1087 765 1176 *sit
793 1109 805 1142 ε
832 1088 931 1145 sed
955 1096 1064 1146 tota
1091 1093 1237 1150 ratio
1260 1092 1447 1159 liberi,
1474 1111 1599 1168 quae
1621 1095 1683 1150 in
1710 1092 1814 1150 de-

458 1186 488 1217 «
533 1169 930 1225 nominatione
949 1171 1268 1229 extrinseca
1291 1174 1474 1245 posita
1500 1181 1603 1238 est,
1632 1191 1664 1231 a
1688 1190 1815 1230 nos-

462 1268 490 1297 «
531 1252 621 1302 tra
649 1250 942 1306 voluntate
984 1253 1171 1308 solum
1201 1255 1463 1326 pendeat.
1498 1255 1666 1313 Unde
1690 1258 1814 1312 sive

462 1348 491 1378 «
531 1329 679 1383 Deus
724 1328 932 1399 libere,
983 1332 1106 1389 sive
1152 1338 1473 1394 necessario
1520 1341 1807 1410 operetur,

461 1428 489 1459 «
531 1406 730 1498 eodem
777 1410 944 1468 modo
990 1414 1135 1471 actio
1178 1422 1371 1473 nostra
1412 1417 1598 1474 libera
1642 1422 1807 1473 esset.

463 1509 490 1539 α
533 1489 732 1544 Prima
758 1490 947 1563 igitur,
979 1497 1034 1548 et
1058 1495 1179 1552 sola
1209 1497 1357 1553 ratio
1387 1497 1672 1554 libertatis
1718 1512 1814 1552 ac-

460 1588 488 1619 «
531 1574 620 1622 tus
666 1571 845 1626 nostri
873 1576 957 1627 est
996 1580 1180 1631 creata
1229 1576 1514 1635 voluntas.
1564 1598 1589 1628 >2
1643 1576 1813 1648 Atqui

455 1650 708 1706 rationes
752 1667 1076 1720 consensuS,
1108 1662 1164 1712 et
1190 1657 1478 1715 dissensus
1524 1659 1815 1732 pertinent

454 1731 526 1821 ad
553 1738 741 1787 actum
772 1731 1041 1802 liberum,
1075 1743 1134 1792 ut
1180 1739 1428 1797 liberum
1463 1764 1475 1798 ε
1505 1757 1640 1815 ergo
1665 1739 1813 1813 quod

454 1812 559 1867 111a
586 1812 730 1868 actio
773 1814 848 1868 sit
894 1817 1078 1887 potius
1124 1835 1450 1889 consensuS,
1483 1837 1655 1894 quam
1690 1820 1813 1876 dis-

453 1910 673 1960 sensuS,
706 1898 904 1969 nequit
918 1900 1080 1972 juxta
1101 1901 1580 1959 Adversariorum
1609 1901 1814 1959 doctri-

457 1991 594 2030 nam
627 1978 881 2067 revocari
905 1995 1008 2036 nec
1034 1982 1096 2036 in
1119 1984 1318 2059 Deum,
1341 1984 1521 2039 necin
1541 1984 1807 2057 gratiam,

456 2061 728 2128 tanquam
751 2074 811 2112 in
842 2062 1136 2134 propriam
1163 2081 1393 2121 causam
1411 2089 1424 2131 ;
1454 2064 1551 2122 sed
1579 2066 1641 2120 in
1665 2064 1813 2121 libe-

456 2153 590 2228 rum
618 2136 923 2196 arbitrium
965 2141 1135 2220 ‚debet
1182 2144 1389 2201 reduci.
1423 2147 1569 2201 Tum
1611 2146 1806 2211 etiam,

452 2234 589 2292 quia
616 2221 777 2278 nulla
796 2224 980 2296 gratia
1008 2226 1331 2300 assignatur
1352 2226 1423 2283 ab
1450 2226 1813 2284 Adversariis

453 2315 580 2372 quas
622 2301 698 2355 sit
744 2305 975 2375 propria
1021 2321 1189 2362 causa
1234 2323 1543 2363 consensus
1591 2308 1806 2379 potius,

451 2396 628 2470 quam
673 2381 989 2452 dissensus;
1041 2403 1175 2442 nam
1221 2389 1408 2462 gratia
1455 2390 1813 2461 praeveniens

452 2459 756 2527 sufficienS,
805 2480 975 2535 quam
1005 2464 1336 2532 admittunt,
1377 2483 1493 2523 non
1533 2467 1812 2525 determi-

454 2542 556 2593 nat
600 2539 951 2599 voluntatem
1000 2542 1070 2599 ad
1115 2558 1484 2612 consensum,
1536 2547 1631 2603 sed
1683 2564 1811 2604 eam

454 2633 686 2689 prorsus
751 2619 1175 2680 indifferentem
1244 2625 1560 2697 relinquit;
1627 2628 1812 2700 gratia

451 2714 593 2754 vero
618 2702 1023 2769 concomitans,
1068 2721 1166 2761 seu
1198 2721 1505 2762 concursus
1543 2708 1812 2765 simulta-

453 2793 596 2869 neus
638 2787 722 2836 est
766 2781 886 2854 ipse
929 2799 1254 2853 consensus,
1288 2786 1358 2844 de
1401 2804 1513 2861 quo
1561 2788 1811 2861 procedit

450 2857 750 2917 difficultas
778 2880 946 2938 :ergo
974 2863 1125 2922 idem
1151 2867 1300 2939 quod
1332 2870 1508 2942 prius,

256 2950 427 3053 ἰυᾶἕὲὲιξ
527 2941 618 2996 23.
646 2940 1032 3001 confirmatur
1055 2946 1369 3005 refellendo
1389 2949 1565 3005 simul
1597 2955 1811 3006 utram-

262 3057 393 3093 mut).

453 3035 563 3093 que
587 3024 1036 3093 responsionem,
1056 3034 1113 3084 et
1141 3028 1417 3087 trahendo
1433 3029 1516 3085 Ad
1526 3031 1809 3088 versarios

451 3100 524 3158 ad
548 3118 762 3160 novum
785 3107 1199 3166 inconveniens
1227 3135 1241 3178 ;
1273 3128 1408 3168 nam
1439 3111 1638 3168 demus
1663 3113 1801 3181 illis,

450 3183 600 3257 quod
638 3202 962 3256 consensuS,
997 3197 1058 3247 ut
1098 3191 1374 3250 discernit
1404 3210 1583 3249 unum
1614 3195 1807 3253 homi-

451 3283 585 3323 nem
615 3269 685 3324 ab
706 3270 838 3336 alio,
869 3272 944 3327 sit
969 3272 1196 3329 effectus
1215 3278 1414 3350 gratiae
1443 3277 1807 3348 praevenien-

449 3352 552 3418 tis;
585 3355 675 3410 vel
714 3355 881 3427 quod,
919 3363 978 3412 ut
1004 3357 1112 3429 ipsi
1144 3359 1475 3431 loquuntur,
1506 3361 1807 3431 proveniat

449 3447 483 3488 a
511 3431 693 3490 libero
715 3434 955 3493 arbitrio
978 3437 1169 3510 adjuto
1192 3455 1293 3511 per
1322 3437 1647 3511 praedictam
1669 3455 1807 3513 gra-

447 3514 607 3580 tiam,
634 3533 744 3588 quo
773 3525 932 3589 pacto
956 3520 1292 3577 existimant
1310 3538 1370 3577 se
1398 3521 1582 3577 vitare
1610 3522 1807 3579 incon-

447 3596 688 3652 veniens
704 3596 843 3669 ipsis
856 3598 1135 3673 objectum
1159 3622 1171 3655 :
1197 3601 1582 3659 nihilominus
1601 3602 1805 3673 sisup-

444 3676 628 3746 posita
650 3678 917 3749 praedicta
941 3681 1125 3754 gratia
1146 3681 1477 3748 sufficiente,
1502 3689 1558 3739 et
1580 3682 1805 3739 indiffe-

444 3760 639 3821 rente,
691 3772 807 3812 non
862 3760 1250 3830 requireretur
1303 3761 1462 3818 aliud
1517 3762 1802 3818 auxilium

442 3835 783 3892 antecedens
828 3837 898 3893 ad
943 3855 1303 3906 consensum,
1348 3844 1610 3914 sequitur
1653 3840 1801 3915 quod

441 3914 616 3972 homo
638 3916 899 3988 praedicta
914 3921 1098 3993 gratia
1118 3920 1419 3978 sufficienti
1436 3921 1662 3995 adjutus
1684 3937 1801 3977 non

438 3992 642 4051 debeat
666 4013 851 4064 orare,
883 4006 938 4055 et
978 4006 1168 4072 petere
1207 4018 1240 4057 a
1268 4005 1382 4058 Deo
1407 4017 1749 4059 consensum
1784 4023 1797 4058 :

436 4088 789 4165 consequens
808 4083 892 4133 est
911 4076 1224 4135 absurdum
1254 4102 1267 4136 ε
1290 4096 1425 4154 ergo
1447 4086 1656 4153 praeter
1674 4096 1802 4154 gra-

441 4159 584 4211 tiam
605 4155 976 4214 sufficientem
1002 4160 1316 4233 requiritur
1339 4160 1498 4216 aliud
1513 4160 1799 4216 auxilium

437 4236 779 4295 antecedens
799 4255 1089 4295 annexum
1112 4239 1506 4297 infallibiliter
1526 4257 1655 4297 cum
1670 4257 1800 4298 con-

437 4333 642 4385 sensu;
671 4326 728 4376 et
766 4325 1175 4393 consequenter
1216 4321 1415 4388 velint,
1452 4321 1659 4388 nolint,
1694 4337 1800 4378 ne-

435 4401 684 4457 cessario
711 4399 918 4457 debent
966 4399 1269 4457 admittere
1296 4407 1503 4473 praeter
1546 4403 1796 4476 gratiam

341 4504 350 4512 ·
436 4477 813 4536 sufficientem
843 4479 1085 4536 ulterius
1128 4481 1415 4537 auxilium
1443 4497 1701 4548 causans,
1743 4488 1799 4538 et

438 4557 697 4615 inferens
726 4559 887 4615 illam
915 4559 1338 4618 discretionem.
1371 4563 1622 4634 Utraque
1658 4577 1798 4619 con-

435 4639 735 4711 sequentia
761 4646 994 4697 constat.
1026 4641 1262 4713 Sequela
1289 4642 1463 4699 etiam
1491 4650 1575 4700 est
1600 4643 1796 4702 mani-

248 4731 389 4775 ιλιι·
438 4719 582 4778 festa
624 4741 637 4775 ε
669 4727 788 4776 tum
815 4722 968 4793 quia,
1003 4727 1062 4778 ut
1099 4722 1288 4797 inquit
1313 4725 1378 4779 D.
1422 4727 1657 4798 August.
1690 4723 1790 4781 lib.

260 4781 373 4875 ‘023¹

357 4803 392 4876 J
445 4803 493 4869 l,
511 4800 584 4859 de
605 4807 831 4868 natura,
846 4809 902 4861 et
920 4805 1104 4878 gratia
1124 4810 1321 4862 contra
1345 4807 1532 4881 Pelag.
1552 4822 1671 4880 cap.
1707 4808 1792 4863 19:

436 4879 590 4954 Quid
612 4883 853 4948 stultius,
878 4900 1046 4959 quam
1072 4902 1231 4940 orare
1255 4893 1315 4940 ut
1348 4887 1530 4957 facias
1569 4887 1710 4964 quod
1735 4889 1796 4943 in

433 4970 697 5035 potestate
715 4962 922 5018 habes?
941 4962 1048 5019 Sed
1074 4964 1136 5020 in
1157 4963 1639 5022 Adversariorum
1666 4967 1795 5039 opi-

439 5042 616 5101 nione
636 5043 809 5099 homo
837 5048 1158 5114 praeventus
1176 5045 1363 5119 gratia
1388 5045 1706 5115 sufficienti,
1739 5052 1793 5104 et

1949 622 2064 663 non
2092 605 2316 679 adjutus
2345 600 2608 660 ulteriori
2649 597 2887 664 auxili0,
2920 592 3089 650 habet
3120 593 3186 648 in
3212 606 3326 646 sua

1949 692 2237 759 potestate,
2292 690 2409 740 tam
2451 678 2826 742 antecedenti,
2881 689 3056 747 quam
3110 687 3324 729 conse-

1946 769 2161 842 quenti,
2195 771 2251 824 et
2295 774 2412 823 tam
2455 766 2520 821 in
2564 778 2736 819 sensu
2782 759 3199 829 divis0,.quam
3251 755 3324 810 in

1947 865 2115 907 sensu
2138 848 2468 921 composit0,
2492 845 2702 902 elicere
2726 853 3105 898 consensum:
3130 842 3189 892 et
3209 834 3324 892 hac

1951 931 2172 987 ratione
2215 929 2444 992 dicunt,
2496 940 2657 999 posse
2701 922 2954 979 liberum
2995 916 3326 974 arbitrium.

1946 1013 2194 1087 gratiam
2221 1027 2293 1068 ex
2331 1026 2392 1066 se
2416 1007 2791 1064 sufficientem
2841 1000 3081 1059 reddere
3120 997 3321 1056 effica-

1946 1112 2070 1153 cem
2099 1116 2111 1150 :
2135 1110 2271 1169 ergo
2299 1093 2469 1149 homo
2495 1090 2683 1164 gratia
2709 1083 3012 1142 sufficienti
3043 1096 3321 1154 praeven-

1947 1183 2036 1232 tus
2070 1191 2188 1232 non
2217 1173 2382 1231 debet
2408 1186 2593 1236 orare,
2630 1174 2690 1225 ut
2714 1165 3051 1231 consentiat,
3082 1168 3139 1219 et
3167 1176 3325 1218 con-

1946 1262 2222 1314 vertatur.
2274 1257 2423 1310 Tum
2469 1253 2664 1317 etiam,
2714 1248 2852 1322 quia
2896 1247 2945 1301 si
2988 1246 3160 1302 homo
3209 1242 3332 1298 ille

1947 1336 2177 1395 deberet
2197 1351 2384 1402 orare,
2410 1334 2500 1390 vel
2525 1336 2738 1405 peteret
2757 1328 3007 1401 gratiam
3028 1323 3323 1380 sufficien—

1947 1424 2084 1485 tem,
2115 1425 2172 1475 et
2197 1419 2301 1475 hoc
2323 1432 2458 1481 non,
2486 1414 2620 1488 quia
2641 1413 2807 1468 illam
2831 1408 3002 1465 habet
3027 1428 3040 1462 ε
3065 1406 3157 1462 vel
3179 1422 3327 1462 con·

1947 1515 2178 1556 cursum
2195 1498 2301 1562 Dei
2317 1496 2729 1553 simultaneum
2743 1496 2770 1547 ⁴?
2785 1489 2892 1547 Sed
2916 1502 3097 1561 neque
3113 1487 3324 1548 istum,

1944 1597 2077 1637 cum
2119 1582 2194 1637 sit
2240 1579 2393 1636 idem
2437 1578 2669 1634 realiter
2713 1590 2844 1630 cum
2872 1569 3225 1644 operatione,
3256 1574 3332 1624 et.

1946 1676 2246 1725 consensu,
2276 1675 2378 1732 pro
2398 1674 2509 1730 quo
2531 1657 2671 1730 petit
2689 1653 2936 1729 gratiam
2958 1672 2971 1707 ε
2994 1656 3051 1707 et
3071 1646 3332 1705 aliunde

1950 1740 2249 1815 praedictus
2275 1756 2582 1797 concursus
2629 1739 2691 1793 in
2736 1734 2996 1809 opposita
3021 1730 3324 1788 sententia

1946 1825 2185 1882 offertur
2211 1824 2453 1879 omnino
2493 1820 2914 1882 indifferenter,
2947 1821 3003 1872 et
3027 1812 3318 1870 determi-

1948 1912 2120 1962 natur
2169 1920 2269 1977 per
2318 1896 2656 1960 concursum
2709 1905 3003 1956 creaturae.
3059 1897 3208 1967 Ergo
3259 1896 3320 1950 si

1899 2022 1908 2031 κ
1950 1991 2153 2058 praeter
2177 1984 2426 2058 gratiam
2456 1982 2850 2044 sufficientem,
2882 1985 2936 2035 et
2962 1991 3323 2032 concursum·

1946 2066 2048 2121 Dei
2076 2065 2487 2120 simultaneum
2519 2077 2636 2118 non
2665 2059 2982 2132 req'uiritur
3010 2053 3167 2111 aliud
3198 2070 3313 2111 au-

1946 2145 2154 2200 xilium
2179 2141 2533 2210 antecedens,
2567 2146 2629 2196 ut
2654 2140 2828 2196 homo
2845 2134 3181 2200 consentiat,
3215 2148 3316 2189 se-

1945 2227 2141 2299 quitur
2165 2224 2316 2298 quod
2344 2225 2516 2280 homo
2535 2224 2720 2298 gratia
2748 2218 3048 2277 sufficienti
3079 2215 3320 2289 adjutus

1948 2323 2064 2364 non
2091 2306 2294 2364 debeat
2331 2320 2516 2368 crare,
2550 2320 2651 2360 nec
2682 2307 2870 2374 petere
2897 2315 2929 2355 a
2971 2300 3083 2354 Deo
3112 2297 3306 2369 ipsum

1948 2389 2113 2454 velle,
2157 2393 2213 2444 et
2251 2387 2529 2442 actualem
2571 2382 3031 2440 conversionem.
3062 2377 3318 2433 Falsitas

1947 2475 2134 2526 autem
2153 2469 2547 2539 consequentis
2567 2461 2887 2521 ostenditur
2907 2483 2919 2515 ε
2941 2460 3148 2523 Prima,
3169 2457 3314 2529 quia

1945 2566 2016 2606 ex
2035 2550 2292 2623 opposito
2318 2547 2497 2613 fieret,
2524 2545 2822 2602 hominem
2851 2541 3315 2599 consentientem

1947 2649 2062 2690 non
2086 2634 2268 2708 magis
2286 2630 2493 2688 debere
2513 2627 2726 2702 gratias
2748 2639 2915 2699 agere
2937 2626 3049 2679 Deo
3071 2637 3174 2695 pro
3201 2637 3338 2676 suo?

1944 2729 2241 2778 consensu,
2265 2727 2437 2785 quam
2462 2724 2580 2766 non
2601 2705 3054 2763 consentientem
3079 2723 3092 2757 ε
3118 2702 3319 2758 oratio

1944 2797 2101 2852 enim
2128 2803 2183 2853 et
2208 2794 2527 2869 gratiarum
2576 2789 2718 2845 actio
2743 2791 2879 2843 sunt
2919 2787 3081 2858 quasi
3107 2799 3312 2840 corre-

1945 2876 2138 2944 lativa,
2192 2875 2272 2931 ita
2300 2879 2361 2929 ut
2388 2889 2490 2945 pro
2537 2871 2654 2926 illis
2680 2866 2989 2924 debeamus
3028 2863 3311 2938 speciales

1942 2957 2152 3031 gratias
2167 2971 2351 3030 agere,
2375 2969 2475 3025 pro
2491 2950 2694 3025 quibus
2708 2947 3031 3021 specialiter
3051 2945 3312 3019 gratiam

1944 3037 2189 3110 petimus
2221 3057 2233 3090 :
2276 3039 2444 3106 atque
2485 3031 2610 3087 ideo
2635 3031 2683 3086 si
2731 3029 2903 3086 homo
2927 3027 3116 3101 gratia
3141 3023 3308 3080 suffi-

1941 3118 2111 3175 cienti
2162 3119 2486 3189 praeventus
2532 3129 2649 3169 non
2693 3110 2859 3168 debet
2907 3122 3075 3166 orare
3122 3109 3314 3163 Deum

1894 3236 1900 3241 -
1943 3216 2046 3273 pro
2070 3198 2349 3256 eliciendo
2377 3210 2732 3260 consensum,
2767 3207 2868 3248 nec
2889 3206 2993 3263 pro
3017 3189 3140 3261 ipso
3166 3204 3312 3244 con-

1940 3296 2107 3336 sensu
2135 3279 2324 3337 elicito
2344 3276 2510 3336 debet
2531 3278 2643 3331 Deo
2663 3273 2938 3346 speciales
2957 3270 3193 3345 gratias.
3221 3270 3308 3324 Ex

1938 3377 2050 3432 quo
2096 3360 2338 3416 ulterius
2384 3357 2501 3422 fiet,
2534 3361 2596 3410 ut
2642 3353 2817 3427 possit
2863 3350 3136 3408 adversus
3184 3364 3310 3406 non

1939 3441 2390 3498 consentientem
2437 3436 2651 3503 inflari,
2691 3433 2842 3507 quod
2888 3435 2973 3488 est
3021 3431 3305 3488 inconve-

1940 3521 2107 3578 niens
2124 3521 2185 3576 in
2202 3524 2315 3577 toto
2332 3522 2672 3593 argumento
2694 3516 3007 3571 intentum.
3027 3510 3301 3576 Secunde,

1937 3601 2072 3674 quia
2089 3600 2226 3674 justi
2251 3599 2462 3656 habent
2485 3614 2584 3670 per
2599 3596 2867 3670 gratiam,
2887 3601 2943 3651 et
2961 3591 3308 3652 charitatem

1939 3685 2210 3738 virtutem
2224 3680 2595 3736 sufficientem
2612 3676 2682 3734 ad
2699 3672 3133 3748 adimplendum
3155 3687 3304 3744 prae-

1937 3766 2094 3832 cepta
2118 3758 2596 3832 supernaturalia,
2642 3754 2712 3812 ad
2753 3753 3063 3811 vincendas
3107 3756 3305 3809 tenta—

1938 3842 2139 3907 tiones,
2169 3846 2224 3897 et
2258 3840 2741 3913 perseverandum
2770 3838 2833 3892 in
2862 3835 3012 3892 bono
3042 3840 3131 3890 :et
3151 3833 3308 3889 nihi-

1935 3922 2188 3977 lominus
2229 3922 2366 3996 justi
2414 3909 2602 3986 orant,
2651 3923 2707 3975 et
2752 3932 2920 3974 orare
2963 3913 3190 3979 debent,
3239 3920 3311 3968 ut.

1934 4007 2152 4058 constat
2189 4018 2261 4059 ex
2285 4000 2581 4058 communi
2626 3999 3049 4055 catholicorum
3077 4010 3207 4058 usu,
3240 4000 3298 4051 et

1932 4100 2210 4142 consensu
2233 4098 2396 4157 :ergo
2419 4081 2601 4138 adhuc
2622 4079 2915 4153 supposita
2933 4077 3120 4151 gratia
3136 4076 3301 4132 suffi-

1932 4165 2125 4229 cienti,
2172 4162 2337 4228 debet
2362 4162 2534 4219 homo
2562 4176 2749 4225 orare,
2785 4164 2845 4214 ut
2874 4156 3081 4214 habeat
3108 4162 3301 4213 actum

1935 4244 2217 4318 praedictae
2260 4243 2460 4317 gratiae
2497 4239 3061 4313 correspondentem.
3114 4238 3301 4302 Quam

1933 4340 2143 4382 novam
2169 4324 2417 4398 gratiam
2447 4328 2647 4396 petunt
2668 4320 2828 4394 justi,
2860 4317 3000 4374 dum
3049 4316 3252 4373 dicunt
3285 4339 3301 4374 ε

1938 4427 1963 4460 «
2007 4405 2132 4460 Fiat
2159 4404 2425 4461 voluntas
2452 4408 2549 4458 tua
2576 4430 2588 4463 :
2623 4403 2692 4456 Et
2735 4415 2809 4456 ne
2835 4415 2942 4456 nos
2968 4396 3207 4454 inducas
3234 4398 3298 4454 in

1938 4507 1963 4538 «
2006 4484 2400 4541 tentationem.
2428 4504 2452 4534 »
2483 4480 2646 4538 Unde
2667 4484 2729 4537 D.
2752 4484 2989 4554 August.
3016 4479 3083 4534 in
3108 4477 3210 4535 lib.
3233 4480 3301 4534 de
3338 4486 3486 4532 mem.

1929 4566 2065 4622 bono
2101 4565 2540 4639 persever-antica,
2592 4579 2713 4634 cap.
2763 4565 2820 4629 7,
2869 4562 3053 4638 inquit
3093 4578 3112 4613 .·
3162 4581 3188 4612 α
3237 4560 3297 4616 Si

1936 4667 1963 4700 α
2002 4661 2138 4720 ergo
2159 4647 2276 4702 alia
2297 4645 2640 4703 documenta
2661 4657 2779 4699 non
2805 4645 3014 4706 essent,
3047 4640 3170 4696 haec
3192 4640 3301 4697 Do-

1935 4747 1961 4779 «
2004 4727 2219 4783 minica
2259 4726 2441 4784 oratio
2483 4723 2648 4782 nobis
2693 4721 2763 4780 ad
2803 4737 3036 4778 causam
3076 4722 3294 4795 gratim,

1934 4830 1960 4862 α
2001 4824 2173 4880 quam
2219 4805 2603 4872 defendimuS,
2653 4804 2776 4870 sola
2820 4802 3132 4870 sufficeret;
3161 4802 3300 4874 quia

1934 4910 1959 4940 a
2003 4889 2155 4945 nihil
2182 4887 2346 4946 nohis
2375 4887 2671 4960 relinquit,
2706 4885 2769 4941 in
2794 4900 2905 4956 quo
2934 4888 3209 4955 tanquam
3233 4882 3296 4937 in

1933 4990 1959 5021 ιι
2003 4974 2198 5026 nostro
2236 4970 2578 5044 gloriemur.
2626 4964 2943 5038 Siquidem,
2974 4968 3031 5019 et
3073 4967 3135 5018 ut
3177 4978 3297 5019 non

1932 5070 1957 5099 «
1999 5046 2356 5106 discedamus
2379 5064 2411 5104 a
2428 5050 2540 5105 Deo
2560 5045 2653 5118 (ad
2667 5043 2817 5118 quod
2831 5057 3036 5100 omnes
3046 5040 3297 5179 justssgai

3231 5139 3268 5179 n
