3647 5753
354 1354 468 1396 conti
475 1365 510 1397 r·

355 1408 500 1446 matur.

543 427 617 483 66
1566 432 1657 487 DE
1697 431 1967 487 GRATIA
2007 430 2349 489 EFFICACI.

548 608 665 665 luto
744 611 1131 683 requireretur
1204 614 1491 672 decretum
1557 613 1904 686 subsequens

543 689 840 747 scientiam
887 693 1158 760 mediam,
1207 703 1540 769 sequeretur
1580 696 1898 761 hominem,

543 786 713 843 quem
757 774 903 832 Deus
932 793 1049 834 non
1094 777 1347 835 decrevit
1390 778 1731 843 consentire,
1784 792 1904 834 non

542 867 704 923 posse
729 856 938 916 elicere
965 874 1327 925 consensum,
1362 876 1423 916 ac
1446 859 1685 933 proinde
1707 874 1904 915 neces-

541 935 695 992 sario
722 938 988 996 omittere
1016 941 1184 996 illum
1216 964 1231 1008 ;
1280 948 1498 998 careret
1525 942 1683 998 enim
1712 940 1903 1012 aliquo

544 1017 933 1088 praerequisito
965 1021 1337 1088 antecedenti,
1372 1028 1431 1077 ut
1453 1023 1640 1095 arguit
1666 1021 1904 1077 Suarius

545 1096 878 1169 praedictum
932 1100 1220 1159 decretum
1262 1104 1570 1176 explodens
1601 1111 1728 1158 tom.
1760 1104 1815 1168 2,
1841 1103 1904 1157 de

538 1182 746 1249 qratia,
792 1183 852 1237 in
875 1185 1082 1254 protoy.
1132 1186 1196 1240 de
1233 1188 1463 1241 scientia
1503 1187 1897 1251 conditionata,

540 1278 659 1331 cap.
690 1262 745 1326 8,
778 1280 929 1319 num.
971 1265 1052 1322 18.

616 1339 1021 1407 confirmatur,
1072 1345 1208 1417 quia
1247 1344 1319 1401 ab
1344 1344 1558 1403 eisdem
1600 1347 1904 1419 principiis

543 1419 799 1480 absolute
820 1425 1015 1496 positis
1041 1426 1319 1500 dependet
1339 1444 1644 1484 consensus
1669 1430 1730 1485 in
1753 1435 1901 1485 statu

543 1500 820 1570 absoluto,
854 1520 885 1561 a
912 1505 1118 1578 quibus
1164 1507 1547 1566 conditionate
1576 1511 1772 1601 positis
1799 1509 1904 1566 de-

545 1581 792 1653 pendet
778 1600 839 1639 in
878 1593 1026 1643 statu
1073 1587 1505 1645 conditionate:
1537 1589 1677 1646 sed
1664 1607 1725 1646 in
1752 1595 1902 1646 statu

540 1659 928 1722 conditionato
955 1668 1183 1724 nullum
1214 1669 1678 1742 praeintelligitur
1704 1669 1904 1727 decre-

543 1747 663 1796 tum
690 1740 807 1810 Dei,
837 1762 947 1818 quo
975 1749 1128 1814 velit,
1153 1755 1208 1806 et
1235 1749 1494 1806 intendat
1521 1749 1903 1808 determinate

539 1835 898 1891 consensum,
921 1827 1063 1884 alias
1085 1828 1317 1885 daretur
1358 1831 1549 1903 aliqua
1589 1832 1903 1904 suppositio

539 1903 875 1961 antecedens
916 1923 1255 1965 consensum
1297 1910 1689 1970 infallibiliter
1750 1911 1903 1969 infe-

543 1997 674 2038 rens
678 1985 848 2058 ,quod
897 1989 1153 2046 scientiae
1201 1989 1405 2049 mediae
1436 1993 1660 2064 patroni
1690 1993 1904 2048 nolunt

542 2063 891 2124 admittere:
921 2085 1057 2144 ergo
1083 2072 1146 2127 in
1192 2077 1339 2128 statu
1374 2072 1643 2130 absoluto
1673 2076 1900 2130 nullum

541 2145 711 2204 datur
737 2147 1028 2207 decretum
1066 2153 1184 2219 Del,
1217 2171 1328 2227 quo
1371 2156 1528 2221 velit,
1561 2162 1616 2212 et
1639 2155 1903 2213 intendat

541 2227 922 2290 determinate
967 2250 1308 2292 consensum
1340 2261 1354 2304 ;
1398 2242 1449 2293 et
1489 2243 1903 2311 consequenter

542 2326 850 2368 consensus
903 2314 965 2369 in
1029 2322 1176 2371 statu
1244 2316 1501 2374 absoluto
1551 2319 1810 2374 elicietur
1870 2334 1903 2374 a

542 2406 673 2525 cas-u
704 2400 957 2465 respectu
1005 2396 1122 2463 Dei,
1178 2401 1235 2452 et
1287 2402 1493 2469 praeter
1520 2398 1900 2455 intentionem

544 2487 559 2524 ι
616 2487 724 2527 ωε.

618 2552 950 2624 Explicatur
997 2554 1100 2611 hoc
1147 2556 1435 2628 amplius;
1507 2556 1723 2612 etenim
1770 2573 1899 2612 cum

543 2632 772 2699 dicitur,
797 2634 975 2690 Deum
1000 2634 1318 2706 praevidere
1341 2652 1441 2708 per
1461 2637 1758 2692 scientiam
1786 2654 1903 2694 me-

543 2713 722 2778 diam,
753 2713 901 2785 quod
927 2717 977 2769 si
1004 2717 1260 2771 voluntas
1272 2724 1564 2790 poneretur
1592 2719 1763 2774 inhis
1787 2721 1900 2774 cir-

543 2795 889 2859 cunstantiis‘,
940 2799 1260 2851 consentiret
1285 2816 1305 2864 ,·
1335 2798 1422 2854 vel
1451 2797 1604 2854 inter
1630 2799 1763 2855 illas
1783 2799 1900 2855 cir-

542 2876 914 2942 cunstantias,
959 2883 1014 2934 et
1054 2879 1335 2952 principia
1360 2887 1681 2938 recensetur
1701 2882 1900 2939 decre-

543 2965 664 3012 tum
695 2958 815 3023 Dei,
843 2959 932 3014 vel
959 2962 1118 3015 non?
1143 2960 1201 3015 Si
1223 2960 1327 3016 hoc
1350 2961 1617 3016 ultimum
1640 2962 1896 3020 dicatur:

542 3053 680 3110 ergo
696 3039 856 3112 juxta
873 3040 1156 3112 principia
1176 3041 1428 3098 scientiae
1444 3041 1647 3100 mediae
1671 3045 1897 3100 nullum

543 3117 711 3175 datur
761 3119 1049 3178 decretum
1104 3122 1223 3189 Dei,
1260 3139 1292 3179 a
1317 3139 1428 3196 quo
1467 3140 1770 3180 consensus
1796 3124 1899 3181 de-

545 3199 830 3272 pendeat,
861 3208 915 3259 et
960 3210 1366 3276 consequenter
1404 3206 1561 3262 sicut
1591 3222 1898 3263 consensus

540 3286 627 3335 est
654 3281 1043 3353 independens
1065 3301 1097 3340 a
1116 3284 1357 3354 decret0,
1384 3286 1463 3341 ita
1485 3286 1597 3342 erit
1624 3287 1898 3360 indepen-

542 3359 683 3416 dens
710 3361 779 3418 ab
808 3363 1127 3421 intentione
1153 3366 1369 3422 divina
1403 3364 1461 3420 Si
1499 3373 1686 3422 autem
1713 3368 1896 3441 eliga-

542 3446 636 3495 tur
662 3443 935 3513 primum,
966 3446 1248 3502 ulterius
1235 3446 1600 3517 inquirimus,
1644 3463 1718 3502 an
1747 3464 1897 3519 prae-

540 3520 756 3579 dictum
798 3525 1087 3583 decretum
1126 3528 1200 3584 sit
1227 3527 1500 3600 obJective
1546 3529 1890 3595 absolutum,

536 3609 592 3660 et
623 3604 1093 3676 determinatum,
1126 3611 1217 3666 vel
1248 3615 1469 3667 tantum
1517 3610 1853 3667 indifferens
1879 3632 1891 3666 :

538 3701 592 3741 v.
637 3702 690 3760 g.
737 3703 811 3743 an
855 3696 1292 3762 repraesentetur
1334 3691 1535 3748 divino
1580 3690 1894 3747 intellectui

535 3765 767 3824 subhac
808 3768 995 3827 forma
1026 3770 1131 3828 :Si
1176 3772 1434 3828 voluntas
1476 3776 1896 3828 constitueretur

538 3850 597 3902 in
633 3849 722 3904 Itis
765 3853 1200 3920 circunstantiae,
1248 3860 1297 3908 et
1346 3872 1447 3924 syo.
1487 3855 1695 3918 vellem,
1752 3853 1894 3928 quod

535 3935 874 3999 consentiret,
907 3938 1228 3991 consentiret
1253 3953 1268 3989 .·
1293 3952 1368 3992 an
1413 3953 1550 3992 vero
1589 3934 1694 3990 sub
1743 3935 1889 3990 ista:

542 4009 606 4068 Si
626 4011 883 4069 voluntas
909 4018 1326 4071 constitueretur
1348 4018 1406 4071 in
1430 4016 1518 4071 his
1543 4017 1892 4071 circunstan-

533 4095 648 4159 tiis,
679 4104 731 4150 et
751 4113 844 4166 eqo
873 4097 1241 4170 indifferenter
1266 4116 1348 4153 me
1373 4098 1893 4174 haberem,·consen-

532 4177 709 4231 tir-et?
744 4177 1009 4234 Primum
1056 4177 1169 4235 dici
1212 4195 1329 4236 non
1377 4184 1576 4251 potest,
1624 4178 1760 4251 quia
1787 4178 1892 4234 illa

532 4257 896 4330 hypothetica
919 4274 1034 4315 non
1061 4259 1307 4332 pertinet
1335 4259 1402 4316 ad
1430 4260 1727 4316 scientiam
1763 4275 1892 4315 me-

528 4336 705 4406 diam,
748 4337 846 4394 sed
899 4337 970 4395 ad
1015 4340 1313 4396 scientiam
1360 4339 1641 4413 simplicis
1668 4339 1890 4396 intelli-

525 4417 773 4490 gentiae3
804 4419 939 4492 quia
959 4417 1196 4476 evidens
1222 4425 1304 4476 est
1330 4436 1402 4476 ex
1431 4420 1714 4487 terminis,
1739 4419 1889 4493 quod

527 4498 577 4552 si
607 4499 900 4555 Deusvult
945 4499 1326 4557 determinate
1378 4516 1738 4566 consensum,
1782 4518 1889 4594 vq-

531 4579 724 4634 luntas
761 4580 1155 4637 infallibiliter
1198 4582 1550 4649 consentiet;
1602 4582 1886 4640 voluntati

527 4660 686 4717 enim
734 4661 855 4736 ejus
879 4662 1008 4734 quis
1037 4662 1304 4719 resistet?
1342 4663 1401 4719 Si
1437 4668 1627 4720 autem
1680 4679 1888 4721 secun·

527 4741 666 4798 dum
694 4741 938 4814 dicatur,
975 4742 1214 4816 perinde
1232 4760 1294 4801 se
1321 4745 1490 4802 habet
1521 4745 1666 4801 illud
1687 4745 1887 4802 decre-

529 4829 670 4890 tum,
703 4839 766 4879 ac
790 4824 841 4879 si
870 4824 1098 4880 nullum
1127 4824 1421 4882 decretum
1461 4841 1533 4882 ex
1560 4832 1719 4899 parte
1743 4841 1886 4883 con-

526 4901 883 4968 ditionis,vel
897 4905 1444 4963 circunstantiarum
1462 4906 1542 4962 im
1551 4907 1821 4978 plicaretu
1831 4923 1859 4962 r
1866 4930 1881 4974 ;

529 4985 741 5040 namsi
782 4985 931 5041 Deus
977 4987 1126 5043 nihil
1173 4987 1554 5062 determinate
1604 4987 1879 5054 decernit,

523 5063 621 5121 sed
652 5066 775 5121 vult
815 5065 1212 5125 indifferenter
1238 5083 1598 5137 concurrere,
1639 5083 1885 5126 consen-

476 5303 551 5352 Χ

2035 627 2131 667 sus
2149 610 2527 684 subsequutus
2552 611 2664 681 erit
2685 626 2719 666 a
2744 625 2874 666 casu
2905 611 3161 682 respectu
3187 607 3318 674 Dei,
3347 611 3401 662 et

2037 698 2242 765 praeter
2269 692 2651 749 intentionem
2689 692 2869 748 iltius.

2108 776 2201 831 95.
2245 777 2362 831 Nee
2405 774 2679 831 satisfacit
2722 773 2773 829 si
2823 772 3165 845 respondeas
3208 770 3404 843 primo
3453 792 3538 833 mn„

2035 870 2165 911 cum
2193 854 2397 911 Suario
2425 856 2517 910 tib.
2558 856 2604 918 1,
2635 852 3027 917 deConcursu,
3055 869 3183 924 cap.
3221 852 3311 916 14,
3334 864 3403 906 ex
3437 851 3539 893 ΒΜ

2037 940 2197 1007 parte
2217 934 2566 992 conditionis
2596 935 2703 991 sub
2728 950 2840 1007 qua
2868 931 3221 1006 praevidetur
3263 946 3403 987 con—

2034 1030 2234 1073 sensus
2262 1016 2504 1082 futat-m,
2532 1015 2822 1088 implicari
2849 1013 3080 1086 quidem
3102 1011 3403 1069 decretum

2037 1097 2152 1164 Dei,
2182 1112 2294 1169 quo
2320 1096 2476 1162 velit,
2521 1102 2577 1153 et
2611 1094 2870 1153 intendat
2894 1092 3235 1167 praedictum
3263 1107 3405 1147 con-

2035 1193 2287 1246 sensum,
2315 1195 2434 1236 non
2459 1177 2691 1252 quidem
2720 1177 2995 1241 absolute,
3019 1174 3120 1232 sed
3136 1173 3252 1229 sub
3274 1188 3403 1231 con·

2036 1257 2268 1326 ditione,
2292 1263 2342 1315 si
2370 1261 2623 1316 voluntas
2648 1259 2794 1326 velit,
2828 1258 2919 1315 vel
2944 1258 2995 1312 si
3013 1257 3284 1312 voluntas
3307 1254 3403 1309 de-

2035 1343 2431 1397 terminaverit.

2112 1424 2245 1488 Hoc,
2305 1423 2573 1496 inquam,
2626 1422 2874 1478 minime
2915 1419 3240 1478 satisfacit.
3276 1423 3556 1518 tumprffiu-

2034 1503 2171 1574 quia
2200 1502 2502 1575 praedictus
2528 1501 2731 1558 modus
2774 1498 3119 1557 decernendi
3166 1476 3462 1554 dedeoet⁶

2035 1583 2294 1640 divinam
2327 1583 2767 1658 perfectionem.
2797 1582 3069 1655 quoniam
3099 1595 3222 1636 non
3259 1577 3402 1634 sub-

2035 1664 2267 1721 ordinat
2313 1665 2670 1721 voluntatem
2709 1668 2959 1720 creatam
2990 1662 3121 1726 Deo,
3152 1660 3258 1717 sed
3297 1675 3400 1733 po-

2037 1745 2148 1801 tius
2171 1747 2350 1802 Deum
2390 1752 2699 1814 creaturae;
2741 1743 3024 1817 siquidem
3046 1758 3116 1799 ex
3145 1742 3206 1797 vi
3237 1741 3402 1796 illius

2037 1831 2234 1882 manet
2278 1826 2480 1883 divina
2526 1826 2792 1882 voluntas
2840 1838 3153 1896 suspensa,
3194 1826 3256 1878 et
3297 1836 3401 1877 eit-2

2036 1912 2265 1977 pectans
2310 1905 2855 1962 determinationem
2900 1909 3197 1960 creaturae.
3250 1902 3400 1955 Tum

2034 1985 2230 2051 etiam,
2262 1987 2397 2058 quia
2452 1986 2671 2051 volitio,
2705 1987 2796 2040 vel
2843 1983 3255 2059 determinatio
3295 1996 3400 2036 vo-

2037 2066 2275 2122 luntatis
2324 2071 2405 2123 est
2455 2067 2573 2138 ipse
2622 2080 2930 2121 consensus
2958 2078 3130 2137 :ergo
3170 2062 3222 2116 si
3254 2064 3399 2116 Deus

2036 2163 2152 2204 non
2198 2150 2338 2213 vult,
2370 2155 2425 2205 et
2464 2146 2715 2204 intendit
2734 2149 3073 2204 consensum
3096 2187 3109 2211 ,
3143 2144 3263 2200 nisi
3294 2140 3400 2200 sub

2034 2229 2381 2298 conditione,
2433 2228 2580 2303 quod
2631 2230 2895 2286 voluntas
2940 2228 3099 2293 velit,
3129 2228 3396 2300 sequitur

2033 2312 2182 2386 quod
2213 2313 2356 2369 Deus
2387 2328 2502 2368 non
2543 2312 2701 2378 velit,
2737 2328 2839 2367 nec
2864 2309 3213 2367 determinet
3260 2324 3398 2365 con-

2033 2413 2286 2462 sensum,
2320 2395 2432 2451 nisi
2455 2395 2561 2450 sub
2581 2394 2930 2459 conditione,
2956 2392 3104 2465 quod
3127 2394 3397 2449 voluntas

2034 2477 2365 2541 consentiet,
2403 2481 2460 2532 et
2506 2480 2917 2548 consequenter
2961 2472 3296 2536 decretum,
3339 2476 3394 2527 et

2035 2558 2282 2616 intentio
2312 2559 2409 2613 Dei
2434 2573 2552 2614 non
2582 2555 2846 2629 praecedit
2866 2570 3210 2612 consensum
3234 2569 3393 2610 crea-

2034 2645 2214 2707 turae;
2256 2638 2350 2696 sed
2382 2641 2566 2711 potius
2588 2654 2896 2695 consensus
2921 2643 3197 2694 creaturae
3249 2650 3393 2708 prae-

2032 2721 2180 2778 cedit
2227 2720 2547 2787 decretum,
2578 2726 2637 2776 et
2662 2721 3044 2777 intentionem
3073 2717 3192 2773 Dei.
3247 2719 3393 2772 Tum

2035 2809 2345 2874 praeterea,
2377 2801 2512 2874 quia
2562 2817 2692 2856 cum
2746 2798 2962 2873 aliquid
3002 2797 3246 2855 offertur
3290 2794 3394 2851 sub

2032 2884 2357 2941 conditione
2381 2927 2394 2951 ,
2427 2881 2678 2940 conditio
2706 2884 2865 2955 prius
2910 2880 3223 2937 mandatur
3258 2896 3393 2938 exe-

2031 2963 2295 3034 quutioni
2324 3005 2337 3027 ,
2387 2977 2560 3035 quam
2611 2978 2700 3019 res
2751 2961 2856 3017 sub
2896 2959 3227 3017 conditione
3257 2974 3390 3032 pro-

2032 3045 2208 3101 missa
2241 3066 2254 3101 ε
2289 3060 2425 3120 ergo
2475 3046 2523 3101 si
2564 3049 2711 3101 Deus
2749 3044 3003 3102 decernit
3048 3058 3391 3099 concurrere

2029 3141 2159 3180 cum
2209 3126 2503 3184 voluntate
2537 3124 2642 3181 sub
2686 3124 3032 3191 conditione,
3057 3127 3107 3182 si
3132 3125 3393 3180 voluntas

2031 3205 2159 3260 velit
2203 3224 2325 3260 cum
2375 3204 2484 3260 Deo
2522 3222 2855 3270 concurrere,
2907 3205 3069 3277 prius
3112 3204 3247 3270 erit,
3297 3202 3390 3260 vel

2032 3286 2388 3360 intelligetur
2410 3285 2612 3342 volitio
2644 3291 2937 3350 creaturae,
2968 3300 3140 3356 quam
3191 3284 3388 3342 decre·

2033 3373 2153 3422 tum
2190 3367 2308 3431 Dei,
2335 3381 2447 3438 quo
2469 3364 2724 3423 absolute
2745 3365 2884 3422 velit
2910 3380 3272 3422 concurrere.
3324 3365 3389 3418 Et

2031 3455 2165 3504 tunc
2205 3448 2555 3521 inquirimus
2607 3448 2678 3506 ab
2731 3447 3133 3514 Adversariis,
3166 3463 3243 3503 an
3288 3445 3389 3502 illa

2034 3530 2234 3586 volitio
2261 3537 2551 3596 creaturas,
2586 3546 2685 3601 per
2705 3545 2877 3602 quam
2914 3526 3252 3601 purificatur
3292 3528 3387 3583 in-

2031 3611 2208 3668 tentio
2248 3613 2365 3675 Dei,
2410 3609 2724 3683 dependeat
2775 3625 2807 3665 a
2851 3608 3075 3666 decreto
3123 3607 3244 3673 Dei,
3297 3606 3385 3663 vel

2030 3706 2170 3746 non.
2206 3692 2264 3747 Si
2302 3692 2525 3748 dicatur
2578 3690 2680 3746 hoc
2733 3689 3038 3756 ultimum,
3087 3687 3390 3745 evidenter

2027 3771 2302 3843 sequitur,
2356 3770 2713 3833 volitionem,
2762 3769 2885 3826 sive
2925 3766 3382 3841 purificationem

2029 3850 2188 3906 illius
2232 3850 2594 3930 conditionis,
2645 3852 2750 3908 sub
2794 3867 2907 3924 qua
2947 3854 3094 3907 Deus
3126 3846 3389 3906 decernit

2025 3947 2403 3998 concurrere,
2454 3948 2574 3989 esse
2613 3949 2645 3988 a
2677 3950 2806 3989 casu
2851 3937 3102 4005 respectu
3153 3930 3256 3986 Dei
3287 3973 3300 3996 ‚
3331 3932 3386 3985 et

2027 4019 2231 4086 praeter
2280 4015 2460 4088 ipsius
2505 4016 2908 4072 intentionem.
2960 4014 3225 4070 Primum
3281 4028 3383 4068 au-

2027 4101 2140 4152 tem
2192 4095 2303 4153 dici
2352 4112 2468 4153 non
2519 4103 2726 4169 potest;
2778 4097 3015 4153 namin
3044 4094 3252 4169 primis
3280 4095 3386 4151 illa

2025 4175 2228 4232 volitio
2273 4184 2548 4233 creaturae
2596 4193 2713 4234 non
2760 4175 3039 4249 dependet
3065 4192 3098 4231 a
3134 4173 3382 4239 decreto,

2023 4271 2134 4328 quo
2177 4259 2322 4314 Deus
2365 4258 2621 4315 decernit
2646 4273 2987 4315 concurrere
3012 4273 3140 4313 cum
3170 4257 3381 4313 volun-

2024 4340 2156 4402 tate,
2187 4338 2238 4393 si
2269 4339 2533 4395 voluntas
2559 4339 2700 4396 velit
2723 4353 3100 4404 concurrere;
3128 4352 3260 4393 cum
3291 4351 3381 4410 po·

2025 4416 2137 4472 tius
2158 4417 2262 4474 hoc
2288 4417 2576 4476 decretum
2598 4418 2914 4494 dependeat
2942 4419 3003 4474 in
3032 4416 3329 4474 influendo
3350 4430 3382 4470 a

2025 4497 2307 4571 positione
2330 4500 2611 4573 praedictae
2635 4501 2947 4566 volitionis,
2973 4515 3084 4572 qua
3107 4498 3310 4571 posita,
3326 4503 3386 4553 et

2024 4594 2146 4636 non
2159 4579 2344 4649 aliter,
2355 4583 2501 4638 Deus
2515 4581 2770 4638 decernit
2784 4595 3146 4638 concurrere.
3165 4577 3404 4638 Deinde-

2023 4674 2127 4716 nec
2162 4657 2444 4732 dependet
2470 4661 2540 4718 ab
2582 4663 2697 4719 alio
2722 4662 2951 4719 diverso
2985 4660 3227 4726 decreto,
3262 4673 3380 4717 non

2019 4737 2252 4812 quidem
2302 4739 2590 4808 absoluto;
2635 4742 2741 4799 hoc
2782 4743 2994 4815 quippe
3035 4741 3378 4799 volitionem

2020 4817 2294 4886 absolute,
2326 4827 2382 4878 et
2405 4821 2704 4879 efficaciter
2752 4822 3030 4890 inferret;
3074 4836 3177 4879 nec
3200 4821 3377 4878 etiam

2019 4898 2427 4970 conditionato,
2462 4905 2606 4961 alias
2659 4903 3092 4977 procederemus
3128 4904 3194 4961 in
3239 4901 3378 4960 infi-

2021 4983 2234 5041 nitum.

2091 5066 2239 5124 Tum
2286 5067 2529 5134 deinde,
2579 5069 2714 5141 quia
2761 5068 3052 5127 decretum
3091 5083 3205 5142 quo
3233 5069 3377 5126 Deus

3127 5153 3380 5211 intendit
