3647 5753
550 493 663 557 704
1562 477 1655 531 DE
1699 473 2059 531 DIVISIONE
2097 472 2375 528 MERITI.

466 728 471 735 ,
553 659 771 724 meriti,
793 674 856 714 ac
879 655 1025 713 ratio
1052 653 1364 720 debiti,seu
1382 650 1476 724 jus
1493 649 1563 706 ad
1587 647 1914 723 praemium,

551 754 901 813 consequens
919 741 1002 794 est
1026 740 1089 791 ut
1106 735 1382 791 meritum
1403 729 1673 803 condigni
1696 729 1773 783 sit
1794 742 1920 783 me-

558 825 732 879 ritum
778 819 1120 893 simpliciter
1150 841 1165 884 ;
1196 816 1473 873 meritum
1515 827 1653 869 vero
1679 809 1919 885 congrui

556 904 745 960 solum
763 897 1079 958 secundum
1100 896 1258 971 quid.

394 1010 497 1060 Quae
632 987 687 1042 8.
720 985 908 1049 Quaeri
938 988 1127 1039 autem
1155 985 1473 1053 potest,qua
1500 975 1780 1049 analogias
1801 988 1924 1048 spe-

366 1059 524 1160 .}{¹}¹ffi
561 1068 645 1124 cie
666 1066 943 1122 meritum
970 1064 1046 1119 sit
1062 1061 1371 1134 analogum
1389 1058 1457 1115 ad
1479 1072 1821 1132 congruum,
1866 1059 1925 1112 et

358 1166 406 1215 ea
423 1156 529 1249 ‘mii'
562 1148 910 1223 condignum
934 1150 960 1202 ⁸?
985 1148 1077 1200 An
1098 1143 1314 1199 scilicet
1334 1143 1455 1200 sola
1477 1139 1743 1213 analogia
1765 1137 1926 1193 attri-

344 1216 547 1302 &33³3
564 1232 836 1297 butionis,
866 1230 961 1286 vel
990 1224 1544 1300 proportionalitatis
1567 1219 1925 1292 metaphori-

561 1331 637 1371 cae
681 1337 696 1381 ;
749 1329 823 1369 an
875 1325 1015 1367 vero
1058 1307 1323 1381 analogia
1373 1300 1927 1380 proportionalitatis

361 1408 529 1452 suarez.
563 1395 807 1469 propriae
834 1397 860 1449 P
888 1389 1213 1464 Respondet
1238 1392 1447 1446 Suarez
1476 1387 1650 1443 lib.12
1667 1388 1760 1442 cit.
1786 1399 1926 1441 con-

562 1478 812 1536 cedendo
841 1475 1050 1532 merito
1078 1472 1147 1530 de
1172 1488 1424 1546 congruo
1451 1486 1673 1537 veram,
1707 1473 1763 1525 et
1791 1482 1929 1539 pro-

563 1562 753 1637 priam
802 1557 1086 1614 rationem
1141 1554 1353 1622 meriti,
1396 1550 1662 1625 quamvis
1708 1548 1929 1622 imper-

566 1644 725 1707 fecte,
757 1646 812 1697 et
840 1637 1156 1696 secundum
1179 1633 1316 1708 quid
1337 1657 1352 1701 ;
1376 1640 1543 1706 atque
1590 1630 1729 1688 adeo
1755 1628 1930 1686 sentit

566 1725 850 1782 rationem
871 1720 1065 1777 meriti
1089 1724 1153 1774 ut
1174 1717 1254 1774 sic
1276 1717 1338 1771 in
1361 1719 1602 1789 utroque
1623 1710 1929 1777 merito,de

565 1811 900 1880 congru0,et
921 1803 990 1861 de
1016 1801 1301 1875 condigno
1327 1792 1930 1866 intrinsece,quamvis

570 1888 948 1962 inaequaliter,
984 1884 1226 1958 reperiri
1260 1880 1448 1953 ;quod
1487 1884 1572 1936 est
1595 1876 1928 1952 praedictam

569 1972 916 2028 divisionem
943 1984 1064 2026 esse
1081 1966 1384 2038 analogam
1408 1961 1673 2037 analogia
1697 1973 1931 2033 propor-

389 2070 530 2116 flotus.
574 2053 910 2112 tionalitatis
959 2051 1225 2124 propriae.
1287 2049 1531 2104 Econtra
1581 2058 1720 2098 vero
1765 2043 1930 2096 Sotus

573 2137 667 2193 lib.
692 2138 747 2201 2,
772 2135 836 2189 de
862 2139 1088 2196 natura,
1113 2138 1161 2185 et
1197 2130 1406 2199 qratia,
1438 2142 1557 2197 cap.
1587 2126 1640 2189 4,
1675 2120 1931 2179 absolute

577 2232 785 2293 negare
807 2213 1033 2271 videtur
1073 2224 1244 2268 omne
1272 2206 1431 2264 aliud
1460 2204 1754 2267 meritum,
1781 2200 1929 2274 quod

571 2314 727 2363 vere,
775 2303 831 2354 et
877 2311 993 2352 non
1045 2288 1433 2361 metaphorice
1500 2285 1776 2343 meritum
1833 2282 1924 2349 sit,

570 2384 777 2450 praeter
820 2377 1094 2433 meritum
1122 2369 1409 2443 condigni.
1463 2371 1576 2423 Nec
1617 2366 1821 2422 desunt
1860 2378 1933 2419 ex

571 2454 987 2515 recentioribus
1038 2453 1136 2525 qui
1186 2451 1321 2506 huic
1370 2449 1486 2505 Soti
1524 2446 1821 2504 sententiae
1862 2460 1934 2501 ex

569 2544 729 2611 parte
758 2536 1103 2601 adhaereant,
1131 2536 1446 2588 asserentes
1468 2544 1641 2586 omne
1656 2526 1932 2584 meritum

567 2615 806 2691 congrui
838 2620 1060 2670 tantum
1090 2628 1211 2668 esse
1226 2612 1501 2667 meritum
1519 2607 1928 2680 metaphorice,

566 2704 624 2756 et
664 2695 999 2768 improprie,
1039 2699 1204 2764 atque
1249 2690 1389 2747 adeo
1418 2688 1745 2761 praedictam
1790 2702 1935 2743 ana-

573 2781 785 2852 logiam
833 2777 1019 2833 solum
1059 2790 1182 2831 esse
1223 2771 1634 2835 attributionis,
1675 2771 1767 2826 vel
1797 2784 1935 2840 pro-

577 2854 1024 2936 portionalitatis
1064 2853 1483 2926 metaphoricae.
1534 2854 1648 2908 Nos
1693 2865 1831 2907 vero
1871 2849 1934 2905 in

577 2945 682 3000 hac
704 2958 765 2999 re
785 2937 1156 2996 distinctione
1178 2933 1455 2990 utendum
1481 2949 1800 2997 censemus,
1816 2935 1935 2988 'nec

576 3024 817 3082 omnino
865 3016 1258 3080 asserendum,
1291 3030 1463 3071 omne
1489 3012 1638 3087 quod
1684 3012 1935 3068 dicimus

577 3104 851 3161 meritum
875 3099 1133 3174 congrui,
1159 3111 1281 3153 esse
1306 3095 1554 3169 proprie,
1580 3099 1635 3149 et
1651 3109 1786 3149 vere
1810 3108 1937 3149 me-

578 3187 776 3249 ritum,
824 3181 1007 3239 adbuc
1040 3177 1352 3237 secundum
1400 3174 1571 3248 quid;
1597 3191 1780 3247 neque
1807 3190 1937 3230 om-

578 3267 720 3322 nino
744 3260 1087 3337 negandum,
1114 3259 1239 3315 dari
1283 3255 1512 3330 aliquod
1540 3271 1718 3330 genus
1741 3256 1935 3312 meriti

472 3414 480 3420 ,
578 3349 732 3402 ultra
777 3342 1051 3400 meritum
1081 3338 1369 3414 condigni,
1400 3338 1491 3394 cui
1520 3337 1858 3402 intrinsece,
1881 3342 1939 3392 et

582 3427 829 3501 proprie,
857 3425 986 3480 licet
1005 3422 1316 3480 secundum
1338 3418 1559 3494 quid‚et
1581 3418 1928 3492 imperfecte,

579 3512 862 3580 competat
889 3506 1036 3562 ratio
1058 3505 1271 3561 meriti.

367 3613 476 3656 Nou
489 3611 570 3664 pri.
656 3592 709 3645 9.
729 3592 839 3646 Pro
856 3589 1015 3661 cujus
1031 3589 1150 3643 luce
1172 3584 1410 3642 observa
1424 3581 1786 3656 primo,quod
1803 3582 1938 3655 quia

419 3671 499 3705 ¹¹¹⁰·
582 3672 855 3729 meritum
884 3670 1120 3743 congrui
1150 3667 1377 3732 dicitur,
1410 3666 1500 3722 cui
1544 3680 1615 3721 ex
1664 3664 1937 3738 congrui-

582 3761 710 3820 tate,
736 3769 832 3810 seu
855 3751 1129 3832 decentia,
1158 3766 1275 3806 non
1302 3766 1371 3806 ex
1388 3748 1612 3823 justitia
1627 3747 1935 3820 praemium

578 3834 834 3897 debetur,
865 3847 935 3887 ex
963 3830 1192 3887 diverso
1233 3827 1611 3885 fundamento
1639 3828 1807 3900 hujus
1831 3826 1934 3883 de-

575 3916 792 3978 centiae,
823 3918 878 3969 et
905 3911 1280 3985 congruitatis
1304 3906 1726 3966 diversificatur
1755 3909 1938 3964 meri-

573 4003 696 4053 tum
738 3994 998 4068 congrui.
1031 3991 1379 4065 Quandoque
1406 3991 1565 4048 enim
1607 3989 1937 4063 hujusmodi

571 4079 831 4137 decentia
854 4074 1129 4131 fundatur
1153 4075 1216 4131 in
1237 4074 1358 4131 sola
1379 4072 1581 4129 divina
1603 4073 1939 4129 misericor-

571 4160 681 4226 dia,
713 4173 887 4232 quam
931 4156 1106 4220 decet,
1149 4154 1285 4229 quia
1332 4169 1576 4220 summa,
1623 4159 1678 4210 et
1705 4151 1941 4209 infinita

571 4239 983 4306 est‚sublevare
1002 4236 1305 4292 miseriam
1332 4236 1601 4309 pauperis
1627 4234 1934 4308 exigentis,

573 4322 837 4396 quamvis
865 4320 1008 4376 alias
1037 4323 1293 4390 peccator
1319 4318 1412 4384 sit,
1439 4323 1494 4373 et
1519 4317 1615 4384 Dei
1640 4316 1934 4371 inimicus

578 4405 646 4458 Et
670 4402 773 4458 hac
796 4400 1016 4457 ratione
1044 4399 1219 4455 etiam
1239 4403 1556 4470 peccatores
1579 4394 1942 4469 pulsand0,et

583 4479 824 4557 petendo
853 4479 1086 4536 veniam
1123 4494 1156 4533 a
1184 4481 1316 4543 Deo,
1349 4483 1405 4534 et
1456 4475 1936 4542 misericordiam,

582 4580 651 4620 ex
680 4560 926 4635 quadam
969 4559 1324 4633 congruitate
1354 4564 1801 4631 consequuntur:
1831 4573 1943 4631 quo

371 4664 552 4716 naua.
584 4659 751 4700 seusu
776 4643 1040 4714 loquutus
1064 4646 1149 4696 est
1191 4643 1426 4714 August.
1456 4642 1611 4713 epist.
1652 4641 1770 4706 106,
1802 4638 1942 4694 dum

585 4725 753 4790 dixit,
783 4719 932 4795 quod
971 4719 1110 4777 fides
1144 4718 1611 4794 justificationem
1664 4726 1936 4787 meretur,

587 4814 649 4864 ut
681 4807 823 4877 disp.
854 4804 909 4865 6,
943 4801 1113 4857 latius
1134 4799 1566 4873 explicabimus.
1597 4799 1945 4872 Quandoque

588 4903 724 4944 vero
772 4881 1039 4959 praedicta
1066 4880 1325 4938 decentia
1354 4879 1629 4937 fundatur
1659 4881 1720 4936 in
1742 4881 1942 4936 divina

590 4967 951 5033 liberalitate,
983 4970 1038 5022 et
1067 4962 1339 5028 bonitate,
1371 4980 1538 5040 quam
1563 4963 1706 5018 decet
1733 4964 1836 5034 (ait
1877 4968 1943 5020 D.

380 5055 435 5099 D.
454 5055 556 5098 'rho-
590 5052 794 5107 Thom.
827 5050 887 5102 in
907 5048 961 5111 4,
993 5047 1122 5101 dist.
1158 5046 1239 5109 15,
1267 5051 1448 5120 φωνεῖ.
1487 5047 1530 5112 1,
1558 5052 1666 5102 art.
1700 5045 1752 5113 3,
1773 5063 1946 5122 quas-s-

593 5136 763 5188 nunc.
802 5131 883 5199 4.)
918 5128 1322 5202 inimicumque
1348 5126 1754 5200 dispositionem
1789 5130 1948 5184 inve..

2049 647 2212 711 ner-it,
2259 645 2640 720 perfectionem
2685 641 2938 714 adjiciat.
2985 637 3149 694 Unde
3178 635 3291 691 hac
3324 647 3412 688 ra-

2051 726 2208 783 tione
2251 725 2364 782 dici
2412 729 2611 798 potest,
2644 723 2858 780 mereri
2899 720 2969 777 de
2994 730 3255 793 congruo
3296 713 3413 786 pri-

2053 825 2212 865 mam
2262 808 2513 884 gratiam
2556 805 2968 882 justifieantem
2995 847 3010 871 ,
3059 799 3201 873 quia
3247 811 3310 853 se
3347 793 3412 851 ad

2054 891 2221 949 illam
2250 888 2639 964 recipiendam
2681 891 2982 961 praeparat,
3016 884 3110 940 vel
3134 878 3412 953 disponit.

2055 976 2125 1029 Et
2156 973 2235 1029 ita
2258 969 2672 1047 intelligendus
2697 972 2782 1025 est
2809 966 2933 1041 ipse
2960 967 3025 1021 D.
3058 962 3272 1017 Thom.
3301 959 3413 1015 loco

2055 1071 2241 1129 nuper
2280 1056 2468 1121 citato,
2515 1050 2610 1108 ubi
2640 1049 2830 1123 inquit
2863 1070 2876 1105 ε
2927 1046 3088 1120 Quod
3123 1061 3199 1100 ea:
3226 1041 3413 1097 „terito

2056 1138 2284 1208 conyrui
2302 1135 2727 1211 dicituraliquis
2749 1131 2942 1187 mereri
2961 1124 3192 1206 aliquod
3218 1122 3415 1178 bonum

2051 1237 2151 1294 per
2179 1235 2341 1291 opera
2368 1223 2530 1272 extra
2556 1215 2883 1271 charitatem
2935 1212 3112 1284 facta.
3158 1202 3420 1276 Denique

2059 1300 2366 1374 aliquando
2418 1298 2694 1355 fundatur
2741 1292 3010 1368 praedicta
3054 1288 3342 1355 decentia,
3371 1289 3421 1343 et

2058 1384 2386 1460 congruitas
2425 1382 2490 1438 in
2517 1395 2732 1447 amore,
2764 1384 2821 1437 et
2848 1375 3123 1439 amicitia,
3171 1386 3307 1446 qnae
3345 1372 3422 1424 oet

2061 1470 2214 1526 inter
2239 1467 2535 1534 meritum,
2566 1471 2625 1522 et
2650 1465 2820 1520 illum
2861 1458 3011 1534 apud
3032 1471 3207 1531 quem
3233 1467 3420 1510 mere-

2059 1557 2185 1618 tur;
2214 1568 2375 1606 amor
2411 1549 2579 1613 enim,
2604 1556 2655 1601 et
2687 1546 2942 1601 amicitia
2969 1539 3092 1610 (ait
3120 1540 3185 1592 D.
3213 1534 3418 1589 Thom.

2061 1632 2159 1688 ubi
2181 1633 2377 1706 supra)
2397 1632 2703 1687 amicorum
2729 1626 2869 1681 bona
2894 1623 3113 1696 faciunt
3140 1634 3258 1674 esse
3280 1632 3423 1672 com-

2061 1716 2278 1770 munia.
2330 1716 2495 1770 Decet
2518 1726 2675 1775 sane,
2707 1714 2771 1762 ut
2813 1704 2952 1762 dum
3000 1700 3225 1758 amicus
3267 1710 3424 1752 meus

2062 1794 2340 1867 adimplet
2372 1808 2564 1849 meam
2611 1791 2986 1849 voluntatem,
3018 1780 3200 1838 etiam
3244 1778 3314 1833 in
3341 1775 3425 1830 his

2060 1893 2184 1949 quae
2248 1875 2431 1942 debet,
2503 1870 2851 1942 adimpleam
2896 1881 2999 1940 ego
3062 1863 3423 1919 voluntatem

2063 1959 2235 2015 amici
2264 1960 2326 2014 in
2373 1957 2464 2013 his
2493 1954 2694 2017 adhuc,
2727 1966 2852 2023 quae
2879 1949 2993 2005 alia
3016 1947 3138 2020 lege
3175 1956 3301 1999 non
3326 1938 3427 1995 de-

2063 2040 2282 2097 berem.
2310 2041 2427 2095 Hac
2474 2036 2694 2094 ratione
2731 2029 2976 2104 explicat
3015 2029 3076 2082 D.
3123 2024 3338 2079 Thom.
3367 2019 3425 2075 in

2065 2119 2330 2194 praesenti
2397 2125 2508 2173 art.
2553 2117 2608 2180 6,
2652 2111 2900 2186 qualiter
2928 2104 3186 2164 homoin
3215 2102 3422 2175 gratia,

2062 2210 2118 2260 et
2160 2199 2413 2258 amicitia
2471 2198 2572 2254 Dei
2637 2193 2975 2251 constitutus
3021 2186 3203 2260 possit
3258 2181 3425 2239 alteri

2063 2282 2278 2340 mereri
2304 2280 2373 2337 de
2393 2293 2646 2353 congruo
2675 2276 2927 2348 primam
2966 2267 3238 2343 gratiam,
3271 2269 3331 2321 et
3353 2264 3428 2318 ita

2064 2363 2254 2437 inquit
2282 2383 2294 2417 t
2326 2360 2473 2434 Quia
2507 2360 2652 2414 enim
2673 2357 2831 2411 homo
2860 2355 2918 2408 in
2941 2351 3128 2423 qratia
3154 2347 3428 2403 constitu-

2065 2457 2153 2504 tus
2197 2446 2460 2518 adimplet
2506 2444 2607 2500 Dei
2643 2439 2995 2500 voluntatem,
3022 2434 3425 2502 conymumest

2063 2529 2358 2587 secundum
2402 2525 2658 2581 amicitias
2695 2519 3121 2595 proportionem,
3171 2517 3237 2566 ut
3285 2509 3429 2567 Inus

2065 2612 2291 2685 impleat
2340 2608 2582 2663 hominis
2626 2605 2961 2661 voluntatem
3003 2599 3066 2652 in
3115 2593 3425 2650 salvatione

2065 2693 2319 2747 alteria&

2150 2774 2235 2828 10.
2259 2768 2515 2827 Secundo
2536 2765 2796 2829 observa,
2816 2759 2965 2836 quod
2985 2756 3120 2831 quia
3145 2754 3423 2811 meritum
3435 2767 3538 2813 aaa}
3577 2792 3578 2795 η

2067 2857 2220 2910 tenet
2248 2868 2307 2910 se
2333 2867 2404 2908 ex
2427 2852 2586 2924 parte
2612 2843 2890 2902 merentis
2916 2845 2979 2896 ut
3000 2832 3220 2909 aliquid
3242 2831 3420 2896 illins,

2067 2940 2122 2991 et
2150 2935 2212 2990 in
2232 2949 2300 2990 eo
2328 2933 2674 3004 importatur
2691 2927 2786 3000 jus
2807 2922 2876 2980 ad
2908 2919 3234 2995 praemium‚
3269 2929 3428 2989 opor·

2066 3020 2148 3072 tet
2174 3013 2245 3071 ad
2273 3013 2396 3074 hoc,
2423 3018 2486 3067 ut
2508 3007 2724 3082 aliquid
2751 3004 3000 3079 proprie,
3032 3005 3086 3057 et
3114 2998 3425 3054 intrinsece

2069 3098 2342 3154 meritum
2365 3095 2455 3160 sit,
2488 3091 2636 3167 quod
2657 3107 2730 3148 ex
2752 3094 2911 3162 parte
2941 3085 3121 3158 ipsius
3151 3076 3427 3138 merentis

2070 3177 2216 3234 adsit
2238 3173 2466 3248 aliquod
2483 3173 2633 3248 juris
2653 3185 2832 3246 genus
2854 3165 3044 3224 eidem
3073 3161 3287 3219 merito
3311 3171 3431 3232 pro-

2072 3258 2400 3334 portionati,
2448 3257 2526 3312 ita
2572 3254 2705 3311 utsi
2736 3251 3011 3308 meritum
3060 3243 3238 3301 fuerit
3267 3239 3428 3297 abso-

2069 3343 2204 3405 lute,
2237 3344 2293 3396 et
2318 3337 2661 3411 simpliciter
2688 3335 2821 3401 tale,
2847 3330 3015 3404 quale
3041 3332 3126 3385 est
3152 3322 3428 3380 meritum

2069 3420 2358 3494 condigni,
2406 3420 2499 3494 J'us
2543 3416 2720 3475 etiam
2765 3414 2841 3469 sit
2895 3412 3009 3468 tale
3060 3403 3427 3479 simpliciter,

2069 3510 2236 3576 atque
2287 3502 2428 3559 adeo
2465 3517 2535 3558 ex
2576 3498 2843 3574 justitia:
2888 3496 2937 3551 si
2985 3507 3124 3549 vero
3152 3488 3429 3545 meritum

2069 3584 2244 3641 fuerit
2284 3584 2396 3640 tale
2425 3580 2774 3655 imperfecte,
2807 3583 2863 3635 et
2896 3576 3085 3632 solum
3112 3566 3430 3628 secundum

2068 3663 2224 3738 quid,
2272 3663 2365 3737 jus
2404 3662 2578 3718 etiam
2607 3660 2682 3714 sit
2709 3659 2822 3715 tale
2848 3652 3161 3713 secundum
3191 3646 3351 3722 quid,
3377 3649 3431 3702 et

2071 3744 2419 3819 imperfecte,
2452 3743 2620 3816 quale
2645 3746 2731 3798 est
2771 3740 2864 3813 jus
2891 3754 2962 3794 ex
2988 3732 3247 3793 decentia
3291 3729 3432 3785 fun-

2070 3828 2202 3884 data
2240 3827 2302 3882 in
2349 3824 2621 3881 amicitia.
2656 3823 3012 3895 Quapropter
3053 3814 3150 3871 ubi
3198 3811 3430 3868 nullum

2065 3909 2159 3983 jus
2196 3924 2257 3965 se
2291 3910 2444 3964 tenet
2465 3922 2537 3962 ex
2567 3909 2724 3977 parte
2753 3900 3050 3963 merentis,
3075 3895 3172 3953 sed
3200 3891 3433 3967 praecise

2071 4008 2140 4048 ex
2172 3995 2332 4063 parte
2362 3983 2752 4049 retribuentiS,
2785 3987 2842 4039 et
2880 3980 3157 4037 fundatur
3201 3975 3266 4030 in
3309 3972 3434 4028 sola

2071 4075 2191 4147 ejus
2219 4071 2492 4136 bonitate,
2527 4067 2892 4130 liberalitate,
2920 4068 3018 4119 aut
3043 4062 3216 4119 etiam
3239 4054 3432 4112 fideli-

2072 4160 2221 4221 tate,
2279 4152 2359 4210 ibi
2435 4152 2599 4208 nulla
2642 4154 2822 4223 potest
2866 4162 2990 4204 esse
3040 4144 3187 4200 ratio
3231 4135 3428 4195 meriti

2074 4234 2304 4309 proprie
2328 4231 2484 4297 dicti,
2521 4230 2707 4288 adhuc
2743 4228 3095 4304 imperfecte,
3131 4228 3186 4280 et
3222 4232 3428 4277 secun-

2071 4316 2208 4373 dum
2231 4313 2368 4389 quid
2392 4314 2545 4369 talis.
2570 4314 2640 4367 Et
2663 4313 2807 4368 ratio
2833 4315 2918 4368 est
2939 4305 3263 4368 manifesta,
3294 4301 3432 4374 quia

2073 4400 2350 4457 meritum
2381 4397 2614 4470 proprie
2643 4395 2856 4451 dictum
2887 4390 3024 4448 dicit
3050 4388 3431 4446 intrinsecum

2073 4480 2341 4540 ordinem
2369 4479 2439 4536 ad
2471 4479 2776 4552 praemium
2803 4474 2908 4532 sub
2933 4473 3156 4531 ratione
3184 4465 3430 4542 praemii,

2073 4568 2130 4619 et
2175 4561 2245 4618 ad
2296 4565 2815 4622 remuneratorem,
2848 4561 2903 4614 et
2930 4553 3001 4611 ad
3049 4562 3443 4608 remuneran-

2074 4649 2210 4706 tem,
2262 4646 2541 4713 quatenus
2586 4640 2727 4695 talia
2770 4642 2905 4693 sunt
2954 4655 2966 4686 :
3009 4632 3108 4689 ubi
3135 4636 3323 4687 autem
3363 4643 3439 4684 ex

2078 4727 2236 4797 parte
2265 4723 2542 4778 merentis
2572 4737 2688 4779 non
2718 4719 2875 4776 adest
2895 4715 3124 4790 aliquod
3158 4715 3269 4788 jus,
3314 4726 3438 4768 non

2077 4806 2260 4877 potest
2289 4803 2526 4870 bonum,
2559 4801 2706 4875 quod
2730 4801 2782 4857 ei
2808 4815 2839 4856 a
2863 4800 3272 4855 remunerante
3295 4807 3438 4849 con-

2077 4887 2280 4952 fertur,
2332 4885 2544 4942 habere
2606 4883 2887 4940 rationem
2936 4880 3181 4954 praemii,
3213 4875 3311 4933 sed
3355 4881 3443 4932 est

2079 4982 2328 5032 merum,
2373 4970 2427 5021 et
2460 4964 2778 5038 gratuitum
2821 4960 3183 5024 beneficium,
3208 4958 3446 5032 ejusque

2080 5046 2386 5104 retributio
2415 5061 2532 5103 non
2555 5051 2639 5103 est
2667 5043 3059 5102 remuneratio
3085 5041 3257 5114 (nihil
3281 5037 3447 5095 enim

2080 5129 2162 5186 ibi
2208 5134 2310 5197 est,
2344 5128 2493 5202 quod
2544 5129 2986 5201 remuneretur)
3029 5125 3128 5183 sed
3181 5119 3445 5205 liberalis

3174 5209 3441 5259 ommno,
