3647 5753
67 670 250 719 ejusdem

67 720 263 764 authoris

68 2320 239 2365 Beleni·

70 2376 258 2471 Ritssarl'da.

1409 428 1587 483 DISP.
1641 427 1740 496 111,
1783 427 1951 481 DUB.
1994 427 2090 482 111.
2926 434 2931 437 “
3032 422 3147 477 350

82 621 237 664 ultima
274 606 533 662 Authore
558 622 712 662 num.
745 606 836 673 26,
870 601 1212 676 respondeas
1253 603 1439 666 tertio,
1474 601 1643 656 illum

276 702 394 743 non
422 686 744 751 intendere,
777 684 928 758 quod
971 689 1259 757 peccatum
1300 683 1538 747 actuale,
1588 685 1646 737 et

75 780 245 862 “{fiffn‘
272 768 457 842 gratia
482 769 800 825 coexistunt
823 767 999 823 simul
1029 767 1093 823 in
1135 767 1328 839 aliquo
1366 763 1645 836 temporis

276 850 533 916 instanti,
564 864 665 922 per
676 847 827 921 quod
850 847 1160 904 intrinsece
1185 849 1598 903 mensurentur
1623 866 1639 910 3

273 930 372 988 sed
404 929 477 987 ad
521 945 639 985 suae
663 929 958 1002 opinionis
984 927 1322 985 firmitatem
1364 925 1636 992 sufficere,

271 1011 419 1085 quod
434 1011 749 1068 coexistant
777 1013 840 1068 in
861 1011 1057 1083 aliquo
1080 1010 1341 1075 instanti,
1364 1007 1639 1080 velsigno

277 1097 495 1149 naturae
518 1091 700 1164 :quod
715 1092 796 1148 sic
816 1090 1070 1148 accidere
1097 1106 1200 1163 pro
1220 1093 1512 1161 comperto
1534 1088 1639 1143 ha-

273 1171 383 1229 bet.
415 1175 558 1228 Cum
587 1173 748 1229 enim
795 1177 1085 1245 peccatum
1114 1170 1335 1226 actuale
1362 1170 1438 1226 sit
1476 1169 1639 1241 prius

274 1253 575 1325 prioritate
618 1253 990 1321 causalitatis,
1023 1268 1196 1325 quam
1224 1250 1483 1323 expulsio
1503 1264 1638 1323 gra-

275 1332 387 1399 tiae,
408 1334 791 1390 necessarium
819 1339 922 1401 est,
947 1331 1097 1405 quod
1137 1331 1303 1386 illam
1343 1330 1639 1402 expulsio-

277 1429 412 1471 nem
466 1429 570 1486 pro
633 1414 825 1485 aliquo
871 1414 1037 1487 signo
1082 1412 1372 1485 praecedat,
1418 1412 1482 1466 in
1527 1427 1639 1483 quo

277 1493 520 1567 proinde
545 1495 709 1569 signo
741 1496 891 1564 (cum
933 1509 1050 1549 non
1076 1494 1150 1549 sit
1176 1492 1359 1549 adhuc
1378 1492 1639 1563 expulsio

273 1576 495 1650 gratias)
520 1592 660 1648 opus
685 1581 770 1633 est
795 1576 943 1648 quod
991 1576 1112 1648 ipsa
1138 1574 1322 1649 gratia
1352 1574 1634 1646 persistat.

274 1657 664 1713 Authoritates
680 1662 869 1713 autern
891 1674 953 1712 su
963 1673 1063 1729 pra
1082 1657 1292 1716 relatae,
1311 1661 1430 1711 esto
1449 1655 1639 1712 exclu-

273 1737 411 1795 dant
431 1738 862 1795 coexistentiam
886 1739 1096 1812 gratim,
1116 1742 1170 1793 et
1195 1736 1497 1811 cujuslibet
1520 1750 1640 1805 pec-

271 1819 378 1875 cati
409 1819 674 1875 mortalis
697 1834 799 1889 pro
821 1820 980 1873 omni
1004 1818 1305 1874 duratione
1323 1817 1483 1881 reali,
1516 1815 1639 1871 sive

273 1902 654 1963 instantanea.
686 1901 809 1956 sive
836 1900 1150 1955 successiva
1180 1921 1193 1956 ε
1229 1900 1392 1955 illam
1440 1904 1637 1955 tamen

275 1983 519 2041 minime
538 1982 853 2039 excludunt
877 1999 978 2054 pro
1000 1982 1193 2053 aliquo
1208 1981 1372 2056 signo
1394 1985 1632 2049 naturae,

274 2067 328 2121 et
348 2062 584 2118 instanti
610 2062 999 2135 metaphysico
1025 2084 1038 2127 ;
1069 2063 1280 2133 quippe
1300 2077 1430 2115 curn
1453 2061 1638 2133 Scrip-

275 2147 422 2208 tura,
452 2148 509 2198 et
554 2142 812 2199 Concilia
841 2142 941 2197 has
993 2142 1407 2215 metaphysicas
1445 2143 1637 2198 consi-

275 2222 595 2281 derationes
621 2239 739 2280 non
771 2224 1093 2295 respiciant.

349 2307 494 2371 Non,
522 2306 781 2377 inquam,
818 2304 991 2359 refert
1032 2304 1148 2359 haec
1175 2304 1487 2375 responsio,
1537 2304 1635 2361 sed

276 2384 414 2442 adeo
442 2392 636 2459 aperte
665 2386 920 2458 implicat
949 2386 1010 2441 in
1041 2385 1329 2451 terminiS,
1375 2390 1437 2440 ut
1463 2384 1532 2442 de
1568 2402 1637 2443 ea

277 2464 490 2520 dixerit
537 2464 778 2537 Ripalda
818 2464 915 2521 ubi
960 2482 1135 2537 supra
1181 2484 1239 2521 n.
1296 2467 1415 2531 126,
1463 2465 1637 2521 fuisse

276 2549 469 2619 ‚qravis
491 2550 700 2619 peccati
722 2549 1010 2620 pessimam
1037 2548 1486 2604 emendationem.
1528 2546 1634 2605 Sed

282 2627 458 2686 verba
497 2628 830 2694 omittendo,
884 2631 1167 2686 refellitur
1201 2651 1214 2685 ε
1255 2631 1528 2702 quoniam
1569 2646 1635 2686 ea

274 2727 400 2783 quae
450 2716 584 2767 sunt
633 2712 806 2767 simul
861 2719 1084 2777 natura,
1141 2729 1175 2769 a
1228 2712 1453 2769 fortiori
1501 2718 1635 2768 sunt

216 2843 219 2845 a
273 2792 447 2847 simul
472 2791 774 2848 duratione
802 2793 963 2859 reali,
995 2809 1061 2849 eo
1081 2792 1229 2866 quod
1269 2793 1541 2860 strictior,
1573 2809 1636 2849 ac

274 2874 688 2932 indivisibilior
733 2881 815 2932 est
843 2876 1130 2932 simultas
1178 2881 1414 2942 naturae,
1459 2893 1632 2948 quam

270 2957 533 3012 simultas
554 2954 877 3013 durationis
902 2981 916 3023 ;
946 2957 1144 3014 omnia
1171 2957 1330 3012 enim
1353 2972 1477 3030 quas
1501 2963 1634 3013 sunt

213 3067 216 3070 ·
271 3038 447 3093 simul
469 3043 695 3104 natura,
723 3043 857 3094 sunt
883 3039 1059 3093 simul
1081 3037 1401 3104 duratione,
1434 3043 1489 3095 et
1516 3054 1632 3096 non

270 3135 303 3176 e
341 3135 633 3185 converso,
666 3125 728 3175 ut
756 3119 934 3192 liquet
961 3137 1031 3176 ex
1058 3119 1464 3176 communibus
1492 3121 1635 3177 Phi-

273 3198 545 3271 losophiae
574 3199 911 3271 principiis:
941 3215 1075 3272 ergo
1096 3199 1144 3253 si
1172 3206 1459 3271 peccatum
1482 3216 1633 3257 mor-

271 3279 400 3344 tale,
425 3283 480 3334 et
524 3279 709 3353 gratia
738 3294 855 3334 non
900 3279 1220 3334 coexistunt
1262 3278 1333 3336 de
1384 3279 1529 3337 facto
1563 3281 1632 3350 in

271 3358 462 3429 aliqua
489 3357 790 3414 duratione
813 3357 974 3424 reali,
1005 3363 1063 3414 et
1088 3358 1193 3415 hoc
1217 3359 1492 3415 evincunt
1517 3364 1632 3416 tes-

272 3439 514 3495 timonia
560 3454 594 3494 a
638 3438 804 3494 nobis
850 3437 1106 3504 adducta,
1159 3455 1275 3496 non
1316 3440 1635 3496 coexistunt

268 3520 444 3575 simul
465 3519 536 3576 de
563 3519 707 3576 facto
730 3520 790 3575 in
812 3519 1005 3592 aliquo
1042 3520 1300 3589 instanti,
1336 3523 1425 3578 vel
1468 3523 1633 3595 signo

271 3606 493 3657 naturae
524 3622 538 3666 ;
566 3605 623 3655 et
643 3600 748 3655 hoc
767 3599 942 3655 etiam
970 3601 1260 3658 evincitur
1280 3602 1496 3658 eisdem
1526 3609 1633 3659 tes-

271 3679 554 3736 timoniis.
605 3679 822 3735 Deinde
848 3695 913 3736 ea
966 3681 1256 3752 pertinent
1290 3681 1359 3737 ad
1400 3682 1630 3754 aliquod

268 3760 496 3834 signum
517 3764 755 3825 naturae,
784 3776 906 3831 quae
935 3760 995 3814 in
1018 3760 1208 3833 aliquo
1235 3761 1503 3817 causandi
1531 3778 1632 3836 ge·-

271 3855 408 3896 nere
433 3845 844 3912 comparantur
888 3856 986 3912 per
1027 3841 1261 3898 modum
1309 3858 1507 3908 causas,
1539 3844 1630 3899 vel

269 3934 369 3990 per
390 3918 626 3975 modum
649 3920 1049 3992 comprincipii
1075 3920 1143 3975 ad
1185 3922 1436 3995 aliquem
1464 3921 1631 3978 ellec-

269 4007 389 4056 tum
416 4023 429 4056 ε
455 4000 553 4056 sed
576 4007 636 4056 ut
653 4006 940 4073 peccatum
963 4005 1181 4059 actuale
1207 4009 1397 4059 causet
1423 4005 1630 4076 expul-

266 4082 489 4138 sionem
537 4084 754 4155 gratiae,
818 4090 875 4140 et
928 4082 996 4140 ad
1036 4101 1165 4142 earn
1230 4086 1628 4157 expulsionem

195 4169 196 4172 ’
270 4168 762 4240 praaesupponatur,
797 4180 937 4235 opus
984 4180 1099 4220 non
1125 4169 1230 4231 est,
1263 4164 1412 4236 quod
1446 4164 1629 4239 gratia

268 4240 444 4296 simul
472 4242 542 4298 ad
578 4244 761 4315 ipsam
790 4243 1189 4316 expulsionem
1216 4250 1537 4310 concurrat,
1570 4249 1631 4299 ut

267 4321 406 4377 satis
439 4338 510 4379 ex
549 4339 610 4379 se
636 4324 815 4397 liquet
837 4348 851 4391 ;
873 4323 970 4380 sed
998 4324 1201 4380 sufficit
1230 4325 1377 4398 quod
1419 4326 1630 4382 imme-

267 4402 421 4459 diate
447 4409 614 4461 antea
637 4405 699 4460 in
727 4404 977 4478 subjecto
1005 4407 1313 4478 praefuerit,
1343 4414 1404 4464 ut
1424 4407 1630 4464 induc·

268 4484 384 4540 tive
407 4489 587 4556 potest
607 4485 828 4543 ostendi
861 4486 923 4540 in
950 4486 1219 4543 omnibus
1247 4489 1378 4544 aliis
1402 4488 1624 4554 formis,

263 4581 388 4639 quae
417 4581 450 4622 a
474 4565 725 4640 subjecto
743 4567 1113 4639 expelluntur
1147 4589 1159 4622 :
1189 4583 1325 4641 ergo
1351 4569 1555 4643 gratia,
1575 4575 1630 4626 et

264 4653 551 4720 peccatum
572 4649 790 4704 actuale
813 4664 928 4705 non
956 4654 1090 4703 sunt
1128 4649 1306 4705 simul
1350 4651 1412 4704 in
1441 4651 1631 4724 aliquo

262 4728 522 4790 instanti.
573 4728 669 4783 vel
706 4728 870 4802 signo
917 4735 1140 4785 naturae
1171 4753 1185 4796 ;
1214 4729 1311 4785 sed
1342 4731 1527 4803 potius
1566 4732 1630 4788 in

261 4807 460 4865 eodem
483 4809 670 4882 signe,
719 4808 779 4862 in
806 4824 917 4880 quo
944 4814 1029 4864 est
1075 4815 1360 4881 peccatum
1389 4811 1626 4879 actuale,

260 4892 345 4944 est
369 4888 652 4961 expulsio,
679 4902 776 4942 seu
806 4888 1051 4958 privatio
1066 4890 1265 4962 gratiae
1290 4908 1302 4942 :
1341 4888 1486 4945 illud
1511 4891 1634 4963 qui-

259 4966 391 5023 dem
422 4985 523 5042 per
551 4966 791 5023 modum
811 4983 1009 5034 causas,
1028 4975 1079 5024 et
1101 4974 1158 5023 ut
1202 4968 1590 5041 independens
1614 4994 1628 5037 3

259 5050 382 5107 haec
403 5065 542 5106 vero
573 5053 634 5103 ut
655 5046 1006 5118 dependens,
1039 5054 1094 5104 et
1139 5064 1240 5120 per
1280 5048 1514 5105 modum
1541 5050 1630 5106 ef·-

3108 422 3138 437 μ

1777 598 1973 656 sectus,
2004 599 2288 656 Motivum
2311 601 2502 655 autem
2553 598 2743 653 Lorcae
2781 595 2842 650 in
2873 593 2976 649 hac
3016 607 3140 650 res-

1777 680 2054 753 ponsione
2076 680 2435 737 insinuatum
2464 683 2549 734 est
2568 678 2707 734 satis
2726 678 2871 743 leve,
2898 680 2961 730 ut
2983 674 3140 730 infra

1776 760 1960 834 magis
1985 760 2282 818 constabit.

2379 940 2411 1006 g
2451 939 2519 993 11.

1774 1085 2166 1145 Commtmitur
2218 1084 2405 1141 eadem
2461 1085 2690 1140 assertio
2746 1080 2953 1138 duobus
3005 1079 3139 1135 aliis

2336 1166 2576 1220 motivis

1847 1323 1939 1377 81.
1985 1318 2242 1378 Secundo
2268 1317 2544 1391 probatur
2565 1321 2775 1384 nostra,
2800 1320 2856 1372 et
2876 1328 3137 1371 commu·
3179 1339 3309 1398 Qud

1772 1402 1864 1458 nis
1889 1400 2174 1458 sententia
2196 1404 2535 1475 argumento
2560 1397 2862 1470 desumpto
2885 1411 2956 1452 ex
2984 1394 3138 1451 testi·
3152 1394 3350 1483 mffigff

1771 1483 1990 1540 moniis
2013 1486 2046 1552 ἓ
2099 1480 2438 1556 praecedenti
2496 1480 2710 1546 relatiS,
2766 1478 2916 1551 quod
2958 1482 3137 1550 potest
3182 1498 3249 1546 em
3266 1499 3333 1532 as·

1769 1563 1851 1620 sic
1877 1563 2121 1620 formari
2150 1580 2163 1615 :
2194 1577 2333 1619 nam
2359 1576 2428 1617 ea
2446 1576 2572 1634 quas
2599 1558 2812 1617 habent
2833 1557 3137 1632 praedicata
3150 1542 3346 1582 ⁵⁰¹¹¹⁰¹¹⁰‘

1770 1643 2044 1716 opposita,
2094 1647 2152 1700 et
2186 1660 2247 1701 se
2298 1643 2547 1700 invicem
2588 1640 2969 1705 excludentia‚
3016 1653 3135 1694 non

1768 1724 2199 1798 conjunguntur
2217 1723 2286 1779 de
2314 1723 2480 1790 facto,
2508 1728 2565 1778 et
2590 1720 2905 1778 secundum
2935 1719 3135 1792 provi-

1770 1805 2408 1863 dentiamcommunem
2433 1806 2497 1861 in
2539 1802 2731 1876 aliquo
2773 1801 3043 1875 subjecto,
3070 1817 3139 1859 eo

1769 1886 1920 1959 quod
1968 1885 2333 1958 providentia
2390 1884 2715 1941 communis
2759 1881 3016 1955 disponit
3067 1880 3138 1936 de

1773 1966 1943 2023 rebus
1964 1967 2131 2039 juxta
2175 1980 2378 2022 earum
2416 1965 2785 2039 exigentiam,
2840 1968 2898 2020 et
2937 1961 3137 2019 condi-

1770 2048 1988 2105 tionem
2035 2068 2049 2102 :
2090 2047 2188 2104 sed
2218 2052 2504 2119 peccatum
2534 2048 2778 2102 mortale
2813 2044 3048 2111 actuale,
3081 2049 3138 2099 et

1768 2127 1956 2202 gratia
1976 2125 2336 2183 sanctificans
2348 2125 2560 2182 habent
2578 2124 2843 2198 praedicta
2857 2122 3130 2197 opposita,

1768 2214 1828 2265 et
1852 2223 1912 2263 se
1940 2207 2190 2263 invicem
2219 2206 2581 2263 excludentia
2627 2227 2639 2260 :
2688 2220 2821 2278 ergo
2851 2218 2969 2259 non
2994 2216 3133 2258 con-

1763 2289 2090 2363 junguntur
2115 2287 2186 2344 de
2213 2287 2377 2354 facto,
2408 2293 2464 2344 et
2484 2284 2795 2343 secundum
2821 2282 3134 2357 providen-

1770 2370 1912 2426 tiam
1932 2384 2300 2426 communem
2318 2370 2380 2424 in
2402 2369 2592 2441 aliquo
2613 2368 2885 2441 subjecto.
2917 2367 3133 2421 Caetera

1767 2455 2050 2506 constant.
2094 2452 2163 2505 Et
2218 2449 2430 2515 minor,
2484 2450 2545 2505 in
2591 2465 2703 2521 qua
2749 2448 2870 2503 sola
2917 2449 3136 2518 poterat

1767 2545 1891 2587 esse
1917 2528 2235 2595 difficultas,
2278 2530 2417 2585 satis
2446 2529 2660 2600 liquet:
2703 2526 2978 2600 quoniam
3032 2539 3134 2596 per

1766 2610 2015 2685 gratiam
2038 2610 2317 2667 efficimur
2344 2610 2545 2676 sancti,
2584 2615 2638 2666 et
2660 2608 2798 2682 justi
2831 2631 2845 2673 ;
2879 2621 2980 2679 per
3002 2620 3132 2676 pec-

1767 2692 2203 2765 catuminjusti,
2230 2696 2289 2748 et
2329 2695 2691 2763 peccatores:
2735 2705 2837 2763 per
2882 2687 3133 2763 gratiam
3216 2736 3220 2741 .

1769 2788 2179 2848 regeneramur
2220 2772 2282 2827 in
2323 2772 2471 2829 filios
2511 2771 2611 2829 Dei
2644 2794 2658 2838 ;
2702 2787 2802 2843 per
2842 2773 3134 2842 peccatum

1766 2855 2172 2913 constituimur
2216 2854 2391 2922 servi,
2434 2857 2493 2912 et
2542 2852 2650 2910 filii
2697 2851 2912 2910 diaboli
2970 2872 2983 2909 :
3031 2867 3134 2926 per

1765 2937 2012 3011 gratiam
2032 2935 2439 3002 emundamur,
2465 2940 2520 2992 et
2547 2950 2822 2990 sanamur
2848 2957 2863 3001 ;
2889 2949 2990 3006 per
3013 2948 3135 3006 pec·

1764 3022 1956 3073 catum
1985 3019 2367 3084 maculamur,
2399 3021 2456 3072 et
2497 3016 2919 3090 languescimus
2968 3035 2980 3069 :
3029 3029 3131 3087 per

1764 3099 2013 3173 gratiam
2060 3098 2317 3154 vivimus
2356 3097 2477 3153 vita
2513 3096 2941 3170 supernaturali
2965 3114 2979 3157 3
3032 3110 3133 3168 per

1767 3184 2057 3253 peccatum
2090 3181 2397 3246 morimur,
2430 3184 2487 3236 et
2516 3179 2784 3253 praedicta
2809 3178 2927 3235 vita
2954 3177 3135 3235 desti-

1768 3261 1990 3315 tuimur
2017 3278 2031 3313 z
2080 3276 2183 3333 per
2217 3260 2467 3333 gratiam
2496 3258 2769 3316 habemus
2791 3259 2884 3332 J'us
2911 3257 2982 3313 ad
3007 3259 3134 3332 glo-

1768 3341 1938 3408 riam,
1960 3356 2063 3414 per
2078 3346 2366 3413 peccatum
2383 3337 2712 3413 obligamur
2728 3355 2911 3411 poenae
2931 3337 3131 3395 damni

1763 3438 1891 3494 qua.»
1920 3423 1982 3478 in
2025 3422 2352 3494 privatione
2380 3418 2658 3493 praedictas
2683 3421 2884 3493 gloriae
2911 3420 3132 3475 consis-

1766 3504 1852 3559 tit.
1885 3502 1990 3559 Sed
2021 3503 2140 3560 haec
2180 3502 2486 3575 praedicata
2511 3505 2647 3556 sunt
2672 3501 2809 3557 satis
2849 3501 3128 3573 opposita,

1764 3590 1821 3642 et
1844 3599 1904 3640 se
1932 3584 2183 3640 invicem
2205 3582 2587 3647 excludentia,
2614 3584 2676 3637 ut
2699 3582 2837 3638 satis
2876 3598 2948 3638 ex
2991 3582 3130 3654 ipsis

1765 3667 2034 3724 terminis
2089 3667 2305 3739 liquet:
2347 3682 2481 3740 ergo
2512 3666 2719 3739 gratia,
2751 3669 2806 3721 et
2840 3671 3127 3736 peccatum

1765 3747 1976 3804 habent
2013 3746 2316 3820 praedicata
2366 3746 2643 3818 opposita,
2689 3749 2746 3801 et
2778 3759 2838 3800 se
2877 3744 3128 3802 invicem

1763 3826 2141 3885 excludentia.
2175 3827 2667 3899 Recolanturquae
2685 3824 2859 3897 supi-a
2895 3825 3036 3897 disp.
3077 3829 3120 3891 l,

1763 3909 1891 3976 dub.
1916 3910 1970 3975 2,
2001 3906 2258 3963 diximus
2274 3910 2472 3963 contra
2494 3904 2789 3962 haereticos
2813 3910 3130 3963 asserentes

1763 3990 1828 4045 in
1869 3987 2276 4063 justificatione
2316 3991 2538 4060 peccata
2580 4002 2698 4044 non
2739 3985 2979 4052 destrui,
3029 3986 3127 4042 sed

1762 4071 1979 4144 operiri
2009 4096 2022 4138 ;
2052 4086 2189 4128 nam
2237 4073 2574 4142 praesentem
2624 4068 2944 4127 doctrinam
2992 4070 3129 4124 satis

1762 4151 2131 4210 confirmant.
2256 4205 2261 4210 .

1836 4237 1928 4292 82.
1975 4236 2118 4291 Huic
2153 4239 2491 4308 argumento
2537 4234 2783 4290 occurrit
2825 4235 3001 4290 Lorca
3023 4248 3127 4290 ne-
3184 4247 3289 4305 ntru-

1761 4317 1949 4391 gando
1969 4319 2278 4382 minorem,
2311 4316 2382 4372 ad
2407 4317 2567 4390 cujus
2583 4316 2978 4389 probationem
3004 4332 3127 4374 res·
3194 4306 3312 4389 ¹322,

1763 4398 1991 4470 pondet,
2036 4397 2304 4472 praedicta
2339 4397 2662 4470 praedicata,
2710 4402 2877 4469 prout
2916 4414 3125 4455 conve-

1763 4480 1937 4536 niunt
1957 4485 2178 4553 peccato
2218 4479 2446 4544 actuali,
2478 4484 2534 4535 et
2577 4479 2776 4553 gratim
2822 4478 3122 4547 habituali,

1763 4576 1882 4618 non
1909 4559 2121 4617 habere
2173 4559 2547 4616 sufficientem
2597 4559 3034 4631 oppositionem,
3065 4566 3130 4616 ut

1761 4658 1822 4700 se
1845 4643 2094 4699 invicem
2127 4658 2230 4715 pro
2249 4640 2504 4714 quolibet
2532 4641 2771 4697 instanti
2798 4640 3126 4708 excludant,

1761 4725 1904 4783 etin
1936 4726 2099 4781 nullo
2126 4724 2355 4781 valeant
2394 4723 2723 4780 coexistere.
2757 4724 2902 4778 Nam
2934 4739 3130 4795 pecca-

1765 4813 1889 4863 tum
1917 4807 2330 4863 actualesolum
2353 4803 2522 4862 habet
2538 4805 2639 4861 illa
2656 4804 3049 4878 praedicata,ut
3070 4808 3132 4862 in

1761 4893 1906 4960 fieri,
1949 4896 2007 4947 et
2044 4889 2593 4962 causaliter;gratia
2641 4904 2774 4946 vero
2820 4886 3130 4945 habitualis

1765 4971 1935 5029 habet
1957 4972 2064 5028 illa
2086 4969 2428 5036 formaliter,
2453 4973 2591 5027 etin
2612 4972 2758 5042 sacto
2779 4987 2887 5026 esse
2911 4988 2929 5023 .·
2948 4987 3133 5044 pecca·

1766 5058 1889 5109 tum
1921 5053 2130 5126 quippe
2158 5051 2376 5108 actuale
2414 5053 2601 5109 solum
2622 5055 2706 5108 est
2733 5051 2847 5118 via,
2880 5051 2970 5107 vel
3000 5056 3127 5108 ten-
