3647 5753
494 488 607 544 636
1206 487 1298 540 DE
1338 485 1778 550 QUIDDITATE
1817 484 2418 539 JUSTIFICATIONIS
2460 485 2665 540 IMPlI.

492 658 811 715 cundarius
846 659 910 715 in
954 673 1075 715 esse
1101 658 1251 714 entis
1276 655 1626 714 transfertur
1654 655 1717 711 in
1740 660 1861 712 ter-

494 742 724 798 minum
750 740 1100 813 primarium
1125 746 1313 797 motus
1340 761 1352 795 :
1385 739 1529 794 sicut
1549 738 1856 811 quantitaS,

492 840 620 897 quae
663 831 748 879 est
788 822 1018 880 effectus
1066 822 1442 879 secundarius
1506 819 1856 887 substantias,

492 904 685 961 induit
715 904 998 960 rationem
1035 904 1273 962 termini
1302 902 1574 976 primarii
1604 906 1860 974 respectu

493 992 684 1044 motus
705 985 1209 1059 augmentationis,

436 1067 477 1101 ‘·
566 1066 652 1121 Ad
685 1068 951 1122 ultimam
992 1065 1406 1140 respondemus
1443 1062 1706 1138 negando
1730 1079 1860 1119 ma-

299 1119 439 1211 ¹322.
486 1150 693 1224 jorem‚
727 1150 880 1220 quia,
936 1155 996 1203 ut
1028 1153 1251 1205 constat
1272 1163 1343 1203 ex
1365 1146 1637 1202 hactenus
1670 1144 1854 1209 dictis,

492 1227 787 1285 distinctio
814 1229 965 1285 inter
990 1227 1468 1303 justificationes
1453 1227 1641 1299 impii,
1658 1231 1713 1281 et
1742 1241 1860 1282 non

493 1312 664 1385 impii
694 1329 810 1369 non
832 1312 1154 1369 desumitur
1181 1325 1251 1366 ex
1280 1307 1550 1366 terminis
1577 1327 1613 1362 α
1640 1308 1855 1384 quibus,

494 1394 594 1452 sed
620 1412 691 1451 ex
719 1395 985 1451 terminis
1012 1395 1086 1448 ad
1111 1411 1244 1472 quos
1270 1393 1559 1462 hucusque
1598 1391 1862 1464 assigna—

493 1483 599 1536 tos.
631 1457 847 1535 Verum
877 1476 1109 1550 quidem
1131 1481 1233 1542 est,
1268 1475 1562 1531 multoties
1602 1473 1862 1530 diversos

493 1560 775 1617 terminos
813 1577 849 1614 a
883 1558 1082 1649 quibus
1106 1572 1362 1631 arguere,
1393 1555 1488 1611 vel
1520 1555 1740 1612 inferre
1766 1552 1860 1609 di-

493 1656 723 1697 versam
755 1641 1036 1696 rationem
1067 1638 1129 1693 in
1158 1637 1411 1695 termino
1438 1636 1512 1691 'ad
1537 1653 1713 1713 quem,
1746 1634 1862 1689 suf-

494 1721 783 1779 ficientem
827 1721 897 1778 ad
947 1720 1382 1777 terminandum
1430 1723 1618 1774 motus
1675 1718 1860 1790 specie

494 1802 806 1858 distinctos.
835 1805 903 1857 Et
930 1802 1035 1858 hac
1064 1803 1287 1859 ratione
1314 1805 1503 1855 motus
1532 1797 1601 1854 ab
1630 1797 1759 1854 albo
1796 1798 1860 1853 in

493 1882 737 1947 fuscum,
763 1888 819 1938 et
847 1898 879 1938 a
905 1882 1074 1955 nigro
1102 1880 1166 1937 in
1196 1881 1417 1936 fuscum
1442 1876 1717 1934 differunt
1737 1893 1861 1950 spe-

492 1964 576 2020 cie
600 1988 615 2031 ;
645 1964 781 2037 quia
822 1963 1045 2019 fuscum
1083 1963 1355 2019 collatum
1384 1977 1513 2016 cum
1539 1958 1668 2016 albo
1690 1957 1862 2014 habet

493 2046 777 2102 rationem
802 2045 974 2118 nigri,
996 2051 1052 2101 et
1074 2048 1474 2116 comparatum
1499 2044 1667 2116 nigro
1690 2041 1860 2098 habet

492 2127 775 2183 rationem
823 2125 939 2182 albi
965 2150 979 2192 ;
1012 2131 1066 2182 et
1094 2130 1506 2197 consequenter
1557 2122 1860 2178 subinduit

271 2211 473 2266 ncomp.
492 2208 743 2264 rationes
796 2207 1076 2273 diversaS‚
1129 2212 1190 2262 ut
1236 2206 1437 2264 docent
1467 2209 1534 2262 N.
1568 2205 1856 2278 Complut.

489 2288 611 2346 loco
657 2290 720 2345 in
738 2293 747 2309 ·’
767 2288 1080 2363 objectione
1132 2288 1319 2345 citato.
1368 2286 1580 2344 Eadem
1637 2287 1860 2342 ratione

488 2385 772 2436 ascensus,
800 2375 854 2425 et
876 2368 1177 2424 descensus
1198 2367 1473 2425 differunt
1495 2367 1699 2440 specie,
1728 2366 1861 2422 licet

487 2451 879 2506 terminentur
928 2449 996 2506 ad
1052 2448 1207 2505 idem
1257 2455 1554 2521 punctum.
1589 2446 1859 2519 Idemque

488 2530 1066 2601 proportionabiliter
1108 2529 1310 2585 accidit
1356 2531 1418 2585 in
1461 2535 1655 2586 nostro
1682 2544 1853 2594 casu;

491 2624 627 2665 nam
657 2626 724 2666 eo
753 2611 895 2683 ipso,
923 2609 1072 2682 quod
1096 2611 1382 2666 terminus
1403 2629 1438 2666 a
1461 2629 1564 2687 quo
1586 2608 1860 2682 justifica·

490 2690 669 2746 tionis
716 2694 792 2747 sit
851 2693 1099 2763 simplex
1147 2691 1395 2764 negatio,
1446 2707 1545 2746 seu
1605 2689 1856 2745 carentia

493 2771 711 2844 gratiae,
748 2772 897 2827 nihil
925 2778 1009 2828 est
1030 2788 1101 2827 ex
1131 2777 1290 2843 parte
1321 2771 1558 2826 termini
1581 2773 1656 2826 ad
1676 2789 1851 2848 quem,

487 2849 636 2922 quod
699 2851 873 2924 possit
931 2850 1277 2924 specificare,
1326 2850 1441 2906 nisi
1501 2851 1623 2925 ipsa
1669 2852 1856 2926 gratia

487 2934 805 3005 praecisive,
833 2941 886 2989 et
914 2933 1227 2990 seeundum
1250 2950 1310 2990 se
1333 2941 1600 3007 accepta:
1625 2934 1723 2991 sed
1757 2934 1855 2990 ubi

482 3028 552 3068 ex
577 3020 737 3086 parte
768 3015 1003 3069 termini
1033 3033 1068 3069 a
1091 3033 1195 3090 quo
1233 3013 1660 3088 J‘ustificationis
1684 3016 1855 3087 poni-

479 3096 577 3146 tur
599 3100 903 3166 peccatum,
921 3095 1041 3168 J‘am
1064 3111 1134 3150 ex
1158 3100 1316 3168 parte
1338 3094 1576 3149 termini
1603 3095 1678 3149 ad
1699 3112 1855 3171 quem

485 3170 642 3228 adest
671 3191 788 3230 non
826 3176 1013 3230 solum
1053 3175 1257 3249 gratia,
1290 3172 1390 3230 sed
1414 3175 1591 3230 etiam
1615 3193 1723 3229 non
1743 3190 1854 3228 esse

484 3255 715 3323 peccati,
749 3254 897 3327 quod
943 3255 1113 3313 habet
1154 3255 1439 3311 rationem
1482 3253 1639 3320 boni,
1671 3260 1725 3310 et
1760 3270 1856 3326 po-

482 3337 589 3387 test
630 3350 732 3405 per
770 3352 831 3391 se
874 3335 1119 3400 intendi.
1156 3342 1213 3392 ut
1243 3352 1419 3408 supra
1440 3335 1847 3407 explicuimus,

482 3412 816 3471 Praesertim
845 3418 980 3489 quia
1022 3417 1119 3472 ubi
1160 3417 1502 3490 suppenitur
1539 3422 1848 3488 peccatum,

483 3491 656 3566 hujus
679 3493 1004 3563 destructio,
1028 3503 1083 3554 et
1109 3499 1309 3571 gratiae
1330 3497 1698 3569 consequutio
1719 3501 1855 3551 sunt

482 3572 609 3630 duae
650 3579 998 3635 mutationes
1040 3580 1222 3636 reales
1260 3585 1665 3651 componentes
1704 3593 1854 3634 eun-

483 3652 615 3710 dem
640 3664 860 3714 motum
896 3681 908 3714 :
942 3660 1090 3732 quod
1116 3676 1232 3717 non
1261 3660 1462 3715 accidit
1499 3675 1627 3715 cum
1656 3674 1853 3730 pecca-

482 3739 609 3791 tum
664 3754 781 3795 non
829 3740 1167 3809 destruitur,
1212 3740 1310 3797 sed
1377 3740 1564 3814 gratia
1627 3744 1851 3795 tantum

482 3822 965 3880 communicatur.

294 3919 445 3978 οωεο.
566 3902 652 3957 1-2.
698 3904 960 3974 Oppones
1016 3908 1211 3960 tamen
1261 3902 1535 3959 adversus
1593 3907 1851 3957 nostram

320 3969 395 4014 ¹¹⁰·
485 3979 917 4049 resolutionem,
928 3990 984 4040 et
1005 3984 1127 4057 ejus
1150 3982 1613 4047 fundamentum,
1623 3982 1853 4039 difficile

479 4060 882 4119 testimonium
922 4068 983 4121 D.
1031 4065 1233 4121 Thom.
1273 4066 1291 4120 1
1333 4071 1486 4136 part.
1533 4072 1714 4141 φησι.
1760 4066 1848 4126 3,

480 4151 591 4199 art.
653 4144 671 4197 l
715 4145 788 4199 ad
832 4147 885 4213 3,
935 4145 1032 4202 ubi
1075 4145 1199 4202 ait:
1247 4167 1272 4198 α
1320 4144 1654 4212 Dicendum,
1703 4146 1851 4218 quod

483 4243 511 4274 α
558 4222 964 4295 praedestinari
1013 4226 1281 4283 convenit
1322 4225 1574 4299 Angelis,
1620 4226 1764 4281 sicut
1796 4232 1852 4282 et

486 4326 513 4358 α
557 4306 915 4373 hominibuS,
951 4309 1084 4366 licet
1126 4326 1420 4382 nunquam
1469 4309 1688 4366 fuerint
1734 4310 1852 4365 mi-

487 4408 515 4440 «
556 4388 691 4444 seri.
735 4392 881 4445 Nam
924 4395 1112 4446 motus
1150 4406 1267 4448 non
1309 4389 1510 4462 accipit
1543 4392 1789 4463 speciem
1818 4408 1852 4448 a

487 4490 513 4520 a
556 4470 810 4527 termino
852 4487 884 4528 a
924 4488 1052 4544 quo,
1079 4470 1177 4528 sed
1205 4488 1238 4528 a
1272 4471 1522 4528 termino
1556 4470 1625 4527 ad
1654 4488 1846 4545 quem.

485 4568 511 4600 α
556 4548 716 4605 Nihil
742 4553 900 4608 enim
952 4552 1127 4608 refert
1150 4557 1431 4625 quantum
1462 4551 1532 4608 ad
1563 4553 1850 4610 rationem

486 4650 514 4682 α
555 4625 957 4699 dealbationis
995 4639 1192 4689 utrum
1240 4633 1341 4691 ille
1386 4634 1484 4707 qui
1526 4631 1844 4701 dealbatur,

487 4731 513 4763 α
555 4710 732 4768 fuerit
762 4715 946 4789 niger,
979 4720 1076 4772 aut
1099 4714 1367 4788 palliduS,
1399 4716 1492 4772 vel
1525 4713 1754 4773 rubeuS.
1781 4718 1851 4772 Et

485 4811 512 4843 α
554 4791 832 4849 similiter
882 4794 1030 4849 nihil
1076 4793 1250 4850 refert
1292 4793 1361 4851 ad
1392 4794 1676 4851 rationem
1701 4812 1851 4869 prae-

483 4893 509 4924 «
554 4871 978 4942 destinationiS,
1006 4881 1204 4932 utrum
1234 4877 1444 4949 aliquis
1473 4875 1850 4949 praedestine-

486 4976 514 5009 c(
558 4961 654 5013 tur
682 4955 751 5012 ad
802 4958 980 5013 vitam
1034 4964 1311 5014 aeternam
1334 4975 1367 5014 a
1399 4962 1548 5013 statu
1580 4959 1844 5027 miseriae,

482 5060 510 5091 α
556 5041 650 5097 vel
690 5054 829 5095 non.
878 5059 903 5088 n
952 5040 1037 5094 Ex
1061 5037 1270 5111 quibus
1299 5039 1665 5112 perspicuum
1682 5039 1849 5097 vide-

480 5126 596 5188 tur,
617 5122 682 5176 D.
698 5121 982 5177 'rhomam
1007 5121 1279 5178 hactenus
1300 5120 1466 5178 dictis
1487 5122 1845 5179 contrarium

1992 656 2439 729 esse3quoniam
2497 657 2574 712 ita
2605 671 2665 711 se
2709 654 2879 711 habet
2926 650 3364 726 praedestinatio

1993 735 2064 792 ad
2100 738 2367 810 gloriam,
2407 738 2552 793 sicut
2583 734 2914 809 justificatio
2948 733 3017 789 ad
3057 732 3308 805 gratiam
3346 754 3359 786 :

1991 818 2090 875 sed
2140 820 2332 876 omnis
2370 817 2796 895 praedestinatio
2824 822 2908 873 est
2944 815 3202 890 ejusdem
3232 830 3359 887 spe·

1993 901 2118 969 ciei,
2145 902 2269 958 sive
2296 902 2395 958 fiat
2434 918 2467 958 a
2502 901 2758 966 miseria,
2786 901 2911 956 sive
2952 915 3089 962 non,
3125 903 3360 970 propter

1993 981 2351 1041 identitatem
2376 984 2612 1040 termini
2636 983 2711 1037 ad
2728 999 2884 1055 quem
2912 1000 2929 1034 .·
2963 995 3099 1054 ergo
3116 977 3270 1035 idem
3289 978 3362 1034 de
3617 969 3618 1052 ζ

1989 1064 2396 1138 J‘ustificatione
2423 1065 2731 1121 dicendum
2773 1068 2880 1119 est.
3617 1091 3618 1138 J

2068 1146 2463 1219 Respondetur
2491 1146 2699 1202 merito
2728 1147 2794 1200 D.
2838 1145 3044 1200 Thom.
3078 1156 3356 1205 asserere,
3376 1145 3544 1201 Bw&-
3617 1157 3618 1172 ¹

1992 1227 2141 1319 quod
2169 1227 2359 1284 omnis
2388 1227 2811 1301 praedestinatio
2837 1229 2922 1281 est
2947 1223 3201 1297 ejusdem
3226 1237 3360 1295 spe·
3378 1242 3435 1283 D
3430 1203 3534 1285 ωηο,

1993 1309 2139 1376 ciei3
2170 1310 2445 1381 quoniam
2476 1306 2874 1382 praedestinari
2897 1304 3205 1361 antevertit
3224 1319 3359 1361 om-

1993 1391 2093 1447 nia
2121 1393 2349 1457 merita,
2383 1395 2493 1448 aut
2515 1389 2814 1454 demerita,
2842 1389 2932 1443 vel
2953 1387 3221 1452 exercita,
3260 1386 3353 1441 vel

1994 1473 2254 1544 praevisa,
2288 1478 2348 1527 ut
2400 1471 2575 1528 tradit
2601 1473 2657 1525 S.
2698 1472 2899 1526 Doctor
2937 1469 3122 1523 eadem
3168 1473 3350 1543 quaest.

1992 1562 2101 1610 art.
2133 1556 2186 1621 5,
2219 1559 2276 1609 et
2315 1555 2428 1610 late
2454 1552 2752 1610 docuimus
2797 1559 2961 1606 tract.
3009 1551 3072 1604 de
3101 1549 3352 1605 Pri-adest.

1991 1637 2132 1709 disp.
2159 1637 2213 1701 9,
2244 1636 2369 1692 dub.
2403 1638 2459 1691 3.
2487 1633 2649 1690 Unde
2677 1633 2747 1689 ad
2775 1632 3169 1707 praedestinari
3198 1646 3358 1703 pror·

1992 1735 2088 1774 sus
2131 1717 2201 1774 de
2241 1718 2534 1774 materiali
2561 1732 2622 1772 se
2675 1715 2865 1777 habet.
2907 1714 3055 1787 quod
3106 1716 3225 1778 ille,
3257 1715 3358 1787 qui

1994 1799 2428 1871 praedestinatus
2468 1797 2538 1853 ab
2580 1801 2796 1853 aeterno
2826 1796 2953 1861 fuit,
2999 1799 3361 1867 supponatur

1993 1881 2058 1937 in
2089 1887 2347 1953 tempore
2375 1879 2605 1944 habere,
2639 1878 2730 1934 vel
2778 1895 2896 1935 non
2925 1875 3136 1933 habere
3177 1877 3356 1932 mise-

1995 1964 2145 2018 riam
2171 1961 2399 2033 peccati,
2434 1960 2771 2032 priusquam
2799 1956 2969 2023 dona,
3002 1961 3056 2012 et
3082 1957 3354 2031 gratiam,

1991 2059 2118 2116 quae
2135 2047 2271 2098 sunt
2287 2042 2516 2098 effectus
2536 2039 3071 2113 praedeslinationiS,
3098 2039 3357 2111 recipiat.

1993 2124 2138 2189 Quia
2165 2139 2366 2182 revera
2403 2122 2827 2195 praedestinatio
2870 2137 2902 2176 a
2931 2119 3199 2191 praedieto
3238 2126 3365 2176 ter-

1993 2206 2156 2263 mino
2184 2224 2218 2260 a
2249 2223 2352 2283 quo
2382 2204 2730 2276 praescindit,
2763 2208 2819 2259 et
2838 2201 3027 2258 solum
3058 2200 3226 2257 habet
3254 2218 3365 2274 pro

1992 2288 2245 2344 termino
2273 2304 2428 2364 aquo
2458 2303 2558 2359 per
2584 2302 2644 2341 se
2673 2284 3081 2362 indignitatem
3128 2283 3359 2356 negati-

1990 2386 2141 2434 vam,
2169 2374 2231 2424 ut
2267 2369 2476 2441 aliquis
2509 2367 2811 2425 ordinetur
2841 2365 2910 2422 ad
2951 2366 3217 2439 gloriam.
3245 2369 3363 2419 As-

1989 2451 2174 2506 seruit
2193 2453 2257 2508 D.
2303 2451 2506 2505 Thom.
2532 2455 2752 2505 motum
2805 2463 2923 2503 non
2971 2444 3362 2502 diversificari

1989 2547 2061 2587 ex
2085 2532 2339 2589 termino
2363 2550 2398 2586 α
2428 2548 2552 2608 quo,
2601 2536 2660 2585 ut
2688 2529 2998 2585 intentioni
3030 2530 3363 2601 argumenti

1989 2619 2344 2672 occurreret:
2375 2615 2510 2687 quia
2531 2629 2602 2669 ex
2623 2614 2744 2668 sola
2762 2611 3095 2668 diversitate
3118 2612 3363 2667 termini

1989 2711 2024 2749 a
2052 2713 2156 2772 quo
2180 2710 2298 2750 non
2323 2701 2472 2750 recte
2520 2693 2790 2759 infertur,
2842 2691 2989 2765 quod
3018 2698 3209 2747 motus
3235 2690 3363 2748 -de-

1990 2773 2162 2831 beant
2225 2790 2346 2831 esse
2403 2774 2590 2846 specie
2630 2772 2869 2836 diversi,
2934 2778 2993 2827 ut
3033 2775 3091 2826 S.
3148 2773 3358 2828 Doctor

1990 2856 2254 2927 exemplo
2285 2855 2596 2919 convincit,
2629 2860 2684 2911 et
2725 2870 2828 2910 nos
2855 2852 3104 2910 libenter
3147 2866 3358 2910 conce-

1988 2935 2200 2992 dimus,
2252 2938 2320 2991 Et
2348 2936 2485 2993 hinc
2522 2935 2927 2992 retunditvim
2979 2935 3353 3009 argumenti;

1990 3034 2125 3074 nam
2157 3019 2446 3074 terminus
2466 3038 2502 3074 a
2544 3037 2648 3097 quo
2678 3034 2777 3090 per
2804 3034 2865 3073 se
2893 3015 3357 3090 praedestinatio-

1988 3099 2095 3166 niS,
2123 3105 2176 3155 et
2201 3100 2377 3190 primi
2400 3100 2631 3157 effectus
2652 3099 2833 3165 illius,
2842 3114 2959 3155 non
2986 3103 3070 3153 est
3092 3096 3348 3161 miseria,

1987 3181 2079 3236 vel
2101 3180 2356 3237 carentia
2371 3181 2621 3237 miserim
2642 3185 2942 3252 exequuta,
2967 3180 3059 3234 vel
3085 3193 3240 3250 praev
3243 3177 3348 3241 isa;

1985 3259 2084 3316 sed
2116 3266 2201 3317 est
2228 3260 2543 3335 indignitas
2578 3262 2682 3317 illa
2727 3261 2991 3332 negativa
3043 3257 3348 3314 transmis-

1986 3341 2169 3397 sionis
2199 3341 2268 3398 ad
2301 3343 2570 3416 gloriam.
2597 3341 2983 3405 QuamOBrem
3008 3339 3216 3396 merito
3241 3354 3346 3394 ne-

1985 3429 2098 3497 gat,
2149 3423 2298 3495 quod
2335 3422 2865 3497 praedestinationes
2918 3423 3241 3485 hominum,
3292 3426 3346 3474 et

1985 3505 2340 3577 Angelorum
2371 3504 2509 3568 sint,
2551 3502 2881 3560 formaliter
2910 3499 3211 3575 loquendo,
3254 3498 3346 3554 di-

1987 3599 2167 3640 versae
2205 3584 2465 3639 rationis.
2511 3585 2679 3639 Secus
2725 3581 2926 3639 accidit
2967 3583 3029 3637 in
3073 3577 3349 3654 justifica-

1988 3665 2170 3731 tione;
2207 3664 2324 3720 haec
2345 3664 2554 3737 quippe
2567 3670 2650 3719 est
2663 3663 3067 3720 transmutatio
3080 3661 3343 3723 exercita.

1987 3747 2320 3813 intrinseca,
2347 3752 2403 3802 et
2423 3745 2492 3803 ad
2521 3748 2839 3802 terminum
2865 3747 3272 3805 intrinsecum;
3292 3750 3349 3799 et

1988 3827 2262 3899 importat
2290 3842 2390 3899 per
2416 3842 2477 3883 se
2520 3827 2920 3883 remissionem
2950 3826 3148 3899 culpae,
3181 3824 3228 3880 si
3271 3823 3346 3879 il-

1987 3908 2104 3964 lam
2136 3908 2200 3963 in
2227 3908 2476 3982 subjecto
2503 3914 2804 3982 supponat.
2838 3908 3003 3965 Unde
3032 3906 3101 3964 ad
3136 3902 3348 3980 justifi-

1985 3989 2272 4045 cationem
2301 4005 2419 4045 non
2446 4005 2506 4045 se
2549 3989 2718 4046 habet
2748 4005 2848 4062 per
2877 3987 3156 4053 accidenS,
3202 3984 3352 4058 quod

1984 4071 2151 4142 culpa
2182 4072 2529 4136 remittatur,
2569 4071 2662 4126 vel
2693 4085 2828 4126 non.
2880 4068 2990 4125 Sed
3045 4068 3139 4124 ubi
3186 4067 3353 4140 culpa

1988 4150 2465 4224 praesupponitur,
2522 4149 2692 4207 habet
2743 4151 3028 4206 rationem
3084 4157 3272 4204 motus
3317 4163 3354 4204 a

1985 4233 2233 4305 simplici
2259 4232 2577 4289 mutatione
2599 4230 2853 4289 distincti
2877 4256 2890 4298 ;
2917 4237 2974 4289 et
2996 4232 3230 4302 insuper
3259 4234 3350 4285 at-
3549 3248 3619 4267 ’ί

1986 4313 2158 4386 tingit
2179 4313 2497 4368 terminum
2519 4312 2705 4383 specie
2726 4313 3023 4369 diversum
3049 4327 3081 4366 a
3096 4309 3352 4366 termino

1979 4391 2402 4467 justificationis
2468 4409 2594 4465 quae
2642 4401 2724 4449 est
2773 4392 3017 4449 mutatio
3074 4390 3325 4464 simplex
3555 4376 3572 4403 '⁴

1985 4472 2318 4529 Praese‘rtim
2346 4490 2477 4529 cum
2504 4474 2790 4529 terminus
2812 4475 2886 4528 ad
2920 4490 3075 4549 quem
3100 4470 3351 4544 praedes-

1986 4554 2285 4611 tinationis
2311 4554 2387 4609 sit
2406 4555 2529 4611 sola
2548 4555 2752 4628 gloria,
2780 4570 2898 4611 non
2922 4560 3112 4610 autem
3135 4552 3350 4608 remis-

1982 4639 2067 4694 sio
2089 4637 2285 4710 culpae,
2313 4653 2346 4692 a
2367 4638 2525 4711 cujus
2553 4636 3061 4710 praesuppositione
3090 4633 3348 4708 praedes-

1982 4717 2187 4774 tinatio
2211 4717 2537 4790 praescindit
2565 4737 2577 4772 ε
2604 4718 2888 4773 terminus
2917 4720 3106 4772 autem
3121 4714 3344 4788 justifi-

1983 4800 2223 4857 cationis
2287 4815 2405 4855 non
2467 4806 2551 4856 est
2608 4800 2728 4855 sola
2767 4799 2971 4874 gratia,
3021 4797 3116 4855 sed
3163 4798 3344 4855 etiam

1984 4882 2249 4939 remissio
2274 4883 2476 4955 culpae,
2503 4889 2564 4937 ut
2591 4898 2767 4954 supra
2789 4900 2940 4937 num.
2961 4882 3017 4947 9,
3042 4896 3113 4937 ex
3139 4880 3348 4938 eodem

1981 4966 2037 5021 S.
2069 4968 2222 5021 Doct.
2256 4963 2528 5021 vidimus.
2575 4966 2849 5031 Quocirca
2883 4980 3025 5037 opus
3050 4970 3134 5020 est
3173 4965 3350 5022 aliter

1982 5043 2051 5100 de
2080 5043 2597 5116 praedestinatione,
2629 5062 2693 5102 ac
2718 5044 2789 5102 de
2824 5043 3235 5118 justificatione
3279 5045 3349 5102 in

1982 5124 2086 5181 hac
2113 5132 2273 5198 parte
2300 5126 2715 5199 philosophari.
3179 5200 3211 5269 g
3239 5199 3317 5255 m
