3647 5753
163 1364 320 1413 vas-1.

137 2510 307 2551 mear.

1499 382 1681 436 DlSP.
1724 380 1845 446 vn,
1892 380 2057 436 DUB.
2101 381 2169 436 11.
3167 384 3237 437 21

376 588 402 614 «
450 563 558 620 lib.
603 566 621 619 1
662 564 737 619 ad
795 565 1242 637 simplicianum
1285 571 1484 638 quaest.
1537 566 1605 631 23
1636 561 1747 618 du-

374 665 403 695 «
449 644 667 715 plicem
722 644 885 699 enim
932 643 1115 716 inquit
1165 660 1287 700 esse
1348 643 1702 701 vocationem
1728 666 1743 710 ;

379 748 408 777 «ι
454 725 707 781 alteram
737 740 1067 797 congruam,
1100 724 1189 780 cui
1234 726 1312 779 ita
1350 729 1742 797 contempera-

381 828 411 857 «
454 811 556 860 tur
585 804 923 871 arbitrium,
962 809 1021 859 ut
1050 804 1385 877 respondeat
1411 826 1424 860 ε
1449 820 1587 859 nam
1615 819 1746 859 cum

381 910 410 937 «
457 887 549 942 illi
577 888 676 958 qui
703 888 806 943 hac
837 886 1128 943 vocatione
1157 892 1446 953 vocantur,
1484 886 1748 943 dicantur

383 989 413 1019 «
459 964 532 1022 ab
558 967 878 1036 Augustino
905 971 1283 1038 congruenter
1313 967 1514 1031 vocati,
1548 981 1747 1037 possu-

387 1072 418 1100 α
460 1063 743 1104 museum
785 1062 1098 1119 congruam
1147 1046 1501 1102 vocationem
1547 1045 1748 1118 appel-

385 1152 416 1179 «
461 1129 601 1183 lare.
630 1131 808 1200 Atque
835 1126 907 1183 ab
947 1142 1101 1183 anno
1149 1128 1304 1190 1578.
1336 1142 1449 1198 quo
1489 1126 1745 1199 primum

389 1233 419 1263 «
465 1210 769 1267 materiam
792 1209 863 1266 de
886 1209 1385 1282 praedestinatione
1409 1208 1632 1281 publice
1651 1208 1748 1265 do-

389 1314 419 1343 «
462 1293 573 1356 cui,
605 1292 684 1347 sic
709 1307 837 1347 eam
865 1306 1098 1363 semper
1129 1289 1435 1361 appellavi.
1482 1310 1507 1340 n
1557 1290 1748 1361 Itaque

373 1373 554 1445 juxta
581 1371 811 1444 Vasquii
837 1371 1093 1444 phrasim
1114 1369 1267 1426 idem
1291 1385 1523 1441 prorsus
1547 1373 1632 1425 est
1652 1384 1748 1426 vo-

374 1454 553 1518 catio,
584 1468 682 1508 seu
705 1452 891 1525 gratia
911 1450 1123 1515 efficax,
1152 1467 1214 1506 ac
1237 1450 1472 1516 vocatio,
1496 1465 1594 1506 seu
1622 1465 1747 1522 gra-

379 1534 470 1589 tia
510 1549 777 1606 congrua.
825 1534 894 1586 Et
919 1531 1022 1587 hoc
1047 1531 1358 1602 supposito,
1393 1532 1450 1584 in
1476 1531 1622 1602 ἀὶερ.
1651 1530 1741 1596 98,

373 1632 506 1686 cap.
539 1614 593 1677 6,
622 1613 732 1667 late
761 1609 961 1683 probat
980 1625 1214 1667 omnem
1241 1610 1338 1682 qui
1368 1610 1741 1675 convertitur,

373 1692 902 1766 habuissegratiam
918 1705 1414 1765 congruam‚secus
1426 1705 1561 1745 vero
1578 1689 1746 1744 illum

375 1775 483 1846 qui
514 1772 795 1829 vocationi
827 1787 942 1827 non
973 1770 1271 1843 respondet
1300 1791 1312 1825 ε
1340 1786 1451 1842 quo
1474 1775 1634 1842 pacto
1654 1768 1748 1825 de-

381 1856 575 1913 fendit
602 1870 898 1927 nunquam
928 1853 1053 1910 fieri
1085 1868 1264 1925 posse,
1298 1858 1357 1907 ut
1383 1868 1512 1907 cum
1540 1852 1746 1923 aequali

372 1940 570 2014 gratia
597 1936 965 1994 antecedente
993 1952 1140 1992 unus
1166 1939 1551 1999 convertatur,
1577 1942 1633 1991 et
1657 1935 1745 1990 al-

373 2026 471 2075 ter
500 2034 637 2074 non.
670 2017 777 2073 Sed
811 2015 948 2071 dum
979 2014 1189 2072 accedit
1217 2013 1287 2070 ad
1316 2012 1739 2085 exponendum,

376 2102 449 2156 in
489 2115 601 2172 quo
636 2100 924 2161 consistat,
956 2097 1205 2171 gratiam
1232 2112 1354 2151 esse
1388 2109 1741 2168 congruam;

378 2181 442 2239 id
473 2181 680 2238 asserit
720 2179 1202 2237 considerandum
1245 2193 1362 2234 non
1407 2192 1530 2232 esse
1574 2191 1746 2247 penes

377 2260 687 2334 praedicata
718 2261 1029 2316 intrinseca
1056 2258 1273 2332 gratiae,
1312 2255 1409 2313 sed
1441 2271 1612 2328 penes
1640 2255 1745 2311 ha-

379 2340 709 2397 bitudinem
735 2340 806 2396 ad
833 2340 1267 2412 dispositionem
1307 2335 1560 2411 subjecti,
1593 2341 1649 2392 et
1675 2334 1745 2391 ad

377 2423 878 2481 circumstanstias
904 2423 1030 2490 loci,
1057 2429 1112 2478 et
1133 2423 1425 2495 temporis,
1451 2427 1553 2478 etc.
1582 2420 1746 2479 Unde

375 2506 529 2579 disp.
556 2507 647 2568 92,
673 2523 795 2577 cap.
822 2505 876 2570 2,
903 2521 1054 2558 num.
1079 2505 1134 2569 6,
1161 2503 1348 2575 inquit
1376 2524 1388 2558 ε
1420 2526 1444 2555 «
1470 2502 1745 2576 Congrui-

388 2611 418 2638 «
465 2593 569 2651 taS,
600 2594 654 2644 et
673 2586 971 2643 efficacitas
1012 2586 1322 2641 vocationis
1351 2587 1411 2641 in
1433 2600 1499 2641 eo
1524 2584 1745 2640 consis-

392 2690 422 2718 «
468 2668 553 2731 tit,
588 2674 646 2722 ut
666 2671 862 2722 nostro
890 2663 1131 2721 arbitrio
1161 2665 1237 2720 ita
1258 2668 1738 2736 contemperetur,

386 2771 417 2798 «
461 2753 516 2804 et
544 2753 804 2803 nostrum
834 2744 1141 2800 arbitrium
1174 2745 1252 2800 ita
1279 2745 1331 2800 ei
1361 2749 1656 2818 congruat,
1682 2750 1745 2799 ut

378 2851 409 2879 α
455 2842 802 2885 consensum
850 2823 1098 2882 liberum
1151 2842 1184 2882 a
1238 2824 1402 2883 nobis
1447 2824 1657 2882 eliciat.
1712 2846 1736 2878 »

368 2907 544 2973 Quod
572 2905 824 2980 amplius
865 2906 1117 2962 declarat
1143 2907 1285 2979 disp.
1318 2908 1389 2961 98
1417 2909 1609 2972 citata,
1643 2906 1740 2961 ubi

366 3007 536 3046 num.
563 2991 651 3050 36,
677 2989 756 3044 ait
789 3010 802 3044 ε
837 3012 862 3039 α
896 2990 1006 3044 Pro
1038 2988 1198 3061 cujus
1240 2988 1444 3060 majori
1488 2987 1737 3059 explica-

373 3092 403 3120 a
453 3069 614 3125 tione
642 3067 998 3124 observanda
1036 3073 1122 3122 est
1147 3066 1416 3123 ’doctrina
1457 3065 1678 3122 tradita·
1711 3083 1744 3122 a

373 3175 400 3199 α
453 3147 625 3205 nobis
664 3147 811 3220 disp.
849 3149 939 3211 88,
967 3164 1088 3219 cap.
1130 3150 1210 3206 ll.
1244 3148 1600 3205 vocationem
1646 3146 1742 3202 ni-

373 3253 402 3281 «
453 3228 677 3283 mirum
703 3227 991 3301 quandam
1027 3244 1149 3284 esse
1188 3244 1520 3302 congruam,
1554 3243 1742 3300 quan-

372 3336 402 3364 «
450 3312 590 3367 dam
617 3326 732 3367 non
765 3327 1096 3384 congruam.
1130 3314 1392 3384 Congrua
1431 3311 1643 3367 dicitur
1670 3310 1741 3366 ab

371 3415 402 3444 ιι
452 3395 694 3465 August.
742 3389 821 3446 lib
871 3393 914 3455 l,
942 3390 1012 3447 ad
1052 3390 1735 3464 Simplicianum,quaest.

375 3497 404 3522 α
455 3474 512 3536 2,
546 3471 634 3526 cui
665 3470 744 3525 ita
768 3471 1030 3544 congruit
1059 3471 1389 3538 arbitrium,
1415 3477 1470 3528 et
1489 3476 1742 3528 contem-

374 3577 404 3604 «
458 3557 711 3624 peratur,
753 3555 811 3606 ut
836 3552 887 3607 ei
922 3550 1297 3623 respondeat:
1330 3569 1447 3609 non
1488 3567 1740 3626 congrua

372 3657 402 3682 a
452 3648 486 3688 e
511 3633 803 3688 contrario
837 3632 1157 3704 appellatur
1185 3633 1306 3697 illa,
1340 3633 1431 3689 cui
1456 3648 1573 3689 non
1599 3649 1738 3690 con—

379 3736 410 3762 «
456 3713 630 3768 sentit
652 3712 982 3769 arbitrium.
1018 3733 1043 3763 »
1077 3714 1236 3778 Quod
1265 3715 1474 3770 iterum
1505 3714 1582 3769 ita
1612 3730 1738 3769 ma-

369 3791 471 3865 gis
498 3793 752 3864 exponit,
778 3799 837 3847 ut
863 3793 1062 3849 eadem
1091 3794 1311 3849 vocatio
1333 3793 1549 3850 habens
1571 3793 1740 3849 iden-

371 3874 604 3928 titatem
652 3874 711 3929 in
753 3871 1022 3928 omnibus
1052 3872 1370 3945 praedicatis
1396 3874 1735 3940 entitativis,

365 3949 607 4010 dicatur
626 3969 895 4027 congrua,
929 3955 1018 4009 vel
1054 3969 1170 4009 non
1203 3970 1454 4028 congrua
1474 3970 1544 4010 ex
1569 3953 1740 4009 habi-

1888 582 1912 612 «
1957 574 2047 616 res
2068 560 2314 616 minoris
2341 562 2556 618 valoris
2584 561 2655 618 ob
2678 561 2934 619 diversas
2962 563 3239 619 circums-

1887 664 1913 694 «
1955 642 2164 698 tantias
2223 644 2407 717 major
2452 644 2664 717 gratia,
2739 651 2794 701 et
2842 643 3245 701 misericordia

1887 744 1913 774 «
1954 726 2057 788 est,
2088 738 2261 795 quam
2284 738 2374 779 res
2402 723 2639 795 majoris
2673 725 2842 795 pretii
2878 745 2889 779 :
2918 724 3056 780 dare
3077 724 3243 780 enim

1887 823 1912 853 «
1955 817 2160 873 panem
2191 802 2485 867 famelico,
2530 803 2760 875 quando
2790 803 3044 877 indiget,
3089 808 3146 860 et
3172 820 3247 861 eo-

1887 905 1912 933 «
1956 883 2167 940 famem
2195 884 2481 955 depellere
2510 890 2704 958 potest,
2736 886 2919 958 major
2945 885 3150 959 gratia,
3183 892 3238 943 et

1888 985 1911 1015 «
1954 964 2347 1021 misericordia
2390 971 2491 1031 est,
2536 981 2709 1036 quam
2735 967 2788 1021 ei
2819 971 2955 1023 tunc
2983 968 3110 1024 auri
3139 984 3237 1025 co-

1887 1069 1913 1097 «
1957 1046 2110 1118 piam
2138 1046 2363 1105 offerre.
2411 1069 2437 1098 n
2487 1049 2659 1104 Juxta
2708 1047 2857 1120 quod
2904 1051 3235 1122 exemplum

1881 1126 2039 1183 addit
2084 1143 2315 1185 numer.
2369 1128 2451 1183 4:
2502 1151 2527 1181 α
2558 1127 2770 1184 Eadem
2823 1136 3044 1201 quoque
3093 1131 3241 1188 ratio

1887 1231 1912 1261 «
1954 1213 2254 1273 monstrat,
2278 1224 2592 1283 congruam
2622 1211 2980 1267 vocationem
3004 1227 3070 1268 eo
3092 1212 3236 1284 ipso,

1887 1310 1912 1340 «
1955 1287 2101 1360 quod
2138 1304 2389 1362 congrua
2435 1289 2527 1354 sit,
2568 1289 2797 1345 etiamsi
2843 1290 3139 1347 remissior
3166 1292 3242 1346 sit

1888 1392 1913 1422 α
1954 1369 2208 1442 operatio
2234 1373 2316 1441 (in
2351 1388 2459 1448 qua
2501 1373 2615 1442 ipse
2653 1380 2908 1428 uictumae
2957 1375 3247 1428 consistere

1886 1470 1911 1501 «
1949 1450 2192 1519 qratiam
2245 1451 2811 1522 auxiliantem)esse
2840 1452 3025 1525 majus
3072 1454 3243 1508 auxi-

1887 1553 1911 1584 «
1955 1531 2123 1586 lium.
2153 1532 2299 1595 Quia
2344 1547 2473 1587 cum
2522 1533 2807 1588 auxilium
2855 1532 3077 1589 dicatur
3125 1550 3247 1591 non

1886 1635 1912 1665 tt
1954 1611 2227 1677 absolute,
2260 1612 2357 1669 sed
2405 1614 2582 1670 relate
2628 1613 2696 1669 ad
2725 1614 2897 1670 illum
2924 1615 3015 1670 cui
3045 1615 3235 1681 datur,

1887 1714 1912 1744 «
1954 1691 2099 1748 illud
2140 1691 2424 1748 diceretur
2463 1695 2669 1768 majuS,
2714 1692 2863 1765 quod
2904 1694 3014 1767 ipsi
3057 1696 3247 1768 magis

1887 1795 1911 1825 «
1953 1775 2249 1847 congruit;
2301 1790 2418 1831 non
2459 1782 2651 1833 autem
2679 1776 2828 1849 quod
2877 1775 2940 1832 in
2966 1793 3028 1833 se
3055 1777 3249 1852 majus-

1886 1878 1912 1908 α
1953 1855 2049 1911 Sit.
2094 1876 2119 1907 n
2602 1904 2619 1917 ,

1954 1934 2209 1991 Eandem
2251 1934 2573 1993 doctrinam
2620 1939 2829 1994 iterum
2860 1938 3116 1995 traditin
3136 1940 3240 1995 Ιιαο

1889 2015 1933 2079 1,
1978 2016 2032 2079 2,
2077 2015 2220 2088 disp.
2259 2016 2377 2071 189.
2422 2034 2549 2089 cap.
2590 2020 2672 2081 14,
2705 2020 2816 2091 fere
2841 2035 2935 2090 per
2961 2026 3154 2086 totum,
3184 2025 3239 2075 et

1878 2095 2169 2167 spcialit-er
2196 2114 2349 2152 num.
2389 2100 2491 2153 125
2515 2106 2563 2152 et
2594 2100 2703 2153 216
2744 2104 2800 2155 et
2825 2101 2954 2164 218,
2984 2098 3080 2156 ubi
3111 2100 3192 2157 ait
3225 2123 3237 2156 ε

1885 2199 1912 2229 «
1955 2178 2103 2234 Sane
2127 2177 2240 2233 nisi
2262 2178 2700 2235 concederemus
2729 2180 2874 2237 hanc
2913 2196 3242 2256 congruen-

1886 2280 1913 2310 «
1954 2259 2094 2314 tiam
2132 2257 2493 2335 cogitationis
2539 2277 2668 2316 cum
2710 2261 2954 2320 arbitrio
2993 2262 3061 2319 ad
3091 2263 3243 2321 hunc

1886 2361 1910 2392 «
1952 2339 2233 2406 effectum,
2260 2346 2314 2396 et
2340 2340 2418 2395 ita
2447 2340 2509 2395 in
2537 2342 2660 2413 ipsa
2695 2358 2862 2398 causa
2902 2358 3237 2416 cognoscere

1886 2443 1911 2471 «
1954 2417 2238 2487 effectum,
2275 2436 2392 2476 non
2423 2436 2715 2492 possemus
2756 2438 3013 2479 asserere
3040 2422 3103 2478 in
3131 2423 3236 2480 illo

1885 2522 1910 2551 «
1956 2500 2155 2571 priori,
2188 2517 2318 2556 cum
2346 2501 2567 2557 confert
2607 2503 2753 2558 hanc
2800 2510 2895 2559 aut
2937 2504 3103 2560 illam
3132 2519 3238 2561 vo-

1885 2602 1909 2632 «
1950 2579 2272 2647 cationem,
2322 2581 2405 2635 uti
2474 2580 2770 2637 nobiscum
2838 2583 3235 2641 misericordia

1905 2648 1912 2655 a

1884 2682 1909 2712 «
1949 2660 2183 2731 speciali
2205 2676 2278 2717 ex
2298 2676 2383 2727 e0‚
2409 2660 2557 2734 quod
2579 2662 2834 2719 conferat
2859 2663 3024 2728 hanc,
3049 2669 3237 2722 etnon

1834 2778 1839 2781 -
1884 2762 1908 2793 «
1953 2741 2150 2808 illam;
2194 2740 2478 2814 siquidem
2529 2743 2750 2797 nullius
2801 2745 3235 2817 congruentiam

1884 2845 1909 2875 «
1949 2824 2248 2898 cognoscit.
2282 2844 2308 2874 »
2345 2825 2500 2881 Inter
2540 2841 2713 2898 quam
2763 2827 3117 2885 vocationem
3148 2835 3236 2886 at-

1877 2906 2252 2975 temperatam
2294 2901 2615 2970 arbitrio,et
2641 2920 2983 2962 consensum
3006 2905 3234 2965 arbitrii

1877 2982 2120 3039 adstruit
2140 2989 2358 3039 tantam
2376 2984 3048 3050 connexionem,utdicat
3069 3011 3094 3040 α
3112 3005 3235 3061 pro-

1883 3084 1907 3114 «
1952 3063 2260 3135 positiones
2275 3062 2712 3132 conditionaleS,
2740 3065 2802 3121 in
2824 3067 3030 3138 quibus
3049 3084 3119 3125 ex
3142 3087 3236 3142 po-

1886 3164 1910 3194 «
1953 3144 2164 3200 sitione
2186 3159 2451 3216 congruae
2481 3145 2830 3218 cognitionis
2865 3149 3238 3206 enuntiamus

1881 3245 1906 3274 «
1950 3222 2008 3277 id
2033 3223 2183 3296 quod
2227 3223 2487 3279 futurum
2529 3230 2630 3290 cst,
2680 3242 2801 3282 esse
2830 3243 2995 3284 veras
3023 3229 3081 3284 vi
3103 3245 3230 3286 con·

1881 3323 1906 3353 «
1947 3304 2258 3376 sequentiae
2281 3304 2563 3361 formalis.
2604 3325 2627 3356 »
2664 3306 2823 3370 Quod
2844 3307 2894 3362 si
2926 3324 3127 3364 verum
3149 3315 3235 3366 est

1872 3385 1957 3452 (ut
2003 3382 2059 3439 id
2087 3383 2270 3441 obiter
2295 3384 2573 3456 dicamus)
2601 3385 3000 3459 praedictarum
3025 3405 3236 3461 propo—

1872 3464 2147 3521 sitionum
2169 3467 2416 3540 cognitio
2438 3483 2553 3523 non
2578 3469 2821 3540 pertinet
2844 3470 2912 3527 ad
2935 3471 3234 3528 scientiam

1873 3544 2146 3611 mediam,
2178 3544 2277 3603 sed
2306 3545 2374 3601 ad
2405 3550 2751 3605 naturalem.
2793 3549 3049 3606 Tandem
3077 3568 3232 3606 nuni.

1883 3627 1999 3693 119,
2028 3625 2316 3682 concludit
2352 3648 2364 3681 :
2416 3651 2441 3680 «
2476 3635 2651 3700 Atque
2698 3630 2833 3685 hinc
2877 3631 3053 3685 etiam
3106 3631 3237 3688 licet

1880 3731 1905 3760 «
1948 3708 2235 3780 colligere,
2271 3707 2480 3764 salsum
2507 3726 2629 3764 esse
2655 3709 2803 3781 quod
2839 3710 3017 3767 iidem
3046 3712 3233 3770 Theo—

1880 3813 1904 3843 «
1947 3790 2063 3863 logi
2090 3789 2306 3854 dicunt,
2340 3790 2461 3844 vim
2501 3793 2816 3848 vocationis
2855 3809 2971 3849 non
3011 3795 3232 3852 consis-

1881 3893 1905 3922 «
1950 3876 2068 3925 tere
2092 3869 2152 3924 in
2180 3884 2266 3933 e0‚
2320 3874 2381 3923 ut
2409 3875 2646 3935 naturae,
2681 3877 2736 3928 ct
2782 3873 3096 3931 conditioni
3135 3892 3233 3932 ar-

1880 3974 1905 4002 «
1950 3948 2106 4005 bitrii
2137 3948 2558 4005 accommodata
2587 3952 2682 4006 sit.
2715 3974 2741 4003 ι»

1948 4029 2037 4084 32.
2084 4032 2218 4093 Quae
2247 4028 2463 4085 referre
2487 4031 2732 4102 placuit,
2783 4037 2839 4086 ut
2882 4042 3231 4108 perspectam
3270 4068 3301 4107 c

1874 4108 2216 4165 haberemus
2261 4109 2322 4164 in
2371 4109 2474 4166 hac
2502 4116 2660 4183 parte
2688 4113 2921 4185 Vasquii
2952 4122 3225 4183 mentem,
3250 4071 3431 4174 003&-

1872 4206 2046 4263 quam
2075 4190 2194 4262 ipse
2222 4205 2338 4246 non
2366 4190 2503 4246 satis
2533 4193 2767 4256 revelat,
2811 4193 2910 4248 sed
2940 4195 3105 4252 valde
3132 4197 3229 4252 in·
3262 4176 3432 4266 ‘iiiiifr'

370 4032 586 4091 tudine
606 4032 676 4089 ad
706 4033 934 4089 diversa
954 4032 1200 4105 subjecta
1227 4055 1239 4088 :
1266 4050 1400 4089 nam
1423 4034 1472 4089 si
1494 4032 1741 4107 subJ'ecto

369 4118 795 4184 attemperetur
821 4156 834 4177 ,
878 4119 963 4169 est
1007 4128 1258 4186 congrua
1282 4156 1294 4178 ‚
1339 4119 1395 4170 et
1433 4112 1661 4179 efficax;
1690 4112 1741 4168 si

369 4211 525 4252 vero
572 4195 660 4250 illi
714 4210 833 4251 non
880 4200 1304 4268 attemperetur,
1361 4195 1571 4253 dicitur
1624 4210 1740 4250 non

365 4290 652 4349 congrua,
683 4280 737 4329 et
765 4291 881 4331 non
902 4273 1115 4332 efficax.
1148 4298 1173 4329 α
1197 4278 1339 4331 Cum
1360 4276 1540 4340 enim,
1560 4276 1740 4352 inquit

375 4379 408 4408 α
458 4372 612 4409 num.
645 4355 736 4418 37,
776 4353 1115 4411 haecomnia
1159 4358 1389 4429 (nempe
1432 4355 1636 4429 gratia,
1685 4357 1742 4410 et

374 4459 407 4487 a
458 4433 899 4505 misericordia)
925 4433 1188 4492 dicantur
1218 4437 1395 4493 relate
1422 4435 1492 4492 ad
1520 4434 1742 4510 subjec-

374 4541 407 4571 α
458 4523 604 4584 tum,
634 4516 726 4573 cui
749 4515 1057 4583 donantur,
1085 4518 1269 4592 maJ'or
1295 4519 1498 4591 gratia,
1536 4523 1594 4574 et
1626 4519 1742 4573 mi-

376 4626 407 4654 «
455 4598 774 4656 serictordia
802 4596 1039 4654 dicenda
1067 4599 1195 4664 erit,
1227 4615 1352 4671 quae
1378 4599 1561 4672 magis
1583 4599 1742 4655 utilis

372 4705 405 4736 a
451 4688 541 4737 est
578 4681 654 4745 ei,
698 4679 792 4736 cui
825 4679 1135 4736 confertur.
1187 4679 1399 4736 Eadem
1438 4680 1597 4736 enim
1627 4696 1737 4747 res,

373 4788 405 4816 a
451 4763 588 4836 quia
619 4766 858 4833 propter
878 4757 1133 4817 diversas
1152 4761 1612 4817 circumstantias
1626 4777 1743 4818 ma-

373 4868 406 4896 «
449 4844 542 4917 gis
577 4839 886 4898 commoda
913 4847 1015 4907 est,
1047 4848 1146 4898 aut
1169 4841 1364 4896 minus
1392 4842 1585 4907 utilis;
1616 4857 1743 4898 ma·
1799 4887 1804 4892 .

371 4953 403 4981 a
444 4927 573 5001 jor,
632 4929 733 4980 aut
780 4923 980 4978 minor
1021 4923 1221 4997 gratia,
1254 4928 1309 4978 et
1348 4922 1743 4980 misericordia

372 5034 400 5063 «ι
452 5005 646 5065 vocari
689 5003 885 5060 debet.
920 5006 1037 5060 lino
1062 5002 1133 5061 ob
1170 5001 1411 5060 eandem
1461 5003 1742 5061 rationem

1874 4273 2072 4329 tricate
2100 4273 2383 4345 proponit.
2419 4274 2552 4347 Ejus
2578 4290 2711 4348 ergo
2738 4276 3001 4349 cogitatio
3028 4293 3094 4335 eo
3121 4264 3422 4357 col-³⁶⁰3?

1874 4356 2058 4421 limat,
2102 4354 2252 4428 quod
2278 4353 2542 4423 efficacia,
2575 4356 2698 4413 sive
2720 4362 2780 4412 ut
2805 4358 2922 4430 ipse
2953 4359 3223 4432 loquitur,
3290 4365 3417 4408 ‹ium-

1872 4436 2247 4509 congruentia
2291 4436 2606 4494 vocationis
2653 4454 2769 4495 non
2812 4441 3081 4498 consistat
3107 4443 3231 4499 for-

1874 4519 2104 4574 maliter
2132 4518 2195 4574 in
2222 4519 2620 4589 cooperatione
2647 4519 2897 4587 arbitrii,
2939 4537 3041 4579 nec
3068 4524 3138 4581 ab
3165 4543 3231 4584 ea

1874 4598 2226 4665 desumatur,
2259 4603 2321 4655 ut
2354 4601 2574 4657 Molina
2614 4600 2740 4656 dub.
2769 4604 2988 4674 praeced.
3036 4606 3232 4681 impu—

1874 4685 2079 4755 gnatus
2123 4680 2473 4739 autumabat.
2533 4684 2648 4738 Nec
2705 4685 2975 4757 consistat
3016 4688 3079 4743 in
3120 4705 3187 4748 eo
3213 4734 3224 4756 ‚

1873 4759 2023 4834 quod
2046 4761 2264 4818 vocatio
2286 4761 2350 4817 in
2376 4777 2436 4818 se
2463 4762 2666 4834 major,
2694 4764 2782 4819 vel
2806 4763 3035 4824 diversa
3056 4770 3144 4836 sit,
3173 4779 3234 4828 ut

1874 4859 1947 4900 ex
1967 4844 2032 4899 D.
2059 4844 2289 4916 August.
2316 4847 2373 4899 et
2394 4845 2457 4899 D.
2482 4843 2687 4901 Thom.
2714 4844 2917 4903 docent
2939 4851 3234 4925 utriusque

1877 4923 2132 4979 Doctoris
2157 4922 2451 4995 discispuli
2478 4947 2493 4980 ι
2521 4923 2620 4980 sed
2641 4927 2909 4982 consistat
2937 4929 3000 4984 in
3026 4935 3234 4989 attem-

1879 5004 2189 5077 peratione,
2215 5009 2272 5061 et
2296 5005 2671 5063 consonantia
2692 5006 2766 5082 ad
2797 5006 3044 5065 liberum
3074 5012 3233 5069 arbi-
