3647 5753
490 471 601 528 414
1442 466 1535 520 DE
1572 442 2154 519 JUSTlFlc'ATIONE
2195 464 2397 519 1Mp11.

502 639 711 695 morali
737 664 750 706 ;
798 643 853 696 et
898 640 976 695 ita
1028 639 1246 695 corruit
1292 636 1553 694 doctrina
1598 635 1861 709 proxime

499 720 732 778 tradita.
761 723 944 795 Major
966 719 1237 776 suadetur
1264 741 1276 775 ε
1303 725 1426 775 tum
1449 719 1584 791 quia
1614 733 1861 790 praecon-

499 801 753 857 tinentia
798 801 1049 874 physica,
1081 800 1152 858 de
1173 800 1463 857 materiali
1492 814 1553 854 se
1593 797 1761 854 habet
1789 795 1860 852 ad

498 882 784 937 rationem
814 882 1016 954 capitis
1043 882 1302 938 moralis,
1335 882 1483 935 Tum
1511 878 1646 951 quia
1671 876 1863 932 Chris-

500 966 591 1017 tus
621 963 900 1018 Dominus
935 967 1020 1019 est
1059 969 1225 1036 caput
1265 961 1487 1017 morale
1529 958 1856 1023 hominum,

498 1058 639 1115 quos
668 1043 900 1115 physice
943 1059 1060 1099 non
1090 1042 1487 1115 praecontinet.
1516 1040 1663 1094 Tum
1686 1036 1862 1095 ‘deni-

498 1139 627 1196 que,
654 1124 788 1195 quia
817 1123 880 1178 in
909 1123 1183 1179 humanis
1210 1138 1519 1180 consensus
1542 1121 1714 1176 unius
1733 1135 1865 1176 cen-

497 1209 657 1260 setur
706 1203 1008 1259 moraliter
1059 1218 1367 1260 consensus
1410 1203 1680 1266 aliorum,
1732 1201 1865 1256 licet

498 1300 595 1341 eos
624 1284 854 1356 physice
884 1299 1001 1339 non
1045 1284 1471 1357 praecontineat,
1517 1285 1579 1337 ut
1623 1286 1773 1353 patet
1800 1281 1864 1335 in

500 1368 609 1433 his,
637 1381 763 1438 quae
788 1363 934 1419 fiunt
957 1381 987 1420 a
1014 1365 1273 1438 principe
1289 1365 1379 1421 vel
1403 1379 1503 1436 per
1527 1367 1861 1435 procurato-

501 1461 647 1512 rem,
675 1449 773 1500 aut
801 1442 1253 1500 mandatarium.

576 1525 972 1599 Respondetur
1002 1525 1262 1599 negando
1292 1526 1569 1599 maj0rem
1599 1523 1865 1580 intellec-

500 1612 619 1664 tam
646 1606 716 1663 de
752 1607 935 1678 capite
963 1608 1171 1662 morali
1204 1606 1267 1662 in
1294 1606 1500 1663 ordine
1529 1604 1599 1662 ad
1628 1604 1750 1671 hoc,
1803 1607 1867 1657 ut

498 1703 566 1745 eo
597 1693 875 1759 peccante,
910 1692 1137 1759 peccent
1157 1686 1377 1754 caeteri5
1408 1691 1464 1743 et
1483 1701 1550 1743 eo
1573 1689 1866 1758 peccatum¹

503 1774 864 1835 retractante,
898 1768 999 1824 alii
1031 1767 1388 1824 mundentur
1416 1786 1449 1825 a
1475 1769 1643 1839 culpa
1685 1764 1865 1822 semel

500 1854 809 1905 contracta.
835 1852 1017 1913 Quam
1043 1850 1453 1905 resolutionem
1483 1847 1644 1905 docet
1672 1849 1867 1919 aperte

300 1936 467 1989 rung.
503 1929 566 1984 D.
593 1933 828 2002 August.
854 1930 945 1993 23,
971 1928 1046 1982 ad
1065 1926 1445 2002 Bonifacium,
1472 1926 1568 1983 ubi
1592 1928 1673 1983 ait
1706 1925 1868 1981 :Jam

506 2012 708 2086 itaque,
758 2027 881 2066 cum
926 2011 1084 2065 homo
1130 2013 1190 2066 in
1236 2014 1409 2085 scipso
1435 2019 1530 2077 est,
1570 2012 1639 2066 ab
1665 2028 1723 2065 eo
1769 2011 1868 2087 qui

502 2095 710 2161 9enuic,
741 2092 904 2146 aliter
946 2093 1179 2165 effectuS,
1222 2101 1443 2166 peccato
1483 2094 1716 2149 alterius
1755 2109 1868 2146 non

504 2179 714 2227 tenetur
741 2172 1029 2229 obnooeius.
1063 2175 1131 2228 Et
1161 2173 1307 2230 ratio
1333 2178 1437 2241 est,
1466 2175 1600 2247 quia
1643 2173 1691 2227 si
1735 2188 1869 2245 pec-

504 2259 693 2309 catum
717 2255 1150 2311 contraheretur
1173 2253 1243 2311 ab
1264 2272 1350 2322 eo,
1372 2255 1471 2328 qui
1494 2256 1556 2311 in
1580 2254 1695 2310 alio
1719 2254 1868 2326 phy--

503 2332 619 2389 sice
646 2349 764 2389 non
792 2335 1137 2402 continetur,
1172 2333 1244 2391 ob
1267 2334 1437 2409 hujus
1456 2334 1554 2407 qui
1583 2338 1751 2406 caput
1774 2331 1870 2387 di-

506 2416 675 2482 citur,
728 2417 815 2471 cul
825 2432 976 2487 pam,
1005 2432 1124 2473 non
1171 2423 1355 2489 posset
1400 2433 1522 2473 esse
1576 2419 1867 2488 peccatum

510 2496 809 2568 personale
827 2520 842 2562 3
875 2495 1024 2551 istud
1052 2498 1264 2569 quippe
1294 2498 1528 2571 propria
1571 2497 1870 2552 voluntate

510 2578 799 2651 personali
822 2579 1220 2647 committitur,
1248 2585 1311 2634 ut
1329 2580 1467 2634 satis
1487 2595 1558 2634 ex
1578 2594 1639 2633 se
1656 2577 1833 2649 liquet
1853 2597 1866 2631 ε

509 2675 613 2716 nec
656 2660 872 2715 valeret
918 2675 1040 2715 esse
1083 2666 1370 2731 peccatum
1418 2661 1722 2733 originale,
1767 2675 1868 2713 seu

511 2744 797 2813 peccatum
840 2747 1091 2806 naturae3
1142 2741 1246 2797 hoc
1285 2741 1446 2798 enim
1487 2758 1616 2797 cum
1661 2746 1870 2797 natura

512 2819 848 2884 traducitur,
901 2824 1066 2892 atque
1114 2819 1241 2878 ideo
1281 2820 1446 2879 debet
1484 2837 1605 2879 esse
1634 2837 1665 2878 a
1692 2836 1870 2896 gene-

515 2906 697 2965 rante,
748 2901 872 2956 sive
925 2905 1142 2957 naturae
1196 2902 1258 2957 in
1300 2903 1431 2958 aliis
1462 2909 1868 2977 propagatore:

512 2980 661 3054 quod
712 2980 921 3053 absque
972 2998 1173 3039 eorum
1224 2984 1582 3040 continentia
1638 2984 1873 3059 physica

515 3062 711 3135 nequit
727 3063 994 3137 intelligi.
1013 3064 1340 3120 Praesertim
1357 3066 1492 3137 quia
1507 3067 1555 3121 si
1573 3072 1871 3138 postquam

514 3144 721 3218 aliquis
747 3150 830 3200 est
853 3145 1084 3219 physice
1105 3147 1357 3202 existens
1385 3148 1447 3203 in
1476 3149 1684 3220 seip30,
1714 3153 1772 3203 et
1800 3146 1874 3202 ab

514 3226 631 3282 alio
661 3232 930 3298 tanquam
960 3242 992 3281 a
1021 3229 1468 3298 praecontinente
1496 3229 1727 3303 physice
1755 3244 1873 3284 non

514 3304 810 3377 dependet,
838 3312 1021 3376 posset
1045 3323 1144 3378 per
1166 3307 1336 3380 hujus
1364 3314 1653 3380 peccatum
1677 3323 1875 3380 pecca-

517 3390 605 3441 tor
627 3385 1018 3448 denominari.
1043 3393 1098 3443 et
1118 3388 1415 3454 constitui;
1446 3393 1630 3461 posset
1658 3388 1876 3460 pariter

519 3466 758 3532 invitus,
784 3472 839 3522 et
868 3468 1124 3523 renitens
1149 3469 1345 3525 subire
1368 3470 1515 3526 hanc
1529 3469 1877 3527 denomina-

521 3549 760 3613 tionem,
795 3555 854 3603 ut
896 3556 1029 3621 puta
1069 3550 1117 3605 si
1165 3568 1294 3606 cum
1326 3553 1471 3608 alter
1520 3559 1724 3624 peccat,
1758 3553 1879 3625 ipse

521 3636 808 3703 peccatum
837 3630 1213 3690 detestaretur
1246 3655 1259 3690 ε
1301 3650 1650 3707 consequens
1685 3640 1878 3690 autem

520 3717 603 3768 est
657 3712 1109 3785 implicatorium
1132 3756 1144 3779 ,
1195 3714 1479 3787 siquidem
1530 3714 1601 3771 de
1655 3715 1880 3772 ratione

524 3795 733 3866 peccati
780 3800 863 3850 est
907 3811 1027 3851 esse
1074 3796 1491 3854 voluntarium.
1535 3799 1881 3853 Itecolantur

524 3891 650 3946 quae
671 3875 925 3931 diximus
954 3884 1112 3934 tract.
1160 3878 1231 3954 13,
1249 3877 1313 3932 de
1332 3881 1584 3950 peccatur,
1610 3879 1751 3950 disp.
1792 3880 1876 3944 14,

524 3956 652 4012 dub.
677 3959 712 4010 2
740 3974 774 4010 a
798 3973 947 4011 num.
980 3958 1072 4014 49.

336 4060 494 4106 mmm
609 4038 731 4092 167.
762 4039 872 4092 Nec
896 4035 1257 4107 probationes
1280 4038 1517 4110 majoris
1542 4042 1763 4113 urgent.
1795 4037 1884 4094 Ad

317 4117 767 4205 ,fflssssfgffifflrimam
809 4116 1072 4186 dicimus,
1107 4121 1638 4192 praecontinentiam
1683 4122 1885 4196 physi-

334 4215 493 4255 vantur.
531 4220 655 4260 cam
696 4203 758 4258 in
789 4207 983 4259 nostro
1010 4219 1140 4259 casu
1169 4219 1289 4260 esse
1319 4220 1417 4276 per
1444 4221 1505 4260 se
1533 4203 1884 4260 fundamen-

531 4291 654 4339 tum
704 4282 1189 4356 praecontinentiae
1231 4283 1489 4348 moraliS,
1540 4282 1612 4339 ob
1653 4299 1721 4339 ea
1761 4300 1886 4356 quas

534 4365 794 4439 proxime
815 4362 1160 4418 tradidimus
1180 4388 1194 4430 ;
1226 4370 1393 4437 atque
1415 4363 1540 4419 ideo
1562 4362 1673 4420 dici
1700 4371 1887 4421 mate-

534 4446 678 4502 riale
707 4460 822 4499 non
854 4460 952 4516 per
981 4444 1256 4509 accidens,
1289 4443 1516 4516 sed-per
1537 4460 1596 4500 se
1638 4446 1887 4517 requisi-

531 4531 654 4580 tum
677 4523 746 4580 ad
766 4524 1058 4596 praedictos
1073 4524 1321 4591 effectus,
1336 4531 1392 4581 et
1406 4525 1531 4581 sine
1545 4541 1657 4596 quo
1671 4527 1886 4583 salvari

532 4624 650 4665 non
680 4611 931 4680 possunt.
959 4607 1113 4664 Sicut
1133 4606 1307 4663 etiam
1335 4607 1589 4665 vitalitas
1630 4609 1883 4684 physica,

531 4698 588 4748 et
617 4689 1029 4747 voluntarietas
1045 4688 1276 4762 physica
1290 4693 1425 4744 sunt
1439 4690 1742 4746 materiale
1764 4706 1889 4747 res-

536 4776 694 4845 pectu
725 4769 935 4842 peccati
964 4769 1202 4825 actualis
1232 4770 1548 4842 personalis
1574 4792 1587 4827 :
1631 4774 1686 4827 et
1726 4772 1890 4827 nihi-

536 4852 792 4909 lominus
818 4866 939 4906 esse
967 4849 1187 4906 morale
1213 4851 1381 4925 hujus
1411 4851 1638 4925 peccati,
1672 4851 1888 4908 salvari

535 4949 651 4991 non
679 4932 833 4987 valet
859 4929 1069 5003 absque
1098 4931 1365 5001 praedicta
1391 4933 1652 4996 materia,
1678 4938 1734 4988 et
1763 4932 1891 4987 fun·

289 1534 464 1580 solutio.

535 5013 826 5072 dament0.
850 5008 932 5064 Ad
954 5011 1248 5067 secundum
1263 5010 1567 5068 dicendum
1584 5018 1684 5077 est,
1701 5012 1893 5067 Chris·
1919 5025 1938 5046 ·

540 5100 659 5149 tum
710 5093 1023 5149 Dominum
1070 5108 1191 5148 esse
1233 5100 1402 5165 caput
1446 5095 1665 5151 morale
1699 5093 1892 5151 homi-

1992 650 2155 700 num,
2180 650 2297 691 non
2319 635 2453 708 quia
2475 636 2656 708 ipsius
2678 640 2851 703 actuS,
2877 640 2933 693 et
2952 635 3220 692 sanctitas
3241 633 3347 690 ho-

1992 715 2182 771 mines
2210 715 2561 785 immediate,
2593 723 2649 773 et
2678 717 3001 774 formaliter
3041 713 3353 772 sanctificet

1993 794 2056 850 in
2081 796 2301 867 seipsiS,
2347 798 2439 853 vel
2479 798 2615 870 quia
2640 798 2763 872 ejus
2788 797 3098 854 satisfactio
3127 801 3349 869 peccata

1994 878 2299 934 hominum
2347 878 2681 937 immediate
2722 885 3004 947 retractet,
3034 885 3091 935 et
3127 878 3344 944 deleat;

1992 957 2090 1013 sed
2116 959 2251 1031 quia
2277 975 2379 1015 sua
2419 960 2822 1027 satisfactione,
2853 964 2909 1016 et
2945 959 3171 1015 meritis
3197 956 3346 1014 obti-

1995 1044 2091 1095 net
2129 1056 2162 1095 a
2190 1042 2302 1097 Deo
2341 1040 2609 1114 gratiam,
2654 1047 2710 1097 et
2736 1042 2975 1106 auxilia,
3009 1038 3216 1113 quibus
3242 1038 3348 1095 ho-

1995 1123 2185 1179 mines
2232 1121 2565 1179 immediate
2597 1123 3002 1197 justificantur,
3032 1128 3088 1179 et
3129 1127 3350 1194 peccata

1997 1208 2333 1259 retractant.
2391 1203 2608 1267 Quibus
2658 1205 2922 1270 seclusis,
2978 1201 3358 1276 quantumvis

1996 1282 2257 1339 Christus
2283 1283 2728 1340 satisfactionem
2752 1300 2856 1357 pro
2885 1280 3224 1339 hominibus
3264 1280 3352 1336 of·-

1997 1361 2192 1430 ferret,
2208 1363 2300 1417 vel
2317 1362 2623 1419 hominum
2648 1364 2885 1419 nomine
2904 1368 3126 1434 peccata
3148 1366 3357 1417 retrac-

1998 1446 2162 1508 taret,
2203 1441 2386 1498 adhuc
2421 1443 2814 1500 nihilominus
2841 1443 3107 1499 homines
3147 1456 3352 1498 mane-

1999 1529 2128 1580 rent
2178 1523 2241 1579 in
2292 1525 2496 1597 seipsis
2548 1531 2894 1597 peccatoreS.
2953 1524 3119 1581 Unde
3168 1525 3354 1581 elucet

1998 1602 2288 1659 Christum
2331 1604 2642 1667 Dominum
2683 1620 2803 1661 esse
2830 1604 3133 1661 hominum
3165 1607 3358 1676 caput,

2000 1683 2221 1740 ratione
2250 1684 2417 1757 longe
2444 1684 2689 1749 diversa,
2717 1701 2779 1740 ac
2803 1685 3118 1758 requiritur
3139 1683 3211 1741 ad
3236 1698 3362 1740 rem

2000 1769 2359 1836 praesentem.
2404 1763 2490 1819 Ad
2536 1767 2756 1821 tertiam
2787 1763 3185 1838 respondetur,
3218 1778 3357 1820 con-

1965 1896 1970 1897 .
1997 1862 2230 1902 sensum
2259 1846 2431 1901 unius
2469 1847 2690 1903 censeri
2732 1847 2793 1903 in
2816 1847 3087 1903 humanis
3113 1861 3364 1902 consen-

1997 1945 2126 1984 sum
2168 1928 2424 1994 alterius,
2469 1927 2699 2001 quando
2745 1930 2972 2002 aliquis,
3019 1934 3115 1985 aut
3163 1927 3405 2000 plures·

2001 2013 2353 2081 potestatem,
2374 2013 2431 2064 et
2447 2009 2598 2065 vices
2619 2025 2749 2064 suas
2767 2010 2937 2065 alicui
2965 2010 3354 2072 committunt,

1999 2094 2055 2145 et
2069 2089 2132 2144 in
2155 2090 2343 2161 ipsum
2360 2090 2715 2146 transferunt
2733 2111 2746 2145 ε
2763 2089 2911 2163 quod
2930 2090 3138 2163 absque
3152 2103 3362 2145 eorum

2000 2170 2296 2227 voluntate
2337 2186 2454 2226 non
2481 2168 2563 2235 fit,
2611 2177 2672 2226 ut
2701 2186 2770 2227 ex
2800 2171 2939 2243 ipsis
2985 2171 3256 2228 terminis
3284 2169 3361 2224 li-

1999 2259 2164 2325 quet;
2206 2259 2262 2310 et
2299 2253 2378 2309 ita
2419 2252 2620 2309 accidit
2661 2253 2726 2309 in
2768 2253 3061 2326 republica
3102 2259 3360 2326 respectu

2003 2335 2293 2408 principis,
2325 2338 2378 2392 et
2409 2335 2471 2390 in
2494 2334 2806 2393 mandante
2830 2341 3081 2408 respectu
3112 2334 3360 2391 manda-

2003 2415 2156 2480 tarii,
2210 2419 2306 2471 aut
2361 2417 2764 2487 procuratoris,
2823 2418 3007 2472 Immo
3051 2430 3189 2471 vero
3242 2414 3366 2469 haec

2001 2495 2347 2559 commissio,
2367 2501 2423 2551 et
2444 2497 2806 2552 voluntatum
2825 2498 3127 2553 translatio
3152 2494 3366 2550 sufficit

2000 2575 2234 2648 quidem
2275 2574 2344 2631 ad
2372 2581 2692 2633 contractus
2719 2578 3021 2643 humanm,
3057 2577 3118 2632 in
3145 2574 3362 2648 quibus

2004 2655 2198 2711 minor
2244 2657 2607 2712 voluntatum
2661 2658 2946 2713 intimitas
3005 2656 3359 2727 requiritur;

2001 2751 2158 2791 secus
2199 2742 2388 2793 autem
2432 2736 2501 2793 ad
2531 2742 2816 2809 peccatum
2852 2736 3356 2801 committendum,

2001 2816 2093 2871 vel
2120 2816 2543 2872 retractandum
2569 2832 2668 2890 per
2689 2817 2888 2872 alium.
2916 2817 3199 2881 Quoniam
3221 2831 3358 2871 cum

2005 2902 2291 2968 peccatum
2338 2897 2438 2953 fiat
2483 2914 2584 2970 per
2631 2887 2990 2954 aversionem
3037 2895 3108 2952 ab
3149 2898 3366 2954 ultimo

2003 2977 2137 3043 fine,
2170 2979 2270 3035 ille
2298 2984 2521 3035 tantum
2552 2980 2760 3051 poterit
2789 2979 3140 3035 voluntatem
3182 2979 3362 3040 unius

2005 3059 2067 3114 in
2096 3059 2277 3116 alium
2308 3059 2621 3115 transferre
2642 3059 2703 3114 in
2730 3058 2936 3115 ordine
2957 3058 3027 3116 ad
3058 3058 3361 3131 praedictos

2004 3139 2249 3206 effectus,
2281 3142 2378 3213 qui
2406 3141 2559 3197 valet
2597 3141 2952 3197 voluntatem
2981 3139 3051 3196 ad
3085 3142 3361 3197 ultimum

1992 3222 2182 3287 ,finem
2211 3221 2502 3288 ordinare,
2524 3224 2797 3295 illamque
2820 3223 2928 3293 ipsi
2959 3223 3163 3280 unire:
3187 3224 3359 3296 quod,

2008 3311 2069 3360 ut
2087 3305 2226 3360 satis
2250 3310 2485 3374 constat,
2513 3322 2631 3362 non
2654 3306 2901 3379 pertinet
2922 3305 2992 3361 ad
3023 3308 3365 3380 Rempubli-

2008 3402 2152 3454 cam,
2185 3387 2277 3442 vel
2301 3385 2367 3441 ad
2392 3392 2701 3452 creaturaS,
2725 3387 2824 3443 sed
2854 3387 2924 3443 ad
2945 3388 3133 3443 solum
3156 3391 3360 3450 Deum.

2007 3466 2368 3524 connotando
2396 3474 2609 3533 tamen,
2656 3470 2748 3542 vel
2775 3469 3146 3542 supponendo
3178 3471 3363 3527 conti-

2012 3547 2270 3603 nentiam
2302 3546 2593 3620 physicam
2623 3549 2926 3605 hominum
2957 3550 3018 3605 in
3061 3551 3197 3615 alio,
3239 3557 3365 3606 tan-

2010 3646 2183 3702 quam
2224 3629 2287 3690 in
2332 3636 2703 3703 propagatore
2744 3637 2981 3698 naturas,
3015 3637 3077 3686 ut
3110 3631 3368 3688 diximus

2015 3712 2135 3768 loco
2161 3710 2425 3782 superius
2450 3711 2637 3776 citato,
2671 3729 2821 3797 mun.
2849 3715 2939 3769 48.

2593 3900 2625 3967 ς
2667 3899 2785 3953 vn.

2092 4045 2345 4117 Refertur
2364 4046 2548 4116 opinio
2573 4047 2876 4110 cortlraria,
2908 4053 2957 4100 et
2985 4050 3296 4105 occurritur

2422 4122 2760 4189 aryumenlt's
2784 4119 2953 4176 illius.

2100 4269 2219 4323 168.
2252 4264 2581 4338 oppositam
2609 4267 2946 4338 opinionem
2976 4274 3214 4326 tuentur
3240 4274 3368 4327 Sco-
3381 4295 3524 4336 semen·

2019 4358 2108 4406 tus
2148 4352 2209 4404 in
2234 4349 2290 4415 4,
2333 4348 2461 4403 dist.
2514 4350 2559 4412 l,
2586 4358 2770 4423 quaest.
2813 4352 2865 4414 8,
2898 4350 3165 4420 §Contra
3210 4345 3523 4434 istamssfussgssj

2018 4431 2434 4492 conclusionem,
2465 4432 2521 4483 et
2546 4428 2674 4483 dist.
2715 4432 2797 4498 14,
2831 4439 3011 4507 qucesL
3058 4435 3073 4488 l
3107 4441 3155 4488 et
3177 4436 3234 4501 2,
3263 4438 3371 4491 Ga·
3397 4443 3525 4493 sontis

2021 4513 2168 4570 briel
2197 4512 2383 4566 eadem
2408 4509 2537 4565 dist.
2568 4517 2747 4586 quoest.
2792 4513 2806 4565 Ι
2841 4519 2889 4565 ec
2917 4521 3028 4570 art.
3059 4516 3113 4581 2,
3157 4523 3294 4587 post,
3337 4483 3532 4581 5⁶3ffi1-

2018 4593 2437 4654 conclusionem,
2464 4587 2646 4644 okam
2667 4598 2849 4667 quaesl.
2883 4593 2919 4646 9
2950 4593 3025 4648 ad
3062 4596 3097 4649 2
3123 4593 3524 4682 dubiumssffig

2022 4681 2108 4735 tit.
2138 4676 2221 4736 M.
2266 4682 2316 4730 et
2362 4678 2542 4750 quaest.
2587 4671 2644 4736 3,
2688 4674 2794 4730 titt.
2845 4672 2916 4741 E,
2970 4678 3277 4751 Gregorius
3314 4680 3531 4778 inqsuaffii.

2019 4762 2218 4836 prime,
2250 4757 2378 4811 dist.
2418 4755 2501 4821 17,
2535 4760 2716 4828 quaest.
2760 4755 2802 4819 1,
2836 4763 2945 4811 art.
2990 4761 3043 4820 2,
3085 4760 3372 4817 Alliacen-
3397 4782 3531 4830 mdiu.

2022 4845 2102 4902 cis
2130 4843 2188 4896 in
2219 4840 2264 4903 l,
2286 4841 2466 4915 quw-5²·
2489 4835 2542 4899 9,
2572 4834 2677 4889 liet,
2703 4834 2786 4904 M,
2808 4838 3059 4894 Granad.
3078 4849 3372 4896 controver-
3384 4837 3544 4934 Rilgffi

2020 4929 2107 4982 sia
2155 4925 2190 4976 8
2236 4921 2300 4974 de
2341 4916 2548 4988 qratia,
2592 4923 2755 4973 tract.
2805 4920 2859 4982 8,
2904 4928 3028 4977 sect.
3061 4924 3114 4988 2,
3161 4922 3528 4987 Curiehswez.

2021 5010 2273 5065 Joannes
2294 5001 2364 5057 de
2391 4997 2639 5065 Medina.
2673 4999 2847 5073 Lugo,
2883 5003 3142 5076 Ripalda,
3166 5011 3222 5061 et
3241 5006 3369 5060 Sua·

2026 5110 2118 5151 rez
2145 5090 2283 5149 locis
2309 5102 2482 5160 supra
2503 5084 2705 5141 citatis.
2737 5086 2847 5140 Pro
2868 5102 2977 5157 qua
3003 5087 3177 5143 etiam
3203 5085 3367 5142 refert

3137 5167 3366 5223 Suarius
