3647 5753
1414 389 1588 447 DISP.
1634 392 1754 460 vn,
1799 395 1962 453 DUB.
2010 399 2103 456 111.
2287 408 2291 412 ’
2999 420 3069 475 57

104 565 158 608 ua
188 549 598 621 consequitur,
622 554 889 610 convenit
920 557 1030 612 Deo
1069 556 1340 624 absolute,
1390 568 1445 618 et
1473 562 1570 620 in-

104 616 161 707 ffi',
190 625 599 700 dependenter
632 647 664 687 a
701 634 995 691 voluntate
1034 637 1377 710 producendi
1422 641 1568 700 libe-

104 718 156 757 si·
192 724 328 765 rum
373 711 715 780 arbitrium,
744 721 801 771 et
824 720 1200 776 conservandi
1232 722 1408 780 illaesa
1446 725 1569 797 ejus

104 775 150 856 ἶ.
182 788 322 861 jura
357 812 372 855 ;
406 789 531 848 haec
565 793 775 866 quippe
803 796 1067 853 voluntas
1093 801 1321 873 aliquod
1349 803 1565 862 divium

1705 588 1826 631 non
1877 591 2000 635 esse
2067 583 2517 657 omnipotentem
2545 613 2557 657 ;
2607 594 3065 669 quandoquidem

1704 656 1972 714 voluntas
1992 668 2174 718 creata
2202 665 2416 738 aliquid
2439 666 2508 724 de
2538 670 2692 729 linea
2719 672 2853 730 boni
2876 687 3067 735 causat

1700 736 1829 795 sine
1866 738 2339 804 subordinatione
2382 748 2452 804 ad
2505 755 2815 824 potentiam
2845 760 2963 828 Dei,
3009 767 3065 818 et

108 894 118 902 ·
187 866 491 925 libertatis
515 874 854 930 exercitium
874 881 958 930 est
990 898 1004 932 ε
1032 880 1185 950 atqui
1213 886 1566 956 eit-supposi-

184 949 369 1018 tione,
401 952 556 1023 quod
596 957 742 1012 Deus
770 958 1100 1029 praeviderit
1141 962 1398 1021 futurum
1443 982 1564 1024 esse
1655 974 1660 989 ¹

185 1032 249 1086 in
292 1032 400 1087 tali
432 1034 727 1093 occasione
778 1036 1117 1108 dissensum,
1152 1050 1347 1101 manet
1372 1046 1563 1119 impo-

183 1118 311 1168 tens
331 1111 671 1183 decernere,
698 1124 753 1174 et
779 1135 1012 1180 causare
1056 1123 1118 1179 in
1146 1127 1247 1182 tali
1270 1129 1568 1188 occasione

182 1194 523 1252 dissensum
552 1219 565 1252 ε
596 1205 1012 1269 eteconverso,
1045 1206 1224 1277 posita
1252 1210 1560 1279 praescien·

182 1277 261 1332 tia
303 1277 497 1334 futuri
523 1295 849 1352 consensus,
884 1283 943 1341 fit
973 1288 1233 1358 proxime
1261 1296 1461 1362 potens
1486 1292 1556 1349 ad

186 1356 355 1413 illum
405 1357 853 1423 decernendum.
896 1370 952 1421 et
1004 1368 1390 1429 causandum:
1420 1387 1555 1448 ergo

182 1440 332 1494 Deus
375 1455 500 1496 non
526 1449 612 1498 est
648 1458 720 1500 ex
746 1460 806 1501 se
844 1448 1208 1521 omnipotens
1246 1451 1314 1508 ad
1357 1453 1555 1512 decer-

185 1518 472 1588 nendum,
524 1530 582 1580 et
622 1527 971 1585 causandum
1017 1547 1405 1603 consensum;
1454 1539 1553 1595 sed

182 1608 385 1673 potens
415 1618 522 1674 per
548 1602 1003 1665 additamentum
1023 1613 1274 1695 scientias
1296 1616 1499 1675 mediae
1519 1636 1552 1677 a

176 1915 312 1990 quid
352 1917 428 1974 de
472 1920 626 1977 linea
666 1921 802 1979 boni
850 1934 1104 1997 poneret,
1136 1929 1206 1985 ad
1246 1933 1393 2005 quod
1429 1951 1545 1992 non

175 2008 552 2059 concurreret
593 2006 1008 2080 omnipotentia
1060 2009 1280 2079 divina,
1330 2031 1397 2073 eo
1425 2017 1547 2090 ipso

175 2088 523 2152 argueretur
550 2085 728 2140 Deum
759 2102 874 2143 non
903 2104 1026 2146 esse
1050 2093 1499 2165 omnipotentem
1526 2122 1541 2166 ;

175 2161 466 2235 siquidem
493 2181 610 2222 non
638 2175 831 2240 ageret
869 2168 1096 2227 effectus
1123 2189 1155 2230 a
1184 2179 1435 2248 potentia
1457 2181 1544 2236 in-

176 2242 376 2301 feriori
407 2246 715 2319 productos
746 2273 759 2308 ε
789 2267 924 2324 ergo
944 2253 992 2309 si
1017 2254 1077 2310 in
1098 2261 1245 2313 statu
1270 2260 1544 2320 conditio-

175 2332 307 2383 nato
332 2329 575 2399 ponitur
597 2331 830 2403 aliquid,
864 2334 933 2391 ad
960 2336 1109 2409 quod
1136 2337 1334 2397 divina
1355 2345 1542 2400 omni-

174 2410 429 2478 potentia
452 2425 572 2466 non
594 2421 913 2479 concurrat,
944 2432 1011 2473 eo
1031 2417 1153 2489 ipso
1181 2430 1534 2495 argueretur,

173 2488 348 2543 Deum
405 2490 471 2545 in
493 2505 562 2547 eo
587 2496 758 2560 statu,
783 2495 873 2551 vel
899 2503 1062 2568 prout
1081 2514 1141 2555 se
1168 2500 1336 2558 habet
1358 2502 1426 2559 ad
1448 2521 1532 2571 ea,

173 2582 293 2639 quae
337 2569 409 2625 ad
459 2570 633 2629 illum
679 2578 889 2630 statum
935 2584 1205 2649 spectant,
1258 2597 1374 2638 non
1419 2600 1539 2642 esse

173 2648 675 2721 omnipotentem:
729 2654 883 2726 atqui
908 2656 969 2711 in
1016 2673 1082 2714 eo
1125 2664 1273 2716 statu
1304 2663 1537 2735 ponitur

174 2728 400 2801 aliquod
455 2733 613 2788 reale
668 2733 1032 2805 praedicatum
1086 2739 1473 2814 dependenter
1503 2762 1535 2801 a

172 2810 468 2867 voluntate
496 2819 705 2882 creata,
737 2813 807 2869 ad
852 2817 998 2889 quod
1027 2818 1227 2879 divina
1266 2825 1534 2899 omnipo-

171 2892 345 2947 tentia
368 2910 492 2950 non
512 2902 815 2953 concurrat
846 2920 859 2952 :
883 2913 1017 2973 ergo
1045 2903 1190 2959 Deus
1211 2905 1276 2962 in
1297 2923 1364 2964 eo
1383 2913 1534 2964 statu

105 2975 142 3017 ,ω
171 2987 280 3028 non
301 2979 388 3030 est
429 2976 817 3048 omnipotens.
848 2980 1126 3039 Probatur
1153 2985 1366 3054 minor,
1398 2990 1531 3061 quia

104 3035 120 3114 ἶ
167 3050 225 3107 ἰη
243 3069 309 3110 eo
328 3061 482 3111 statu
512 3057 746 3128 ponitur
768 3061 980 3117 veritas
1001 3062 1278 3139 objectiva
1298 3085 1532 3127 consen-

104 3135 252 3213 ἔμας
294 3136 696 3206 conditionate
742 3139 940 3207 futuri,
966 3160 1091 3215 quae
1123 3153 1207 3203 est
1247 3150 1527 3223 obJectum

105 3251 113 3261 .
160 3215 403 3272 scientIae
416 3218 641 3283 mediae,
671 3220 1529 3301 etconditioindispensabiliter

165 3296 450 3367 requisita,
487 3304 548 3354 ut
574 3301 721 3356 Deus
744 3303 918 3373 possit
941 3304 1249 3367 decernere
1285 3309 1529 3370 co'nsen-'

164 3391 283 3432 sum
317 3384 411 3436 :et
441 3380 774 3454 huJusmodi
814 3386 1029 3443 veritas
1063 3389 1344 3462 dependet
1363 3410 1395 3450 a
1422 3412 1528 3452 vo-

166 3457 376 3517 luntate
395 3468 606 3528 creata,
634 3464 778 3520 alias
799 3473 942 3524 esset
961 3473 1273 3543 suppositio
1293 3474 1527 3551 simpli-

166 3541 296 3597 citer
323 3609 326 3610 ⁷
356 3543 700 3601 antecedens
749 3556 1003 3620 respectu
1047 3552 1227 3620 illius,
1297 3559 1527 3631 ejusque

174 3619 490 3680 libertatem
526 3632 812 3684 everteret
845 3650 857 3685 :
887 3636 942 3686 et
970 3634 1203 3704 ponitur
1242 3637 1524 3711 indepen-

173 3701 363 3761 denter
386 3704 458 3761 ab
507 3707 927 3780 omnipotentia
967 3712 1184 3781 divina,
1217 3716 1359 3773 alias
1378 3725 1526 3776 esset

171 3784 509 3853 voluntaria,
540 3794 597 3844 et
620 3788 833 3857 libera-3
850 3793 1135 3864 siquidem
1158 3798 1523 3871 omnipoten-

172 3862 244 3918 tia
273 3880 388 3921 non
414 3869 727 3933 concurrit,
757 3869 868 3925 nisi
892 3874 1171 3945 applicata
1203 3892 1302 3949 per
1325 3880 1523 3937 volun·

171 3947 330 4000 tatem
365 3968 378 4002 ι
410 3947 637 4020 aliquod
666 3964 803 4022 ergo
850 3952 1216 4022 praedicatum
1248 3959 1398 4014 reale
1420 3977 1522 4033 po-

173 4017 321 4080 nit‘ur
340 4027 404 4082 in
429 4033 579 4083 statu
601 4029 990 4089 conditionate
1011 4033 1335 4106 dependens
1358 4055 1389 4094 a
1420 4056 1521 4096 vo-

176 4104 378 4164 luntate
411 4114 620 4176 creata,
667 4110 734 4166 ad
780 4111 929 4183 quod
976 4116 1392 4189 omnipotentia
1421 4123 1519 4177 Dei

174 4200 278 4241 non
298 4191 610 4245 concurrit.
1491 4223 1498 4229 ·

236 4267 323 4322 83.
370 4267 655 4336 Praeterea,
686 4271 791 4328 illa
823 4274 1074 4332 conditio
1096 4282 1431 4347 necessaria,
1458 4286 1521 4337 ut

175 4345 307 4402 Deus
342 4348 631 4417 decernat,
676 4357 732 4408 et
770 4360 958 4412 causet
1002 4372 1339 4425 consensum
1373 4361 1520 4419 libe-

180 4439 315 4495 rum,
345 4445 550 4503 nempe
573 4433 927 4504 praescientia
944 4434 1122 4508 ipsius
1150 4445 1209 4494 ut
1237 4439 1520 4498 conditio-

179 4514 296 4562 nate
321 4508 521 4576 futuri,
554 4510 835 4584 dependet
859 4516 951 4570 vel
969 4517 1307 4576 avoluntate
1333 4526 1520 4579 creata

177 4589 230 4638 ut
246 4585 613 4645 subordinata
637 4591 749 4647 Deo
764 4591 824 4646 in
851 4595 1203 4665 appositione
1223 4599 1353 4653 talis
1379 4616 1520 4657 con-

178 4661 431 4735 ditionis;
463 4670 610 4726 vela
635 4667 928 4730 voluntate
950 4679 1010 4729 ut
1039 4677 1151 4732 Deo
1175 4694 1291 4735 non
1312 4680 1520 4737 subor-

172 4742 349 4803 dinata
376 4750 403 4804 ‚⁹
428 4749 485 4805 Si
508 4749 732 4807 dicatur
771 4752 874 4809 hoc
899 4755 1190 4825 ultimum,
1223 4759 1519 4819 evidenter

177 4824 427 4896 infertur,
491 4830 713 4902 aliquid
758 4833 958 4891 cadere
1016 4836 1172 4893 intra
1230 4840 1517 4912 sphaeram

177 4907 469 4966 voluntatis
487 4915 710 4979 creatae,
734 4914 882 4985 quod
900 4931 1013 4972 non
1025 4919 1352 4977 continetur
1365 4922 1522 4980 intra

178 4989 471 5056 potentiam
499 4988 785 5061 divinam,
816 5000 872 5050 et
904 5005 1312 5070 consequenter
1338 5004 1519 5059 Deum

307 5079 592 5139 Salmant.
629 5080 796 5141 curs,
827 5086 1049 5159 theoloq.
1080 5096 1212 5148 tom.
1241 5090 1309 5150 X.

1701 815 2152 891 independenter
2172 824 2243 881 ab
2260 827 2378 884 illa.
2409 832 2671 891 Primum
2694 842 2883 893 autem
2894 839 3240 936 juxtasffg'gffli

1699 892 1984 972 p’rincipia
2028 904 2277 964 scientiae
2323 909 2523 968 mediae
2551 913 2660 971 dici
2704 932 2819 974 non
2860 922 3051 991 valet3
3098 917 3261 986 natio·-

1697 978 1832 1050 quia
1857 982 1905 1037 si
1941 984 2207 1043 voluntas
2233 996 2421 1047 creata
2464 999 2523 1049 ut
2550 995 2924 1057 subordinata
2945 1005 3058 1061 Deo
3071 1002 3271 1087 orffiss'rae

1695 1064 1779 1114 est
1826 1062 2178 1136 principium
2220 1067 2379 1126 illius
2407 1072 2926 1149 determinationiS,
2957 1101 3055 1142 seu
3091 1091 3197 1184 Dead

1695 1142 1956 1200 veritatis
1976 1146 2263 1222 objectivae
2288 1174 2301 1208 t
2330 1170 2465 1230 ergo
2485 1158 2629 1215 sicut
2650 1161 2751 1219 illa
2778 1162 3056 1223 determi-
3157 1151 3240 1183 ‘¹¹¹¹‘

1694 1222 1852 1280 natio
1879 1224 2157 1300 dependet
2177 1232 2509 1295 immediate
2531 1255 2562 1296 a
2584 1243 2877 1301 voluntate
2892 1262 3053 1310 crea-2

1693 1306 1746 1359 ta
1775 1309 2048 1381 tanquam
2076 1328 2108 1368 a
2134 1329 2301 1372 causa
2321 1320 2584 1386 secunda,
2613 1323 2691 1379 ita
2713 1324 3055 1400 dependebit

1690 1384 1894 1443 saltem
1924 1390 2170 1450 mediate
2191 1410 2224 1451 a
2252 1397 2364 1453 Deo
2392 1399 2538 1456 sicut
2566 1418 2597 1457 a
2617 1419 2787 1463 causa
2817 1408 3005 1479 prima
3037 1434 3053 1478 ;

1689 1477 1752 1519 ac
1780 1481 1881 1537 per
1908 1484 2255 1544 consequens
2273 1476 2419 1532 sicut
2444 1486 2527 1535 est
2552 1480 2733 1540 libera
2753 1493 3049 1555 creaturae,

1690 1541 1770 1599 ita
1791 1547 1903 1602 erit
1947 1548 2129 1608 libera
2169 1556 2282 1611 Deo
2307 1556 2440 1613 :sed
2489 1560 2594 1617 illa
2632 1564 2847 1622 veritas
2873 1566 3052 1643 objec-

1687 1622 1823 1692 tiva,
1850 1644 1975 1701 quae
2003 1636 2088 1687 est
2113 1632 2392 1707 objectum
2419 1639 2671 1699 scientiae
2697 1645 2918 1705 mediae.
2948 1665 3053 1705 ne-

1683 1705 1805 1774 quit
1869 1724 1990 1767 esse
2043 1710 2225 1769 libera
2269 1716 2398 1784 De0,
2449 1720 2591 1790 quin
2638 1724 2760 1795 ipsa
2810 1727 3050 1787 scientia

1683 1785 1797 1843 Deo
1833 1788 2016 1848 libera
2055 1793 2131 1848 sit
2158 1810 2328 1869 :ergo
2372 1798 2420 1853 si
2451 1801 2714 1860 voluntas
2746 1814 2933 1865 creata
2989 1817 3049 1867 ut

1680 1867 2057 1931 subordInata
2101 1878 2214 1932 Deo
2270 1885 2462 1936 causat
2506 1885 2811 1943 veritatem
2878 1891 3045 1949 illam

1681 1948 2038 2024 objectivam,
2064 1959 2301 2015 scientia
2329 1961 2518 2019 media
2545 1966 2660 2021 erit
2684 1967 2867 2027 libera
2890 1973 3004 2030 Deo
3029 1999 3042 2041 ;

1678 2030 1827 2100 quod
1848 2037 2041 2090 tamen
2062 2036 2182 2110 ejus
2210 2039 2556 2111 professores
2589 2047 2797 2102 nolunt
2825 2050 3041 2108 admit—

1681 2108 1819 2166 tere.

1758 2189 2018 2260 Tandem,
2052 2195 2153 2252 illa
2181 2199 2392 2255 veritas
2431 2201 2726 2276 obJectiva,
2759 2224 2857 2265 seu
2887 2212 3045 2268 futu-

1678 2268 1812 2327 ritio
1838 2273 2245 2344 conditionata,
2276 2295 2400 2351 quae
2426 2289 2509 2338 est
2547 2283 2827 2358 objectum
2853 2293 3043 2350 scien-

1676 2349 1770 2405 tiae
1798 2351 2020 2422 mediae,
2080 2371 2198 2412 non
2242 2360 2491 2431 pertinet
2537 2364 2605 2419 ad
2646 2373 2855 2426 statum
2883 2389 3040 2445 purae

1675 2430 2088 2503 possibilitatis,
2122 2437 2265 2494 alias
2314 2457 2429 2498 non
2458 2443 2526 2499 ad
2567 2448 2863 2508 scientiam
2912 2470 3037 2512 me-

1672 2508 1853 2579 diam,
1877 2514 1974 2570 sed
1991 2514 2060 2571 ad
2072 2518 2372 2576 scientiam
2395 2522 2676 2596 simplicis
2703 2529 3037 2607 intelligen-

1673 2591 1764 2647 tiae
1790 2593 2102 2664 pertineret
2128 2618 2141 2653 :
2171 2614 2306 2674 ergo
2335 2602 2605 2676 importat
2631 2609 2857 2681 aliquod
2887 2632 3036 2688 prae-

1669 2669 1919 2728 dicatum
1943 2675 2095 2731 reale
2118 2680 2549 2751 superadditum
2574 2688 2891 2757 praedicatis
2918 2711 3036 2752 me·

1671 2767 1732 2808 re
1751 2753 2117 2824 possibilibus
2144 2782 2156 2825 ;
2186 2765 2242 2815 et
2268 2766 2462 2820 tamen
2492 2765 2611 2823 haec
2640 2774 3032 2843 superadditio

1668 2847 1784 2888 non
1813 2832 1877 2889 fit
1909 2851 2006 2909 per
2030 2841 2342 2912 potentiam
2374 2845 2470 2901 Dei
2499 2866 2511 2901 :
2542 2863 2675 2924 ergo
2699 2867 2813 2909 non
2842 2859 2993 2913 conti
3013 2892 3045 2930 ·.

1669 2918 1837 2970 netur
1856 2917 2010 2974 intra
2031 2921 2150 2994 ejus
2172 2926 2507 2994 potentiam,
2536 2946 2596 2985 ac
2618 2934 2860 3003 proinde
2885 2940 3031 2996 Deus

1666 3009 1784 3052 non
1834 2997 1946 3052 erit
1996 3000 2381 3073 omnipotens.
2455 3008 2649 3065 Minor
2695 3012 3030 3091 subsumpta

1664 3080 1749 3130 est
1767 3076 2074 3135 manifesta
2095 3080 2158 3135 in
2186 3083 2489 3158 principiis
2510 3090 2761 3148 scientias
2782 3097 2986 3156 mediae
3013 3125 3027 3168 ;

1664 3169 1800 3224 nam
1841 3156 1924 3212 eis
1953 3157 2174 3226 stando,
2221 3163 2326 3220 illa
2369 3170 2759 3238 superadditio
2801 3183 3027 3236 antece—

1662 3235 1747 3292 dit
1790 3251 1962 3295 omne
2005 3243 2343 3302 exercitium
2409 3246 2660 3309 liberum
2715 3259 3026 3318 voluntatis

1661 3316 1874 3375 divinae
1907 3341 1920 3375 :
1948 3320 2046 3378 sed
2097 3326 2244 3380 Deus
2295 3327 2446 3384 nihil
2468 3333 2474 3338 '
2496 3330 2630 3388 facit
2649 3336 2777 3392 ‘nisi
2832 3343 3023 3406 media

1662 3400 1914 3471 potentia
1956 3401 2135 3460 libere
2169 3408 2449 3479 applicata
2477 3427 2578 3483 per
2618 3417 2970 3478 voluntatem
3007 3447 3019 3479 :

1660 3493 1795 3553 ergo
1815 3480 1918 3536 illa
1937 3484 2327 3555 superadditio
2352 3505 2470 3545 non
2495 3490 2556 3546 fit
2579 3511 2679 3565 per
2702 3502 3017 3569 potentiam

1660 3561 1783 3617 Dei.

1732 3640 1926 3696 84.Ad
1948 3642 2063 3698 haec
2089 3631 2194 3700 :'D.
2217 3648 2568 3721 Augustinus
2598 3654 2658 3709 in
2678 3659 3021 3718 testimoniis

1657 3735 1831 3791 supra
1880 3720 2074 3777 relatis
2122 3725 2322 3796 probat
2366 3729 2668 3789 efficaciam
2709 3740 2909 3809 gratiae
2946 3759 3019 3799 ex

1658 3799 1917 3855 maxima
1937 3802 2279 3860 excellentia
2310 3805 2526 3866 divinae
2560 3817 2824 3882 potentiae
2843 3838 3017 3894 supra

1657 3878 2013 3935 voluntatem
2042 3889 2314 3953 creatam,
2342 3894 2397 3943 et
2418 3904 2487 3943 ex
2516 3894 2774 3953 maxima
2794 3898 3018 3973 subjec-

1657 3959 1813 4016 tione
1861 3962 2176 4018 voluntatis
2216 3974 2418 4024 creatae
2459 3970 2529 4026 ad
2560 3975 2739 4032 Deum
2775 3999 2787 4035 ε
2836 3981 2932 4037 sed
2964 3986 3014 4040 si

1653 4040 1841 4112 gratia
1880 4047 1965 4097 est
2015 4041 2208 4099 efficax
2258 4043 2647 4118 dependenter
2694 4073 2726 4112 a
2777 4059 3015 4120 scientia

1655 4117 1864 4183 media,
1901 4121 2152 4193 potentia
2188 4122 2288 4180 Dei
2316 4142 2543 4186 summe
2566 4131 2934 4207 deprimitur,
2958 4149 3013 4198 et

1655 4199 1921 4255 voluntas
1966 4208 2152 4257 creata
2177 4219 2351 4275 supra
2379 4209 2617 4266 modum
2663 4218 2961 4276 extollitur
2994 4245 3006 4279 ε

1652 4295 1787 4356 ergo
1802 4296 2055 4339 asserere
2080 4285 2327 4358 gratiam
2344 4305 2465 4349 esse
2490 4292 2767 4352 efficacem
2791 4299 3009 4376 depen-

1652 4360 1855 4418 denter
1876 4378 1907 4419 a
1934 4364 2170 4422 scientia
2216 4367 2423 4438 media,
2457 4378 2539 4428 est
2558 4383 2773 4435 ‘contra
2794 4385 3009 4459 Augus·
3063 4405 3173 4456 uum

1654 4441 1843 4497 tinum
1863 4484 1876 4508 ,
1926 4445 2084 4517 cujus
2147 4453 2399 4505 mentem
2443 4451 2818 4530 investigabat
2879 4467 3009 4524 Cle-
3076 4454 3216 4546 ⁰¹3⁵}a‚

1653 4538 1818 4579 mens
1839 4523 1983 4590 VIII,
2018 4541 2123 4597 pro
2162 4527 2331 4600 hujus
2358 4538 2759 4594 controversias
2788 4548 3009 4604 resolu-
3022 4513 3222 4598 ffiucrea·

1654 4604 1831 4660 tione.
1856 4604 2051 4661 Minor
2076 4614 2295 4664 constat
2339 4627 2411 4668 ex
2437 4614 2640 4684 dictis;
2687 4637 2821 4680 nam
2844 4629 3009 4701 juxta
3048 4606 3169 4661 ‘'¹⁸¹''

3047 4652 3190 4704 ‹lepri-

1654 4681 2446 4756 principia'scientiae'mediae
2468 4703 2785 4760 necessario
2810 4707 3010 4769 dicen-
3076 4702 3197 4794 'gtie'n-

1653 4760 1793 4819 dum
1841 4768 1944 4828 est,
1999 4768 2418 4838 praescientiam
2469 4790 2777 4839 consensus
2828 4789 3008 4852 futuri
3041 4761 3219 4856 Kamai-

1653 4842 2031 4901 conditionati
2079 4862 2197 4903 non
2245 4864 2365 4906 esse
2388 4852 2785 4927 impedibilem
2822 4872 3008 4942 aDe0,
3051 4858 3205 4891 ‘'¹⁰⁰⁰''

1652 4926 1710 4979 et
1750 4937 1873 4978 esse
1918 4923 2317 4997 impedibilem
2365 4946 2397 4986 a
2451 4936 2745 4999 voluntate
2788 4960 3015 5012 creata:

1655 5002 1963 5061 veritatem
2015 5004 2355 5082 objectivam
2381 5026 2502 5073 esse
2536 5017 3019 5095 independentem

2839 5127 2874 5180 5
