3647 5753
1416 382 1595 439 DISP.
1639 382 1734 449 IV,
1778 381 1945 439 DUB.
1989 384 2060 441 11.
3013 378 3125 435 643

256 570 344 622 e0,
376 554 525 628 quod
565 562 827 613 autumat
865 557 1114 632 gratiam
1163 556 1225 613 in
1274 555 1375 612 tali
1416 559 1626 612 eventu

255 634 685 709 producendam
712 638 836 695 fore
857 641 1189 705 successive,
1217 644 1273 695 et
1296 653 1396 710 per
1415 634 1628 710 gradus

255 720 769 792 correspondentes
798 720 1058 793 partibus
1081 721 1378 793 temporis,

30 834 217 931 staff·
256 799 673 949 ,matt-’3³
682 797 1628 957 affigatis?{333223132253

257 961 449 1034 impii,
494 979 620 1035 quae
665 963 829 1020 fieret
875 964 939 1019 in
984 969 1261 1036 tempore,
1315 978 1434 1019 non
1479 965 1626 1018 esset

255 1042 520 1110 mutatio,
551 1044 834 1118 siquidem
877 1061 994 1101 non
1024 1043 1188 1102 fieret
1227 1045 1292 1100 in
1339 1041 1621 1107 instanti;

257 1140 363 1181 nec
407 1133 554 1184 esset
595 1126 802 1194 motuS,
841 1127 1127 1201 siquidem
1156 1143 1274 1184 non
1322 1125 1483 1182 fieret
1523 1139 1624 1196 per

257 1213 447 1281 partes
468 1225 634 1284 :ergo
664 1216 941 1285 repugnat
961 1209 1429 1284 justificationem
1453 1206 1622 1280 impii

257 1288 388 1346 fieri
418 1289 481 1344 in
506 1295 782 1363 tempore.

30 1392 242 1439 >unitum
333 1369 730 1442 Respondetur
748 1371 1076 1446 praedictam
1099 1370 1480 1427 mutationem
1503 1382 1623 1424 non

258 1451 381 1507 fore
420 1457 641 1509 motum
670 1453 1072 1520 successivum,
1104 1453 1204 1525 qui
1234 1454 1456 1509 constat
1486 1464 1623 1522 par-

255 1532 428 1601 tibus,
474 1541 530 1591 et
556 1535 1050 1604 indivisibilibus;
1094 1536 1218 1592 fore
1254 1541 1451 1590 tamen
1493 1548 1623 1589 mo·-

255 1621 379 1673 tum
407 1633 477 1674 ex
503 1618 716 1692 duplici
746 1620 998 1692 simplici
1041 1617 1360 1674 mutatione
1387 1631 1622 1687 compo-

249 1698 452 1766 situm,
476 1701 640 1773 juxta
667 1717 732 1759 ea
782 1718 908 1775 quae
946 1699 1200 1755 diximus
1226 1698 1352 1753 dub.
1397 1698 1618 1770 praeced.

30 1815 220 1856 scotus.
255 1783 287 1849 ἓ
323 1783 369 1837 l.
395 1781 568 1838 Addit
596 1788 808 1848 autem,
840 1788 896 1839 et
921 1789 1067 1838 recte
1089 1783 1285 1837 Scotus
1314 1780 1426 1836 loco
1448 1796 1623 1852 supra

254 1864 348 1918 cit.
375 1865 406 1932 ἓ
450 1863 544 1920 Aa
592 1865 906 1930 secundum,
937 1862 1087 1936 quod
1113 1884 1138 1913 «
1170 1861 1365 1918 stricte
1387 1862 1623 1933 loquen-

262 1966 288 1994 «
317 1941 407 2011 do,
433 1945 581 2000 sicut
609 1945 992 2017 Philosophus
1036 1944 1293 2016 loquitur
1322 1940 1392 1998 de
1436 1947 1617 2007 motu,

260 2046 285 2076 α
313 2029 370 2081 et
409 2025 748 2092 mutatione,
785 2028 892 2082 ista
930 2025 1266 2099 justificatio
1315 2039 1432 2079 non
1472 2026 1621 2079 esset

260 2129 283 2159 a
317 2111 523 2173 motuS,
552 2122 656 2164 nec
696 2110 957 2173 mutatio,
996 2107 1095 2164 sed
1139 2105 1359 2179 aliquid
1404 2103 1624 2161 habens

264 2211 290 2241 «
318 2186 389 2246 de
416 2196 654 2262 utroque
677 2192 813 2248 :hoc
834 2191 1066 2264 quidem
1092 2191 1309 2247 habens
1330 2188 1400 2244 de
1429 2193 1623 2243 muta-

266 2292 292 2321 «
323 2271 495 2336 tione,
526 2273 674 2344 quod
706 2280 765 2329 ut
804 2272 990 2330 forma
1018 2274 1285 2346 simplex,
1317 2278 1373 2329 et
1402 2269 1622 2327 indivi-

269 2374 292 2402 α
323 2351 509 2407 sibilis
531 2353 680 2409 inest
719 2353 907 2411 subito
937 2378 948 2411 ε
980 2357 1083 2413 hoc
1121 2362 1311 2412 autem
1342 2353 1410 2409 de
1437 2359 1617 2419 motu,

267 2457 291 2484 «
322 2433 471 2505 quod
498 2434 561 2489 in
584 2436 746 2490 nulla
767 2453 1038 2493 mensura
1069 2435 1422 2493 indivisibili
1448 2437 1615 2501 inest,

263 2537 288 2568 «
320 2515 418 2572 sed
444 2516 801 2589 intempore.
837 2520 904 2573 Et
944 2520 1005 2576 in
1034 2521 1137 2577 hoc
1164 2518 1352 2577 deficit
1374 2536 1406 2575 a
1428 2523 1622 2574 muta-

261 2622 287 2651 «
321 2600 495 2656 tione.
525 2599 719 2656 Deficit
743 2608 933 2658 autem
963 2620 994 2659 a
1021 2611 1200 2670 motu,
1233 2605 1369 2676 quia
1398 2619 1516 2660 non
1538 2608 1622 2658 est

260 2702 285 2731 «
321 2679 508 2736 fluxus
528 2680 839 2738 secundum
870 2689 1057 2755 partes
1074 2686 1295 2752 formae,
1323 2687 1416 2742 vel
1440 2683 1621 2740 mobi-

259 2784 285 2813 «
319 2762 408 2829 lis,
447 2763 534 2817 vel
563 2764 877 2820 secundum
919 2765 1108 2824 media
1145 2768 1299 2823 inter
1321 2772 1620 2831 extrema3

260 2867 285 2896 «
320 2845 456 2917 quia
484 2845 576 2903 hic
625 2849 785 2905 nulla
813 2856 949 2906 sunt
986 2849 1196 2916 media,
1223 2852 1369 2908 sicut
1408 2848 1620 2923 proba-

261 2948 288 2976 «
318 2931 444 2980 tum
489 2932 591 2983 est.
642 2926 714 2983 Ec
761 2931 917 3002 infra
945 2933 1226 3003 subjunyit
1265 2931 1416 2988 :Sed
1443 2945 1621 3003 quare

260 3029 287 3058 «
320 3006 506 3079 passio
533 3014 758 3065 causata
786 3010 856 3066 ab
880 3019 1080 3086 agente
1109 3013 1362 3069 naturali
1386 3017 1470 3068 est
1494 3028 1620 3067 mu-

257 3108 285 3139 «
317 3087 476 3153 tatic,
511 3088 601 3143 vel
625 3093 831 3156 motus,
858 3097 911 3147 et
940 3108 1057 3148 non
1082 3091 1188 3147 ista
1207 3095 1232 3146 Ρ
1261 3090 1614 3163 Respondeo,

259 3188 286 3217 «
315 3167 450 3239 quia
478 3182 650 3240 agens
692 3172 974 3238 naturale,
1007 3173 1055 3228 si
1098 3176 1279 3245 potest
1307 3172 1495 3228 subito
1522 3172 1620 3228 in-

257 3272 284 3301 «
313 3248 519 3306 ducere
540 3250 809 3318 formam,
845 3254 1066 3311 inducit
1087 3272 1189 3328 per
1211 3255 1616 3311 mutationem:

259 3336 372 3388 «et
409 3331 459 3387 si
506 3349 625 3389 non
675 3342 871 3408 potest,
905 3354 1131 3395 necesse
1170 3343 1255 3395 est
1297 3344 1359 3393 ut
1399 3344 1528 3412 agat
1555 3338 1619 3394 in

259 3433 284 3462 «
317 3417 592 3484 tempore,
626 3423 682 3471 et
709 3418 790 3473 ita
837 3435 938 3491 per
965 3427 1209 3477 motum.
1243 3424 1389 3477 Deus
1426 3425 1618 3476 autem

261 3515 286 3544 «
317 3493 422 3548 etsi
451 3502 635 3564 posset
662 3497 909 3556 formam
934 3502 1204 3558 inducere
1245 3504 1310 3558 in
1352 3503 1612 3571 instanti,

267 3595 292 3627 «
322 3579 517 3631 tamen
543 3578 589 3633 si
615 3595 731 3635 non
753 3581 1044 3641 induceret
1071 3585 1225 3658 (quia
1249 3601 1366 3641 non
1389 3586 1533 3656 vult)
1555 3585 1618 3640 in

267 3657 582 3726 «instanti,
623 3666 803 3731 potest
842 3661 1113 3721 inducere
1141 3672 1318 3723 totam
1365 3666 1427 3722 in
1469 3671 1619 3722 tem-

265 3762 290 3790 «
321 3755 477 3812 pore,
512 3741 591 3797 ita
625 3740 773 3813 quod
830 3759 945 3800 non
988 3751 1177 3817 partes
1225 3752 1357 3803 ante
1405 3751 1612 3820 partes

265 3845 290 3873 «
321 3823 493 3878 Posse
518 3821 676 3877 enim
701 3838 866 3896 agere
888 3826 951 3881 in
973 3832 1229 3899 tempore
1257 3844 1375 3885 non
1396 3833 1481 3884 est
1502 3827 1620 3883 im-

261 3924 286 3954 «
320 3902 590 3975 perfectio
612 3903 673 3958 in
702 3911 921 3977 agente,
939 3906 1388 3965 licetnecessitas
1412 3909 1615 3983 agendi

261 4008 286 4037 a
320 3986 384 4042 in
411 3993 668 4057 tempore
693 3987 767 4042 sit
796 3989 1170 4061 imperfectio.
1205 4011 1230 4042 υ
1266 3993 1331 4047 In
1367 4008 1477 4064 quo
1505 3993 1617 4048 ali-

256 4073 365 4132 ter,
391 4071 447 4123 et
485 4069 668 4125 multo
708 4070 915 4126 melius
941 4070 1232 4139 discurrit,
1257 4089 1430 4145 quam
1476 4075 1618 4129 Vas-

255 4164 395 4220 quez
422 4146 520 4203 ubi
541 4165 733 4223 supra.

869 4333 900 4399 g
940 4332 1009 4387 11.

298 4475 697 4534 Convelluntur
742 4487 1066 4547 aryumenta
1106 4487 1297 4536 contra
1334 4483 1580 4554 primam

726 4562 1143 4619 conclusionem.

58 4711 206 4812 {3233
330 4718 423 4773 26.
455 4715 743 4774 Adversus
785 4724 1041 4776 nostram
1086 4719 1358 4791 primam,
1385 4725 1441 4776 et
1470 4735 1618 4791 prae-

53 4814 221 4854 contra·
258 4799 484 4871 cipuam
533 4800 907 4857 assertionem
954 4801 1140 4857 solent
1187 4801 1338 4857 varii
1391 4799 1617 4858 dicendi

36 4859 213 4961 ρῖἐξὸῐ,
258 4880 415 4939 modi
433 4880 656 4937 referri.
680 4881 912 4936 Primus
932 4886 1016 4937 est
1030 4882 1310 4955 Gregorii,
1331 4881 1613 4951 Almaini,

35 4957 222 5058 ssssmgQ'
256 4962 510 5038 Angesti,
543 4967 600 5018 et
622 4963 875 5035 Vasquez
921 4965 938 5018 l
988 4970 1140 5035 part.
1164 4965 1302 5037 disp.
1336 4963 1468 5028 229,
1494 4981 1615 5038 cap.

67 5057 189 5111 vasq.
265 5047 349 5115 10,
374 5043 755 5101 asserentium
779 5049 935 5100 actus
962 5045 1304 5112 intellectus,
1329 5050 1386 5101 et
1407 5044 1620 5102 volun—

1760 553 1892 610 tatis
1911 569 2028 612 non
2050 572 2211 629 posse
2247 556 2459 615 durare
2488 573 2589 631 per
2618 555 2854 612 unicum
2894 557 3121 610 tantum

1759 635 2000 701 instans,
2027 636 2126 693 sed
2157 639 2479 696 necessario
2506 652 2845 696 consumere
2873 640 3120 706 tempus:

1759 717 1911 774 unde
1956 725 2368 791 consequenter
2424 720 2705 784 inferunt,
2758 715 3124 792 Justificatio-

1759 812 1892 853 nem
1914 796 2121 855 debere
2142 799 2205 854 in
2228 803 2485 872 tempore
2504 798 2652 866 fieri,
2678 799 2813 870 quia
2826 796 3012 871 gratia
3034 795 3123 850 in-

1758 878 2026 936 funditur
2054 879 2447 953 dependenter
2474 881 2545 938 ab
2587 882 2707 937 illis
2747 877 2984 936 actibuS.
3013 875 3121 934 Sed

1758 961 2200 1021 fundamentum
2256 965 2427 1038 hujus
2480 964 2777 1038 opinionis
2829 961 3121 1034 appellant

1756 1059 2065 1101 erroneum
2096 1046 2260 1103 Sotus
2281 1047 2342 1101 in
2367 1046 2423 1113 4,
2455 1046 2583 1105 dist.
2620 1048 2703 1112 17,
2729 1052 2910 1121 quaest.
2935 1044 3115 1108 2,art.

1754 1125 1809 1193 4,
1841 1130 1898 1182 et
1937 1126 2060 1183 alii.
2105 1129 2218 1184 Nos
2246 1142 2384 1185 vero
2410 1144 2483 1185 ex
2512 1143 2626 1183 una
2663 1130 2824 1198 parte
2864 1102 3335 1216 abstin⁰·Q„H,¹,}{{¹,?,¹⁰

1749 1223 1885 1264 ¹mus
1913 1207 1983 1264 ab
2011 1209 2116 1264 hac
2160 1225 2421 1276 censura,
2453 1216 2510 1267 et
2553 1210 2767 1266 exalia
2797 1223 2912 1264 non
2952 1204 3117 1262 vide-
3156 1220 3295 1265 obiter

1754 1306 1885 1346 mus
1913 1291 2308 1348 necessitatem
2333 1292 2755 1365 consequentias
2792 1291 2945 1346 inter
2971 1287 3119 1344 illud
3151 1269 3313 1364 ‘1¹3’ssss

1755 1371 2128 1444 principium,
2149 1377 2206 1429 et
2224 1374 2573 1429 sententiam
2592 1370 2759 1428 nobis
2772 1370 3115 1443 oppositam.

1755 1454 2041 1519 Quoniam
2085 1453 2341 1528 praedicti
2394 1454 2680 1510 Authores
2724 1468 2843 1509 non
2886 1455 3117 1524 negant,

1754 1536 1903 1609 quod
1925 1541 2079 1593 actus
2102 1537 2446 1605 intellectus,
2478 1540 2535 1594 et
2554 1534 2874 1592 voluntatis
2904 1532 3123 1606 possint

1755 1619 2010 1692 incipere
2057 1620 2120 1675 in
2167 1619 2444 1686 instanti;
2489 1617 2588 1674 sed
2636 1624 2919 1681 asserunt,
2969 1615 3121 1690 quod

1755 1699 1963 1756 debent
1989 1698 2200 1757 durare
2229 1716 2346 1757 non
2387 1700 2576 1756 solum
2607 1716 2708 1772 per
2739 1700 2979 1765 instans,
3023 1695 3123 1753 sed

1756 1797 1857 1855 per
1883 1782 2114 1854 aliquod
2140 1787 2384 1855 tempus.
2419 1784 2504 1836 Ex
2530 1799 2643 1854 quo
2673 1786 2854 1854 potest
2878 1779 2947 1836 ad
2970 1795 3125 1834 sum-

1755 1881 1918 1920 mum
1942 1865 2174 1933 inferri,
2193 1865 2340 1938 quod
2363 1863 2551 1939 gratia
2576 1864 2776 1921 debeat
2805 1879 2908 1936 pro
2931 1862 3123 1934 aliquo

1756 1951 2013 2019 tempore
2052 1946 2283 2012 durare,
2319 1946 2566 2002 minime
2593 1952 2782 2002 autem
2824 1943 2974 2017 quod
3002 1958 3121 1999 non

1757 2027 1930 2100 possit
1954 2028 2017 2083 in
2035 2029 2278 2085 instanti
2302 2028 2581 2100 incipere.
2606 2024 2894 2083 Secundus
2915 2023 3120 2081 modus

1754 2107 1981 2165 dicendi
2008 2115 2093 2165 est
2118 2110 2286 2175 Scoti,
2321 2108 2595 2179 cajetani,
2628 2112 2682 2163 et
2712 2109 2984 2164 aliorum.
3017 2103 3114 2177 qui
3134 2106 3325 2199 ἅψὲξξῖ

1754 2188 1957 2246 docent
2000 2196 2188 2246 actum
2218 2189 2603 2254 contritionis,
2638 2188 2728 2244 vel
2764 2185 2979 2243 amoris
3001 2199 3119 2240 non
3189 2165 3206 2207 ¹

1754 2270 1952 2327 sortiri
2009 2271 2293 2327 rationem
2343 2271 2563 2325 ultimae
2600 2266 2996 2340 dispositionis
3047 2264 3117 2320 ad

1754 2350 2107 2407 infusionem
2147 2352 2364 2425 gratiae,
2403 2350 2517 2407 nisi
2547 2348 2715 2405 duret
2744 2349 2937 2419 aliquo
2977 2352 3120 2402 tem·

1755 2449 1892 2505 pore
1916 2455 1929 2489 ε
1959 2449 2030 2489 ex
2049 2449 2160 2505 quo
2187 2434 2366 2507 aliqui
2395 2433 2693 2506 colligunt,
2719 2430 2866 2504 quod
2902 2426 3119 2503 justifi-

1753 2514 1899 2571 catio
1920 2512 2120 2570 debeat
2139 2515 2316 2571 etiam
2339 2515 2402 2589 in
2427 2521 2685 2586 tempore
2713 2512 2986 2584 incipere.
3014 2509 3118 2566 Sed

1753 2596 1872 2652 haec
1914 2597 2089 2652 etiam
2137 2596 2542 2669 consequentia
2588 2601 2671 2652 est
2709 2594 2845 2650 satis
2886 2590 3113 2656 debilis,

1751 2678 1885 2749 quia
1911 2695 1982 2735 ex
2011 2679 2113 2735 illo
2144 2680 2430 2751 principio
2460 2679 2530 2736 ad
2557 2692 2856 2735 summum
2883 2674 3121 2751 deduci-

1752 2763 1863 2824 tur,
1894 2757 2044 2832 quod
2071 2759 2476 2833 dispositiones
2520 2765 2754 2817 remotae
2782 2755 2849 2814 ad
2872 2757 3119 2830 gratiam

1752 2838 1897 2897 fiant
1925 2842 1987 2897 in
2015 2845 2301 2914 tempore;
2333 2857 2451 2899 non
2477 2857 2619 2898 vero
2644 2839 2794 2913 quod
2820 2837 3120 2912 dispositio

1753 2921 1958 2977 ultima
2001 2921 2107 2977 sub
2150 2923 2374 2979 ratione
2420 2923 2660 2987 ultimae,
2696 2927 2862 2993 atque
2892 2918 3018 2976 ideo
3064 2924 3122 2976 et

1752 3003 1876 3076 ipsa
1913 3003 2098 3076 gratia
2125 3010 2412 3077 nequeant
2457 3004 2713 3075 incipere
2740 3004 2802 3057 in
2853 3001 3114 3066 instanti,

1752 3089 1814 3139 ut
1859 3100 2034 3156 supra
2081 3086 2529 3158 ponderavimus
2568 3103 2722 3139 num.
2765 3083 2855 3137 21.
2909 3081 3120 3137 Melius

1751 3161 2055 3220 adversum
2080 3172 2334 3221 nostram
2375 3164 2724 3220 sententiam
2754 3161 3112 3226 referuntur,

1750 3246 1848 3318 qui
1876 3252 2156 3314 asserunt,
2175 3247 2584 3305 contritionem
2613 3244 2924 3317 perfectam
2949 3245 3119 3297 extra

1751 3334 2172 3386 sacramentum
2236 3345 2428 3385 secum
2471 3329 2700 3383 trahere
2743 3325 3013 3399 gratiam,
3065 3328 3119 3379 et

1750 3410 2088 3468 charitatem
2110 3435 2123 3479 ;
2146 3411 2245 3468 sed
2268 3427 2383 3468 non
2405 3409 2673 3480 consequi
2702 3405 3116 3462 remissionem

1752 3497 1959 3567 peccati
2001 3501 2304 3568 antequam
2331 3496 2756 3549 sacramentum
2803 3489 3118 3561 recipiatur

1750 3577 1814 3633 in
1844 3592 1924 3632 re.
1950 3579 2032 3632 Ita
2058 3575 2247 3631 docuit
2266 3573 2512 3629 Michael
2535 3572 2708 3627 Baius
2726 3572 2987 3644 proposit.
3021 3570 3114 3637 31,

1750 3661 1822 3715 32
1847 3665 1904 3716 et
1940 3660 2032 3723 67,
2065 3658 2219 3713 inter
2258 3656 2560 3714 damnatas
2605 3672 2639 3711 a
2685 3656 2788 3711 Pio
2817 3656 2864 3707 V
2893 3658 2949 3709 et
2974 3654 3332 3732 G1'0·Micuae1,

1748 3757 1871 3815 gor.
1920 3742 2066 3795 XIII.
2100 3739 2302 3812 Bajum
2332 3737 2544 3794 imitati
2571 3742 2709 3792 sunt
2748 3735 2937 3790 Estius
2965 3734 3028 3792 in
3056 3737 3111 3800 4,
3152 3729 3302 3824 &iffi-

1748 3824 1877 3879 dist.
1918 3824 2001 3888 17,
2032 3825 2063 3891 ξ
2101 3824 2118 3877 l
2165 3825 2221 3877 et
2260 3818 2596 3875 Franciscus
2625 3817 2857 3892 Sylvius
2878 3819 2938 3871 in
2967 3834 3116 3871 com-
3131 3812 3320 3889 Francis.

1749 3911 1913 3961 ment.
1956 3903 2032 3958 ad
2056 3895 2336 3974 supplem.
2362 3902 2396 3955 3
2432 3906 2582 3973 part.
2610 3904 2791 3976 quaest.
2833 3899 2887 3962 5,
2919 3904 3030 3953 art.
3067 3898 3111 3954 1.
3133 3881 3313 3934 sylvms.

1750 3989 1835 4042 Ex
1862 3988 1964 4043 illo
2002 3990 2192 4043 autem
2245 3982 2529 4057 principio
2566 3981 2864 4039 evidenter
2915 3995 3118 4053 seque-

1749 4069 1935 4138 batur,
1974 4068 2442 4144 justificationem
2484 4065 2653 4137 impii
2701 4063 2999 4119 multoties
3045 4062 3117 4118 de

1750 4149 1896 4207 facto
1924 4166 2039 4208 non
2069 4149 2195 4208 fieri
2226 4148 2290 4203 in
2320 4145 2557 4202 instanti
2582 4168 2594 4212 ;
2624 4146 2759 4217 quia
2782 4142 3118 4218 justificatio

1749 4231 2024 4304 importat
2070 4229 2421 4286 infusionem
2464 4226 2681 4301 gratiae,
2708 4232 2765 4282 et
2814 4225 3111 4282 remissio-

1749 4328 1884 4369 nem
1911 4314 2092 4385 culpae
2126 4333 2139 4368 :
2183 4308 2334 4366 unde
2359 4309 2408 4364 si
2451 4307 2667 4364 infusio
2711 4308 2912 4382 gratiae
2953 4305 3119 4362 fieret

1750 4394 1932 4467 posita
1972 4392 2337 4453 contritione,
2389 4395 2522 4446 ante
2565 4390 2983 4461 susceptionem
3022 4402 3117 4442 sa·-

1748 4477 2028 4532 cramenti
2047 4476 2108 4531 in
2134 4490 2212 4540 re,
2233 4487 2391 4528 secus
2413 4476 2602 4528 autem
2628 4470 2891 4527 remissio
2912 4470 3111 4542 culpae,

1749 4571 2098 4628 consequens
2132 4553 2296 4619 foret,
2318 4549 2784 4625 justificationem
2804 4551 2973 4624 impii
2996 4566 3119 4608 non

1748 4640 1947 4704 simul,
1971 4643 2028 4694 et
2048 4638 2409 4693 instantanee
2432 4632 2645 4707 perfici,
2666 4632 2846 4690 sedin
2870 4632 3118 4691 diversis

1749 4718 2169 4776 durationibuS.
2204 4718 2305 4772 His
2346 4732 2500 4789 ergO,
2532 4720 2588 4772 et
2628 4716 2760 4772 aliis
2801 4714 2988 4772 modis
3020 4715 3114 4772 di-

1749 4799 1914 4860 cendi
1947 4799 2179 4865 relictis,
2207 4797 2265 4854 id
2295 4798 2357 4854 in
2386 4814 2497 4871 quo
2526 4802 2761 4870 possunt
2788 4811 2989 4853 omnes
3010 4795 3117 4852 ad-

1750 4899 1951 4940 versus
2013 4888 2271 4939 nostram
2339 4881 2718 4936 assertionem
2775 4878 3109 4945 convenire,

1749 4961 1979 5019 suaderi
2007 4963 2160 5018 valet
2187 4959 2477 5033 aliquibus
2498 4961 2875 5036 argumentiS,
2906 4959 3120 5033 quibus

1751 5044 2004 5102 breviter
2025 5058 2404 5102 occurremus.
