3647 5753
500 489 613 548 524

335 679 476 722 ,Tm
512 662 667 731 part.
698 659 880 731 quaest.
910 652 1002 715 87,
1028 655 1137 704 art.
1172 650 1190 703 l
1243 646 1318 702 ad
1354 647 1410 711 2,
1436 642 1535 699 ubi
1564 641 1644 698 ait
1670 660 1683 695 z
1713 659 1739 690 α
1766 636 1869 692 Di-

511 759 538 792 α
566 735 831 802 cendum,
863 733 1012 804 quod
1035 729 1219 804 passio
1249 743 1352 800 pro
1391 725 1618 780 Christo
1638 736 1869 793 suscep-

511 840 539 873 «
562 823 621 874 ta
662 816 884 874 obtinet
904 815 1027 870 vim
1075 808 1354 883 Baptismi
1378 832 1391 874 ;
1421 810 1477 862 et
1516 803 1644 860 ide‘o
1665 804 1870 876 purgat

509 919 537 963 ᾳ
569 896 641 954 ab
685 895 847 954 omni
893 894 1078 965 culpa,
1128 895 1184 947 et
1233 886 1466 951 veniali,
1511 888 1566 940 et
1610 880 1862 949 mortali,

513 1003 541 1035 α
571 980 687 1035 nisi
734 977 1031 1035 actualiter
1057 973 1411 1030 voluntatem
1452 968 1674 1040 peccato
1702 963 1870 1020 inve-

512 1084 541 1116 α
573 1063 728 1119 nerit
754 1062 1156 1117 inhaerentem.
1189 1076 1215 1105 n

583 1142 729 1198 Huic
756 1142 1092 1214 argumento
1146 1129 1540 1205 respondetur,
1563 1126 1711 1201 quod
1737 1139 1871 1181 cum

515 1223 868 1297 martyrium
896 1217 1101 1275 habeat
1132 1214 1413 1271 rationem
1440 1207 1738 1283 Baptismi‚
1770 1221 1873 1263 eo-

507 1303 641 1362 dem
663 1306 839 1362 etiam
860 1299 1032 1357 modo
1078 1300 1297 1370 peccata
1323 1292 1578 1350 venialia
1606 1287 1867 1346 remittit.

510 1384 806 1453 Quomodo
851 1386 1042 1440 autem
1069 1375 1396 1449 Baptismus
1437 1373 1543 1428 illa
1595 1369 1867 1434 remittat,

509 1485 585 1526 ex
623 1466 779 1523 infra
825 1459 1082 1519 dicendis
1125 1457 1302 1513 latius
1349 1450 1647 1517 constabit,
1674 1455 1729 1506 et
1757 1462 1876 1503 non

508 1548 748 1608 obscure
774 1543 1016 1601 habetur
1036 1555 1108 1596 ex
1146 1552 1321 1609 supra
1347 1534 1532 1591 dictis.
1560 1529 1724 1587 Unde
1744 1528 1875 1586 obi-

510 1639 601 1691 ter
646 1626 969 1687 excluditur
998 1623 1317 1697 Cajetanus,
1348 1617 1446 1689 qui
1491 1617 1618 1689 plus
1661 1615 1878 1685 marty-

513 1714 623 1779 ri0,
648 1726 820 1783 quam
848 1706 1139 1779 Baptismo
1167 1700 1489 1758 attribuens
1528 1695 1694 1760 dixit,
1714 1708 1878 1748 mar-

512 1795 734 1870 tyrium
762 1788 972 1846 habere
997 1787 1119 1841 vim
1169 1778 1500 1839 remittendi
1530 1779 1751 1851 peccata
1785 1789 1881 1830 ve-

515 1876 718 1943 nialia,
750 1873 820 1929 de
864 1869 1069 1944 quibus
1113 1871 1340 1939 martyr
1386 1860 1553 1918 habet
1599 1858 1880 1915 actualem

515 1953 1010 2029 complacentiam.
1042 1947 1150 2004 Sed
1178 1947 1513 2019 CaJetanum
1538 1940 1682 1998 bene
1705 1937 1881 1996 refel-

520 2038 589 2094 lit
615 2040 816 2092 Nunus
849 2034 883 2087 3
915 2036 1067 2104 part.
1102 2033 1283 2106 quaest.
1315 2026 1407 2092 87,
1440 2025 1500 2077 in
1544 2021 1882 2093 expositione

516 2125 628 2175 art.
651 2119 697 2184 l,
718 2117 865 2170 circa
890 2114 1074 2184 finem.
1096 2105 1266 2164 Modo
1292 2103 1547 2161 breviter
1572 2100 1881 2158 dicendum

515 2204 621 2266 est,
676 2194 1027 2268 martyrium
1069 2203 1186 2245 non
1223 2186 1516 2243 remittere
1558 2180 1883 2238 formaliter

517 2283 743 2356 peccata
788 2274 1059 2338 venialia,
1106 2268 1205 2326 sed
1245 2265 1518 2326 effective,
1570 2268 1626 2320 et
1667 2260 1884 2335 produ-

517 2362 697 2419 cendo
718 2355 935 2431 aliquid
953 2356 1017 2411 in
1040 2351 1257 2416 anima,
1289 2347 1439 2421 quod
1464 2346 1539 2402 sit
1562 2345 1884 2415 incompos-

518 2443 689 2501 sibile
714 2457 845 2498 cum
874 2438 1014 2510 ipsis
1047 2457 1059 2491 :
1088 2433 1240 2490 unde
1263 2448 1381 2488 non
1419 2428 1698 2501 sequitur,
1731 2423 1884 2499 quod

518 2527 586 2581 in
636 2540 764 2580 casu
800 2538 863 2578 ar
907 2518 1124 2575 umenti
1167 2515 1563 2572 remitttantur
1627 2507 1888 2567 venialia

287 1142 471 1190 solutio.

321 2049 488 2092 Ulmus.

522 2605 733 2678 absque
773 2603 966 2674 aliqua
1005 2597 1324 2653 mutatione
1364 2594 1698 2649 intrinseca.
1736 2587 1888 2654 Quid

521 2692 714 2744 autem
737 2683 813 2738 sit
841 2679 985 2736 illud
1008 2677 1407 2741 intrinsecum,
1432 2679 1487 2730 et
1506 2669 1791 2744 quomodo
1816 2669 1887 2725 ad

524 2765 967 2825 destructionem
1006 2757 1328 2815 venialium
1376 2756 1694 2819 concurrat,
1727 2751 1889 2807 infra

525 2848 821 2915 constabit,
863 2844 962 2902 ubi
1009 2839 1444 2915 explicabimuS,
1471 2833 1754 2911 quomodo
1794 2850 1890 2890 sa-

526 2934 823 2988 cramenta
849 2927 988 2983 talia
1010 2928 1231 2997 peccata
1253 2920 1566 2977 remittant.

310 3044 503 3092 secunda
603 3014 731 3069 320.
776 3005 1033 3064 Secunda
1058 3003 1341 3059 sententia
1368 3000 1546 3067 docet,
1580 2998 1651 3056 ad
1682 2996 1892 3054 remis-

326 3094 491 3188 3¹1¹&
526 3094 750 3151 sionem
801 3091 1155 3161 peccatorum
1206 3082 1525 3139 venialium
1574 3077 1810 3150 requiri,
1837 3080 1893 3133 et

362 3157 446 3239 1¹12.
527 3176 783 3233 sufficere
833 3169 1157 3231 formalem,
1197 3171 1252 3223 et
1303 3178 1637 3236 expressum
1687 3174 1892 3217 eorum

528 3259 807 3324 dolorem,
838 3253 961 3309 sive
987 3251 1081 3307 hic
1108 3248 1272 3305 dolor
1317 3246 1392 3302 sit
1443 3243 1731 3312 contritio,
1770 3242 1893 3298 sive

315 3339 516 3435 Dffiagd·
531 3338 769 3397 attritio.
795 3339 877 3391 Ita
916 3329 1219 3388 Durandus
1247 3331 1308 3384 in
1327 3328 1382 3396 4,
1421 3326 1548 3381 dist.
1589 3326 1672 3392 16,
1704 3330 1887 3400 quast.

316 3401 494 3494 Argssnt‘.
531 3423 586 3488 2,
611 3426 669 3476 et
711 3419 839 3473 dist.
888 3416 980 3482 21,
1007 3418 1191 3491 quoest.
1231 3411 1286 3477 2,
1339 3405 1620 3462 Paludan.
1670 3405 1889 3470 ibidem,

315 3513 504 3558 nimum
534 3506 713 3579 quast.
755 3500 799 3566 l,
831 3502 939 3551 art.
970 3497 1026 3559 2,
1052 3492 1301 3548 Thomas
1327 3488 1671 3561 Argentinas
1691 3493 1805 3542 art.
1833 3487 1889 3551 2,

318 3574 584 3657 ωξξῆῗῶμεε
623 3582 679 3650 4,
722 3584 778 3636 et
829 3577 949 3632 alii.
1005 3576 1142 3637 Quae
1187 3572 1369 3643 potest
1415 3567 1646 3639 probari
1685 3568 1890 3640 primo,

537 3662 672 3736 quia
694 3675 876 3716 unum
902 3654 1258 3713 contrarium
1306 3649 1504 3723 nequit
1529 3649 1657 3705 tolli
1678 3664 1897 3705 conna-

536 3743 819 3809 turaliter,
850 3738 964 3796 nisi
996 3753 1096 3812 per
1148 3732 1305 3792 aliud
1357 3731 1713 3788 contrarium
1760 3746 1899 3803 pro-

537 3824 930 3900 portionatum
965 3840 977 3874 :
1019 3815 1117 3874 sed
1142 3816 1297 3872 solus
1317 3811 1499 3878 dolor,
1530 3817 1586 3867 et
1633 3810 1899 3867 formalis

537 3902 901 3978 displicentia
915 3903 998 3956 est
1017 3894 1373 3953 contrarium
1397 3891 1898 3964 proportionatum

538 3986 611 4044 ad
646 3981 965 4042 tollendum
1003 3975 1259 4033 venialia
1286 3994 1299 4029 ε
1328 3987 1462 4046 ergo
1509 3971 1767 4027 venialia
1793 3987 1900 4027 au-

537 4067 681 4125 ferri
735 4079 852 4120 non
906 4059 1099 4115 valent
1141 4055 1351 4128 absque
1405 4051 1641 4108 formali
1697 4068 1900 4108 eorum

537 4142 922 4222 displicentia,
970 4145 1028 4195 et
1078 4137 1295 4194 dolore.
1352 4134 1631 4191 Suadetur
1680 4134 1896 4200 minor,

538 4232 677 4306 quia
698 4226 924 4286 veniale
938 4220 1195 4279 consistit
1219 4221 1283 4275 in
1309 4216 1720 4289 complacentia
1736 4217 1902 4272 inor-

541 4314 759 4376 dinata,
790 4311 846 4363 et
874 4301 1131 4360 indebita
1159 4322 1171 4356 :
1200 4298 1299 4356 sed
1330 4297 1461 4352 huic
1477 4297 1904 4369 complacentiae

544 4396 734 4453 solum
755 4385 1064 4462 opponitur
1085 4380 1447 4455 displicentia
1473 4402 1486 4435 ι
1516 4395 1651 4452 ergo
1672 4385 1905 4437 contra-

550 4479 707 4535 rium
729 4469 1224 4547 proportionatum
1237 4461 1306 4518 ad
1317 4460 1636 4519 tollendum
1651 4463 1906 4520 venialia

547 4557 635 4610 est
683 4550 837 4606 solus
881 4544 1063 4608 dolor,
1114 4545 1171 4596 et
1211 4537 1474 4594 formalis
1519 4534 1900 4607 displicentia.

344 4645 512 4695 ,Secun-
548 4629 818 4693 Secundo,
850 4624 983 4699 quia
1003 4621 1051 4676 si
1082 4617 1290 4691 aliquis
1312 4617 1461 4672 alius
1488 4621 1642 4673 actus
1661 4632 1909 4691 oppone.

371 4694 482 4740 dum.
550 4722 711 4776 retur
756 4705 1101 4771 venialibuS,
1132 4701 1387 4758 maxime
1425 4715 1590 4755 amor
1636 4701 1736 4756 Dei
1765 4721 1777 4756 :
1806 4699 1908 4756 sed

548 4790 881 4873 hujusmodi
909 4802 1073 4845 amor
1100 4783 1221 4841 illis
1248 4798 1366 4839 non
1397 4779 1707 4853 opponitur
1738 4796 1910 4854 :ergo

550 4884 749 4942 nullus
803 4880 977 4939 actus,
1024 4872 1230 4942 praeter
1273 4864 1530 4921 dolorem
1576 4862 1903 4931 formalem,

550 4961 862 5039 opponitur
907 4948 1147 5027 peccatis
1172 4943 1534 5011 venialibus;
1586 4947 1754 5017 atque
1781 4941 1912 5000 ideo

548 5049 706 5106 solus
744 5041 836 5098 hic
864 5040 1019 5093 actus
1040 5032 1144 5088 illa
1171 5026 1382 5085 valebit
1412 5025 1732 5084 excludere.
1765 5027 1914 5083 Pro-

548 5130 719 5187 batur
756 5123 991 5183 minor:
1046 5119 1172 5171 tum
1216 5109 1350 5185 quia
1377 5123 1539 5168 amor
1590 5108 1691 5166 Dei
1741 5123 1916 5182 super

1470 469 1563 524 DE
1600 460 2183 522 JUSTIFICATIONE
2222 456 2430 513 IMPII.

2000 631 2200 690 omnia
2237 624 2583 700 compatitur
2609 637 2739 678 cum
2786 614 3075 691 aliquibus
3123 610 3367 686 peccatis

2000 711 2326 772 venialibus
2353 727 2370 765 τ
2395 723 2530 781 ergo
2557 721 2676 762 non
2702 701 3013 775 opponitur
3040 696 3183 753 illis.
3212 695 3367 750 Tum

2000 797 2196 863 etiam,
2223 794 2360 868 quia
2387 806 2551 849 amor
2578 787 2680 844 Dei
2728 800 2846 841 non
2887 781 3057 839 habet
3082 778 3367 853 maiorem

1999 877 2417 951 oppositionem
2465 886 2595 928 cum
2646 867 2797 932 istis,
2843 879 3017 938 quam
3070 876 3203 918 cum
3242 858 3367 914 illis

2003 959 2244 1035 peccatis
2272 954 2597 1016 venialibus
2631 972 2644 1006 :
2673 964 2811 1023 ergo
2831 948 2880 1004 si
2910 943 3140 1018 aliquod
3166 943 3367 1000 exclu-

2002 1041 2105 1108 dit,
2131 1040 2378 1113 expellet
2403 1037 2580 1094 etiam
2608 1033 2808 1092 omnia
2835 1054 2849 1093 ;
2885 1026 3036 1102 quod
3062 1030 3259 1081 tamen
3283 1026 3369 1079 est

2005 1122 2336 1181 absurdum.
2383 1122 2530 1175 Tum
2576 1116 2847 1187 denique,
2877 1111 3013 1185 quia
3048 1122 3213 1165 amor
3263 1104 3366 1162 Dei

2005 1219 2125 1261 non
2159 1203 2432 1275 importat
2482 1195 2929 1271 displicentiam,
2980 1195 3036 1247 et
3085 1189 3364 1253 dolorem,

2005 1286 2103 1344 sed
2129 1286 2317 1358 potius
2332 1281 2792 1343 delectationem,
2811 1281 2866 1333 et
2892 1273 3169 1349 gaudium
3196 1283 3369 1344 :ergo

2008 1385 2124 1426 non
2162 1371 2341 1441 potest
2386 1362 2600 1421 habere
2648 1362 2932 1418 rationem
2974 1356 3136 1412 illius
3181 1352 3369 1426 poeni-

2006 1451 2217 1518 tentiae‚
2251 1454 2418 1522 atque
2464 1446 2605 1504 adeo
2644 1444 2809 1502 nullo
2837 1440 3008 1498 modo
3061 1436 3370 1511 opponitur

2009 1528 2451 1595 inordinationi,
2484 1543 2608 1601 quas
2635 1528 2696 1581 in
2710 1520 3040 1580 venialibus
3062 1516 3366 1591 reperitur.

2083 1614 2170 1670 Ad
2198 1613 2455 1686 primum
2487 1606 2864 1682 respondetur
2892 1601 3156 1677 negando
3189 1601 3582 1657 mino-oceum-

2012 1712 2153 1754 rem.
2187 1695 2273 1751 Ad
2302 1695 2461 1769 cujus
2502 1690 2900 1765 probationem
2932 1684 3241 1743 dicendum
3265 1687 3367 1749 est,
3409 1657 3549 1761 ῃξῗξῆ

2011 1778 2314 1853 quodlicet
2347 1777 2504 1833 solus
2530 1787 2832 1847 expressus
2860 1768 3027 1826 dolor
3053 1756 3568 1841 opponatur-mmm-

2013 1861 2357 1925 formaliter,
2428 1862 2485 1914 et
2538 1852 2874 1911 immediate
2918 1849 3372 1922 com‘placentiae3

2014 1939 2402 1997 nihilominus
2461 1936 2636 1993 etiam
2703 1949 2867 1990 amor
2926 1932 3026 1987 Dei
3072 1929 3379 2003 opponitur

2013 2019 2345 2077 virtualiter
2371 2014 2801 2090 complacentiae
2823 2011 3186 2074 inordinatae,
3200 2026 3383 2083 quan-

2014 2100 2086 2157 do
2127 2099 2392 2156 videlicet
2434 2103 2648 2163 tantus,
2681 2112 2744 2152 ac
2787 2093 2920 2150 talis
2945 2096 3029 2148 est
3056 2106 3217 2146 amor
3257 2089 3379 2158 Dei,

2015 2180 2164 2255 quod
2182 2181 2231 2235 si
2251 2184 2475 2253 peccata
2501 2177 2769 2234 venialia
2798 2173 3093 2230 memoriae
3117 2186 3387 2228 occurre-

2019 2267 2167 2330 rent,
2194 2265 2427 2334 pareret
2452 2259 2762 2316 formalem
2788 2271 2992 2313 eorum
3012 2253 3289 2310 dolorem.
3316 2253 3388 2307 Et

2018 2344 2349 2419 hujusmodi
2398 2343 2671 2400 virtualis
2698 2341 2881 2407 dolor,
2913 2354 3006 2394 seu
3045 2336 3390 2409 poenitentia

2018 2427 2303 2484 sufficiens
2344 2430 2428 2482 est
2478 2425 2549 2481 ad
2590 2421 3003 2481 destruendum
3031 2419 3393 2491 complacen-

2021 2510 2161 2567 tiam
2188 2506 2591 2565 inordinatam
2620 2504 2732 2561 sibi
2761 2503 3098 2576 oppositam.
3130 2501 3389 2556 Praeser-

2020 2590 2126 2645 tim
2148 2604 2278 2644 cum
2301 2589 2479 2644 etiam
2502 2585 2757 2643 venialia
2780 2588 3003 2656 peccata
3018 2596 3136 2638 non
3163 2594 3393 2653 semper

2021 2671 2262 2727 afferant
2300 2670 2658 2742 explicitam,
2691 2672 2747 2725 et
2779 2665 3088 2724 formalem
3132 2663 3391 2735 compla-

2021 2751 2287 2818 centiam,
2340 2749 2439 2807 sed
2480 2755 2709 2806 tantum
2761 2747 3093 2811 virtualem,
3139 2749 3203 2800 ut
3243 2746 3396 2816 patet

2022 2834 2244 2900 inillis,
2278 2849 2402 2905 quae
2442 2833 2536 2890 vel
2561 2831 2906 2906 contingunt
2957 2844 3030 2886 ex
3058 2826 3392 2901 imperfecta

2022 2912 2457 2982 deliberatione,
2501 2913 2594 2969 vel
2644 2928 2716 2968 ex
2755 2908 2967 2976 acedia,
3022 2912 3121 2964 aut
3158 2904 3392 2964 tristitia

2024 2994 2381 3052 inordinata.

2097 3076 2182 3129 Ex
2233 3072 2440 3146 quibus
2495 3073 2566 3129 ad
2618 3070 2935 3129 secundum
2983 3066 3390 3141 respondemus
3430 3099 3561 3141 pm

3643 3108 3647 3135 ⁴

2024 3156 2285 3232 negando
2333 3156 2644 3220 minorem,
2676 3171 2848 3228 quam
2889 3153 3134 3209 inductae
3181 3147 3390 3224 proba-
3421 3148 3511 3191 rius
3536 3145 3595 3187 di·
3641 3148 3647 3193 ι

2024 3240 2210 3296 tiones
2251 3254 2369 3294 non
2415 3238 2709 3295 evincunt.
2742 3241 2871 3293 Non
2912 3238 3120 3308 prima,
3150 3233 3284 3307 quia
3311 3229 3391 3288 li-
3427 3197 3565 3241 imm.

2025 3327 2111 3379 cet
2148 3321 2357 3392 aliquis
2385 3336 2549 3376 amor
2572 3320 2672 3376 Dei
2713 3319 3094 3390 compatiatur
3121 3331 3251 3372 cum
3277 3312 3392 3369 ali-

2025 3403 2231 3478 quibus
2253 3402 2590 3466 venialibus,
2617 3408 2796 3474 potest
2822 3407 3017 3457 tamen
3060 3398 3187 3455 dari
3226 3409 3391 3452 amor

2027 3488 2108 3543 ita
2147 3486 2420 3551 fervidus,
2466 3486 2562 3557 qui
2604 3485 2707 3541 illa
2745 3484 3123 3542 detestaretur
3173 3479 3393 3537 forma-

2027 3570 2179 3636 liter,
2205 3568 2254 3624 si
2302 3568 2600 3624 memoriae
2640 3570 3045 3632 occurrerent;
3075 3564 3250 3623 ethic
3275 3574 3395 3617 non

2030 3651 2313 3724 permittit
2339 3649 2604 3716 actualia,
2631 3654 2688 3706 et
2709 3649 3028 3706 habitualia
3068 3648 3396 3705 virtualiter

2028 3729 2758 3795 detestatur.Quamobrem
2778 3727 3206 3804 perhujusmodi
3225 3745 3397 3787 amo-

2033 3832 2153 3873 rem
2178 3814 2525 3871 sufficienter
2554 3815 2839 3871 tolluntur
2859 3812 3129 3880 venialia,
3158 3817 3220 3868 ut
3241 3819 3399 3872 recte

2031 3896 2206 3953 tradit
2249 3899 2313 3952 D.
2347 3896 2550 3952 Thom.
2582 3897 2617 3951 3
2665 3903 2814 3968 part.
2854 3902 3039 3972 quaest.
3076 3898 3304 3964 78,art.
3346 3899 3576 3962 bnans,

2032 3977 2427 4036 ubiconcludit
2458 3999 2509 4034 :«
2531 3977 2694 4035 Unde
2721 3979 2998 4051 sequitur,
3023 3978 3175 4051 quod
3200 3980 3399 4050 requi—

2037 4080 2064 4112 «
2098 4064 2259 4116 ratur
2332 4058 2593 4131 quaedam
2674 4059 2943 4115 virtualis
3009 4057 3392 4132 displicentia,

2041 4161 2068 4194 «
2089 4141 2223 4211 quia
2248 4155 2377 4194 cum
2401 4138 2608 4210 aliquis
2630 4140 2734 4197 hoc
2760 4139 2931 4196 modo
2969 4139 3154 4196 fertur
3190 4157 3397 4198 secun-

2042 4243 2067 4273 «
2095 4220 2233 4275 dum
2277 4220 2540 4276 affectum
2581 4221 2643 4276 in
2682 4223 2881 4286 Deum,
2914 4227 2970 4277 et
3011 4236 3104 4276 res
3147 4220 3396 4288 divinaS,

2041 4324 2066 4355 «
2098 4309 2160 4358 nt
2186 4301 2463 4376 quidquid
2485 4302 2597 4359 sibi
2625 4301 3152 4375 occcurreret,quod
3176 4320 3311 4361 eum
3333 4304 3404 4361 ab

2043 4406 2070 4438 α
2093 4383 2198 4441 hoc
2243 4389 2402 4441 motu
2465 4384 2801 4451 retardaret,
2836 4383 3163 4457 displiceret
3227 4387 3301 4455 ei,
3351 4391 3407 4443 et

2044 4488 2070 4520 α
2101 4465 2320 4523 doleret
2351 4480 2411 4521 se
2446 4465 2564 4522 haec
2595 4466 2969 4531 commisisse,
3002 4465 3231 4522 etiamsi
3280 4472 3404 4523 actu

2043 4570 2069 4601 «
2095 4546 2165 4601 de
2193 4545 2299 4601 illo
2323 4561 2440 4601 non
2462 4545 2753 4619 cogitaret.
2782 4566 2807 4597 ›>
2830 4548 2946 4602 Nec
2961 4547 3200 4602 secunda
3224 4552 3403 4621 urget,

2038 4627 2172 4701 quia
2201 4626 2326 4684 fieri
2369 4632 2566 4700 potest,
2595 4632 2656 4683 ut
2684 4644 2849 4684 amor
2875 4628 2968 4684 hic
2999 4627 3074 4683 sit
3107 4627 3247 4685 adeo
3273 4643 3410 4701 per-

2041 4708 2232 4774 fectuS,
2273 4712 2337 4764 ut
2381 4709 2582 4766 omnia
2617 4709 2876 4765 venialia
2934 4708 3265 4765 virtualiter
3313 4723 3410 4765 re-

2043 4792 2259 4855 tractet,
2291 4793 2348 4845 et
2375 4795 2789 4862 consequenter
2815 4790 2920 4845 illa
2946 4789 3215 4863 expellat.
3248 4787 3412 4852 Quod

2044 4887 2163 4927 non
2203 4875 2287 4926 est
2329 4869 2664 4938 absurdum,
2695 4876 2756 4927 ut
2808 4869 2988 4927 tradit
3029 4872 3093 4926 D.
3138 4870 3348 4927 Thom.
3374 4869 3414 4924 3

2043 4961 2192 5038 part.
2228 4960 2416 5037 quast.
2447 4954 2539 5020 79,
2561 4959 2670 5010 art.
2700 4954 2736 5008 4
2759 4951 2831 5008 ad
2875 4955 2930 5020 2,
2962 4951 3063 5009 ubi
3105 4966 3414 5009 occurrens

2045 5032 2379 5085 testimonio
2424 5043 2495 5084 ex
2554 5029 2600 5096 1,
2649 5028 2815 5084 Joan.
2869 5029 2914 5094 l,
2964 5025 3034 5085 Si
3077 5026 3410 5091 dixer-imm,

2048 5111 2181 5188 quia
2212 5116 2502 5185 peccatum
2526 5127 2638 5167 non
2667 5109 2947 5179 habemus,
2978 5110 3086 5183 ipsi
3121 5123 3220 5163 nos
3244 5105 3417 5163 sedu-

3206 5200 3410 5256 camus,
