3647 5753
1381 386 1558 444 mse.
1602 388 1672 458 11,
1718 389 1885 447 non.
1930 391 2025 449 ιν.
2986 398 3091 456 381

232 572 353 614 non
378 562 467 615 est
489 556 622 614 linis
637 556 1023 624 inordinatus,
1057 573 1163 614 nec
1184 556 1454 631 proprius
1476 573 1599 631 pec-

225 637 457 694 catoris.
491 637 600 703 Qui
628 642 822 693 autem
851 636 1022 694 habet
1047 637 1317 711 gratiam,
1351 653 1469 694 non
1491 638 1600 694 ha-

230 721 326 779 bet
351 722 741 795 privationem
756 720 1001 786 ordinis,
1025 724 1084 778 et
1101 718 1601 778 subordinationis

230 802 542 861 habitualis
588 801 662 860 ad
684 806 864 860 Deum
905 806 1197 876 tamquam
1226 801 1298 862 ad
1326 799 1600 858 ultimum

232 885 445 953 finem;
495 901 634 942 nam
679 885 870 959 gratia
924 900 1036 957 per
1073 884 1326 956 seipsam
1366 881 1603 941 ordinat

234 967 607 1025 habitualiter
628 1010 636 1018 .
660 967 964 1024 hominem
1015 965 1088 1023 ad
1149 970 1330 1023 Deum
1401 969 1465 1020 ut
1528 961 1601 1020 ad

182 1055 186 1059 ’
234 1048 413 1106 finem
455 1049 754 1105 ultimum.
788 1049 937 1122 Ergo
994 1050 1293 1121 repugnat,
1321 1044 1471 1118 quod
1494 1044 1601 1103 bo-

205 1145 212 1152 ·
238 1145 381 1187 num
428 1130 745 1203 proprium,
770 1130 865 1186 vel
902 1127 1195 1201 quodlibet
1214 1125 1372 1184 aliud
1397 1124 1603 1184 habeat
1632 1157 1646 1171 ·

241 1211 525 1269 rationem
571 1210 767 1267 ultimi
796 1208 931 1265 finis
981 1207 1293 1265 habitualis
1339 1212 1599 1279 respectu

155 1361 161 1368 ,
243 1291 541 1350 existentis
574 1291 638 1348 in
675 1291 893 1366 gratia;
918 1294 1086 1363 atque
1136 1289 1263 1345 ideo
1293 1291 1597 1362 repugnat,

243 1372 396 1447 quod
448 1371 663 1430 habens
707 1371 955 1447 gratiam
1007 1375 1237 1428 maneat
1289 1383 1601 1427 conversus

246 1452 617 1590 hgbgzualiter
642 1452 714 1509 ad
742 1451 924 1510 alium
948 1450 1126 1509 finem
1154 1451 1447 1518 ultimum,
1482 1448 1600 1506 nisi

247 1552 280 1592 a
426 1550 541 1591 um.

54 1640 256 1685 Aliaeva»
325 1616 446 1672 118.
484 1616 745 1675 Secundo
770 1614 1076 1689 respondet
1102 1613 1316 1680 Curiel,
1348 1612 1500 1685 quod
1524 1612 1602 1668 li-
1633 1671 1640 1674 ,

55 1700 208 1784 effigio
245 1701 330 1755 cet
349 1697 604 1768 implicet
625 1698 876 1771 aliquem
891 1713 1013 1754 esse
1032 1711 1377 1753 conversum
1403 1709 1603 1751 mora-

211 1772 221 1782 '
248 1778 376 1835 liter
415 1776 486 1834 ad
532 1779 715 1834 Deum
770 1777 1040 1833 ultimum
1083 1775 1279 1842 finem,
1330 1779 1386 1831 et
1421 1773 1602 1829 simul

247 1874 510 1915 aversum
558 1858 859 1915 moraliter
886 1856 958 1914 ab
983 1856 1220 1916 illozvel
1248 1869 1371 1911 esse
1420 1853 1602 1910 simul

249 1939 542 1997 moraliter
568 1953 913 1995 conversum
941 1936 1014 1995 ad
1041 1938 1242 2001 Deum,
1267 1940 1324 1992 et
1346 1934 1415 1992 ad
1437 1950 1602 1990 crea-

249 2021 468 2085 turam,
493 2023 789 2089 tamquam
834 2015 906 2073 ad
932 2015 1074 2072 duos
1124 2015 1363 2070 ultimos
1404 2012 1550 2070 fines
1583 2035 1597 2080 ;

250 2098 489 2155 minime
516 2104 710 2155 tamen
735 2100 1035 2171 repugnat,
1077 2112 1200 2153 esse
1253 2109 1602 2152 conversum

251 2180 473 2253 physice
499 2180 569 2236 ad
598 2183 799 2246 Deum,
831 2185 889 2236 et
909 2192 1176 2236 aversum
1202 2176 1272 2233 ab
1296 2193 1364 2234 eo
1403 2192 1604 2233 mora-

251 2260 399 2324 liter,
414 2266 470 2315 et
489 2276 831 2318 conversum
847 2259 1149 2316 moraliter
1164 2256 1234 2314 ad
1250 2261 1597 2316 creaturam.

250 2344 396 2397 Tum
441 2343 579 2431 quia
629 2339 959 2416 hujusmodi
1005 2339 1414 2398 conversiones
1467 2341 1606 2394 sunt

250 2419 349 2478 div
350 2421 461 2478 ersi
484 2420 748 2478 ordinis·
789 2425 914 2475 tum
964 2419 1102 2493 quia
1143 2423 1292 2477 recte
1334 2418 1599 2483 cohaeret‚

253 2500 503 2580 aliquem
528 2515 649 2556 esse
691 2505 837 2555 recte
885 2498 1226 2572 dispositum
1255 2498 1488 2572 physice
1534 2496 1605 2554 ad

253 2569 507 2652 aliquem
533 2578 729 2647 finem,
764 2583 819 2636 et
846 2579 1145 2636 moraliter
1192 2579 1602 2652 indispositum

253 2677 390 2737 erga
416 2663 623 2719 illum·
651 2663 797 2720 sicut
820 2660 992 2730 filius,
1011 2662 1108 2735 qui
1135 2661 1393 2736 graviter
1418 2660 1606 2718 offen-

253 2744 338 2801 dit
352 2751 588 2818 patrem,
600 2751 685 2803 est
703 2745 816 2818 phy
818 2744 931 2802 sice
948 2744 1247 2817 loquendo,
1266 2744 1490 2801 ratione
1505 2759 1606 2800 na-

250 2830 395 2883 turae
418 2832 563 2885 recte
589 2826 897 2901 dispositus
919 2825 989 2883 ad
1012 2823 1401 2883 haereditatem
1422 2830 1608 2898 pater·

252 2922 417 2975 nam;
446 2915 500 2966 et
521 2908 909 2966 nihilominus
928 2913 1014 2966 est
1032 2908 1336 2964 moraliter
1353 2905 1607 2962 haeredi-

248 2991 362 3044 tate
381 2988 650 3063 indignus
672 2990 898 3050 ratione
917 2991 1116 3062 culpae.
1144 2989 1248 3045 Ille
1268 2991 1479 3053 autem,
1505 2985 1605 3059 qui

243 3068 422 3124 simul
449 3070 684 3128 haberet
721 3073 991 3146 gratiam,
1018 3076 1075 3127 et
1102 3072 1412 3142 peccatum,
1464 3081 1607 3122 con-

248 3156 564 3208 verteretur
593 3152 825 3226 physice
869 3150 940 3208 ad
967 3154 1147 3208 Deum
1188 3164 1289 3221 per
1332 3148 1602 3222 gratiam,

241 3237 298 3289 et
324 3232 397 3289 ab
424 3249 493 3291 eo
518 3235 823 3293 moraliter
845 3250 947 3307 per
963 3233 1194 3305 culpam
1222 3235 1602 3297 averteretur,

242 3328 305 3369 ac
324 3319 761 3371 converteretur
794 3313 1100 3370 moraliter
1150 3310 1222 3367 ad
1256 3316 1605 3368 creaturam.

244 3393 410 3452 Unde
439 3408 559 3455 non
589 3395 950 3470 repugnabit,
999 3393 1150 3469 quod
1175 3393 1355 3450 simul
1400 3391 1610 3450 habeat

237 3477 512 3553 gratiam,
543 3481 604 3534 et
631 3482 943 3549 peccatum.

37 3578 205 3626 Praelu—
310 3557 422 3615 Sed
447 3559 569 3615 haec
594 3557 770 3614 etiam
796 3556 1091 3629 responsio
1128 3559 1213 3613 est
1239 3553 1605 3621 insufficiens,

61 3628 178 3674 (ΜΨ-
235 3642 291 3694 et
331 3637 480 3696 falso
509 3637 720 3694 nititur
747 3635 1141 3694 fundamento.
1173 3637 1321 3691 Tum
1360 3634 1497 3707 quia
1541 3632 1613 3689 de

238 3720 466 3777 ratione
487 3718 684 3776 ultimi
727 3716 863 3774 finis
887 3723 1163 3776 creaturae
1203 3714 1505 3772 rationalis
1529 3717 1614 3771 est

234 3799 403 3856 illam
428 3799 548 3857 sibi
576 3797 819 3871 perfecte
843 3798 1125 3872 subjicere
1144 3794 1460 3859 secundum
1482 3810 1614 3852 om-

234 3895 336 3937 nes
362 3882 491 3956 ejus
518 3878 951 3947 inclinationes,
1001 3881 1057 3936 et
1102 3877 1447 3942 affectiones,
1492 3879 1612 3931 tam

229 3960 521 4034 physicas,
548 3975 726 4033 quam
756 3959 1004 4017 morales
1024 3959 1224 4025 ;aliter
1249 3957 1462 4031 quippe
1492 3969 1613 4012 non

226 4040 505 4116 diligitur
526 4055 708 4112 super
729 4039 949 4107 omnia,
966 4038 1065 4096 sed
1086 4054 1217 4095 cum
1239 4035 1610 4101 limitatione,

226 4126 288 4179 et
315 4121 693 4179 restrictione
718 4119 790 4176 ad
814 4118 1078 4191 quaedam
1107 4122 1336 4175 tantum
1359 4116 1530 4183 bona,
1561 4119 1618 4172 et

231 4201 305 4259 ad
330 4202 655 4276 specialem
683 4199 923 4257 modum
950 4199 1201 4267 amoris;
1226 4215 1362 4273 ergo
1412 4195 1617 4270 impli-

225 4290 338 4352 cat,
370 4285 530 4361 quod
561 4286 740 4342 homo
764 4287 1131 4340 convertatur
1169 4280 1240 4337 ad
1268 4281 1449 4337 Deum
1484 4283 1619 4335 tan-

225 4382 412 4439 quam
431 4366 509 4423 ad
531 4366 814 4425 ultimum
843 4362 1041 4432 finem,
1066 4366 1121 4420 et
1162 4377 1281 4420 non
1310 4364 1616 4418 converta-

231 4450 329 4502 tur
355 4445 470 4504 ad
454 4461 658 4519 ipsum
681 4449 800 4502 tam
820 4444 1070 4518 physice,
1089 4458 1266 4516 quam
1282 4441 1616 4498 moraliter.

226 4525 332 4584 sed
371 4544 514 4585 cum
572 4528 681 4584 hac
725 4524 1100 4583 conversione
1144 4521 1621 4596 inconjungibilis

225 4613 322 4665 est
343 4608 587 4667 aversio
613 4605 858 4663 moralis
885 4622 919 4662 a
943 4608 1077 4672 De0,
1099 4608 1158 4661 et
1178 4602 1480 4660 conversio
1500 4618 1622 4660 mo-

233 4691 379 4749 ralis
428 4691 504 4748 ad
533 4693 884 4754 creaturam,
915 4693 1190 4759 tanquam
1229 4684 1301 4742 ad
1346 4685 1621 4742 ultimum

230 4770 439 4837 finem,
497 4776 566 4827 ut
614 4768 873 4828 concedit
917 4767 1111 4825 Curiel
1143 4782 1317 4841 tergo
1363 4765 1623 4837 implicat

231 4851 502 4909 absolute
528 4848 840 4907 hominem
881 4862 1120 4904 manere
1162 4860 1505 4904 conversum
1552 4843 1623 4901 ad

234 4937 442 5000 Deum,
468 4939 530 4991 et
550 4935 884 4990 creaturam
905 4935 1179 5002 tanquam
1207 4927 1279 4985 ad
1300 4925 1442 4985 duos
1481 4926 1624 4983 ulti-

233 5031 365 5073 mos
391 5013 546 5072 fines
565 5017 784 5085 ;.atque
827 5010 955 5069 ideo
982 5008 1194 5068 habere
1240 5009 1510 5083 gratiam,
1567 5010 1626 5064 et

1735 567 2044 633 peccatum,
2088 565 2295 638 quibus
2323 566 2441 624 iuae
2478 568 2882 626 conversiones
2908 584 3101 627 essen·

1734 641 1953 701 tialiter
1979 648 2353 705 conveniunt.
2386 650 2533 704 Tum
2579 649 2774 718 etiam,
2806 650 2943 722 quia
2982 650 3100 707 fal-

1733 738 1865 780 sum
1913 731 2017 792 est,
2055 726 2354 784 hominem
2395 744 2498 800 per
2545 731 2794 804 gratiam
2841 732 3099 788 converti

1732 803 2011 866 dumaxat
2040 809 2275 884 physice
2299 809 2368 866 ad
2384 813 2561 868 Deum
2587 812 2859 868 ultimum
2887 810 3098 880 finem;
3101 875 3103 877 ,

1737 901 1873 942 nam
1898 888 2083 960 gratia
2106 894 2193 945 est
2205 890 2563 962 partipratio
2589 891 2853 949 formalis
2876 856 3100 949 natura}

1734 964 1969 1034 divium,
1991 984 2118 1040 quai
2139 969 2419 1027 convertit
2442 969 2690 1044 physice,
2721 977 2777 1028 et
2799 971 3101 1029 moraliter

1736 1046 1807 1103 ad
1836 1047 2053 1106 bonum
2084 1052 2384 1125 proprium
2435 1054 2551 1120 Dei,
2603 1060 2880 1127 tanquam
2909 1053 2980 1110 ad
3025 1053 3102 1109 fi-

1736 1143 1873 1185 nem
1909 1130 2214 1199 ultimum,
2246 1138 2412 1205 atque
2437 1133 2564 1191 ideo
2590 1135 2777 1210 gratia
2799 1134 3103 1207 participat

1735 1207 1983 1265 eundem
2005 1209 2243 1267 modum
2266 1212 2681 1271 inclinationis
2713 1215 2862 1270 Tum
2893 1220 3102 1286 praete-
3184 1255 3186 1258 ψ

1738 1305 1854 1354 rea,
1878 1289 2015 1362 quia
2037 1307 2200 1348 amor
2227 1292 2523 1351 charitatis
2553 1294 2649 1349 Dei
2680 1310 2851 1386 super
2899 1296 3102 1352 omnia

1734 1374 1819 1427 est
1832 1369 2112 1438 formalis,
2126 1379 2183 1430 et
2204 1374 2529 1431 essentialis
2544 1376 2863 1442 conversio,
2882 1375 3098 1433 nedum

1736 1447 1988 1522 physica,
2013 1449 2113 1516 sed
2159 1452 2336 1509 etiam
2365 1453 2622 1521 moraliS,
2667 1453 2737 1510 ad
2763 1457 2944 1511 Deum
2967 1461 3101 1511 tan-

1734 1544 1908 1601 quam
1938 1528 2009 1585 ad
2056 1530 2326 1587 ultimum
2354 1531 2531 1590 finem
2549 1557 2563 1600 ;
2590 1550 2726 1591 nam
2774 1534 2872 1607 qui
2926 1535 3100 1591 illum

1735 1626 1995 1668 amorem
2005 1612 2178 1681 elicit,
2201 1616 2484 1688 appretiat
2498 1617 2676 1673 Deum
2688 1633 2859 1690 super
2874 1617 3098 1684 omnia,

1736 1697 1855 1748 tam
1878 1692 2131 1766 physica,
2150 1711 2323 1768 quam
2346 1699 2611 1763 moralia,
2636 1704 2692 1755 et
2708 1704 2825 1757 tam
2844 1699 3098 1774 physice,

1735 1788 1909 1844 quam
1938 1775 2257 1843 moraliter,
2309 1782 2371 1832 ut
2422 1784 2640 1835 constat
2684 1796 2755 1836 ex
2798 1781 3100 1837 communi

1737 1869 2017 1910 consensu
2061 1855 2480 1930 Theologorum
2506 1902 2521 1926 ‚
2571 1860 2669 1932 qui
2710 1860 2782 1916 ‘in
2830 1859 3102 1932 praedicto

1737 1933 2018 2008 diligendi
2039 1934 2208 1992 modo
2228 1938 2535 1994 essentiam
2554 1940 2685 1994 talis
2709 1940 2924 1997 amoris
2943 1957 3103 1999 cons-

1738 2014 1954 2070 tituunt
1969 2039 1985 2082 ς
2015 2020 2071 2072 et
2087 2017 2345 2090 opposita
2385 2018 2661 2077 limitatio
2688 2026 2836 2077 esset
2864 2037 3103 2093 prorsus

1736 2099 2088 2166 voluntaria,
2115 2105 2172 2156 et
2195 2100 2507 2157 essentiam
2535 2102 2751 2158 amoris
2803 2103 3102 2160 charitatis

1737 2179 2074 2238 destrueret.
2101 2182 2298 2238 Gratia
2333 2187 2522 2240 autem
2550 2183 2805 2240 continet
2829 2185 3104 2241 eminen-

1737 2265 1846 2326 ter,
1870 2264 1928 2317 et
1954 2260 2326 2318 habitualiter
2370 2278 2629 2319 amorem
2667 2264 2965 2320 charitatis
3000 2265 3102 2322 Dei

1737 2355 1911 2414 super
1937 2342 2153 2409 omnia,
2176 2342 2322 2398 sicut
2360 2343 2630 2415 quaelibet
2669 2350 2877 2400 natura
2914 2345 3104 2401 conti-

1739 2424 1837 2476 net
1865 2420 2128 2493 proprias
2153 2422 2513 2493 operationes
2540 2443 2553 2478 ε
2582 2435 2717 2497 ergo
2755 2424 2944 2497 gratia
2963 2439 3104 2481 con-

1738 2503 1913 2558 vertit
1934 2502 2234 2560 hominem
2257 2508 2376 2560 tam
2406 2504 2653 2579 physice,
2680 2521 2854 2578 quam
2900 2522 3103 2563 mora-

1740 2580 1874 2637 liter
1901 2581 1971 2637 ad
1996 2585 2174 2639 Deum
2198 2588 2471 2656 tanquam
2500 2584 2568 2641 ad
2592 2586 2863 2641 ultimum
2888 2583 3100 2652 finem;

1738 2677 1870 2717 cum
1921 2679 2032 2736 qua
2075 2664 2450 2721 conversione
2491 2664 2970 2740 inconjungibilis
3020 2673 3105 2723 est

1741 2745 1858 2797 tam
1881 2744 2107 2801 aversio
2134 2746 2374 2803 moralis
2395 2761 2428 2802 a
2457 2747 2587 2813 Deo,
2613 2762 2787 2818 quam
2805 2746 3105 2803 conversio

1739 2822 1980 2879 moralis
2007 2824 2076 2880 ad
2123 2830 2466 2890 creaturam,
2518 2829 2795 2898 tanquam
2843 2825 2913 2883 ad
2961 2827 3104 2884 ulti-

1740 2919 1904 2959 mum
1955 2904 2151 2973 finem,
2176 2922 2300 2980 quae
2342 2906 2875 2980 indispensabiliter
2920 2909 3104 2967 comi-

1742 2988 1938 3041 tantur
1966 2992 2274 3058 peccatum.
2324 2988 2474 3044 Tum
2524 2987 2788 3062 denique,
2839 3006 2976 3047 nam
3032 3006 3119 3063 ex-

1740 3065 1998 3138 opposito
2008 3065 2233 3124 dicendi
2250 3067 2419 3126 modo
2435 3068 2613 3135 fieret,
2630 3070 2927 3127 hominem
2946 3085 3108 3143 posse

1741 3144 1919 3202 simul
1972 3153 2099 3204 actu
2152 3163 2383 3221 peccare
2412 3151 2709 3222 graviter,
2758 3156 2815 3207 et
2863 3151 3107 3225 diligere

1743 3227 1925 3284 Deum
1947 3244 2119 3303 super
2163 3230 2362 3307 omnia
2412 3244 2484 3288 ex
2530 3246 2726 3289 amore
2769 3231 3103 3300 charitatis;

1742 3307 1878 3379 quia
1906 3309 2104 3365 eadem
2128 3298 2360 3367 licentia
2375 3309 2662 3368 diceretur
2690 3328 2791 3385 per
2812 3318 3104 3385 peccatum

1744 3393 1929 3449 averti
1982 3409 2013 3449 a
2055 3395 2169 3450 Deo
2212 3393 2551 3459 moraliter,
2601 3400 2658 3450 et
2703 3410 2805 3467 per
2850 3410 3111 3452 amorem

1744 3472 2003 3531 converti
2031 3471 2103 3527 ad
2132 3474 2313 3529 Deum
2342 3472 2607 3544 physice:
2629 3489 2979 3545 consequens
3026 3478 3116 3530 est

1746 3555 2083 3621 absurdum,
2114 3560 2170 3611 et
2199 3571 2317 3612 non
2341 3555 2537 3610 minus
2560 3570 2905 3627 repugnans,
2936 3570 3111 3626 quam

1746 3638 1901 3714 idem
1923 3651 2127 3708 corpus
2152 3635 2331 3691 simul
2354 3634 2575 3691 moveri
2597 3651 2850 3701 sursum,
2875 3641 2930 3691 et
2945 3634 3110 3692 deor-

1746 3734 1911 3783 sum,
1939 3715 2089 3789 quod
2117 3716 2239 3789 ipse
2254 3715 2447 3771 Curiel
2470 3714 2687 3789 judicat
2713 3715 3110 3788 impossibile·

1747 3814 1910 3927 erffaod
1929 3801 2087 3927 ‘iitzgcz
2075 3875 2172 3927 ·ut
2199 3870 2529 3928 destruatur
2550 3871 2773 3928 aversio
2801 3872 3041 3928 moralis
3080 3887 3115 3927 a

1750 3954 1885 4022 De0,
1909 3953 2114 4011 sufficit
2134 3969 2434 4011 conversio
2473 3952 2785 4011 habitualis
2831 3968 2933 4027 per
2975 3969 3115 4027 gra-

1750 4035 1921 4102 tiam,
1977 4035 2120 4108 quin
2185 4033 2717 4107 indispensabiliter
2782 4033 3116 4103 requiratur

1751 4116 1900 4172 alius
1927 4121 2101 4184 actus,
2129 4115 2220 4172 vel
2235 4116 2532 4172 conversio
2549 4115 2734 4172 libera
2754 4116 2949 4187 (quam
2965 4114 3115 4172 forte

1749 4196 2096 4271 significavit
2160 4196 2353 4252 Curiel
2409 4197 2648 4255 nomine
2717 4194 3114 4252 conversionis
3143 4210 3302 4255 curiel.

1750 4280 2032 4350 moralis)
2082 4300 2096 4336 z
2143 4293 2279 4353 ergo
2323 4278 2557 4352 signum
2596 4282 2698 4353 est,
2737 4275 2887 4349 quod
2925 4278 3116 4357 gratia

1750 4359 2034 4419 convertit
2061 4358 2360 4417 hominem
2389 4358 2459 4415 ad
2488 4360 2686 4422 Deum,
2716 4361 2830 4412 tam
2860 4358 3110 4431 physice,

1751 4455 1924 4513 quam
1945 4440 2267 4496 moraliter.
2286 4438 2700 4511 Consequentia
2711 4443 2928 4494 constat
2946 4462 2961 4506 ;
2977 4455 3115 4497 nam

1753 4521 1978 4579 aversio
2018 4519 2335 4577 destruitur
2374 4536 2475 4593 per
2518 4522 2956 4578 conversionem
3001 4519 3115 4578 sibi

1753 4599 2070 4674 oppositam
2097 4621 2111 4655 ε
2139 4616 2276 4674 ergo
2310 4599 2550 4657 moralis
2589 4599 2815 4656 aversio
2848 4615 2950 4672 per
2976 4615 3118 4658 con·
3152 4606 3157 4609 '

1755 4681 2083 4738 versionem
2111 4680 2412 4737 moralem.
2453 4678 2806 4737 Antecedens
2844 4680 3020 4736 etiam
3048 4681 3120 4737 li·

1754 4766 1886 4837 quet
1914 4761 1978 4819 in
2015 4762 2273 4835 parvulis
2311 4761 2611 4834 baptizatis
2635 4785 2651 4829 ;
2676 4760 2737 4816 hi
2782 4762 2944 4818 enim
2984 4766 3120 4820 ante

1756 4841 2105 4900 infusionem
2124 4840 2324 4915 gratiae
2344 4846 2511 4898 erant
2533 4841 2721 4898 aversi
2745 4841 3123 4901 habitualiter

1756 4922 2058 4980 moraliter
2083 4937 2117 4978 a
2144 4923 2256 4979 Deo
2282 4938 2384 4995 per
2414 4926 2701 4995 peccatum
2728 4923 3043 4998 originale3
3065 4930 3124 4982 et

1757 5008 1954 5061 tamen
1993 5019 2095 5077 per
2142 5003 2329 5060 solam
2373 5002 2622 5078 gratiam
2666 5002 3130 5064 sanctificantem*
