3647 5753
445 392 556 449 532
1408 390 1502 444 DE
1539 392 1570 445 J
1574 391 2072 449 USTIFICATION
2077 394 2122 448 E
2161 394 2363 450 IMPII.

236 581 424 627 Diluitur
521 562 606 618 Ad
633 565 942 621 secundam
970 562 1469 622 confirmationem
1498 563 1805 637 respondet

238 631 429 677 secunda.
447 643 744 700 hominem
790 660 919 700 cum
963 644 1260 701 attritione
1317 644 1676 702 accedentem
1733 643 1805 701 ad

445 729 869 779 sacramentum
920 724 1270 796 poenitentiae
1314 723 1442 781 fieri
1490 723 1561 782 de
1610 725 1805 782 attrito

445 805 758 862 contritum
810 805 1184 865 habitualiter
1209 851 1222 874 ,
1274 813 1557 880 quatenus
1603 806 1806 880 recipit

444 887 720 962 gratiam,
767 893 823 945 et
849 887 1110 946 habitum
1139 889 1519 962 poenitentiae3
1552 906 1669 946 non
1698 906 1804 947 au-

446 972 564 1025 tem
590 967 717 1025 fieri
756 985 984 1042 semper
1011 971 1325 1026 contritum
1354 970 1682 1028 formaliter
1709 987 1804 1027 ac-

447 1049 699 1116 tualiter,
732 1048 800 1105 ad
823 1049 927 1106 hoc
953 1050 1163 1124 quippe
1188 1067 1331 1124 opus
1356 1058 1481 1109 erat
1502 1059 1564 1109 ut
1589 1054 1682 1108 vel
1712 1056 1806 1108 at-

448 1130 607 1187 tritio
634 1129 797 1187 fieret
822 1132 1207 1189 essentialiter
1228 1134 1518 1200 contriti0,
1544 1132 1695 1206 quod
1721 1136 1807 1190 est

449 1213 805 1287 impossibile
822 1237 838 1280 ;
871 1213 961 1270 vel
1003 1213 1153 1286 quod
1201 1215 1483 1272 attritioni
1531 1215 1805 1272 contritio

447 1297 685 1354 actualis
704 1295 1044 1363 succederet,
1076 1297 1225 1370 quod
1245 1299 1538 1356 multoties
1562 1313 1680 1354 non
1709 1314 1805 1355 ac-

446 1376 603 1433 cidit.
647 1377 928 1435 Contritio
954 1382 1164 1444 autem,
1200 1394 1301 1451 per
1338 1394 1511 1452 quam
1547 1379 1805 1436 venialia

446 1458 730 1524 delentur,
763 1456 928 1515 debet
954 1474 1075 1514 esse
1095 1459 1352 1525 actualis,
1378 1466 1434 1517 et
1462 1465 1578 1518 non
1600 1459 1805 1517 sufficit

446 1539 775 1605 habitualis,
810 1546 871 1595 ut
898 1539 1186 1612 hucusque
1213 1540 1588 1598 ostendimus,
1637 1539 1805 1597 Unde

446 1636 518 1678 ex
542 1636 629 1686 ec,
653 1620 801 1692 quod
825 1619 995 1677 homo
1024 1620 1088 1675 in
1127 1627 1487 1679 sacramento
1514 1622 1805 1695 poeniten-

448 1703 541 1760 tiae
566 1702 664 1758 fiat
689 1701 760 1758 de
787 1703 982 1759 attrito
1002 1704 1282 1760 contritus
1322 1704 1388 1760 in
1414 1719 1584 1760 sensu
1612 1705 1805 1778 expli-

447 1789 586 1853 cat0‚
623 1799 740 1839 non
766 1783 1041 1855 sequitur,
1073 1784 1223 1856 quod
1249 1783 1705 1858 independenter
1734 1785 1804 1842 ab

448 1867 564 1924 alio
610 1865 934 1938 perfectiori
980 1871 1139 1922 motu
1186 1865 1499 1923 mundetur
1526 1883 1559 1923 a
1599 1867 1804 1924 venia-

447 1946 898 2077 llbllxlfsultimam
928 2019 1429 2078 confirmationem
1460 2026 1627 2097 negat
1665 2036 1806 2078 con-

446 2102 822 2176 sequentiam.
854 2104 924 2157 Et
954 2102 1099 2158 ratio
1137 2101 1492 2176 disparitatis
1519 2107 1617 2171 est,
1667 2119 1804 2160 nam

447 2184 731 2242 accedenti
758 2201 887 2241 cum
926 2185 1220 2242 attritione
1246 2186 1449 2242 saltem
1487 2188 1803 2245 universali

447 2268 520 2340 ad
550 2272 975 2324 sacramentum
1006 2268 1353 2340 paenitentiae
1379 2268 1549 2325 datur
1571 2270 1804 2327 infalli-

449 2348 643 2406 biliter
686 2349 873 2423 gratia
917 2348 1276 2406 sanctificans
1292 2368 1314 2416 ;
1363 2354 1419 2407 et
1464 2351 1582 2409 haec
1607 2357 1691 2408 est
1718 2352 1805 2409 in-

446 2430 865 2502 compossibilis
922 2447 1055 2486 cum
1100 2431 1372 2488 omnibus
1398 2474 1411 2490 .
1455 2437 1511 2488 et
1558 2433 1808 2508 singulis

445 2511 685 2583 peccatis
724 2510 1083 2577 mortalibuS,
1117 2518 1180 2566 ut
1206 2511 1563 2568 ostendimus
1581 2514 1708 2570 dub.
1738 2516 1805 2577 4:

445 2590 599 2647 unde
640 2591 821 2662 posita
849 2591 1164 2656 attritione,
1197 2596 1254 2648 et
1299 2599 1658 2651 sacramento
1686 2611 1806 2667 poe-

448 2673 725 2737 nitentiae‚
771 2673 1082 2730 infallibile
1108 2678 1211 2738 est,
1243 2675 1393 2746 quod
1423 2676 1622 2732 omnia
1645 2693 1808 2734 mor—

452 2754 590 2810 talia
627 2753 987 2810 auferuntur.
1042 2754 1318 2811 Praedicta
1359 2763 1551 2813 autem
1598 2758 1803 2832 gratia,

452 2836 716 2910 quamvis
762 2836 987 2893 intensa
1032 2836 1149 2906 sit,
1195 2842 1251 2896 et
1296 2838 1490 2913 aliquo
1530 2841 1807 2914 peculiari

455 2918 625 2976 modo
650 2919 1051 2975 sacramentali
1092 2920 1388 2988 afliciatur,
1426 2925 1691 2996 componi
1716 2942 1810 2999 po·

453 3005 561 3058 test
585 3016 715 3055 cum
746 3002 982 3072 peccatis
1010 3001 1354 3070 venialibus»,
1388 3010 1449 3060 ut
1488 3007 1811 3081 conjunctio

454 3099 584 3141 cum
612 3082 702 3139 his
727 3099 851 3155 quae
879 3090 1069 3154 postea
1097 3084 1420 3151 succedunt,
1445 3089 1583 3144 satis
1616 3089 1809 3146 decla-

456 3170 545 3222 rat
574 3186 587 3221 :
615 3164 987 3238 quamobrem
1017 3168 1199 3238 posita
1244 3168 1571 3237 attritione,
1616 3188 1810 3229 sacra-

456 3253 667 3315 mente,
694 3254 750 3305 et
774 3248 958 3322 gratia
1003 3253 1446 3320 sacramentali,
1493 3252 1811 3312 infallibile

456 3347 574 3388 non
605 3336 704 3398 est,
734 3330 883 3403 quod
912 3333 1165 3389 venialia
1189 3333 1507 3392 deleantur.
1535 3336 1644 3394 Sed
1679 3342 1805 3395 tan—

455 3419 577 3469 tum
599 3411 689 3468 his
717 3413 913 3485 positis
942 3414 1184 3473 habetur
1203 3418 1391 3490 gratia
1429 3418 1716 3478 sufficiens
1741 3423 1811 3479 ad

452 3496 739 3553 fervorem
767 3497 1081 3564 charitatis,
1107 3515 1218 3572 quo
1243 3500 1468 3567 ultimo,
1512 3508 1568 3560 et
1595 3503 1811 3561 imme-

451 3575 604 3634 diate
641 3576 706 3632 fit
731 3577 1050 3635 venialium
1081 3581 1364 3638 remissio.
1408 3582 1492 3638 Ad
1521 3583 1813 3655 probatio·

451 3675 586 3717 nem
628 3665 818 3716 autem
848 3663 1265 3734 consequentiae
1291 3668 1509 3721 constat
1534 3680 1605 3723 ex
1634 3683 1811 3740 supra

450 3741 615 3799 dictis
640 3760 791 3799 num.
825 3744 952 3810 325,
985 3743 1082 3800 ubi
1122 3745 1566 3813 declaraVImus,
1608 3749 1670 3805 in
1698 3766 1809 3822 quo

450 3839 621 3881 sensu
656 3824 731 3879 sit
769 3825 1012 3893 facilior,
1045 3829 1137 3884 vel
1165 3827 1456 3887 difficilior
1484 3830 1808 3889 venialium

455 3906 735 3973 remissiO,
768 3923 939 3978 quam
962 3909 1319 3966 mortalium.

240 4002 432 4064 objectio
528 3989 660 4045 330.
701 3991 817 4045 Nec
843 3989 1034 4058 refert,
1060 3991 1108 4045 si
1138 3990 1321 4049 adhuc
1347 4008 1618 4066 opponas,
1642 3997 1812 4068 plura

235 4054 702 4149 ¹2¹,},}{¹,{³,‘‚',¹}1absurda
744 4072 902 4144 sequi
930 4087 1000 4128 ex
1036 4072 1305 4145 praedicta
1331 4073 1592 4133 doctrina
1624 4100 1638 4135 ε
1671 4093 1811 4134 nam

297 4153 386 4198 bus.
449 4157 630 4228 primo
661 4153 938 4226 sequitur,
970 4153 1119 4227 quod
1159 4162 1519 4213 sacramenta
1560 4174 1678 4216 non
1716 4175 1812 4231 re-

452 4237 686 4294 mittant
714 4242 935 4310 peccata
962 4238 1215 4295 venialia
1235 4254 1307 4295 ex
1340 4254 1511 4311 opere
1551 4246 1807 4314 operat0,

451 4318 600 4392 quod
639 4324 724 4376 est
761 4320 1002 4378 omnino
1032 4319 1259 4377 falsum.
1292 4321 1533 4393 Sequela
1558 4323 1811 4380 ostendi-

452 4405 568 4465 tur,
610 4400 743 4471 quia
773 4400 1025 4457 venialia
1053 4417 1169 4457 non
1198 4401 1576 4458 remittuntur
1611 4401 1675 4459 in
1715 4421 1812 4462 sa-

451 4482 780 4546 cramentis„
804 4487 874 4538 ,ut
894 4483 1225 4550 asserimus,
1251 4483 1365 4540 nisi
1395 4482 1687 4542 mediante
1707 4487 1812 4543 ali-

451 4579 563 4637 quo
607 4568 733 4620 actu
762 4563 832 4620 ab
885 4566 1122 4623 homine
1172 4566 1364 4623 elicito
1409 4587 1422 4622 ι
1470 4567 1574 4625 ille
1618 4573 1810 4626 autem

451 4648 606 4702 actus
634 4660 752 4702 non
779 4651 862 4703 est
887 4663 1028 4720 opus
1054 4654 1373 4721 operatum,
1397 4648 1496 4705 sed
1517 4665 1659 4722 opus
1681 4665 1813 4723 ope-

452 4729 653 4797 rantis,
688 4734 749 4785 ut
773 4744 843 4785 ex
863 4744 924 4786 se
956 4737 1216 4788 constare
1258 4731 1509 4790 videtur.
1539 4732 1812 4806 Sequitur

449 4810 698 4877 secunde,
724 4809 872 4882 quod
905 4816 1265 4869 sacramenta
1283 4828 1402 4870 non
1424 4812 1616 4872 altiori
1641 4813 1813 4872 modo

451 4888 678 4947 deleant
701 4892 956 4949 venialia
984 4900 1222 4966 peccata,
1254 4911 1427 4969 quam
1474 4911 1811 4954 sacramen-

452 4971 593 5028 talia
621 5015 637 5039 ,
687 4973 807 5031 imo
852 4991 1025 5047 quam
1070 4993 1244 5034 sacrae
1295 4977 1626 5053 imagines:
1656 4976 1812 5051 quod

451 5053 700 5109 multum
742 5054 1042 5113 imminuit
1092 5057 1434 5133 dignitatem
1479 5073 1812 5117 sacramen·

1934 569 2150 623 torum.
2181 567 2343 623 Patet
2369 566 2599 636 sequela
2618 607 2633 631 ,
2662 564 2798 637 quia
2822 565 3203 625 sacramenta,
3237 563 3301 614 ut

1936 649 2295 706 affirmamus
2318 691 2332 714 ,
2382 663 2500 704 non
2539 646 2846 704 remittunt
2869 644 3144 709 venialia,
3178 641 3298 698 nisi

1936 728 2182 786 mediate
2210 771 2223 795 ,
2303 727 2606 786 excitando
2663 726 2929 783 videlicet
3007 724 3298 781 fervorem

1936 809 2251 877 charitatis,
2281 825 2392 881 quo
2418 809 2743 865 formaliter
2783 806 3126 863 auferuntur
3153 825 3166 860 ε
3196 801 3297 861 sed

1933 892 2112 950 etiam
2139 890 2582 949 sacramentalia
2619 888 2869 946 excitant
2909 888 3062 943 hunc
3102 886 3300 943 fervo-

1939 989 2062 1031 rem
2088 1018 2101 1042 ,
2156 974 2277 1031 imo
2321 977 2379 1030 et
2429 973 2713 1047 imagines
2757 985 2963 1037 sacrae;
3010 966 3296 1041 siquidem

1937 1073 2102 1130 aqua,
2133 1075 2193 1114 v.
2213 1072 2272 1131 g.
2302 1054 2616 1121 benedicta,
2641 1059 2698 1110 et
2725 1053 2915 1128 imago
2942 1051 3155 1109 Christi
3184 1053 3299 1108 Do-

1938 1137 2086 1193 mini
2115 1153 2222 1195 nos
2251 1137 2501 1193 excitant
2522 1135 2593 1193 ad
2629 1134 3016 1201 devotionem,
3046 1138 3102 1189 et
3126 1148 3297 1190 exer-

1936 1217 2138 1273 citium
2163 1216 2481 1274 charitatiS.
2531 1214 2799 1287 Sequitur
2822 1215 3008 1282 tertio,
3033 1229 3166 1271 eum
3194 1212 3295 1285 qui

1937 1299 2057 1355 sola
2096 1297 2392 1354 attritione
2442 1295 2747 1353 confitetur
2795 1295 3028 1368 praecise
3073 1298 3295 1366 peccata

1938 1378 2210 1445 venialia,
2238 1394 2467 1452 peccare
2495 1376 2820 1436 mortaliter
2838 1419 2851 1443 ,
2882 1376 2931 1431 si
2962 1391 3080 1432 non
3106 1375 3298 1432 eliciat

1938 1463 2126 1515 actum
2171 1459 2538 1516 contritionis
2564 1480 2576 1513 :
2599 1455 2750 1531 quod
2789 1459 2873 1512 est
2912 1461 3111 1512 contra
3137 1471 3296 1512 com-

1938 1554 2176 1596 munem
2222 1554 2457 1596 sensum
2509 1537 2790 1594 fidelium.
2824 1536 3062 1608 Sequela
3090 1534 3296 1592 suade-

1939 1625 2063 1688 tur;
2087 1636 2223 1677 nam
2247 1618 2343 1693 qui
2368 1618 2609 1691 impedit
2643 1618 2904 1675 effectum
2928 1617 3292 1682 sacramenti,

1939 1709 2126 1778 peccat
2170 1702 2424 1778 graviter
2461 1725 2474 1757 ι
2522 1701 2621 1758 sed
2674 1700 2904 1758 effectus
2954 1700 3295 1756 sacramenti

1939 1786 2289 1860 poenitentiae
2325 1785 2387 1840 in
2418 1782 2685 1856 praedicto
2720 1798 2850 1838 casu
2873 1780 3175 1838 debetesse
3203 1797 3297 1839 re-

1939 1865 2137 1923 missio
2163 1865 2502 1929 venialium,
2534 1879 2659 1936 qua}
2703 1867 2765 1917 ut
2813 1879 2916 1919 nos
2956 1861 3287 1929 asserimuS,

1938 1947 2251 2021 impeditur
2281 1961 2382 2018 per
2407 1944 2723 2001 carentiam
2745 1943 3108 2000 contritionis
3128 1958 3293 2015 :ergo

1938 2029 2035 2101 qui
2064 2028 2128 2083 in
2153 2043 2220 2083 eo
2247 2042 2376 2082 casu
2418 2024 2822 2082 contritionem
2868 2039 2984 2080 non
3028 2022 3291 2088 eliceret,

1940 2113 2192 2183 peccaret
2212 2107 2553 2163 mortaliter.
2577 2105 2779 2162 Ultimo
2802 2104 3078 2177 sequitur,
3119 2117 3292 2176 quam

1941 2191 2236 2249 rarissime
2288 2187 2415 2245 fieri
2472 2189 2793 2245 venialium
2848 2187 3250 2243 remissionem
3280 2209 3295 2253 ;

1939 2273 2088 2347 quod
2113 2280 2308 2330 tamen
2354 2272 2532 2328 nimis
2583 2271 2796 2327 durum
2824 2276 2945 2337 est,
2994 2276 3050 2326 et
3093 2273 3296 2325 contra

1939 2371 2245 2413 commune
2266 2354 2528 2411 omniurn
2547 2351 2847 2425 judicium.
2876 2351 3107 2423 Sequela
3135 2349 3294 2406 vide·

1940 2444 2035 2495 tur
2063 2437 2384 2503 manifesta,
2415 2436 2551 2508 quia
2579 2434 2833 2491 venialia
2861 2432 2923 2487 in
2946 2437 3136 2488 nostra
3156 2446 3297 2488 sen-

1942 2521 2120 2578 tentia
2147 2535 2264 2577 non
2296 2520 2690 2584 remittuntur,
2723 2515 2835 2571 nisi
2867 2531 2967 2588 per
2991 2513 3302 2571 contritio-

1941 2619 2075 2660 nem
2103 2602 2172 2659 de
2198 2602 2339 2674 ipsis
2363 2599 2710 2665 venialibus,
2736 2599 2828 2654 vel
2851 2613 2953 2671 per
2977 2597 3300 2654 ferventem

1941 2683 2234 2741 charitatis
2255 2681 2517 2739 affectum
2534 2704 2546 2747 ;
2571 2680 2667 2753 qui
2695 2684 2851 2735 actus
2869 2680 3010 2735 satis
3033 2694 3166 2735 raro
3186 2679 3300 2736 eli-

1940 2767 2192 2824 ciuntur.

2018 2850 2258 2921 Propter
2284 2846 2421 2913 haec,
2452 2860 2576 2918 quae
2601 2844 2687 2901 vel
2715 2847 2867 2909 sunt,
2898 2843 2991 2899 vel
3021 2846 3301 2916 apparent
3315 2853 3521 2899 Diluitur.

1944 2930 2431 2994 inconvenientia,
2447 2928 2783 2984 monuimus
2801 2943 2865 2981 su
2874 2942 2974 2998 pra
2993 2943 3144 2982 num.
3163 2927 3294 2992 312,

1943 3029 2048 3070 nos
2093 3012 2156 3068 in
2202 3010 2466 3085 praesenti
2495 3025 2613 3066 non
2641 3009 2914 3064 ultimum
2943 3006 3202 3079 proferre
3229 3005 3299 3064 de

1944 3095 2047 3153 hac
2092 3112 2261 3152 causa
2299 3093 2582 3169 judicium
2607 3135 2620 3158 ,
2671 3090 2770 3147 sed
2818 3089 3038 3147 reterre
3080 3088 3298 3146 Lectori

1944 3177 2180 3235 modum
2210 3174 2435 3231 dicendi
2460 3174 2583 3246 ejus
2626 3188 2868 3230 censura
2903 3169 3294 3245 probandum.

1944 3259 2265 3333 Respondet
2283 3274 2419 3333 ergo
2439 3258 2539 3314 ille
2565 3257 2792 3321 Junior,
2823 3271 2896 3312 ex
2922 3270 3026 3310 suo
3072 3249 3298 3309 dicendi

1943 3342 2114 3409 modo
2161 3342 2311 3398 nihil
2357 3339 2545 3396 videri
2591 3338 2820 3405 inferri,
2852 3336 3004 3410 quod
3042 3351 3179 3393 vere
3205 3334 3304 3390 in-

1941 3425 2292 3483 conveniens
2312 3424 2405 3480 sit.
2438 3425 2566 3479 Non
2592 3423 2856 3494 primum,
2889 3419 3025 3493 quia
3046 3418 3178 3474 licet
3198 3432 3300 3474 ve-
3315 3440 3506 3485 Primum

1945 3506 2126 3562 nialia
2159 3506 2222 3562 in
2266 3509 2625 3560 sacramento
2672 3502 3048 3558 remittantur
3090 3499 3303 3554 imme·
3331 3500 3498 3594 meffr-

1944 3586 2096 3642 diate
2117 3601 2218 3659 per
2238 3589 2428 3641 actum
2451 3601 2484 3640 a
2505 3582 2673 3641 nobis
2693 3581 2928 3647 elicitos
2954 3581 3076 3652 ipsa
3105 3586 3304 3635 tamen
3444 3573 3457 3583 “

1943 3672 2301 3723 sacramenta
2326 3681 2398 3722 ex
2430 3680 2601 3737 opere
2626 3667 2887 3736 operato,
2931 3661 3051 3717 sive
3075 3676 3144 3716 ex
3173 3673 3305 3715 me·-

1947 3748 2074 3806 ritis
2119 3747 2331 3803 Christi
2384 3745 2688 3803 conferunt
2746 3743 2914 3801 nobis
2959 3740 3171 3799 auxilia
3222 3737 3299 3794 ad

1946 3830 2242 3904 praedictos
2279 3833 2434 3885 actus
2455 3871 2470 3895 ‚
2501 3832 2556 3883 et
2583 3828 2662 3883 sic
2683 3826 3006 3883 venialium
3034 3820 3303 3879 remissio

1943 3913 2011 3970 fit
2036 3913 2282 3970 mediate
2306 3927 2377 3967 ex
2403 3926 2574 3983 opere
2594 3914 2845 3982 operato,
2873 3911 3000 3964 Non
3021 3905 3181 3962 enim
3214 3910 3308 3961 at-

1943 3995 2123 4060 tritio,
2147 4012 2203 4052 v.
2232 4010 2289 4068 g.
2320 3992 2484 4049 affert
2508 4008 2579 4049 ex
2606 4007 2666 4048 se
2691 3989 2960 4065 gratiam,
2994 3991 3051 4043 et
3077 3984 3307 4042 auxilia

1946 4077 2211 4152 proxima
2241 4076 2311 4133 ad
2337 4082 2525 4133 actum
2566 4072 2891 4139 charitatis;
2934 4077 2991 4128 et
3018 4076 3215 4127 tamen
3245 4072 3309 4124 ut

1945 4160 2243 4234 conjuncta
2261 4159 2628 4214 Sacramento
2648 4152 2997 4227 poenitentiae
3020 4151 3219 4216 infert,
3251 4152 3311 4206 et

1943 4239 2112 4297 efficit
2138 4235 2404 4310 praedicta
2430 4234 2735 4310 principia.
2768 4235 2837 4289 Et
2864 4229 3194 4307 hujusmodi
3216 4228 3309 4287 ef-

1946 4321 2140 4385 fectuS,
2164 4332 2264 4375 seu
2293 4333 2433 4391 opus
2460 4322 2761 4389 operatum
2788 4329 3015 4387 semper
3041 4311 3213 4368 datur
3242 4310 3310 4368 in

1943 4399 2317 4458 sacramentis
2366 4398 2557 4455 debite
2609 4396 2847 4468 receptis
2877 4419 2892 4463 ;
2956 4394 3088 4450 licet
3145 4390 3311 4448 aliud

1943 4501 2087 4559 opus
2111 4488 2441 4557 operatum,
2484 4479 2636 4555 quod
2671 4477 2950 4536 coincidet
2975 4493 3107 4534 cum
3134 4489 3312 4549 opere

1944 4570 2249 4639 operante,
2301 4579 2510 4636 nempe
2556 4562 2750 4619 fervor
2794 4558 3093 4616 charitatis
3120 4602 3133 4626 ,
3188 4571 3310 4614 non

1943 4664 2171 4721 semper
2210 4645 2383 4709 adsit;
2409 4646 2544 4718 quia
2570 4642 2852 4717 dependet
2876 4657 2949 4698 ex
2977 4639 3165 4697 libera
3196 4638 3311 4696 ho-

1944 4730 2123 4787 minis
2149 4727 2546 4800 cooperatione
2585 4741 2719 4784 cum
2742 4726 3123 4780 sacramento,

2018 4817 2130 4869 Nec
2149 4810 2406 4884 sequitur
2431 4806 2766 4875 secundum,
2789 4806 2928 4879 quia
2965 4819 3307 4861 sacramen·
3331 4810 3508 4853 Hense-

1943 4893 2082 4950 talia
2122 4892 2213 4950 vel
2258 4906 2377 4948 non
2425 4886 2727 4945 remittunt
2755 4884 3011 4943 venialia
3035 4899 3106 4939 ex
3131 4897 3311 4957 opere
3330 4859 3527 4905 ennom

1943 4980 2207 5049 operato,
2251 4976 2314 5029 ut
2340 4971 2574 5045 quidam
2603 4972 2939 5034 autumant3
2969 4966 3063 5023 vel
3106 4966 3158 5023 si
3200 4964 3313 5022 illa

1944 5054 2215 5130 praedicto
2244 5052 2416 5110 modo
2464 5050 2785 5116 remittunt,
2817 5055 2880 5105 ut
2899 5064 2970 5106 ex
2997 5048 3064 5103 D.
3087 5045 3311 5181 Thomi

3249 5142 3282 5184 e
