3647 5753
1274 369 1453 424 DISP.
1497 369 1616 434 VII,
1661 367 1825 422 DUB.
1872 367 1966 421 lv,

780 544 809 611 g
847 543 942 596 1x.

229 702 474 758 Diluitur
505 704 752 774 primum
784 702 1245 760 Adversariorum
1284 701 1492 771 sunda-

261 789 492 838 mentum
506 784 845 856 desumptum
865 800 935 837 aaz·
952 800 1116 838 sacra
1138 781 1265 839 Scri
1263 788 1451 854 plura.

259 944 380 998 204.
431 942 540 998 Sed
592 942 878 999 videamus
917 943 1039 1016 J’am
1067 940 1272 1014 quibus
1319 938 1527 996 funda-

189 1023 388 1078 mentis
437 1023 709 1078 muniant
744 1022 1078 1079 Adversarii
1106 1037 1269 1077 suam
1297 1020 1529 1093 opinio-

189 1119 334 1159 nem.
386 1105 455 1157 Et
497 1103 728 1175 quidem
774 1103 837 1159 in
867 1119 928 1160 re
972 1103 1137 1177 gravi
1166 1102 1527 1175 potissimum

182 1184 475 1240 desumere
501 1183 792 1257 oportebat
827 1199 898 1240 ex
922 1199 1096 1240 sacrae
1124 1182 1342 1257 pagina}
1368 1181 1530 1238 testi-

186 1265 390 1319 moniis
423 1286 436 1319 :
482 1264 602 1320 illis
628 1271 819 1321 tamen
860 1270 976 1320 tarn
1007 1280 1210 1336 parum
1237 1261 1364 1318 fidit
1384 1264 1530 1317 Sua-

183 1342 316 1410 rius,
362 1350 420 1399 ut
445 1345 532 1401 eis
557 1345 908 1401 committere
934 1361 1049 1401 suae
1075 1359 1254 1400 causae
1283 1342 1529 1415 patroci-

184 1427 338 1481 nium
388 1443 649 1484 recusare
694 1425 984 1493 videatur-3
1036 1442 1173 1482 nam
1201 1433 1330 1480 tom.
1363 1426 1417 1487 2,
1466 1423 1529 1477 de

176 1508 374 1573 ⁸qratia,
402 1507 504 1563 lib.
533 1508 586 1573 3,
617 1525 735 1579 cap.
767 1507 859 1571 43,
892 1504 1156 1563 observat
1180 1504 1528 1561 sententiam

180 1603 332 1642 suam
363 1604 464 1659 per
505 1585 619 1643 duo
643 1586 1109 1657 testimoniorum
1130 1601 1343 1660 genera
1371 1597 1530 1655 posse

179 1665 416 1723 suaderi.
471 1668 668 1724 Primo
715 1682 816 1740 per
860 1667 1189 1723 testimonia
1241 1663 1523 1738 negativa,

180 1762 295 1818 quaa
337 1745 569 1815 directe,
619 1752 674 1804 et
699 1746 1026 1804 formaliter
1064 1744 1370 1802 excludant
1394 1759 1530 1817 gra-

181 1828 312 1882 tiam
343 1830 620 1900 praeviam
665 1844 735 1886 ex
761 1843 842 1895 se,
891 1833 947 1884 et
974 1826 1045 1883 ab
1069 1826 1379 1882 intrinseco
1406 1822 1528 1880 effi-.

123 1944 132 1972 .
180 1925 354 1965 cacem
384 1931 398 1965 2
435 1934 459 1963 a
491 1913 561 1965 Et
591 1912 729 1975 haec,
755 1913 955 2004 inquit,
986 1908 1243 1982 probatio
1262 1924 1332 1965 ex
1353 1906 1529 1962 Scho-

116 1994 137 2072 ᾗ·
186 2013 209 2037 u
250 1990 455 2046 lasticis
482 1989 819 2047 Doctoribus
856 1991 920 2046 in
947 2007 1070 2063 cap.
1111 1990 1193 2054 19,
1225 1986 1354 2044 data
1397 1990 1479 2042 est
1514 2006 1526 2040 ε

117 2091 152 2139 μ·
191 2093 208 2120 .‹
246 2086 312 2125 ex
341 2072 650 2127 Canonicis
678 2078 867 2127 autem
893 2071 1077 2140 libris,
1115 2072 1208 2127 vel
1238 2067 1530 2140 antiquio-

117 2147 156 2171 ⁴”
186 2173 206 2200 α
248 2150 404 2206 ribus
421 2144 699 2207 'Patribus
723 2149 1042 2224 expetenda
1062 2166 1179 2207 non
1211 2155 1313 2215 est,
1347 2162 1530 2219 neque

184 2254 205 2280 u
243 2230 592 2302 expectanda
609 2255 623 2297 ;
646 2232 781 2304 quia
797 2231 912 2287 haec
932 2230 1258 2303 speculatio,
1280 2230 1369 2285 vel
1391 2244 1529 2284 con-

180 2336 204 2363 «
243 2313 525 2370 troversia
546 2329 578 2367 a
599 2312 864 2377 Patribus
885 2312 1136 2385 antiquis
1153 2328 1269 2368 non
1291 2318 1372 2367 est
1390 2316 1530 2365 trac-

179 2418 198 2439 -·‹
242 2399 371 2448 tata.
402 2416 425 2443 υ
463 2392 628 2457 Quod
651 2394 743 2450 vel
771 2408 973 2449 verum
999 2409 1113 2450 non
1135 2397 1238 2458 est,
1266 2392 1355 2447 vel
1379 2389 1530 2446 nihil

171 2471 330 2527 habet
352 2479 554 2529 nostra
581 2473 889 2539 sententia,
918 2478 978 2527 ut
1005 2473 1202 2529 timeat
1224 2471 1530 2543 Scripturae

172 2553 514 2618 testimonia,
543 2569 672 2624 quae
692 2557 892 2609 contra
914 2553 1076 2608 illam
1100 2553 1532 2627 conglomerant

172 2634 265 2687 alii
292 2633 577 2706 juniores.
611 2636 758 2689 Nam
786 2634 834 2689 si
863 2649 991 2690 eam
1020 2634 1381 2706 impugnant,
1414 2630 1530 2686 mi·-

173 2732 275 2771 nus
304 2721 453 2773 recte
479 2716 727 2771 Suarius
748 2715 1071 2787 desperavit
1096 2716 1404 2786 Scriptura)
1429 2730 1531 2785 pa·-

176 2797 497 2863 trocinium,
524 2796 783 2867 salsoque
801 2795 1059 2852 obtendit
1077 2795 1529 2852 controversiam

175 2878 310 2933 hanc
351 2876 530 2933 fuisse
557 2893 591 2933 a
635 2875 903 2932 Patribus
949 2876 1410 2950 praetermissam,
1458 2890 1530 2930 ne

175 2959 348 3028 palam
372 2957 732 3021 concederet,
761 2958 912 3013 nihil
932 2958 1041 3013 sibi
1067 2957 1389 3030 suffragari.
1422 2954 1529 3010 Sed

176 3039 372 3094 veritas
398 3045 506 3103 est,
543 3038 904 3110 potissimam
932 3038 1380 3095 controversiam
1423 3038 1531 3114 Pe-

175 3118 319 3191 tagii,
344 3119 590 3193 ejusque
604 3119 932 3189 sequacium
955 3134 1082 3174 cum
1102 3121 1163 3174 D.
1191 3117 1525 3190 AugustinO,

169 3201 389 3271 vjusque
423 3198 731 3271 discipulis
757 3198 934 3254 fuisse
959 3199 1109 3255 circa
1134 3198 1380 3271 gratiam
1407 3195 1532 3252 effi-

171 3296 369 3346 cacem,
422 3286 479 3335 et
507 3279 669 3335 circa
712 3277 967 3345 modum,
999 3295 1111 3352 quo
1137 3278 1331 3335 efficax
1375 3293 1532 3334 asse-

174 3361 342 3416 renda
367 3367 517 3426 erat,
559 3365 622 3414 ut
659 3365 876 3415 constat
903 3375 972 3415 ex
998 3359 1163 3416 dictis
1192 3360 1254 3414 in
1281 3359 1384 3415 hac
1409 3356 1533 3413 dis-

176 3442 484 3511 putatione,
505 3446 571 3499 et
588 3457 659 3497 ex
682 3440 934 3513 professo
948 3439 1301 3497 ostendimus
1314 3440 1455 3511 disp.
1481 3440 1527 3505 l,

166 3524 469 3593 prooemial.
496 3523 689 3594 cap.4,
707 3524 739 3589 ξ
758 3522 811 3578 6.
845 3520 1092 3592 Indeque
1118 3521 1326 3577 falsum
1353 3535 1534 3592 appa-

173 3608 270 3666 ret,
301 3603 454 3675 quod
483 3604 610 3658 haec
636 3600 936 3657 difficultas
958 3617 1073 3657 non
1097 3601 1269 3658 fuerit
1291 3618 1323 3658 a
1352 3600 1534 3657 Patri-

117 3681 267 3738 tutius
311 3683 597 3740 discussa.
648 3680 819 3736 Addit
846 3686 1038 3738 tamen
1072 3682 1326 3750 Suarius,
1375 3695 1534 3754 posse

120 3754 142 3822 J·
169 3781 325 3820 suam
353 3765 704 3837 opinionem
735 3761 967 3840 probari
990 3761 1238 3818 secundo
1274 3762 1534 3819 testimo-

124 3843 158 3880 ν
175 3845 397 3901 niorum
420 3859 662 3920 genere,
689 3841 956 3899 videlicet
976 3858 1075 3915 per
1102 3842 1528 3907 affirmationes,

169 3931 220 3978 et
245 3925 566 3990 doctrinam,
601 3926 664 3980 in
685 3922 890 3996 quibus
918 3924 1149 3989 virtute,
1174 3928 1229 3978 et
1256 3924 1534 3996 aequipol-

173 4005 345 4060 lenter
372 4007 746 4062 contineatur
776 4003 998 4078 negatio
1023 4003 1221 4077 gratiae
1257 4018 1327 4059 ex
1352 4019 1431 4068 se,
1478 4010 1537 4059 et

173 4085 236 4138 ab
261 4086 586 4162 intrinseco
611 4083 865 4140 efficacis.
895 4083 1066 4157 quue
1094 4089 1321 4157 praestat
1349 4084 1536 4155 primo

116 4183 130 4211 ι
175 4166 522 4223 authoritate
550 4164 868 4221 Ecclesiast.
908 4167 973 4221 15
999 4188 1013 4221 ι
1050 4187 1074 4217 α
1099 4168 1245 4221 Deus
1271 4164 1340 4220 ab
1370 4164 1536 4221 initio

183 4269 203 4292 a
250 4248 554 4303 constituit
582 4246 898 4311 hominem,
929 4251 986 4301 et
1015 4246 1248 4318 reliquit
1274 4246 1443 4301 illum
1474 4247 1536 4301 in

177 4353 197 4374 -τ
245 4345 423 4385 manu
476 4328 712 4385 consilii
758 4328 866 4384 sui.
918 4327 994 4385 Et
1042 4328 1197 4399 infra
1218 4347 1236 4380 .·
1262 4328 1539 4399 Apposuit

178 4431 199 4452 «ι
244 4407 349 4464 tibi
375 4408 604 4483 ignem,
632 4412 690 4464 et
710 4423 915 4480 aquam
948 4430 962 4464 ε
992 4408 1060 4465 ad
1087 4408 1233 4482 quod
1263 4409 1533 4477 volueris,

117 4503 155 4539 ϋ-
178 4517 198 4538 a
244 4492 479 4566 porrige
523 4506 769 4546 manum
796 4496 972 4546 tuam.
1006 4489 1176 4548 Num.
1207 4491 1280 4546 30
1307 4511 1319 4545 :
1351 4492 1415 4546 in
1441 4507 1540 4547 ar-

178 4595 200 4620 «
244 4571 420 4628 bitrio
443 4572 572 4628 viri
587 4571 717 4635 erit,
737 4570 859 4626 sive
875 4570 1059 4636 faciat,
1079 4571 1201 4627 sive
1217 4586 1334 4628 non
1348 4571 1537 4627 faciat.

117 4669 129 4699 τ
178 4675 200 4700 α
241 4650 409 4708 losue
451 4655 533 4708 24
594 4672 607 4706 :
656 4651 821 4723 Optio
861 4650 1025 4708 vobis
1068 4651 1274 4718 datur,
1325 4652 1536 4725 eligite.

118 4755 200 4795 15«
243 4731 460 4788 March.
503 4733 572 4786 17
599 4752 613 4786 :
643 4730 754 4794 Qui
777 4731 902 4786 vult
929 4731 1127 4787 venire
1154 4735 1277 4803 post
1303 4746 1410 4791 me.
1433 4736 1537 4787 etc.

116 4839 158 4870 ff.
180 4833 204 4858 «ι
255 4813 274 4866 l
305 4813 382 4866 ad
407 4810 674 4869 Corinth.
697 4813 733 4865 7
757 4831 770 4865 ε
800 4810 958 4874 Quod
987 4812 1128 4876 vult,
1154 4810 1341 4867 faciat.
1363 4831 1387 4861 ι)
1417 4811 1545 4867 Haec

172 4897 362 4949 autem
394 4908 526 4949 non
552 4891 844 4948 cohaerent
869 4908 997 4948 cum
1024 4892 1243 4949 auxilio
1265 4907 1338 4948 ex
1364 4906 1442 4958 se,
1489 4895 1546 4948 et

178 4973 245 5027 ab
267 4973 600 5030 intrinseco
624 4970 866 5037 efficaci;
893 4972 993 5029 hoc
1011 4973 1218 5046 quippe
1241 4973 1417 5029 semel
1441 4987 1546 5028 vo-

260 5067 432 5125 Salm
446 5074 573 5123 ant.
603 5065 771 5125 Cura.
797 5065 1018 5138 theoloq.
1045 5074 1175 5125 tom.
1208 5065 1275 5125 X.

2919 365 3052 437 137,

1595 542 1604 589 t
1664 538 1871 594 luntati
1890 538 2236 610 impressum
2259 553 2388 593 eam
2414 537 2569 612 ligat,
2604 552 2676 593 ne
2698 538 2874 593 aliam
2897 553 3023 609 ope-

1666 618 1967 681 rationem,
1999 616 2617 674 determinationemve
2654 617 2861 682 eliciat,
2911 618 3021 672 nisi

1661 713 1786 771 quae
1817 696 2082 770 praedicto
2107 697 2325 754 auxilio
2350 696 2770 769 correspondet.

1738 778 2134 850 Respondetur
2187 778 2451 851 praedicta
2504 777 2835 833 testimonia
2885 792 3240 840 con—neiundi-

1661 859 2067 932 gruentissima
2088 874 2208 915 esse
2231 857 2301 914 ad
2322 856 2731 915 confutandam
2757 858 3023 914 haeresim

1660 939 2130 1005 Manichaeorum‚
2152 939 2631 1000 Lutheranorum‚
2659 944 2714 993 et
2735 938 3024 993 Calvinis—

1664 1025 1873 1083 tarum,
1893 1019 1990 1091 qui
2008 1023 2217 1093 negant
2235 1016 2555 1073 libertatem
2581 1016 2807 1073 arbitrii
2824 1019 3020 1084 creati;

1663 1099 1876 1154 insulse
1925 1104 2118 1155 tamen
2146 1098 2383 1170 allegari
2431 1105 2628 1153 contra
2676 1098 3022 1154 sententiam

1663 1178 2112 1245 Thomistarum,
2163 1178 2259 1250 qui
2317 1176 2640 1249 praedictam
2701 1177 3021 1234 libertatem

1662 1260 2100 1316 catholicissime
2126 1259 2471 1332 proedicant3
2525 1260 2671 1316 nihil
2718 1262 2877 1317 enim
2919 1262 3020 1316 illa

1663 1343 1990 1399 testimonia
2041 1342 2342 1406 evincunt,
2400 1340 2512 1396 nisi
2559 1342 2856 1399 hominem
2903 1358 3025 1400 esse

1664 1424 1833 1481 liberi
1881 1422 2132 1480 arbitrii.
2184 1422 2491 1479 Difficultas
2538 1431 2727 1481 autem
2763 1426 2825 1480 in
2875 1441 3021 1498 prae-

1661 1506 1809 1561 senti
1857 1521 1975 1562 non
2020 1509 2106 1560 est
2147 1504 2296 1560 circa
2347 1502 2495 1559 istud
2557 1506 2909 1578 principium
2958 1507 3021 1562 in

1662 1588 1953 1660 Scriptura
1975 1584 2270 1650 traditum,
2292 1586 2515 1641 lumine
2530 1590 2781 1643 naturali
2800 1596 3017 1655 notum,

1661 1674 1717 1724 et
1761 1670 1833 1725 ab
1878 1665 2147 1723 omnibus
2196 1665 2500 1722 Catholicis
2546 1667 2894 1733 admissum;
2924 1669 3019 1725 sed

1662 1748 1812 1804 circa
1855 1746 2337 1818 consequentiam,
2390 1762 2596 1819 nempe
2641 1765 2753 1821 qua
2802 1751 3022 1807 ratione

1661 1846 1790 1886 cum
1838 1828 2101 1885 libertate
2146 1825 2372 1885 arbitrii
2400 1828 2678 1886 cohaereat
2720 1833 3021 1888 necessitas

1663 1911 1867 1968 anxilii
1913 1926 1984 1968 ex
2010 1926 2089 1974 se,
2134 1915 2189 1966 et
2214 1908 2285 1965 ab
2317 1910 2627 1967 intrinseco
2654 1912 2890 1970 efficacis
2920 1929 3052 1991 pro,

1662 1992 1907 2066 singulis
1945 1989 2375 2064 operationibus
2420 2011 2432 2044 t
2476 1991 2623 2047 hanc
2652 1999 2840 2049 autem
2869 1994 3021 2050 diffi-

1662 2075 1930 2130 cultatem
1959 2072 2117 2128 infra
2142 2069 2521 2127 enodabimus
2546 2073 2895 2131 occurrendo
2924 2091 3020 2130 ar-

1661 2154 1950 2229 gumentis
1969 2167 2001 2209 e
2031 2151 2250 2207 ratione
2269 2148 2601 2223 desumptis,
2634 2152 3020 2215 Quamobrem

1661 2250 1803 2306 opus
1819 2248 1936 2289 non
1957 2237 2080 2288 erat
2102 2231 2205 2287 illa
2224 2231 2556 2287 testimonia
2576 2234 2883 2303 explicare.
2915 2234 3022 2290 Sed

1663 2330 1735 2370 ne
1763 2314 1866 2369 illa
1894 2313 2121 2386 penitus
2145 2312 2580 2383 praetermittere
2601 2313 2920 2383 videamur,
2954 2314 3021 2370 ad

1663 2394 2067 2450 authoritatem
2090 2392 2408 2447 Ecclesiast.
2432 2394 2576 2463 (quse
2600 2395 2779 2468 magis
2816 2395 3023 2452 adver-

1661 2475 1831 2532 sariis
1859 2474 2051 2531 favere
2089 2472 2336 2541 videtur)
2361 2472 2666 2530 dicendum
2694 2483 2796 2543 est,
2831 2478 3024 2534 homi-

1662 2571 1797 2612 nem
1820 2569 1936 2611 non
1964 2551 2093 2609 ideo
2117 2551 2228 2608 diei
2254 2553 2503 2608 relictum
2524 2556 2583 2609 in
2612 2574 2782 2612 maim
2807 2561 3026 2614 consilii

1661 2633 1771 2698 siti,
1800 2635 1936 2708 quia
1962 2640 2258 2705 exemptus
2285 2633 2359 2687 sit
2398 2648 2429 2687 a
2456 2632 2928 2695 subordinatione
2956 2640 3024 2695 ad

1662 2718 1842 2772 Deum
1896 2712 2381 2787 praeordinantem
2408 2755 2420 2778 ,
2471 2719 2527 2768 et
2574 2727 3023 2789 praeoperantem

1662 2797 1783 2870 ejus
1828 2794 2205 2868 operationeS,
2236 2794 2383 2848 sicut
2422 2795 2777 2853 existimavit
2806 2801 3021 2866 Cicero,

1662 2878 1759 2950 qui
1805 2878 1938 2931 dum
1975 2876 2219 2931 homines
2245 2875 2417 2930 voluit
2460 2876 2639 2947 facere
2681 2880 2872 2935 liberos
2900 2884 3026 2951 fecit

1662 2960 1967 3028 εαονὶἱεροε,
2001 2961 2063 3011 ut
2105 2955 2293 3027 inquit
2338 2959 2401 3012 D.
2435 2960 2791 3031 Augustinus
2821 2964 2913 3019 lib.
2967 2966 3021 3030 5,

1662 3040 1726 3093 de
1752 3041 1974 3095 civitate
2003 3035 2121 3100 Dei,
2154 3053 2274 3109 cap.
2302 3038 2338 3090 9
2362 3044 2412 3091 et
2457 3040 2537 3093 10.
2564 3039 2669 3095 Sed
2692 3041 2902 3100 dicitur
2933 3061 3027 3100 re—

1666 3122 1831 3177 lictus
1874 3121 1939 3176 in
1970 3134 2144 3174 manu
2173 3118 2400 3174 consilii
2439 3120 2549 3186 sui,
2582 3124 2717 3194 quia
2746 3141 2862 3181 non
2911 3127 3025 3201 agit

1663 3217 1735 3258 ex
1780 3199 2113 3256 necessitate
2163 3203 2404 3264 naturae,
2439 3200 2535 3256 sed
2581 3219 2711 3259 curn
2739 3205 3025 3262 delibera-

1665 3283 1839 3347 tione,
1870 3280 2130 3346 consilio,
2158 3285 2214 3336 et
2235 3279 2735 3352 determinatione,
2762 3287 3027 3360 subiectis

1666 3369 1860 3420 tamen
1890 3361 1989 3417 Dei
2039 3360 2434 3433 providentiae,
2465 3366 2723 3430 consilio,
2756 3372 2811 3422 et
2837 3369 3027 3424 doter-

1665 3442 1998 3500 minationi.
2049 3444 2231 3506 Quam
2281 3441 2811 3513 interpretationem
2856 3449 3029 3504 tradit

1665 3524 1972 3600 Angelicus
2005 3525 2228 3587 Doctor,
2262 3525 2297 3577 3
2324 3531 2514 3578 contra
2554 3535 2745 3596 flentes,
2777 3548 2895 3601 cap.
2932 3533 3020 3598 00,

1666 3608 1763 3664 ubi
1791 3621 1922 3662 cum
1952 3603 2098 3659 illud
2127 3604 2523 3660 testimonium
2566 3613 2916 3680 opposuisset
2961 3614 3028 3669 ad

1668 3683 2028 3762 probandum
2073 3683 2379 3741 electiones
2432 3693 2654 3742 nostras
2703 3707 2817 3746 non
2863 3693 3029 3750 subdi

1668 3763 2047 3842 providentia!
2072 3762 2308 3831 divinae,
2340 3767 2642 3837 respondet
2678 3791 2690 3825 :
2720 3795 2745 3823 «
2773 3772 3030 3831 Haec'au-

1674 3872 1699 3903 α
1729 3853 1844 3903 tem
1866 3842 2043 3899 verba
2066 3842 2136 3899 ad
2160 3843 2263 3899 hoc
2285 3844 2657 3915 inducuntur,
2687 3857 2744 3906 ut
2770 3854 3030 3914 homines

1676 3951 1699 3980 «
1740 3939 1863 3982 esse
1902 3921 2071 3979 liberi
2100 3920 2330 3978 arbitrii
2379 3927 2771 3998 ostendantur,
2807 3951 2922 3991 non
2970 3943 3029 3993 ut

1676 4031 1700 4060 a
1741 4020 1942 4064 eorum
1989 4003 2292 4060 electiones
2344 4022 2377 4061 a
2422 4006 2622 4066 divina
2671 4016 3031 4086 providentia

1676 4111 1701 4141 «
1742 4086 2176 4143 subtrahantur.
2222 4107 2247 4138 ι)
2301 4088 2371 4142 Et
2405 4100 2556 4160 part.
2616 4095 2659 4161 1,
2705 4106 2884 4172 quccst.
2919 4103 2989 4155 22
3018 4144 3030 4166 ‚

1669 4177 1780 4225 art.
1808 4171 1845 4224 2
1870 4167 1945 4223 ad
1969 4169 2023 4235 4,
2074 4165 2319 4223 eandem
2368 4168 2756 4231 difficultatem
2791 4185 3038 4237 tractans

1672 4250 1752 4306 ait
1776 4271 1791 4305 ε
1820 4270 1846 4300 «
1872 4247 2207 4312 Dicendum,
2238 4248 2388 4319 quod
2419 4250 2480 4305 in
2504 4253 2624 4321 hoc,
2648 4257 2796 4327 quod
2828 4258 3039 4318 dicitur

1679 4351 1703 4382 α
1747 4332 1926 4386 Deum
1956 4328 2255 4385 hominem
2283 4327 2393 4384 sibi
2440 4333 2756 4405 reliquisse,
2793 4356 2907 4396 non
2936 4358 3035 4399 ex-

1679 4432 1704 4462 «
1744 4408 1996 4465 cluditur
2025 4407 2198 4464 homo
2226 4423 2258 4462 a
2283 4407 2483 4465 divina
2514 4415 2878 4483 providentia
2904 4445 2916 4486 ;
2942 4423 3036 4480 sed

1680 4512 1706 4544 <t
1747 4488 2094 4553 ostenditur,
2118 4486 2268 4559 quod
2295 4503 2409 4544 non
2441 4492 2754 4568 praefigitur
2782 4501 2833 4556 ei
2859 4502 3043 4558 virtus

1680 4593 1705 4623 α
1757 4568 2055 4642 operativa
2082 4566 2467 4625 determinata
2490 4572 2557 4627 ad
2589 4591 2788 4643 unum,
2815 4582 2959 4638 sicut
2982 4585 3041 4641 in

1681 4674 1707 4705 α
1753 4651 1921 4708 rebus
1959 4647 2341 4714 naturalibuS,
2373 4668 2497 4722 quae
2525 4665 2772 4728 aguntur
2818 4668 3044 4724 tantum

1682 4753 1707 4784 α
1749 4729 1912 4803 quasi
1936 4727 2006 4785 ab
2028 4729 2209 4784 altero
2236 4727 2464 4787 directae
2488 4733 2547 4789 in
2572 4735 2781 4808 finem3
2813 4760 2927 4801 non
2952 4764 3049 4804 au-

1684 4836 1709 4865 «
1752 4819 1867 4868 tem
1895 4810 2081 4882 seipsa
2108 4815 2304 4882 agunt,
2348 4814 2511 4882 quasi
2538 4833 2599 4872 se
2637 4819 2948 4897 dirigentia
2986 4830 3048 4885 in

1685 4915 1710 4946 α
1753 4891 1955 4956 finem,
1980 4890 2126 4945 sicut
2152 4895 2430 4948 creaturae
2454 4897 2763 4957 rationales
2793 4921 2891 4976 ρει·
2915 4908 3053 4967 libe-

1686 4996 1710 5024 α
1742 4988 1874 5028 rum
1889 4968 3048 5062 arbitrium,qu0consiliantur,eteligunt.

2842 5083 2906 5135 to

3091 852 3166 890 lur.

3064 3550 3223 3592 1›.'rtio.
