3647 5753
1277 422 1456 480 DISP.
1501 424 1624 488 vn,
1665 424 1834 479 DUB.
1879 425 1945 480 V.

145 609 292 650 nem
323 595 616 652 moralem
646 610 746 668 per
765 595 1111 660 suasionem,
1149 595 1242 651 vel
1270 593 1527 668 inspira-

142 675 403 743 tionem,
435 676 535 732 sed
558 676 734 733 etiam
762 675 1078 733 motionem
1101 674 1395 748 physicam
1425 690 1527 748 per

144 769 362 810 veram
390 754 784 822 efficientiam,
817 760 874 813 et
895 756 1230 829 impulsum.
1270 756 1397 812 Haec
1431 770 1526 812 se-

142 833 340 892 cunda
355 837 769 909 consequentia
784 841 934 894 recte
948 836 1196 893 infertur
1216 852 1288 894 ex
1309 837 1519 910 prima,

138 921 199 971 et
221 915 340 972 ista
362 931 438 973 ex
473 918 802 989 praemissis.
826 916 1012 990 Major
1038 933 1177 973 vero
1206 914 1482 991 probatur
1509 937 1523 972 ε

140 1001 269 1052 tum
296 996 451 1068 quia
472 997 692 1054 efficere
728 995 1057 1064 alliciendo,
1101 995 1407 1062 suadendo,
1432 997 1524 1054 vel

146 1075 526 1148 inspirando,
558 1093 677 1135 non
700 1081 787 1134 est
808 1078 992 1135 iacere
1007 1093 1137 1135 cum
1154 1076 1520 1151 proprietate,

139 1161 199 1213 et
221 1154 525 1222 absolute;
554 1156 651 1212 sed
671 1161 756 1213 est
780 1157 966 1216 iacere
999 1155 1315 1214 secundum
1362 1156 1520 1229 quid,

139 1242 355 1292 etcum
388 1236 606 1302 addite,
635 1252 845 1310 nempe
885 1237 1204 1304 moraliter,
1242 1239 1299 1293 et
1339 1240 1527 1293 meta-

146 1317 387 1391 physice
417 1334 587 1392 :ergo
603 1319 783 1374 Deum
806 1318 992 1376 iacere
1004 1334 1134 1376 cum
1154 1316 1521 1390 proprietate,

147 1402 210 1453 ut
248 1396 562 1462 iaciamus,
609 1413 726 1455 non
765 1403 850 1454 est
900 1399 1088 1455 solum
1131 1399 1380 1463 allicere,
1432 1398 1526 1454 vel
1576 1453 1579 1456 ,

142 1476 413 1545 suadere,
461 1477 563 1533 sed
590 1483 674 1534 est
725 1477 977 1552 physice,
1018 1482 1075 1535 et
1117 1476 1376 1535 effective
1422 1492 1526 1533 nos

148 1574 384 1617 movere
412 1559 489 1618 ad
518 1559 866 1617 faciendum.
896 1561 1045 1616 Tum
1071 1560 1270 1624 etiam,
1295 1559 1432 1632 quia
1453 1557 1525 1617 ob

147 1639 293 1695 hanc
315 1640 630 1704 rationem,
657 1655 789 1696 cum
813 1655 1112 1698 movemus
1133 1639 1430 1696 cultellum
1454 1637 1523 1694 ad

142 1719 561 1786 scindendum,
579 1721 671 1776 vel
691 1720 1079 1776 instrumenta
1100 1719 1243 1774 artis
1265 1717 1334 1775 ad
1351 1734 1525 1792 opera

150 1797 490 1865 artificiosa,
545 1797 799 1856 dicimur
828 1797 1062 1872 proprie
1089 1798 1293 1865 iacere,
1321 1803 1382 1854 ut
1422 1797 1525 1854 illa

150 1878 395 1945 iaciant;
428 1880 574 1952 quia
594 1879 863 1937 videlicet
886 1880 1136 1953 physice,
1161 1883 1219 1935 et
1262 1878 1524 1936 effective

150 1975 215 2017 ea
233 1977 548 2018 movemus
578 1982 593 2018 ε
615 1965 849 2019 econtra
871 1977 1011 2018 vero
1030 1976 1161 2017 cum
1189 1960 1518 2028 suademus,

153 2043 241 2098 vel
262 2058 544 2116 rogamus
563 2044 746 2100 alium
768 2043 1086 2108 hominem,
1115 2047 1175 2098 ut
1199 2043 1388 2110 iaciat,
1405 2058 1522 2099 non

152 2120 399 2178 dicimur
419 2121 682 2180 absolute
705 2123 910 2189 facere,
956 2129 1020 2178 ut
1047 2123 1238 2189 iaciat,
1283 2122 1383 2179 sed
1424 2139 1522 2180 so-

155 2203 273 2258 lum
298 2201 880 2278 metaphysice;'quia
903 2205 1190 2261 nimirum
1215 2204 1386 2259 illum
1403 2219 1521 2261 non

158 2300 451 2341 movemus
481 2285 733 2360 physice,
759 2286 857 2344 sed
884 2287 1223 2344 moraliter:
1252 2301 1522 2360 rogamus

157 2367 329 2434 enlm,
377 2373 485 2423 aut
535 2369 909 2434 consulimuS,
964 2367 1114 2442 quod
1160 2368 1281 2441 ipse
1329 2367 1515 2423 faciat.
1616 2383 1621 2388 ’

99 2448 346 2503 ιειΜίιιοι·
372 2455 571 2504 autem
606 2448 948 2515 ostenditur,
994 2450 1130 2523 quia
1176 2449 1381 2506 Ezech.
1424 2449 1516 2514 36,

159 2528 368 2585 dicitur
397 2523 718 2603 :Spiritum
771 2550 950 2588 meum
994 2550 1197 2607 ponam
1248 2533 1308 2587 in
1346 2531 1521 2586 medio

162 2614 343 2677 cesti-i,
374 2619 421 2666 et
446 2615 665 2684 faciam
688 2620 748 2668 ul
780 2615 837 2668 in
852 2615 1131 2687 praeceptis
1153 2614 1289 2668 meis
1320 2611 1520 2667 ambu-

163 2691 301 2756 letis,
323 2700 371 2747 et
388 2693 615 2763 judicia
633 2711 755 2748 mea
777 2694 1118 2761 custodiatiS,
1136 2700 1185 2748 et
1201 2691 1515 2765 operemini.

100 2783 127 2824 l·
164 2774 229 2827 Et
276 2774 555 2831 similiter
606 2775 929 2833 Concilium
973 2777 1231 2832 Arausic.
1280 2793 1407 2831 can.
1461 2776 1514 2843 9,

99 2845 136 2924 {i-
161 2850 355 2911 definit
375 2878 389 2912 :
409 2845 640 2929 Quoties
659 2855 800 2913 bona
822 2858 1058 2926 aqimus,
1089 2855 1233 2913 Deus
1261 2858 1320 2912 in
1343 2854 1515 2920 nobis,

99 2942 129 2974 Β·
160 2942 313 3012 atque
326 2935 631 3001 nobiscum,
656 2944 719 2992 ut
738 2955 1019 3011 operemur
1038 2944 1314 3010 operatur.
1332 2935 1521 2992 Verba

162 3022 344 3072 autem
364 3032 548 3073 sacrm
572 3016 897 3089 Scripturae,
922 3020 979 3073 et
999 3016 1390 3073 Consiliorum
1423 3014 1520 3071 in-

160 3097 460 3172 telligenda
485 3103 623 3156 sunt
655 3114 787 3155 cum
841 3098 1210 3171 proprietate,
1262 3096 1359 3153 ubi
1404 3113 1520 3154 non

161 3183 386 3249 apparet
413 3194 628 3252 urgens
668 3178 949 3236 motivum
1007 3177 1068 3233 in
1118 3177 1475 3234 contrarium
1502 3197 1515 3233 :

160 3274 289 3331 ergo
306 3260 454 3316 Deus
488 3261 624 3317 facit
646 3277 781 3317 cum
833 3260 1201 3333 proprietate,
1254 3263 1315 3314 ut
1342 3258 1521 3316 facia-

162 3354 301 3397 mus.
335 3342 405 3397 Et
432 3342 502 3397 in
527 3342 632 3398 hoc
651 3357 824 3398 sensu
840 3342 1024 3397 utitur
1040 3338 1309 3413 praedicto
1336 3338 1521 3412 Scrip-

102 3450 133 3488 ς.
164 3424 295 3477 turae
323 3422 656 3480 testimonio
685 3425 750 3479 D.
783 3425 1019 3496 August.
1046 3424 1243 3478 contra
1266 3419 1521 3493 Pelagia-

163 3516 363 3559 norum
387 3504 667 3576 reliquias
715 3506 776 3558 in
821 3504 960 3559 libro
1006 3503 1070 3558 de
1106 3502 1354 3576 praedest.
1404 3498 1517 3558 SS.

159 3602 274 3656 cap.
300 3587 353 3650 2,
382 3586 486 3641 ubi
512 3586 596 3641 ait
627 3606 640 3641 ε
675 3608 701 3638 α
730 3586 861 3644 Ideo
887 3586 1005 3642 haec
1031 3591 1087 3642 et
1123 3582 1289 3643 nobis
1318 3582 1520 3657 praeci-

165 3689 191 3715 α
232 3667 487 3739 piuntur,
510 3674 570 3726 et
590 3667 742 3726 dona
794 3668 894 3725 Dei
937 3682 1060 3724 esse
1095 3670 1514 3731 monstrantur,

162 3770 191 3797 ει
231 3753 289 3804 ut
312 3748 694 3823 intelligatur,
726 3747 876 3822 quod
899 3754 956 3806 et
984 3764 1090 3805 nos
1136 3762 1203 3804 ea
1249 3746 1515 3813 facimus,

166 3849 191 3875 cr
229 3834 283 3885 et
310 3831 458 3888 Deus
482 3830 672 3895 faciat,
698 3837 762 3886 ut
782 3830 886 3886 illa
914 3830 1223 3896 iaciamus3
1253 3828 1399 3884 sicut
1419 3843 1520 3901 per

168 3929 193 3959 <r
235 3911 579 3984 Prophetam
595 3911 952 3968 Ezechielem
972 3911 1332 3984 apertissime
1351 3908 1517 3965 dicit:

171 4014 195 4042 τι
238 3993 381 4058 Quid
399 3994 561 4051 enim
585 3992 859 4065 apertius,
885 4008 1057 4065 quam
1083 3990 1180 4048 ubi
1202 3990 1340 4046 dicit
1365 4011 1379 4045 ε
1404 3991 1521 4063 Ego

176 4101 200 4129 ε
239 4078 462 4142 faciam,
493 4081 555 4133 ut
581 4076 804 4132 faciatis
830 4077 858 4130 Ρ
885 4076 1095 4131 Locum
1124 4075 1314 4145 ipsum
1337 4073 1523 4143 Scrip-

176 4180 199 4209 ς
239 4164 375 4213 turae
402 4155 609 4213 iratres
629 4152 982 4220 charissimi,
1009 4152 1304 4218 attendite,
1334 4155 1391 4208 et
1427 4151 1521 4206 vi-

176 4263 199 4287 u
239 4237 444 4295 debitis
486 4238 666 4294 Deum
714 4235 1055 4308 promittere
1102 4232 1389 4290 facturum
1435 4246 1515 4297 se,

177 4342 198 4371 a
238 4326 299 4375 ut
322 4318 596 4375 faciamus
620 4333 749 4390 quae
769 4316 933 4389 jubet
960 4321 1022 4370 ut
1040 4313 1207 4371 fiant.
1235 4334 1261 4364 »
1296 4316 1409 4370 Nec
1429 4312 1523 4369 hic

171 4404 381 4471 oportet
398 4397 693 4456 confutare
738 4396 880 4453 duas
918 4395 1350 4451 Molinistarum
1400 4407 1522 4448 res-

173 4480 486 4551 pensiones,
509 4475 717 4551 quibus
742 4476 1083 4550 confugiunt
1135 4474 1225 4532 vel
1269 4471 1339 4529 ad
1383 4488 1521 4529 con-

172 4574 397 4615 cursum
419 4557 851 4623 simultaneum,
870 4557 961 4613 vel
983 4554 1053 4611 ad
1074 4552 1319 4629 gratiam
1335 4550 1523 4608 effica-

177 4656 291 4695 oem
309 4656 380 4696 ex
410 4638 798 4712 praescientia3
827 4643 884 4695 et
908 4638 1041 4712 quia
1068 4637 1206 4693 istas
1226 4635 1524 4692 evasiones

181 4720 559 4791 praeclusimus
584 4722 728 4792 disp.
761 4721 815 4784 5,
838 4719 966 4775 dub.
1015 4719 1071 4783 6,
1119 4720 1152 4787 ς
1197 4717 1251 4783 2,
1297 4721 1353 4772 et
1389 4715 1525 4788 quia

180 4802 339 4859 modo
380 4803 758 4875 supponimus
808 4799 1093 4856 auxilium
1140 4796 1359 4862 efficax,
1411 4811 1524 4868 quo

182 4882 319 4937 Deus
339 4881 471 4938 iacit
487 4886 543 4936 ut
564 4881 853 4947 faciamus,
876 4895 1000 4936 esse
1027 4877 1333 4951 praevium,
1360 4880 1525 4947 atque

181 4978 213 5016 a
229 4961 460 5018 scientia
480 4960 668 5019 media
689 4960 1096 5034 independens,
1124 4963 1186 5015 ut
1210 4962 1432 5014 constat
1454 4972 1527 5013 ex

178 5039 332 5096 dictis
348 5040 566 5099 duobus
601 5041 790 5099 dubiis
824 5038 1295 5116 praecedentibus,
1335 5043 1392 5095 et
1422 5036 1527 5094 ad-

2911 425 3024 482 219

1658 595 1899 651 mittunt
1922 597 2204 655 Authores
2230 601 2428 655 contra
2459 612 2597 670 quos
2642 596 2705 652 in
2753 596 3020 668 praesenti

1659 676 2025 747 potissimum
2049 676 2293 751 agimus.

1731 757 1864 813 306.
1907 755 2014 814 Sed
2044 757 2105 813 hi
2143 756 2490 830 respondent
2529 755 2791 830 negando
2831 757 3020 830 majo·
3066 779 3186 836 gn-

1660 850 1804 902 rem,
1836 836 1973 911 quia
1993 842 2056 893 ut
2084 839 2229 894 Deus
2261 836 2480 894 dicatur
2502 837 2750 910 proprie,
2774 840 2830 891 et
2851 835 3020 892 abso·
3055 838 3194 881 8¹²²—

1659 918 1776 975 lute
1805 918 2010 986 facere,
2065 923 2127 974 ut
2156 918 2451 985 faciamus,
2495 917 2700 974 sufficit
2737 915 2887 990 quod
2915 933 3022 974 nos

1660 1004 2008 1069 praemoveat
2032 997 2331 1056 efficaciter
2377 995 2448 1054 ad
2497 995 2822 1053 faciendum
2853 1019 2868 1062 ;
2896 995 3025 1052 sive

1659 1078 1777 1134 haec
1802 1078 2047 1136 efficacia
2073 1078 2148 1134 sit
2200 1077 2455 1152 physica,
2485 1076 2612 1133 sive
2656 1075 2915 1133 moralis,
2951 1076 3021 1131 Et

1658 1158 1794 1231 quia
1841 1158 1910 1215 ad
1963 1157 2308 1215 salvandum
2342 1173 2428 1226 ea,
2478 1172 2603 1231 quae
2643 1157 2914 1224 Concilia,
2966 1160 3023 1212 et

1659 1240 1860 1296 Patres
1903 1238 1966 1295 in
2017 1238 2122 1295 hoc
2175 1242 2384 1310 puncto
2440 1242 2639 1295 contra
2686 1237 3022 1311 Pelagianos

1658 1319 1970 1387 diffiniunt,
2002 1319 2206 1376 sufficit
2231 1319 2382 1393 quod
2412 1320 2583 1377 homo
2611 1325 2852 1392 nequeat
2880 1333 3022 1391 open

1660 1400 1780 1456 rari
1816 1399 2026 1474 absque
2051 1400 2272 1458 auxilio
2320 1401 2420 1457 Dei
2448 1399 2747 1456 efficaciter
2788 1398 3022 1471 proprie

1659 1481 2083 1553 praemoventiS,
2109 1479 2465 1554 superfluum
2489 1479 2842 1543 existimant,
2869 1478 3020 1552 quod

1657 1562 1806 1617 Deus
1853 1576 1956 1617 nos
2003 1560 2066 1615 in
2111 1558 2366 1633 qualibet
2415 1559 2748 1632 operatione
2787 1558 3021 1632 physice

1659 1644 2027 1714 praemoveat.
2071 1641 2225 1696 Licet
2251 1641 2411 1697 enim
2444 1640 2730 1696 fateantur
2773 1655 3022 1712 praemo-

1656 1723 1875 1781 tionem
1905 1722 2198 1797 physicam
2229 1738 2391 1795 posse
2429 1739 2558 1779 cum
2601 1726 2795 1780 nostra
2837 1721 3022 1778 liber-

1657 1808 1771 1860 tate
1796 1802 2083 1876 componi,
2108 1818 2239 1860 eam
2262 1806 2455 1858 tamen
2470 1802 2669 1860 dicunt
2688 1802 3020 1860 communi-

1655 1888 1744 1941 ter
1771 1899 1890 1941 non
1917 1881 2189 1948 conferri,
2220 1882 2356 1955 quia
2381 1882 2560 1940 motio
2589 1882 2826 1939 moralis
2853 1881 3018 1938 suffi-

1655 1964 1748 2030 cit,
1778 1969 1836 2020 et
1871 1965 2036 2030 Deus,
2084 1968 2142 2020 et
2187 1967 2396 2019 natura
2424 1977 2525 2018 nec
2572 1962 2635 2017 in
2681 1961 3020 2019 necessariis

1654 2044 1949 2112 deficiunt,
1970 2059 2074 2101 nec
2097 2043 2158 2100 in
2174 2042 2478 2116 superfluis
2502 2041 2845 2100 redundant.
2868 2045 3021 2101 Prae·

1620 2193 1624 2196 Α
1654 2127 1856 2183 sertim
1883 2141 2014 2182 cum
2048 2125 2221 2181 homo
2256 2124 2318 2180 in
2346 2123 2774 2196 operationibus
2815 2123 3016 2180 liberis

1654 2224 1714 2265 se
1771 2207 1976 2264 habeat
2022 2211 2083 2262 ut
2130 2221 2302 2280 agens
2341 2205 2579 2271 morale,
2629 2205 2718 2260 cui
2767 2206 2905 2261 satis
2930 2209 3019 2262 est

1654 2289 1953 2347 efficaciter
1979 2287 2279 2345 moraliter
2302 2286 2661 2360 praemoveri.

1730 2373 1859 2429 Haec
1879 2378 2073 2430 tamen
2124 2368 2421 2443 responsio
2452 2368 2650 2440 nequit
2687 2367 2959 2424 sustineri
2996 2390 3216 2435 mman-

1656 2468 1793 2508 nam
1823 2452 1885 2508 in
1914 2455 2140 2524 primis,
2172 2453 2221 2507 si
2249 2449 2429 2506 semel
2460 2447 2755 2521 praemone
2783 2447 3017 2523 physica
3054 2439 3192 2484 ‘¹5²²‘-

1656 2551 1772 2593 non
1797 2534 2125 2610 praejudicat
2152 2530 2429 2598 libertati,
2463 2530 2796 2602 neutiquam
2829 2535 2890 2585 ut
2915 2546 3017 2585 su-

1656 2616 1874 2690 perflua
1895 2617 1965 2674 ad
2000 2623 2155 2674 actus
2182 2614 2395 2671 liberos
2424 2612 2740 2685 reputanda
2761 2617 2844 2668 est
2870 2635 2884 2679 ;
2914 2628 3019 2668 su-

1656 2696 1941 2770 perssuum
2002 2697 2212 2770 quippe
2275 2707 2393 2749 non
2439 2690 2605 2748 debet
2667 2689 3016 2760 existimari,

1652 2776 1802 2850 quod
1832 2776 2076 2850 perfecte
2101 2774 2328 2848 subjicit
2355 2777 2680 2828 creaturam
2711 2773 2841 2828 Deo,
2874 2773 3020 2827 Cum

1652 2872 1789 2931 ergo
1812 2857 1958 2913 Deus
1986 2855 2192 2913 habeat
2216 2867 2392 2925 supra
2415 2851 2580 2908 illam
2617 2866 2789 2909 omne
2811 2867 3021 2908 verum

1654 2936 1984 2995 dominium
2011 2932 2405 3009 excogitabile,
2445 2938 2500 2989 et
2544 2931 2668 3004 ipsa
2703 2930 2905 2989 habeat
2947 2931 3020 2989 ad

1652 3019 1835 3074 Deum
1894 3032 2127 3074 omnem
2193 3012 2605 3086 subiectionem
2659 3010 3014 3083 possibilem,

1654 3097 1902 3153 minime
1922 3095 2222 3169 superfluit
2246 3093 2443 3158 motio,
2474 3097 2741 3163 quartam
2772 3093 3018 3149 morali-

1655 3185 1759 3246 ter,
1814 3195 1989 3251 quam
2032 3178 2262 3252 physice
2306 3172 2646 3231 subordinat
2689 3179 3018 3230 creaturam

1652 3261 1768 3317 Deo
1795 3263 1856 3314 ut
1885 3259 2073 3331 primo
2102 3254 2386 3331 principio
2414 3254 2671 3310 moventi
2712 3259 2829 3309 tam
2868 3255 3020 3329 phy-

1651 3341 1784 3407 sice,
1827 3355 1999 3413 quam
2040 3338 2362 3396 moraliter.
2407 3332 2625 3392 Deinde
2665 3333 2873 3390 falsum
2909 3339 3016 3402 est,

1652 3419 1800 3494 quod
1842 3419 1911 3476 ad
1949 3415 2420 3475 satisfaciendum
2469 3413 2780 3471 intentioni
2810 3415 3018 3470 Conci-

1654 3501 1888 3568 liorum,
1919 3505 1975 3557 et
2009 3502 2250 3556 Patrum
2276 3494 2512 3551 sufficiat
2541 3495 2717 3551 motio
2740 3496 3015 3551 moralis:

1654 3596 1791 3637 nam
1840 3578 2113 3643 Concilia,
2169 3582 2226 3634 et
2280 3576 2477 3630 Patres
2522 3588 2651 3629 eam
2698 3573 3015 3631 motionem

1652 3665 1850 3718 contra
1876 3657 2171 3732 Pelagium
2194 3652 2565 3719 diffinierant,
2588 3668 2761 3724 quam
2791 3653 2891 3709 ille
2919 3669 3016 3711 ne·

1651 3739 1822 3817 gabat
1858 3760 1871 3795 :
1902 3744 1960 3797 at
1986 3739 2108 3812 ipse
2135 3753 2253 3795 non
2282 3733 2511 3809 negavit
2542 3733 2855 3791 motionem
2884 3752 3017 3793 mo-

1656 3823 1838 3879 ralem
1867 3819 2269 3878 consistentem
2298 3821 2415 3871 tam
2446 3815 2507 3869 in
2542 3814 2753 3870 sanctis
2797 3816 3016 3890 cogita-

1654 3900 1929 3967 tionibuS,
1984 3904 2041 3956 et
2085 3895 2418 3955 affectibus:
2466 3909 2601 3969 ergo
2636 3894 2909 3961 Consilia,
2960 3902 3018 3953 et

1655 3987 1855 4041 Patres
1907 3997 2024 4040 non
2061 3978 2370 4037 intendunt
2421 3976 2566 4032 hanc
2606 3977 2840 4048 praecise
2887 3994 3016 4035 mo-

1656 4066 1893 4130 tionem,
1935 4061 2035 4120 sed
2074 4061 2251 4119 aliam
2294 4057 2685 4122 efficaciorem,
2717 4074 2829 4130 qua
2876 4059 3016 4134 phy-

1653 4146 1785 4209 sice,
1816 4150 1874 4202 et
1902 4141 2153 4218 rigorose
2175 4143 2518 4197 moveantur
2535 4135 2604 4193 ad
2631 4137 3010 4210 operandum.

1653 4227 1848 4283 Minor
1860 4229 2077 4281 constat
2092 4238 2164 4279 ex
2177 4220 2341 4278 dictis
2356 4220 2498 4292 disp.
2516 4219 2532 4273 l
2549 4262 2561 4283 ,
2577 4235 2697 4290 cap.
2720 4219 2776 4283 6,
2796 4223 3011 4286 nuvnff,

1654 4312 1710 4365 et
1736 4304 1909 4364 modo
1935 4303 2189 4361 breviter
2228 4298 2548 4358 ostenditur
2587 4313 2659 4354 ex
2687 4298 2878 4355 verbis
2907 4302 3018 4359 Pe-

1656 4386 1793 4461 lagii
1842 4383 1991 4458 apud
2042 4385 2103 4438 D.
2159 4378 2544 4455 Augustinum
2594 4377 2686 4433 lib.
2736 4378 2800 4435 de
2826 4383 3020 4451 ‚qratia

1658 4467 1890 4530 Christi,
1921 4481 2046 4537 cap.
2084 4464 2166 4527 lO,
2198 4460 2296 4517 ubi
2317 4459 2398 4515 sic
2425 4458 2678 4530 loquitur
2706 4458 2805 4516 ille
2833 4460 3021 4519 haere-

1655 4547 1799 4604 ticus
1832 4567 1847 4601 t
1877 4568 1902 4598 «
1936 4547 2217 4618 Operatur
2241 4541 2304 4597 in
2334 4536 2497 4596 nobis
2521 4541 2848 4606 Deusvelle,
2868 4542 3021 4614 quod

1664 4650 1689 4680 α
1718 4620 1935 4685 bonum
1956 4629 2060 4689 est,
2093 4623 2242 4679 velle
2268 4618 2417 4693 quod
2438 4624 2698 4675 sanctum
2727 4625 2811 4676 est
2843 4644 2856 4686 ;
2881 4622 3022 4677 dum

1664 4730 1690 4761 α
1720 4723 1825 4765 nos
1844 4704 2094 4763 terrenis
2114 4698 2519 4775 cupiditatibus
2540 4698 2780 4765 deditos,
2812 4708 2866 4758 et
2891 4719 3024 4759 mu-

1666 4810 1691 4841 «
1720 4793 1914 4844 torum
1967 4798 2129 4840 more
2198 4779 2547 4837 animalium
2623 4782 3028 4839 tantummodo

1668 4891 1695 4922 α
1723 4865 2028 4942 praesentia
2054 4864 2376 4938 diligentes,
2411 4859 2615 4916 futurae
2652 4861 2854 4935 gloriae
2900 4880 3030 4920 ma-

1666 4973 1692 5005 «
1720 4946 2047 5025 gnitudine,
2121 4950 2178 5001 et
2226 4942 2598 5015 praemiorum
2645 4942 3032 5003 solicitatione

1667 5053 1693 5085 α
1721 5026 2013 5087 succendit
2050 5049 2065 5094 ;
2117 5023 2258 5081 dum
2317 5023 2667 5080 revelatione
2732 5021 3030 5096 sapientiae

3068 4331 3196 4389 ma-

3072 4392 3195 4435 gius-
