3647 5753
57 2906 219 2951 Luther.

1374 375 1550 431 DISP.
1597 375 1718 442 vn,
1761 376 1926 434 DUB.
1974 378 2040 434 V.

238 560 352 601 nus
379 549 580 601 utatur
610 544 873 618 praedicto
925 545 1231 619 Scripturas
1281 544 1611 602 testimonio

238 627 311 683 ad
339 626 715 684 asserendam
764 627 1159 693 intrinsecam,
1209 632 1265 684 et
1316 624 1609 700 physicam

239 707 555 765 efficaciam
611 708 838 774 auxilii,
876 710 1000 765 sive
1035 724 1342 766 concursus
1377 706 1608 779 praevii3

243 788 390 843 et-in
415 788 522 844 hoc
556 787 850 845 nobiscum
898 788 1221 853 conveniat,
1265 794 1321 845 et
1363 785 1611 842 minime

247 876 403 928 erret
426 873 581 942 (cum
612 870 669 926 id
697 871 835 927 satis
856 877 1051 944 aperte
1078 870 1290 927 indicet
1311 866 1611 942 praedictus

250 952 422 1014 locus,
450 949 773 1024 praesertim
821 951 1088 1022 adjuncta
1137 947 1611 1022 interpretatione

249 1035 312 1088 D.
339 1032 543 1089 Thom.
574 1047 749 1103 quam
771 1048 947 1105 supra
971 1031 1372 1106 expendimus)
1391 1028 1612 1087 erravit

253 1118 446 1169 tamen
490 1114 736 1185 pessime
770 1118 972 1171 contra
1009 1111 1332 1168 doctrinam
1365 1107 1611 1166 catholi-

247 1209 392 1257 cam,
424 1191 563 1248 dum
604 1208 677 1249 ex
730 1192 995 1265 praedicto
1037 1192 1384 1257 testimonio,
1432 1195 1491 1248 et
1538 1204 1611 1245 ex

247 1272 493 1329 efficacia
522 1272 837 1329 intrinseca
863 1272 1050 1328 divini
1077 1289 1382 1329 consursus
1409 1268 1609 1344 praevii

248 1353 494 1428 collegit,
540 1353 840 1410 hominem
882 1369 999 1411 non
1045 1369 1213 1428 agere
1263 1352 1461 1419 libere,
1511 1350 1610 1408 sed

253 1435 582 1493 necessitari
603 1451 637 1493 a
663 1437 778 1492 Deo
796 1441 913 1491 tam
937 1434 1007 1491 ad
1034 1435 1190 1490 mala
1216 1449 1406 1507 opera,
1437 1448 1609 1506 quam

252 1514 322 1572 ad
350 1514 518 1572 bona.
551 1518 598 1570 A
619 1530 731 1587 quo
756 1529 956 1572 errore
999 1519 1115 1570 toto
1158 1516 1299 1572 coelo
1331 1512 1612 1570 distamus

250 1596 595 1663 Thomistae3
651 1611 789 1652 nam
834 1596 916 1652 ita
959 1595 1270 1652 asserimus
1323 1594 1609 1651 auxilium

247 1692 372 1734 esse
403 1674 476 1733 ab
504 1675 818 1733 intrinseco
861 1675 1076 1742 efficax,
1124 1682 1180 1733 et
1226 1691 1330 1733 nos
1381 1674 1612 1749 physice

246 1755 642 1813 determinare
662 1754 731 1812 ad
747 1755 1052 1830 agendum,
1079 1755 1331 1811 utsimul
1354 1754 1612 1811 dicamus

247 1840 307 1891 et
326 1836 637 1901 salvemus,
669 1833 819 1907 quod
845 1840 1031 1892 stante
1079 1833 1347 1908 praedicto
1392 1834 1611 1891 auxilio

248 1915 474 1990 agimus
495 1914 693 1984 libere,
725 1920 783 1971 et
820 1931 1119 1987 possumus
1165 1930 1281 1971 non
1329 1929 1528 1989 agere;
1556 1919 1614 1970 et

250 1997 400 2069 quod
427 1996 497 2053 ad
519 2012 694 2069 opera
734 1997 906 2062 mala,
956 2004 1237 2070 quatenus
1285 1997 1441 2063 talia,
1493 2011 1612 2053 non

253 2095 679 2152 praemovemur
702 2095 735 2136 a
762 2081 894 2146 Deo,
948 2078 1048 2136 sed
1093 2096 1127 2136 a
1161 2079 1607 2152 nobismetipsis,

250 2171 531 2234 tanquam
553 2179 586 2219 a
604 2163 795 2234 primo
811 2162 1075 2234 peccandi
1100 2162 1403 2235 principio.
1428 2164 1611 2227 Quam

248 2242 646 2301 differentiam
676 2243 827 2300 inter
853 2243 1197 2310 Thomistas,
1241 2249 1298 2301 et
1324 2241 1613 2299 calvinis-

250 2333 357 2391 tas,
412 2327 566 2383 inter
593 2326 878 2392 haeresim,
908 2330 966 2382 et
993 2327 1314 2389 veritatem,
1354 2325 1467 2382 late
1511 2322 1613 2381 de-

252 2407 608 2462 claravimus
667 2406 794 2462 dub.
842 2407 1062 2479 praeced.
1118 2410 1150 2477 g
1195 2407 1248 2474 9,
1301 2405 1452 2462 unde
1496 2420 1613 2462 non

251 2493 479 2559 oportet
497 2489 562 2544 in
587 2488 690 2545 hoc
712 2488 962 2561 amplius
983 2488 1307 2545 immorari.
1335 2485 1614 2542 Addimus

259 2575 462 2625 tamen
483 2570 786 2626 Calvinum
807 2569 871 2624 in
900 2568 1247 2634 testimonio,
1273 2566 1421 2640 quod
1449 2565 1615 2624 nobis

255 2645 549 2722 oincitur,
589 2649 777 2722 palam
808 2647 1091 2721 prosequi,
1128 2653 1184 2704 et
1215 2648 1365 2704 tueri
1398 2645 1615 2705 doctri-

257 2743 402 2785 nam
428 2729 658 2785 Lutheri
684 2728 833 2784 circa
853 2727 1158 2785 efficaciam
1181 2727 1395 2784 divinae
1415 2726 1617 2784 motio-

253 2810 349 2864 nis
372 2807 442 2863 ad
471 2805 838 2881 peccandum,
864 2812 1008 2864 utex
1027 2808 1150 2882 ejus
1169 2805 1361 2863 verbis
1374 2804 1616 2863 eviden-

249 2898 339 2948 ter
368 2896 610 2947 constat.
640 2887 788 2954 Quid
816 2894 1008 2946 autem
1036 2889 1320 2946 Lutherus
1359 2886 1429 2942 de
1469 2904 1616 2962 prae-

249 2973 401 3029 dicta
425 2972 684 3029 motione
703 2972 966 3040 senserit,
994 2972 1172 3045 liquet
1197 2986 1266 3027 ex
1285 2970 1407 3043 ejus
1429 2985 1616 3027 asser-

247 3053 530 3119 tionibus,
585 3059 698 3109 art.
746 3054 839 3119 36,
874 3052 968 3108 ubi
1000 3053 1186 3125 inquit
1218 3074 1231 3109 :
1268 3075 1294 3105 α
1323 3051 1617 3118 Quomodo

253 3159 278 3187 α
323 3141 509 3209 potest
529 3135 705 3191 homo
738 3149 861 3191 sese
887 3132 957 3189 ad
1004 3131 1221 3190 bonum
1271 3147 1610 3206 praeparare,

254 3239 278 3267 α
319 3232 455 3273 cum
480 3230 664 3287 neque
695 3214 758 3269 in
787 3219 1059 3286 potestate
1085 3215 1209 3287 ejus
1237 3214 1313 3269 sit
1335 3214 1455 3270 vias
1482 3227 1617 3268 suas

252 3321 278 3351 α
322 3299 512 3356 malas
540 3297 724 3354 facere
758 3318 772 3354 :
806 3312 943 3353 nam
970 3302 1026 3353 et
1047 3299 1204 3353 mala
1227 3311 1402 3369 opera
1425 3295 1487 3352 in
1510 3294 1619 3350 im·

253 3402 277 3433 a
321 3379 437 3453 piis
464 3382 740 3451 operatur
768 3380 933 3444 Deus,
961 3382 1022 3433 ut
1049 3374 1325 3434 Proverb.
1357 3378 1441 3442 16,
1467 3374 1617 3431 dici-

254 3486 277 3514 «ι
319 3466 419 3517 tur
455 3477 471 3512 z
517 3460 729 3517 Omnia
783 3464 1013 3533 propter
1055 3458 1307 3532 seipsum
1352 3462 1617 3530 operatus

255 3567 280 3595 α
320 3548 411 3599 est
479 3543 785 3609 Dominus,
825 3543 1001 3598 etiam
1054 3542 1303 3616 impium
1344 3539 1415 3598 ad
1460 3539 1616 3597 diem

256 3646 280 3677 α
322 3625 577 3682 malum.
607 3623 745 3688 Quis
768 3622 971 3679 audeat
999 3638 1226 3698 negare,
1257 3637 1318 3678 se
1337 3622 1511 3678 etiam
1552 3621 1617 3677 in

258 3728 282 3757 α
324 3705 507 3763 malis
519 3703 791 3778 operibus
803 3718 949 3777 saepe
962 3711 1214 3760 coactum
1231 3702 1387 3760 aliud
1410 3702 1613 3767 tacere,

257 3808 281 3838 ιι
322 3801 507 3860 quam
534 3784 871 3860 cogitaverit
895 3788 922 3841 Ρ
951 3806 976 3836 n
1017 3787 1083 3841 In
1111 3785 1215 3841 hoc
1239 3800 1376 3858 ergo
1404 3782 1618 3839 Luthe-

250 3884 365 3934 rus,
384 3873 443 3925 et
458 3867 739 3923 Calvinus
752 3871 1044 3931 errarunt,
1064 3864 1213 3939 quod
1229 3869 1613 3933 asseruerunt,

253 3950 545 4007 auxilium
569 3947 766 4005 efficax
787 3948 988 4005 tollere
1009 3947 1353 4015 libertatem,
1376 3952 1434 4004 et
1456 3944 1622 4002 indu-

255 4045 380 4087 cere
431 4028 836 4087 necessitatem
893 4027 1248 4096 absolutam,
1317 4032 1376 4084 et
1438 4026 1621 4082 multo

259 4111 438 4168 adhuc
464 4110 698 4184 turpius
729 4111 792 4166 in
817 4126 902 4178 eo,
945 4110 1095 4184 quod
1123 4109 1395 4166 dixerunt
1440 4110 1621 4165 Deum

261 4207 357 4264 per
376 4207 556 4248 concu
567 4205 726 4246 rsum
758 4191 1038 4264 praevium
1066 4189 1346 4247 efficacem
1375 4186 1623 4245 necessi-

259 4277 379 4329 tare
403 4271 680 4328 homines
706 4268 778 4327 ad
801 4268 1168 4343 peccandum.
1202 4273 1276 4325 At
1302 4284 1419 4327 non
1457 4281 1624 4324 erra-

261 4357 396 4409 runt
422 4353 490 4409 in
518 4348 829 4408 asserendo
850 4350 1242 4409 necessitatem
1264 4348 1466 4407 auxilii
1486 4362 1625 4422 prae·

257 4434 340 4490 vii
360 4449 433 4491 ex
460 4448 525 4490 se
550 4430 814 4497 efficacis,
846 4432 1095 4506 physice,
1132 4436 1337 4488 etcum
1362 4428 1626 4503 proprie-

258 4523 370 4576 tate
422 4514 737 4583 moventis,
784 4518 849 4570 ut
897 4513 1101 4572 docent
1144 4513 1457 4571 Thomistae
1496 4524 1625 4567 cum

258 4603 315 4658 S.
341 4596 694 4674 Augustino,
718 4596 817 4669 qui
841 4596 899 4653 id
912 4598 1050 4654 satis
1070 4596 1367 4654 evidenter
1381 4593 1630 4651 affirmat

258 4682 323 4738 in
351 4680 493 4737 locls
540 4675 724 4733 dubio
750 4677 1090 4750 praeoedenti
1133 4676 1349 4744 relatis,
1396 4679 1452 4733 et
1497 4673 1629 4730 aliis

258 4777 381 4835 quae
438 4760 608 4817 intra
659 4756 1044 4832 subjiciemus.
1093 4754 1390 4824 Quomodo
1438 4759 1627 4811 autem

261 4842 555 4901 auxilium
583 4857 661 4899 ex
685 4854 747 4896 se
791 4837 1007 4906 efficax,
1028 4843 1085 4896 et
1124 4837 1355 4912 physice
1391 4849 1631 4893 movens

261 4938 381 4982 non
401 4921 579 4980 laedat
603 4918 951 4985 libertatem,
969 4923 1189 4976 constat
1200 4933 1273 4976 ex
1285 4915 1459 4973 dubio
1481 4930 1632 4988 prae-

261 5002 488 5061 cedenti
524 5024 540 5060 =
573 5016 766 5075 neque
786 4999 846 5056 id
874 5004 1085 5075 negant
1107 5000 1410 5065 Authores,
1433 4999 1634 5055 contra

407 5093 706 5156 Salmant.
738 5091 906 5153 Curs.
935 5092 1156 5165 theoloy.
1187 5098 1320 5149 tom.
1350 5088 1419 5149 X.

2986 387 3099 460 21⁷

1743 568 1885 625 quos
1930 569 2085 609 nunc
2137 554 2380 628 agimuS,
2436 555 2531 612 sed
2576 557 2759 629 potius
2794 557 3099 624 affirmant,

1743 631 1896 705 quod
1916 633 2045 690 licet
2064 635 2209 690 Deus
2224 637 2905 709 communiterloquendo
2919 638 3103 694 solum

1745 729 1851 770 nos
1875 720 2102 773 moveat
2124 731 2226 789 per
2253 718 2473 774 auxilia
2502 721 2801 776 moraliter
2828 719 3106 776 determi-

1745 796 1948 852 nantia
1967 820 1980 863 ;
1998 797 2383 855 nihilominus
2400 803 2578 871 potest
2595 817 2845 866 movere,
2860 807 3035 873 etqua
3046 816 3106 857 n·

1743 874 1930 949 doque
1969 883 2196 935 moveat
2236 894 2337 951 per
2362 880 2580 935 auxilia
2624 881 2854 954 physice
2888 880 3105 954 praede-

1744 957 2124 1014 terminantia
2150 960 2292 1030 quin
2322 957 2552 1015 arbitrii
2578 958 2812 1016 libertas
2833 961 2910 1016 im
2921 960 3108 1034 pedia-

1745 1042 1859 1093 tur.
1906 1039 2208 1110 Exponere
2236 1054 2374 1095 vero
2399 1040 2648 1110 qualiter
2669 1056 2976 1098 concursus
3005 1040 3105 1096 Dei

1746 1119 2010 1192 praevius,
2035 1125 2092 1175 et
2112 1119 2306 1176 efficax
2322 1118 2391 1175 ad
2407 1121 2704 1177 entitatem
2721 1138 2957 1194 operum
2977 1138 3109 1179 ma-

1744 1201 1959 1265 lorum,
1992 1200 2239 1256 minime
2261 1201 2504 1275 attingat
2548 1217 2750 1259 eorum
2796 1204 3100 1268 malitiam,

1745 1295 1864 1336 non
1887 1279 2137 1352 pertinet
2157 1279 2226 1335 ad
2257 1286 2596 1352 praesentem
2621 1285 2922 1337 tractatum
2943 1305 2954 1348 ;
2982 1284 3106 1356 agi-

1743 1376 1873 1417 mus
1894 1360 2053 1417 enim
2078 1376 2195 1416 non
2217 1359 2287 1416 de
2328 1362 2490 1417 omni
2537 1377 2812 1418 concursu
2859 1363 2976 1425 Dei,
3007 1356 3117 1419 sed‘

1744 1447 1967 1498 tantum
1984 1439 2053 1498 de
2070 1440 2306 1498 auxiliis
2320 1439 2535 1497 divinae
2549 1441 2764 1516 gratiae,
2780 1458 2904 1515 quae
2919 1443 3107 1499 solum

1742 1527 2094 1579 concurrunt
2114 1522 2184 1578 ad
2223 1537 2397 1593 opera
2436 1522 2691 1588 honesta,
2722 1528 2779 1579 et
2803 1525 3100 1579 salutaria.

1745 1607 1857 1662 Nec
1915 1604 2061 1661 illud
2110 1603 2499 1661 difficultatem
2546 1621 2721 1678 supra
2770 1611 3105 1679 praesentem

1744 1686 2120 1743 assertionem
2142 1685 2319 1751 addit,
2344 1687 2653 1758 suppositis
2675 1686 2766 1742 his
2786 1704 2911 1760 quae
2949 1687 3105 1744 dixi-—

1745 1782 1875 1822 mus
1922 1769 1983 1821 in
2023 1774 2184 1823 tract.
2234 1766 2299 1821 de
2357 1765 2572 1822 Volunt.
2622 1768 2749 1832 Dei,
2804 1770 2946 1842 disp.
3011 1769 3093 1832 10,

1819 1928 1948 1983 303.
1994 1924 2078 1980 Ad
2104 1923 2412 1982 secundam
2444 1925 2817 2000 objectionem
2861 1943 3097 2000 respon·
3118 1955 3301 2008 uos-pon-

1745 2006 1912 2064 detur
1938 2004 2341 2079 distinguendo
2370 2007 2645 2078 majorem
2706 2028 2719 2062 ε
2760 2007 2864 2064 Est
2910 2005 3317 2096 contrassgffiffi·

1744 2088 2017 2142 rationem
2044 2086 2255 2154 aqentis
2285 2084 2445 2140 libere
2467 2089 2670 2141 moveri
2703 2088 3101 2143 instrumenta-

1748 2168 1872 2223 liter
1891 2167 2131 2239 physice,
2158 2163 2384 2222 excluso
2404 2166 2564 2221 omni
2589 2165 2811 2222 influxu
2838 2184 2935 2239 per
2974 2184 3103 2226 mo-

1746 2246 1885 2303 dum
1907 2261 2091 2303 causae
2108 2243 2462 2317 principalis,
2484 2262 2759 2321 negamus
2787 2268 2798 2302 :
2822 2253 2877 2303 et
2897 2247 3105 2306 deinde

1745 2341 2009 2384 concessa
2030 2325 2268 2390 minori,
2297 2324 2554 2399 neganda
2576 2332 2661 2383 est
2680 2329 3100 2399 consequentia,

1749 2408 1839 2464 vel
1866 2403 2340 2479 distinguendum
2373 2411 2459 2461 est
2483 2421 2833 2479 consequens
2858 2407 2964 2463 sub
2990 2409 3107 2465 eis-—

1746 2489 1879 2547 dem
1908 2487 2197 2545 terminis.
2232 2486 2457 2543 Etenim
2507 2488 2637 2544 licet
2675 2488 2823 2562 quod
2870 2490 2947 2546 ita
2991 2492 3108 2565 agit

1751 2567 2293 2634 instrumentaliter,
2324 2566 2472 2639 quod
2498 2568 2661 2624 nullo
2688 2568 2858 2625 modo
2889 2570 3109 2642 princi-

1750 2650 1959 2722 paliter
1999 2646 2224 2711 influat,
2277 2652 2516 2717 nequeat
2557 2663 2678 2703 esse
2718 2664 2884 2704 causa
2928 2649 3111 2706 libera

1747 2728 2116 2803 operationis,
2148 2725 2247 2783 sed
2277 2741 2417 2799 pure
2440 2725 2509 2782 ab
2530 2729 2852 2786 extrinsoco
2875 2736 3075 2803 agatur
3095 2755 3107 2796 ;

1750 2809 2136 2867 nihilominus
2174 2807 2389 2881 optime
2436 2806 2695 2873 cohaeret,
2739 2807 2887 2882 quod
2932 2809 3112 2867 libere

1750 2897 1875 2966 agat
1910 2890 2009 2962 qui
2047 2890 2126 2945 ita
2166 2894 2430 2945 movetur
2457 2887 2525 2944 ad
2555 2890 2953 2963 attingendum
2983 2891 3109 2947 ins-

1750 2972 2182 3029 trumentaliter
2225 2970 2487 3026 effectum
2534 2971 2847 3027 secundum
2888 2973 3109 3044 aliquas

1753 3056 2020 3120 rationes,
2047 3058 2109 3108 ut
2131 3057 2324 3109 tamen
2346 3052 2548 3109 influat
2588 3053 2650 3108 in
2688 3053 2876 3125 ipsum
2903 3070 3110 3111 secun-

1749 3134 1888 3192 dum
1916 3150 2081 3192 suam
2102 3133 2503 3200 substantiam,
2536 3139 2592 3190 et
2610 3134 2856 3206 speciem
2889 3136 3110 3207 princi-

1750 3217 1977 3290 paliter,
2003 3220 2059 3272 et
2081 3229 2181 3288 per
2209 3214 2484 3271 virtutem
2520 3213 2743 3270 effectui
2773 3215 2851 3271 ita
2891 3223 3112 3289 accepto

1751 3296 2127 3370 adaequatam.
2182 3296 2252 3350 Et
2302 3295 2383 3351 ita
2434 3293 2636 3351 accidit
2688 3295 2750 3351 in
2799 3298 3107 3368 praesenti:

1751 3394 1888 3434 nam
1919 3377 2050 3433 licet
2072 3376 2243 3433 homo
2271 3380 2431 3450 egeat
2454 3374 2708 3432 motione
2737 3376 2971 3449 physica
3014 3378 3112 3432 Dei

1749 3458 1820 3515 ad
1846 3455 2277 3532 producendum
2302 3456 2828 3511 instrumentaliter
2855 3456 3112 3513 existen-

1749 3540 1912 3604 tiam,
1932 3543 1990 3594 et
2005 3535 2390 3593 actualitatem
2407 3535 2777 3614 operationiS,
2795 3542 2852 3591 et
2866 3536 3109 3592 eandem

1749 3619 2140 3694 operationem
2207 3620 2269 3671 ut
2305 3613 2627 3681 existentia,
2683 3620 2739 3671 et
2784 3616 3108 3673 actualitate

1751 3700 2017 3758 vestitam
2039 3720 2053 3764 ;
2077 3695 2248 3753 habet
2269 3694 2653 3752 nihilominus
2686 3696 2779 3751 vel
2807 3711 2907 3768 per
2934 3702 3106 3753 natu-

1753 3796 1897 3845 ram,
1937 3779 2029 3836 vel
2062 3792 2163 3851 per
2199 3774 2418 3832 auxilia
2467 3775 2666 3849 gratim
2730 3775 3108 3834 sufficientem

1751 3867 1807 3920 et
1874 3858 2225 3930 adaequatam
2291 3854 2564 3911 virtutem
2633 3854 2703 3910 ad
2761 3856 3109 3914 eliciendum

1755 3941 2083 4018 praedietam
2144 3937 2538 4011 operationem
2602 3937 2915 3994 secundum
2980 3957 3114 4014 spe-

1751 4023 1921 4089 ciem,
1982 4024 2039 4078 et
2100 4017 2481 4075 substantiam
2547 4017 2987 4086 consideratam,
3051 4026 3113 4076 ut

1753 4098 1894 4170 disp.
1945 4098 2000 4161 5,
2051 4094 2176 4151 dub.
2222 4095 2258 4148 5
2309 4091 2714 4164 explicuimus.
2771 4093 2926 4157 Quod
2976 4097 3112 4150 satis

1753 4186 1840 4238 est
1896 4183 1960 4234 ut
2022 4192 2084 4235 se
2147 4174 2329 4233 libere
2374 4178 2605 4231 moveat
2666 4174 2737 4231 ad
2786 4175 3113 4247 praedictam

1754 4259 2173 4335 operationem,
2218 4255 2486 4329 quamvis
2541 4269 2769 4327 semper
2826 4262 2953 4330 agat
3010 4257 3116 4313 sub

1755 4341 2013 4400 motione
2075 4336 2283 4396 efficaci
2331 4335 2432 4392 Dei
2485 4334 2555 4391 ad
2605 4334 3001 4404 existentiam,
3062 4343 3120 4394 et

1757 4422 2147 4482 actualitatem
2207 4417 2446 4474 actionis
2511 4417 2928 4489 praerequisita.
2994 4421 3120 4477 Haec

1756 4508 1918 4566 enim
1941 4500 2325 4576 dependentia
2343 4513 2461 4555 non
2488 4498 2739 4554 extrahit
2759 4498 3057 4559 hominem
3087 4519 3120 4560 a

1762 4588 1985 4646 ratione
2007 4597 2189 4640 causae
2214 4577 2551 4653 principalis
2572 4577 2916 4651 simpliciter
2936 4581 3116 4648 dictae,

1758 4666 1946 4743 qualis
1974 4668 2106 4737 apta
2130 4665 2216 4718 est
2240 4660 2429 4716 inesse
2453 4660 2760 4725 creaturae3
2784 4674 2889 4716 nec
2932 4660 3119 4733 ipsum

1759 4742 2057 4805 constituit
2083 4740 2147 4797 in
2176 4738 2403 4796 ratione
2451 4737 2826 4795 instrumenti
2869 4742 3122 4811 particu-

1761 4828 1968 4886 lariter
1989 4820 2147 4887 dicti,
2177 4818 2276 4878 sed
2302 4824 2388 4876 est
2406 4816 2664 4891 quaedam
2702 4817 2954 4878 conditio
2990 4825 3128 4879 uni-

1762 4903 2027 4969 versalis,
2059 4905 2116 4958 et
2134 4899 2296 4958 omni
2320 4897 2511 4972 agenti
2533 4902 2723 4955 creato
2752 4902 3124 4959 conveniens.

1763 4985 1931 5045 Unde
1944 4986 2164 5042 constat
2182 4979 2253 5037 ad
2274 4976 2513 5054 maioris
2528 4976 2927 5051 probationem
2950 5005 2964 5048 ;
2991 4997 3126 5039 nam

2915 5072 2985 5134 15
