3647 5753
1149 439 1372 493 INDEX
1412 437 1674 493 RERUM
1714 437 1809 492 ET
1847 438 2272 495 VERBORUM.
3002 440 3115 495 879

248 617 554 685 ficationis,
607 616 748 675 ibid.
779 635 842 676 n.
895 619 987 683 55,
1018 622 1075 673 et
1102 634 1154 689 p.
1184 617 1316 682 624,
1367 631 1427 672 n.
1488 615 1608 671 129.

244 701 507 764 Qualiter
534 701 840 757 destructio
882 698 1089 772 peccati
1121 696 1397 771 praecedat
1444 695 1615 752 infu-

245 780 473 838 sionem
494 781 710 855 gratiae,
736 799 791 856 p.
816 782 947 848 625,
978 795 1046 835 n.
1077 779 1201 834 131.

320 887 881 941 REMUNERATIO.
951 887 1351 942 Remunerare
1396 883 1613 940 merita

246 964 321 1023 ad
346 982 518 1039 quam
547 967 822 1023 virtutem
846 966 1149 1039 pertineat,
1177 983 1231 1039 p.
1264 965 1394 1030 697,
1428 979 1487 1020 n.
1515 965 1607 1020 54.

892 1216 947 1270 S.

320 1407 890 1462 SACRAMENTUM.
953 1406 1325 1463 Sacramenta
1371 1407 1610 1460 causant

242 1487 492 1560 gratiam
516 1488 578 1544 in
600 1487 863 1552 instanti,
891 1505 946 1561 p.
972 1488 1102 1553 648,
1137 1503 1196 1543 n.
1228 1486 1319 1541 33.

320 1583 667 1639 SCIENTIA.
719 1582 1063 1640 Communia
1107 1581 1359 1638 scientiae
1401 1579 1606 1637 mediae

243 1664 551 1738 principia,
584 1684 642 1741 p.
666 1667 756 1733 38,
784 1680 843 1722 n.
869 1667 940 1721 56
967 1671 1021 1723 et
1043 1668 1134 1720 57.
1159 1665 1330 1719 Juxta
1353 1662 1608 1720 scientiae

241 1745 448 1803 mediae
477 1747 761 1820 principia
789 1763 906 1802 non
936 1745 1064 1803 ideo
1088 1749 1233 1802 Deus
1262 1750 1455 1803 movet
1481 1744 1605 1801 effi-

242 1826 468 1891 caciter,
513 1827 646 1900 quia
672 1828 747 1883 sit
792 1829 1157 1900 omnipotens
1185 1844 1242 1900 p.
1269 1828 1364 1896 55,
1421 1842 1480 1884 n.
1505 1828 1599 1882 79.

242 1909 493 1966 Scientia
533 1910 726 1968 media
766 1925 884 1967 non
908 1910 1151 1966 cohaeret
1191 1924 1323 1964 cum
1371 1924 1602 1965 summa

244 1990 345 2046 Dei
370 1991 640 2063 potentia,
675 1991 814 2049 ibid.
840 2008 898 2048 n.
931 1993 1023 2047 80.
1052 1989 1273 2047 Inducit
1295 1991 1602 2047 necessita-

240 2074 359 2127 tem
389 2069 727 2135 absolutam,
756 2090 809 2146 p.
843 2073 934 2136 56,
968 2087 1025 2126 n.
1053 2073 1144 2128 81.
1177 2071 1354 2128 Tollit
1392 2070 1601 2128 subor-

237 2149 596 2210 dinationem
623 2159 899 2210 creaturae
922 2152 990 2208 ad
1020 2155 1219 2217 Deum,
1249 2150 1388 2208 ibid.
1420 2168 1477 2209 n.
1503 2154 1595 2210 82.

239 2235 374 2297 Quae
394 2241 529 2290 sunt
571 2236 689 2299 Dei,
725 2241 1002 2292 creaturae
1028 2238 1277 2307 arrogat,
1330 2252 1386 2308 p.
1412 2237 1504 2300 57,
1538 2251 1596 2291 n.

236 2317 331 2372 83.
357 2317 437 2371 Ex
466 2332 530 2373 ea
555 2317 818 2384 infertur,
837 2317 1106 2390 possibile
1133 2332 1253 2373 esse
1272 2333 1389 2374 non
1411 2317 1600 2374 solum

236 2398 641 2471 metaphysice,
697 2400 794 2456 sed
834 2400 1009 2455 etiam
1055 2400 1402 2465 mortaliter,
1450 2398 1601 2471 quod

237 2480 385 2535 Deus
431 2485 672 2553 nequeat
699 2481 996 2537 hominem
1036 2488 1392 2545 convertere,
1421 2498 1479 2554 p.
1508 2481 1597 2548 60,

238 2575 295 2616 n.
328 2562 419 2617 86.
446 2562 641 2618 Gratia
684 2578 715 2617 a
756 2561 999 2617 scientia
1052 2560 1243 2617 media
1271 2560 1602 2634 dependens

235 2640 434 2712 nequit
461 2656 590 2696 cum
631 2639 834 2696 divina
862 2639 1227 2713 providentia
1272 2640 1595 2706 conciliari,

234 2740 290 2796 p.
315 2724 405 2789 65,
437 2739 496 2780 n.
523 2724 612 2779 93.
641 2725 876 2780 Nullam
891 2723 1188 2795 componit
1208 2721 1599 2780 difficultatem

231 2816 303 2858 ex
350 2803 629 2876 pluribus,
686 2820 812 2879 quae
848 2805 909 2860 in
936 2804 1350 2878 compositione
1397 2804 1600 2876 gratiae

233 2902 362 2942 cum
386 2885 568 2945 libero
590 2888 832 2945 arbitrio
854 2891 1408 2962 occurrunt,p.77,et
1433 2903 1590 2960 seqq.

233 2984 266 3024 a
293 2983 454 3026 num.
490 2972 609 3037 122,
637 2987 812 3043 usque
838 2970 908 3026 ad
939 2973 1037 3027 126
1065 2977 1121 3028 et
1151 2988 1204 3043 p.
1241 2971 1362 3035 106,
1393 2984 1454 3026 n.
1495 2970 1596 3024 158

232 3054 288 3105 et
310 3066 366 3122 p.
394 3052 523 3117 200,
557 3066 615 3106 n.
647 3053 779 3107 280.
809 3054 991 3116 Quam
1033 3058 1196 3124 grata
1217 3050 1362 3106 olim
1405 3049 1597 3105 Semi-

235 3131 550 3205 pelagianis
579 3132 773 3199 fuerit,
805 3151 861 3207 p.
901 3135 1022 3198 117,
1071 3147 1130 3187 n.
1173 3132 1293 3186 174.

883 3356 953 3410 U.

306 3532 503 3589 UNIO.
546 3530 630 3587 Ad
656 3532 904 3605 gratiam
937 3530 1173 3588 unionis
1209 3531 1372 3587 nulla
1402 3532 1598 3605 requi-

234 3612 383 3669 ritur
405 3612 722 3686 dispositio,
756 3632 810 3687 p.
835 3616 964 3680 618,
1000 3629 1060 3669 n.
1100 3613 1220 3669 119.

2321 613 2478 672 ,v-

1818 754 2105 811 VIRTUS.
2138 751 2311 808 Nulla
2363 756 2626 808 creatura
2679 752 2832 809 valet
2883 751 3117 810 habitus

1744 833 2025 890 virtutum
2095 833 2631 905 supernaturalium
2707 833 3113 906 principaliter

1745 913 1976 988 physice
1998 913 2322 986 producere,
2349 931 2404 986 p.
2436 915 2566 978 275,
2597 928 2657 968 n.
2685 915 2767 970 13.
2795 917 2986 987 Neque
3007 929 3113 970 au-

1742 1011 1893 1070 gere.
1922 993 2064 1051 Ibid.
2092 1010 2148 1052 n.
2193 998 2278 1052 14.

1816 1080 1940 1142 Qua
1974 1085 2134 1150 pacto
2161 1084 2316 1135 actus
2345 1078 2578 1134 virtutis
2608 1078 2785 1149 possit
2830 1077 3114 1151 attingere

1740 1175 1910 1216 suum
1957 1161 2239 1236 objectum
2286 1161 2348 1217 in
2403 1159 2660 1217 absentia
2705 1155 3025 1228 charitatis,
3051 1179 3108 1235 p.

1739 1243 1870 1308 464,
1902 1257 1962 1297 n.
1996 1243 2125 1300 235.
2171 1246 2474 1316 Nequeunt
2533 1242 2780 1299 virtutes
2830 1241 3114 1315 attingere

1740 1323 1998 1381 modum·
2027 1325 2393 1382 rectitudinis
2421 1341 2659 1383 suorum
2688 1331 2940 1391 actuum,
2972 1327 3114 1399 quin

1738 1419 1940 1460 eorum
1962 1405 2139 1461 simul
2161 1406 2448 1479 attingant
2468 1406 2788 1472 entitatem,
2804 1423 2860 1480 p.
2889 1407 3018 1473 587,
3045 1422 3104 1464 n.

1812 1569 1889 1623 Ut
1915 1572 2071 1625 actus
2120 1570 2478 1643 reliquarum
2522 1571 2805 1627 virtutum
2834 1569 2954 1626 sint
2980 1587 3107 1629 me-

1739 1650 1931 1708 ritorii
1969 1650 2363 1720 beatitudinis,
2396 1652 2605 1711 debent
2643 1655 2850 1710 saltem
2879 1653 3107 1710 virtua-

1736 1731 1871 1788 liter
1903 1731 2109 1789 referri
2137 1733 2200 1788 in
2226 1732 2402 1790 finem
2424 1734 2742 1796 charitatis.
2786 1752 2840 1807 p.
2872 1735 3001 1800 718,
3041 1750 3101 1792 n.

1735 1814 1789 1870 3.
1833 1816 1899 1870 ln
1941 1814 2260 1871 moralibus
2303 1815 2608 1888 prudentia
2639 1814 2918 1871 informat
2959 1814 3106 1871 alias

1735 1895 2002 1958 virtutes:
2066 1895 2129 1951 in
2180 1895 2537 1969 Theologicis
2576 1895 2846 1961 charitas,
2878 1913 2934 1969 p.
2959 1897 3091 1961 722,

1736 1993 1794 2033 n.
1838 1979 1921 2033 10.
1960 1976 2254 2041 Quomodo
2296 1978 2410 2033 haec
2433 1978 2701 2034 formatio
2723 1976 2840 2038 fiat,
2868 1994 2925 2050 p.
2951 1978 3082 2042 762,

1735 2074 1793 2114 n.
1826 2059 1918 2124 85,
1950 2065 2006 2116 et
2043 2074 2161 2131 seq.
2191 2059 2310 2114 Soli
2350 2058 2619 2114 charitati
2648 2063 2971 2130 competere
3000 2072 3105 2113 va-

1735 2140 1831 2208 let,
1864 2158 1923 2214 p.
1951 2142 2081 2207 763,
2114 2141 2188 2194 59
2205 2145 2262 2196 et
2289 2155 2405 2211 seq.
2441 2142 2652 2195 Omnes
2697 2141 2959 2205 virtutes,
2983 2142 3103 2195 tam

1733 2220 2038 2293 acquisitae,
2069 2238 2240 2294 quam
2289 2220 2496 2275 infusae
2543 2220 2786 2276 eliciunt
2833 2224 2989 2274 actus
3017 2219 3105 2274 in-

1732 2302 1978 2359 trinsece
2018 2302 2294 2359 formatos
2321 2317 2391 2358 ex
2418 2302 2671 2373 imperio
2698 2298 3014 2364 charitatis,
3042 2317 3103 2373 p.

1730 2384 1863 2450 730,
1898 2398 1956 2439 n.
1986 2385 2078 2451 24,
2105 2390 2161 2442 et
2181 2403 2239 2459 p.
2262 2385 2393 2448 761,
2433 2398 2491 2439 n.
2519 2384 2608 2437 84.
2643 2384 2811 2437 Actus
2839 2380 3104 2438 formalis

1731 2464 2029 2521 charitatis
2044 2482 2162 2523 non
2185 2465 2508 2522 necessario
2531 2462 2866 2536 requiritur,
2890 2467 2951 2517 ut
2975 2461 3105 2518 aliae

1731 2545 1975 2601 virtutes
1990 2545 2313 2602 formentur
2342 2561 2441 2618 per
2468 2545 2829 2610 charitatem,
2878 2561 2934 2617 p.
2963 2544 3095 2598 778.

1733 2642 1792 2683 n.
1827 2627 1951 2692 123,
1983 2631 2040 2683 et
2060 2643 2175 2701 seq.

1803 2710 2010 2765 VISIO.
2063 2712 2128 2765 In
2174 2725 2283 2782 quo
2328 2707 2600 2765 differant
2647 2712 2801 2763 actus
2849 2706 3096 2764 visionis

1729 2789 1925 2858 beatae,
1957 2797 2011 2848 et
2031 2791 2328 2847 charitatis
2356 2789 2425 2844 ab
2462 2789 2596 2845 aliis
2638 2786 2856 2845 actibus
2896 2804 3102 2861 super-

1730 2870 2109 2937 naturalibus,
2143 2870 2198 2927 d.
2230 2871 2359 2938 464,
2395 2886 2455 2934 n.
2481 2870 2613 2924 235.

1803 2953 2205 3008 VOLUNTAS.
2240 2952 2520 3008 Voluntas
2547 2956 2736 3006 creata
2765 2966 2882 3007 non
2913 2953 3097 3022 potest

1730 3033 2012 3091 frustrare
2052 3034 2340 3090 auxilium
2381 3032 2597 3098 efficax,
2632 3049 2686 3105 p.
2721 3035 2841 3099 176,
2873 3049 2932 3087 n.
2966 3032 3098 3086 253.

1729 3114 1990 3178 Qualiter
2035 3117 2263 3169 moveat
2301 3116 2533 3167 caeteras
2579 3111 2792 3167 animae
2836 3112 3096 3178 virtuteS,

1730 3211 1790 3266 p.
1821 3195 1952 3261 206,
1988 3209 2051 3249 n.
2071 3194 2203 3247 291.
2240 3192 2462 3264 Duplex
2489 3193 2800 3248 voluntatis
2826 3189 3102 3247 determi-

1729 3274 1908 3339 natio,
1923 3274 2122 3347 p.211,
2145 3288 2205 3328 n.
2222 3272 2330 3327 297
2339 3292 2356 3329 ε
2378 3274 2572 3329 Stante
2595 3271 2985 3328 indifferentia
2999 3271 3098 3344 ju-

1729 3353 1865 3409 dicii
1895 3355 2249 3411 voluntatem
2279 3355 2503 3410 moveri
2534 3351 2853 3411 necessario
2879 3357 2964 3408 est
2990 3351 3100 3407 im-

1730 3435 2020 3509 possibile,
2051 3455 2107 3511 p.
2138 3438 2263 3505 257,
2292 3452 2353 3493 n.
2380 3438 2506 3493 357.

1802 3518 2082 3574 Voluntas
2109 3518 2412 3585 formatur,
2440 3525 2495 3574 et
2519 3516 2883 3573 modificatur
2906 3531 2938 3571 a
2964 3531 3093 3589 gra-

1727 3598 1825 3666 tia,
1849 3604 1906 3654 et
1943 3599 2238 3665 charitate,
2266 3605 2328 3654 ut
2349 3600 2525 3671 possit
2557 3598 2767 3655 elicere
2790 3602 2944 3653 actus
2966 3596 3091 3653 for-

1728 3684 1913 3736 matos
1933 3680 1995 3735 in
2020 3678 2224 3737 ordine
2252 3680 2323 3736 ad
2357 3679 2532 3737 finem
2559 3677 3084 3752 supernaturalem,

1653 3798 1664 3813 .
1726 3778 1783 3834 p.
1807 3761 1938 3829 763,
1971 3775 2030 3816 n.
2054 3762 2148 3817 ss.

1475 4302 1873 4401 &ff

1264 5094 1525 5131 nunnus.
1550 5108 1602 5118 —
1628 5097 1758 5132 111’18
1783 5097 1827 5132 Δ.
1853 5095 2091 5131 vnonmr.
