<?xml version="1.0" encoding="UTF-8"?>
<!DOCTYPE html PUBLIC "-//W3C//DTD XHTML 1.0 Transitional//EN"
    "http://www.w3.org/TR/xhtml1/DTD/xhtml1-transitional.dtd">
<html xmlns="http://www.w3.org/1999/xhtml" xml:lang="en" lang="en">
 <head>
  <title>
</title>
<meta http-equiv="Content-Type" content="text/html;charset=utf-8" />
  <meta name='ocr-system' content='tesseract 3.04.00' />
  <meta name='ocr-capabilities' content='ocr_page ocr_carea ocr_par ocr_line ocrx_word'/>
</head>
<body>
  <div class='ocr_page' id='page_1' title='image "./collegiisalmant00carmgoog_0465.png"; bbox 0 0 3647 5753; ppageno 0'>
   <div class='ocr_carea' id='block_1_1' title="bbox 1358 453 3078 520">
    <p class='ocr_par' dir='ltr' id='par_1_1' title="bbox 1358 453 3078 520">
     <span class='ocr_line' id='line_1_1' title="bbox 1358 453 3078 520; baseline 0.006 -13"><span class='ocrx_word' id='word_1_1' title='bbox 1358 454 1538 510; x_wconf 85' lang='lat' dir='ltr'><strong>DISP.</strong></span> <span class='ocrx_word' id='word_1_2' title='bbox 1582 453 1650 520; x_wconf 77' lang='lat'>11,</span> <span class='ocrx_word' id='word_1_3' title='bbox 1695 454 1859 511; x_wconf 86' lang='lat' dir='ltr'><strong>DUB.</strong></span> <span class='ocrx_word' id='word_1_4' title='bbox 1911 456 2003 511; x_wconf 90' lang='lat' dir='ltr'>VI.</span> <span class='ocrx_word' id='word_1_5' title='bbox 2962 462 3078 518; x_wconf 77' lang='lat'>443</span> 
     </span>
    </p>
   </div>
   <div class='ocr_carea' id='block_1_2' title="bbox 73 623 1586 5077">
    <p class='ocr_par' dir='ltr' id='par_1_2' title="bbox 73 623 1586 5077">
     <span class='ocr_line' id='line_1_2' title="bbox 211 623 1582 698; baseline -0.001 -16"><span class='ocrx_word' id='word_1_6' title='bbox 211 626 359 682; x_wconf 84' lang='lat' dir='ltr'>citer</span> <span class='ocrx_word' id='word_1_7' title='bbox 380 642 554 698; x_wconf 91' lang='lat' dir='ltr'>super</span> <span class='ocrx_word' id='word_1_8' title='bbox 581 626 796 690; x_wconf 90' lang='lat' dir='ltr'>omnia,</span> <span class='ocrx_word' id='word_1_9' title='bbox 826 641 928 681; x_wconf 90' lang='lat' dir='ltr'>nec</span> <span class='ocrx_word' id='word_1_10' title='bbox 956 623 1298 682; x_wconf 81' lang='lat' dir='ltr'>terminaret</span> <span class='ocrx_word' id='word_1_11' title='bbox 1323 640 1582 681; x_wconf 90' lang='lat' dir='ltr'>amorem</span> 
     </span>
     <span class='ocr_line' id='line_1_3' title="bbox 213 706 1584 781; baseline -0.001 -16"><span class='ocrx_word' id='word_1_12' title='bbox 213 709 531 775; x_wconf 88' lang='lat' dir='ltr'>charitatis,</span> <span class='ocrx_word' id='word_1_13' title='bbox 556 706 653 764; x_wconf 90' lang='lat' dir='ltr'>sed</span> <span class='ocrx_word' id='word_1_14' title='bbox 677 708 858 764; x_wconf 88' lang='lat' dir='ltr'>alium</span> <span class='ocrx_word' id='word_1_15' title='bbox 875 706 1318 781; x_wconf 78' lang='lat' dir='ltr'>effectumlonge</span> <span class='ocrx_word' id='word_1_16' title='bbox 1337 706 1584 765; x_wconf 84' lang='lat' dir='ltr'>inferio-</span> 
     </span>
     <span class='ocr_line' id='line_1_4' title="bbox 219 787 1586 863; baseline -0.001 -18"><span class='ocrx_word' id='word_1_17' title='bbox 219 805 341 845; x_wconf 91' lang='lat' dir='ltr'>rem</span> <span class='ocrx_word' id='word_1_18' title='bbox 377 811 389 845; x_wconf 90' lang='lat'>:</span> <span class='ocrx_word' id='word_1_19' title='bbox 420 806 556 863; x_wconf 85' lang='lat' dir='ltr'>ergo</span> <span class='ocrx_word' id='word_1_20' title='bbox 586 788 938 861; x_wconf 90' lang='lat' dir='ltr'>principium</span> <span class='ocrx_word' id='word_1_21' title='bbox 988 787 1254 852; x_wconf 83' lang='lat' dir='ltr'>radicale,</span> <span class='ocrx_word' id='word_1_22' title='bbox 1286 794 1341 844; x_wconf 91' lang='lat' dir='ltr'>et</span> <span class='ocrx_word' id='word_1_23' title='bbox 1362 788 1586 861; x_wconf 89' lang='lat' dir='ltr'>princi-</span> 
     </span>
     <span class='ocr_line' id='line_1_5' title="bbox 220 869 1585 944; baseline -0.001 -17"><span class='ocrx_word' id='word_1_24' title='bbox 220 873 345 944; x_wconf 84' lang='lat' dir='ltr'>pale</span> <span class='ocrx_word' id='word_1_25' title='bbox 368 870 698 944; x_wconf 77' lang='lat' dir='ltr'>huJusmodi</span> <span class='ocrx_word' id='word_1_26' title='bbox 740 872 976 936; x_wconf 76' lang='lat' dir='ltr'>amori3‚</span> <span class='ocrx_word' id='word_1_27' title='bbox 1009 877 1064 928; x_wconf 88' lang='lat' dir='ltr'>et</span> <span class='ocrx_word' id='word_1_28' title='bbox 1104 869 1202 925; x_wconf 88' lang='lat' dir='ltr'>tali</span> <span class='ocrx_word' id='word_1_29' title='bbox 1233 869 1336 925; x_wconf 89' lang='lat' dir='ltr'>fini</span> <span class='ocrx_word' id='word_1_30' title='bbox 1359 886 1585 927; x_wconf 88' lang='lat' dir='ltr'>corres-</span> 
     </span>
     <span class='ocr_line' id='line_1_6' title="bbox 222 949 1583 1025; baseline -0.001 -18"><span class='ocrx_word' id='word_1_31' title='bbox 222 950 497 1023; x_wconf 74' lang='lat' dir='ltr'>pondenS,</span> <span class='ocrx_word' id='word_1_32' title='bbox 552 950 717 1008; x_wconf 86' lang='lat' dir='ltr'>debet</span> <span class='ocrx_word' id='word_1_33' title='bbox 745 952 807 1007; x_wconf 92' lang='lat' dir='ltr'>in</span> <span class='ocrx_word' id='word_1_34' title='bbox 833 966 1043 1025; x_wconf 82' lang='lat' dir='ltr'>genere</span> <span class='ocrx_word' id='word_1_35' title='bbox 1068 965 1251 1007; x_wconf 70' lang='lat' dir='ltr'>causae</span> <span class='ocrx_word' id='word_1_36' title='bbox 1290 949 1583 1006; x_wconf 85' lang='lat' dir='ltr'>efficientis</span> 
     </span>
     <span class='ocr_line' id='line_1_7' title="bbox 213 1033 1577 1108; baseline 0 -21"><span class='ocrx_word' id='word_1_37' title='bbox 213 1033 496 1108; x_wconf 87' lang='lat' dir='ltr'>subjicere</span> <span class='ocrx_word' id='word_1_38' title='bbox 550 1033 817 1106; x_wconf 82' lang='lat' dir='ltr'>praedicto</span> <span class='ocrx_word' id='word_1_39' title='bbox 863 1033 966 1090; x_wconf 84' lang='lat' dir='ltr'>fini</span> <span class='ocrx_word' id='word_1_40' title='bbox 1014 1048 1215 1089; x_wconf 92' lang='lat' dir='ltr'>omnes</span> <span class='ocrx_word' id='word_1_41' title='bbox 1261 1033 1577 1105; x_wconf 88' lang='lat' dir='ltr'>potentias,</span> 
     </span>
     <span class='ocr_line' id='line_1_8' title="bbox 214 1111 1583 1185; baseline -0.001 -16"><span class='ocrx_word' id='word_1_42' title='bbox 214 1113 595 1184; x_wconf 87' lang='lat' dir='ltr'>operationes,</span> <span class='ocrx_word' id='word_1_43' title='bbox 621 1118 679 1169; x_wconf 89' lang='lat' dir='ltr'>et</span> <span class='ocrx_word' id='word_1_44' title='bbox 706 1113 935 1170; x_wconf 79' lang='lat' dir='ltr'>affectus</span> <span class='ocrx_word' id='word_1_45' title='bbox 960 1113 1181 1185; x_wconf 89' lang='lat' dir='ltr'>proprii</span> <span class='ocrx_word' id='word_1_46' title='bbox 1198 1112 1499 1183; x_wconf 86' lang='lat' dir='ltr'><strong>suppositi.</strong></span> <span class='ocrx_word' id='word_1_47' title='bbox 1521 1111 1583 1167; x_wconf 92' lang='lat' dir='ltr'>Id</span> 
     </span>
     <span class='ocr_line' id='line_1_9' title="bbox 220 1194 1583 1265; baseline 0 -17"><span class='ocrx_word' id='word_1_48' title='bbox 220 1201 407 1248; x_wconf 90' lang='lat' dir='ltr'>autem</span> <span class='ocrx_word' id='word_1_49' title='bbox 454 1200 723 1264; x_wconf 63' lang='lat' dir='ltr'>praestare</span> <span class='ocrx_word' id='word_1_50' title='bbox 766 1194 963 1265; x_wconf 85' lang='lat' dir='ltr'>nequit</span> <span class='ocrx_word' id='word_1_51' title='bbox 999 1195 1121 1250; x_wconf 86' lang='lat' dir='ltr'>sola</span> <span class='ocrx_word' id='word_1_52' title='bbox 1142 1198 1351 1248; x_wconf 86' lang='lat' dir='ltr'>natura</span> <span class='ocrx_word' id='word_1_53' title='bbox 1394 1200 1583 1248; x_wconf 88' lang='lat' dir='ltr'>creata</span> 
     </span>
     <span class='ocr_line' id='line_1_10' title="bbox 214 1271 1581 1347; baseline 0.001 -19"><span class='ocrx_word' id='word_1_54' title='bbox 214 1273 531 1331; x_wconf 86' lang='lat' dir='ltr'>secundum</span> <span class='ocrx_word' id='word_1_55' title='bbox 558 1292 619 1330; x_wconf 92' lang='lat' dir='ltr'>se</span> <span class='ocrx_word' id='word_1_56' title='bbox 652 1296 665 1331; x_wconf 88' lang='lat'>:</span> <span class='ocrx_word' id='word_1_57' title='bbox 717 1280 837 1330; x_wconf 90' lang='lat' dir='ltr'>tum</span> <span class='ocrx_word' id='word_1_58' title='bbox 866 1275 1001 1347; x_wconf 90' lang='lat' dir='ltr'>quia</span> <span class='ocrx_word' id='word_1_59' title='bbox 1027 1271 1343 1341; x_wconf 80' lang='lat' dir='ltr'>secundum</span> <span class='ocrx_word' id='word_1_60' title='bbox 1371 1287 1431 1329; x_wconf 87' lang='lat' dir='ltr'>se</span> <span class='ocrx_word' id='word_1_61' title='bbox 1463 1289 1581 1330; x_wconf 91' lang='lat' dir='ltr'>non</span> 
     </span>
     <span class='ocr_line' id='line_1_11' title="bbox 219 1357 1582 1428; baseline -0.001 -16"><span class='ocrx_word' id='word_1_62' title='bbox 219 1357 677 1427; x_wconf 76' lang='lat' dir='ltr'>praecontinetin</span> <span class='ocrx_word' id='word_1_63' title='bbox 699 1361 820 1413; x_wconf 85' lang='lat' dir='ltr'>actu</span> <span class='ocrx_word' id='word_1_64' title='bbox 860 1371 1118 1412; x_wconf 89' lang='lat' dir='ltr'>amorem</span> <span class='ocrx_word' id='word_1_65' title='bbox 1157 1361 1582 1428; x_wconf 87' lang='lat' dir='ltr'>supernatura-</span> 
     </span>
     <span class='ocr_line' id='line_1_12' title="bbox 222 1436 1581 1511; baseline -0.001 -18"><span class='ocrx_word' id='word_1_66' title='bbox 222 1441 331 1495; x_wconf 86' lang='lat' dir='ltr'>lem</span> <span class='ocrx_word' id='word_1_67' title='bbox 359 1438 690 1494; x_wconf 87' lang='lat' dir='ltr'>charitatis:</span> <span class='ocrx_word' id='word_1_68' title='bbox 722 1445 843 1494; x_wconf 90' lang='lat' dir='ltr'>tum</span> <span class='ocrx_word' id='word_1_69' title='bbox 866 1438 1001 1511; x_wconf 87' lang='lat' dir='ltr'>quia</span> <span class='ocrx_word' id='word_1_70' title='bbox 1022 1437 1209 1493; x_wconf 90' lang='lat' dir='ltr'>solum</span> <span class='ocrx_word' id='word_1_71' title='bbox 1239 1442 1419 1509; x_wconf 89' lang='lat' dir='ltr'>potest</span> <span class='ocrx_word' id='word_1_72' title='bbox 1443 1436 1581 1492; x_wconf 89' lang='lat' dir='ltr'>sub-</span> 
     </span>
     <span class='ocr_line' id='line_1_13' title="bbox 218 1517 1581 1593; baseline 0.001 -18"><span class='ocrx_word' id='word_1_73' title='bbox 218 1520 387 1593; x_wconf 76' lang='lat' dir='ltr'>jicere</span> <span class='ocrx_word' id='word_1_74' title='bbox 412 1519 517 1575; x_wconf 82' lang='lat' dir='ltr'>fini</span> <span class='ocrx_word' id='word_1_75' title='bbox 548 1521 849 1591; x_wconf 77' lang='lat' dir='ltr'>potentiaS,</span> <span class='ocrx_word' id='word_1_76' title='bbox 881 1526 936 1576; x_wconf 93' lang='lat' dir='ltr'>et</span> <span class='ocrx_word' id='word_1_77' title='bbox 989 1518 1220 1575; x_wconf 81' lang='lat' dir='ltr'>affectus</span> <span class='ocrx_word' id='word_1_78' title='bbox 1261 1520 1323 1573; x_wconf 90' lang='lat' dir='ltr'>in</span> <span class='ocrx_word' id='word_1_79' title='bbox 1375 1517 1581 1576; x_wconf 87' lang='lat' dir='ltr'>ordine</span> 
     </span>
     <span class='ocr_line' id='line_1_14' title="bbox 225 1599 1582 1670; baseline -0.001 -14"><span class='ocrx_word' id='word_1_80' title='bbox 225 1600 490 1664; x_wconf 90' lang='lat' dir='ltr'>naturali,</span> <span class='ocrx_word' id='word_1_81' title='bbox 524 1606 580 1655; x_wconf 89' lang='lat' dir='ltr'>et</span> <span class='ocrx_word' id='word_1_82' title='bbox 604 1601 709 1656; x_wconf 90' lang='lat' dir='ltr'>sub</span> <span class='ocrx_word' id='word_1_83' title='bbox 740 1600 992 1656; x_wconf 91' lang='lat' dir='ltr'>naturali</span> <span class='ocrx_word' id='word_1_84' title='bbox 1019 1599 1234 1655; x_wconf 89' lang='lat' dir='ltr'>motivo</span> <span class='ocrx_word' id='word_1_85' title='bbox 1262 1621 1275 1664; x_wconf 87' lang='lat'><strong>;</strong></span> <span class='ocrx_word' id='word_1_86' title='bbox 1300 1613 1430 1654; x_wconf 90' lang='lat' dir='ltr'>cum</span> <span class='ocrx_word' id='word_1_87' title='bbox 1460 1599 1582 1670; x_wconf 89' lang='lat' dir='ltr'>ipsa</span> 
     </span>
     <span class='ocr_line' id='line_1_15' title="bbox 218 1678 1582 1753; baseline 0 -18"><span class='ocrx_word' id='word_1_88' title='bbox 218 1686 425 1753; x_wconf 80' lang='lat' dir='ltr'>spectet</span> <span class='ocrx_word' id='word_1_89' title='bbox 445 1681 769 1737; x_wconf 82' lang='lat' dir='ltr'>formaliter</span> <span class='ocrx_word' id='word_1_90' title='bbox 792 1679 1023 1753; x_wconf 81' lang='lat' dir='ltr'>praecise</span> <span class='ocrx_word' id='word_1_91' title='bbox 1066 1679 1133 1735; x_wconf 90' lang='lat' dir='ltr'>ad</span> <span class='ocrx_word' id='word_1_92' title='bbox 1165 1678 1433 1735; x_wconf 88' lang='lat' dir='ltr'>ordinem</span> <span class='ocrx_word' id='word_1_93' title='bbox 1475 1695 1582 1735; x_wconf 90' lang='lat' dir='ltr'>na·-</span> 
     </span>
     <span class='ocr_line' id='line_1_16' title="bbox 226 1760 1582 1834; baseline 0.001 -19"><span class='ocrx_word' id='word_1_94' title='bbox 226 1764 487 1819; x_wconf 87' lang='lat' dir='ltr'>turalem.</span> <span class='ocrx_word' id='word_1_95' title='bbox 552 1765 664 1818; x_wconf 90' lang='lat' dir='ltr'>Nec</span> <span class='ocrx_word' id='word_1_96' title='bbox 727 1761 786 1817; x_wconf 93' lang='lat' dir='ltr'>id</span> <span class='ocrx_word' id='word_1_97' title='bbox 835 1766 1104 1834; x_wconf 82' lang='lat' dir='ltr'>praestare</span> <span class='ocrx_word' id='word_1_98' title='bbox 1142 1761 1297 1817; x_wconf 84' lang='lat' dir='ltr'>valet</span> <span class='ocrx_word' id='word_1_99' title='bbox 1350 1760 1582 1833; x_wconf 81' lang='lat' dir='ltr'>aliquod</span> 
     </span>
     <span class='ocr_line' id='line_1_17' title="bbox 227 1840 1581 1913; baseline 0.001 -18"><span class='ocrx_word' id='word_1_100' title='bbox 227 1841 505 1898; x_wconf 90' lang='lat' dir='ltr'>auxilium</span> <span class='ocrx_word' id='word_1_101' title='bbox 528 1842 843 1908; x_wconf 86' lang='lat' dir='ltr'>transiens;</span> <span class='ocrx_word' id='word_1_102' title='bbox 866 1840 1013 1897; x_wconf 91' lang='lat' dir='ltr'>istud</span> <span class='ocrx_word' id='word_1_103' title='bbox 1035 1841 1244 1913; x_wconf 91' lang='lat' dir='ltr'>quippe</span> <span class='ocrx_word' id='word_1_104' title='bbox 1258 1855 1387 1896; x_wconf 91' lang='lat' dir='ltr'>cum</span> <span class='ocrx_word' id='word_1_105' title='bbox 1414 1840 1581 1896; x_wconf 91' lang='lat' dir='ltr'>unica</span> 
     </span>
     <span class='ocr_line' id='line_1_18' title="bbox 224 1920 1583 1995; baseline 0.001 -20"><span class='ocrx_word' id='word_1_106' title='bbox 224 1920 518 1978; x_wconf 82' lang='lat' dir='ltr'>dumtaxat</span> <span class='ocrx_word' id='word_1_107' title='bbox 565 1922 902 1995; x_wconf 83' lang='lat' dir='ltr'>operatione</span> <span class='ocrx_word' id='word_1_108' title='bbox 952 1926 1475 1984; x_wconf 86' lang='lat' dir='ltr'>commensuratur,</span> <span class='ocrx_word' id='word_1_109' title='bbox 1525 1926 1583 1978; x_wconf 88' lang='lat' dir='ltr'>et</span> 
     </span>
     <span class='ocr_line' id='line_1_19' title="bbox 223 1998 1582 2075; baseline 0.002 -21"><span class='ocrx_word' id='word_1_110' title='bbox 223 2001 409 2057; x_wconf 90' lang='lat' dir='ltr'>solum</span> <span class='ocrx_word' id='word_1_111' title='bbox 450 2004 600 2059; x_wconf 88' lang='lat' dir='ltr'>valet</span> <span class='ocrx_word' id='word_1_112' title='bbox 644 2018 766 2058; x_wconf 88' lang='lat' dir='ltr'>esse</span> <span class='ocrx_word' id='word_1_113' title='bbox 795 2001 1149 2075; x_wconf 89' lang='lat' dir='ltr'>proximum,</span> <span class='ocrx_word' id='word_1_114' title='bbox 1182 2006 1240 2057; x_wconf 88' lang='lat' dir='ltr'>et</span> <span class='ocrx_word' id='word_1_115' title='bbox 1267 1998 1582 2057; x_wconf 89' lang='lat' dir='ltr'>immedia-</span> 
     </span>
     <span class='ocr_line' id='line_1_20' title="bbox 195 2082 1581 2156; baseline 0.001 -20"><span class='ocrx_word' id='word_1_116' title='bbox 195 2088 345 2137; x_wconf 85' lang='lat' dir='ltr'>·tum</span> <span class='ocrx_word' id='word_1_117' title='bbox 402 2083 520 2156; x_wconf 89' lang='lat' dir='ltr'>ejus</span> <span class='ocrx_word' id='word_1_118' title='bbox 548 2083 925 2155; x_wconf 88' lang='lat' dir='ltr'>principium.</span> <span class='ocrx_word' id='word_1_119' title='bbox 997 2084 1145 2156; x_wconf 79' lang='lat' dir='ltr'>Ergo</span> <span class='ocrx_word' id='word_1_120' title='bbox 1208 2083 1332 2139; x_wconf 92' lang='lat' dir='ltr'>sola</span> <span class='ocrx_word' id='word_1_121' title='bbox 1396 2082 1581 2155; x_wconf 85' lang='lat' dir='ltr'>gratia</span> 
     </span>
     <span class='ocr_line' id='line_1_21' title="bbox 223 2162 1582 2237; baseline 0.001 -21"><span class='ocrx_word' id='word_1_122' title='bbox 223 2162 574 2220; x_wconf 79' lang='lat' dir='ltr'>sanctificans</span> <span class='ocrx_word' id='word_1_123' title='bbox 605 2169 784 2237; x_wconf 89' lang='lat' dir='ltr'>potest</span> <span class='ocrx_word' id='word_1_124' title='bbox 804 2162 1017 2219; x_wconf 88' lang='lat' dir='ltr'>habere</span> <span class='ocrx_word' id='word_1_125' title='bbox 1037 2162 1415 2228; x_wconf 81' lang='lat' dir='ltr'>conditioneS‚</span> <span class='ocrx_word' id='word_1_126' title='bbox 1441 2179 1582 2234; x_wconf 89' lang='lat' dir='ltr'>quas</span> 
     </span>
     <span class='ocr_line' id='line_1_22' title="bbox 224 2242 1585 2318; baseline -0.001 -19"><span class='ocrx_word' id='word_1_127' title='bbox 224 2243 598 2302; x_wconf 85' lang='lat' dir='ltr'>essentialiter</span> <span class='ocrx_word' id='word_1_128' title='bbox 643 2245 896 2318; x_wconf 85' lang='lat' dir='ltr'>exposcit</span> <span class='ocrx_word' id='word_1_129' title='bbox 945 2245 1223 2317; x_wconf 89' lang='lat' dir='ltr'>primum,</span> <span class='ocrx_word' id='word_1_130' title='bbox 1255 2249 1310 2299; x_wconf 93' lang='lat' dir='ltr'>et</span> <span class='ocrx_word' id='word_1_131' title='bbox 1334 2242 1585 2311; x_wconf 77' lang='lat' dir='ltr'>radicale</span> 
     </span>
     <span class='ocr_line' id='line_1_23' title="bbox 233 2323 1576 2397; baseline 0.001 -19"><span class='ocrx_word' id='word_1_132' title='bbox 233 2324 569 2397; x_wconf 88' lang='lat' dir='ltr'>principium</span> <span class='ocrx_word' id='word_1_133' title='bbox 618 2325 998 2381; x_wconf 90' lang='lat' dir='ltr'>intrinsecum</span> <span class='ocrx_word' id='word_1_134' title='bbox 1027 2324 1242 2380; x_wconf 89' lang='lat' dir='ltr'>amoris</span> <span class='ocrx_word' id='word_1_135' title='bbox 1262 2323 1576 2380; x_wconf 90' lang='lat' dir='ltr'>charitatis.</span> 
     </span>
     <span class='ocr_line' id='line_1_24' title="bbox 231 2403 1578 2477; baseline 0 -19"><span class='ocrx_word' id='word_1_136' title='bbox 231 2405 374 2459; x_wconf 85' lang='lat' dir='ltr'>Nam</span> <span class='ocrx_word' id='word_1_137' title='bbox 401 2407 579 2477; x_wconf 83' lang='lat' dir='ltr'>gratia</span> <span class='ocrx_word' id='word_1_138' title='bbox 603 2406 743 2461; x_wconf 90' lang='lat' dir='ltr'>sicut</span> <span class='ocrx_word' id='word_1_139' title='bbox 797 2406 859 2461; x_wconf 88' lang='lat' dir='ltr'>in</span> <span class='ocrx_word' id='word_1_140' title='bbox 903 2403 1106 2462; x_wconf 86' lang='lat' dir='ltr'>ordine</span> <span class='ocrx_word' id='word_1_141' title='bbox 1150 2403 1578 2476; x_wconf 85' lang='lat' dir='ltr'>supernaturali</span> 
     </span>
     <span class='ocr_line' id='line_1_25' title="bbox 229 2486 1578 2558; baseline 0.001 -18"><span class='ocrx_word' id='word_1_142' title='bbox 229 2491 316 2540; x_wconf 87' lang='lat' dir='ltr'>est</span> <span class='ocrx_word' id='word_1_143' title='bbox 354 2492 573 2551; x_wconf 89' lang='lat' dir='ltr'>natura,</span> <span class='ocrx_word' id='word_1_144' title='bbox 624 2488 702 2542; x_wconf 88' lang='lat' dir='ltr'>ita</span> <span class='ocrx_word' id='word_1_145' title='bbox 744 2492 827 2543; x_wconf 88' lang='lat' dir='ltr'>est</span> <span class='ocrx_word' id='word_1_146' title='bbox 878 2487 1066 2558; x_wconf 89' lang='lat' dir='ltr'>prima</span> <span class='ocrx_word' id='word_1_147' title='bbox 1108 2486 1273 2542; x_wconf 83' lang='lat' dir='ltr'>radix</span> <span class='ocrx_word' id='word_1_148' title='bbox 1314 2487 1578 2542; x_wconf 92' lang='lat' dir='ltr'>omnium</span> 
     </span>
     <span class='ocr_line' id='line_1_26' title="bbox 234 2567 1574 2641; baseline 0.001 -20"><span class='ocrx_word' id='word_1_149' title='bbox 234 2567 993 2641; x_wconf 88' lang='lat' dir='ltr'>virtutum,etoperationum</span> <span class='ocrx_word' id='word_1_150' title='bbox 1016 2568 1574 2641; x_wconf 88' lang='lat' dir='ltr'>supernaturalium,</span> 
     </span>
     <span class='ocr_line' id='line_1_27' title="bbox 232 2650 1582 2724; baseline 0 -19"><span class='ocrx_word' id='word_1_151' title='bbox 232 2665 370 2722; x_wconf 86' lang='lat' dir='ltr'>quas</span> <span class='ocrx_word' id='word_1_152' title='bbox 399 2650 633 2723; x_wconf 88' lang='lat' dir='ltr'>proinde</span> <span class='ocrx_word' id='word_1_153' title='bbox 681 2658 856 2724; x_wconf 86' lang='lat' dir='ltr'>potest</span> <span class='ocrx_word' id='word_1_154' title='bbox 900 2653 1080 2710; x_wconf 83' lang='lat' dir='ltr'>active</span> <span class='ocrx_word' id='word_1_155' title='bbox 1110 2652 1317 2708; x_wconf 91' lang='lat' dir='ltr'>ultimo</span> <span class='ocrx_word' id='word_1_156' title='bbox 1347 2651 1451 2706; x_wconf 88' lang='lat' dir='ltr'>fini</span> <span class='ocrx_word' id='word_1_157' title='bbox 1478 2667 1582 2705; x_wconf 89' lang='lat' dir='ltr'>su-</span> 
     </span>
     <span class='ocr_line' id='line_1_28' title="bbox 234 2734 1578 2807; baseline 0.001 -21"><span class='ocrx_word' id='word_1_158' title='bbox 234 2734 578 2803; x_wconf 89' lang='lat' dir='ltr'>pernaturali</span> <span class='ocrx_word' id='word_1_159' title='bbox 606 2734 880 2807; x_wconf 81' lang='lat' dir='ltr'>subjicere</span> <span class='ocrx_word' id='word_1_160' title='bbox 904 2760 917 2803; x_wconf 91' lang='lat'>;</span> <span class='ocrx_word' id='word_1_161' title='bbox 942 2742 1145 2792; x_wconf 91' lang='lat' dir='ltr'>etcum</span> <span class='ocrx_word' id='word_1_162' title='bbox 1168 2734 1241 2789; x_wconf 88' lang='lat' dir='ltr'>sit</span> <span class='ocrx_word' id='word_1_163' title='bbox 1272 2734 1578 2806; x_wconf 88' lang='lat' dir='ltr'>participa-</span> 
     </span>
     <span class='ocr_line' id='line_1_29' title="bbox 229 2815 1578 2891; baseline 0.002 -22"><span class='ocrx_word' id='word_1_164' title='bbox 229 2815 307 2871; x_wconf 90' lang='lat' dir='ltr'>tio</span> <span class='ocrx_word' id='word_1_165' title='bbox 335 2815 587 2872; x_wconf 79' lang='lat' dir='ltr'>formalis</span> <span class='ocrx_word' id='word_1_166' title='bbox 617 2823 836 2874; x_wconf 60' lang='lat' dir='ltr'>naturae</span> <span class='ocrx_word' id='word_1_167' title='bbox 871 2817 1206 2891; x_wconf 90' lang='lat' dir='ltr'>superioris,</span> <span class='ocrx_word' id='word_1_168' title='bbox 1246 2815 1578 2872; x_wconf 85' lang='lat' dir='ltr'>dominatur</span> 
     </span>
     <span class='ocr_line' id='line_1_30' title="bbox 228 2897 1577 2971; baseline -0.001 -19"><span class='ocrx_word' id='word_1_169' title='bbox 228 2902 443 2953; x_wconf 81' lang='lat' dir='ltr'>naturae</span> <span class='ocrx_word' id='word_1_170' title='bbox 488 2898 771 2968; x_wconf 77' lang='lat' dir='ltr'>inferiori,</span> <span class='ocrx_word' id='word_1_171' title='bbox 840 2915 1077 2971; x_wconf 87' lang='lat' dir='ltr'>eamque</span> <span class='ocrx_word' id='word_1_172' title='bbox 1140 2897 1387 2953; x_wconf 84' lang='lat' dir='ltr'>subinde</span> <span class='ocrx_word' id='word_1_173' title='bbox 1447 2913 1577 2952; x_wconf 91' lang='lat' dir='ltr'>cum</span> 
     </span>
     <span class='ocr_line' id='line_1_31' title="bbox 226 2975 1579 3051; baseline 0.001 -19"><span class='ocrx_word' id='word_1_174' title='bbox 226 2976 487 3033; x_wconf 86' lang='lat' dir='ltr'>omnibus</span> <span class='ocrx_word' id='word_1_175' title='bbox 510 2980 627 3035; x_wconf 91' lang='lat' dir='ltr'>suis</span> <span class='ocrx_word' id='word_1_176' title='bbox 658 2980 947 3051; x_wconf 89' lang='lat' dir='ltr'>potentiis,</span> <span class='ocrx_word' id='word_1_177' title='bbox 999 2984 1055 3035; x_wconf 87' lang='lat' dir='ltr'>et</span> <span class='ocrx_word' id='word_1_178' title='bbox 1108 2975 1399 3034; x_wconf 77' lang='lat' dir='ltr'>affectibus</span> <span class='ocrx_word' id='word_1_179' title='bbox 1429 2994 1579 3049; x_wconf 81' lang='lat' dir='ltr'>prae-</span> 
     </span>
     <span class='ocr_line' id='line_1_32' title="bbox 222 3056 1109 3116; baseline 0.003 -4"><span class='ocrx_word' id='word_1_180' title='bbox 222 3056 369 3115; x_wconf 87' lang='lat' dir='ltr'>dicto</span> <span class='ocrx_word' id='word_1_181' title='bbox 391 3057 490 3113; x_wconf 86' lang='lat' dir='ltr'>fini</span> <span class='ocrx_word' id='word_1_182' title='bbox 518 3058 897 3116; x_wconf 88' lang='lat' dir='ltr'>subordinare</span> <span class='ocrx_word' id='word_1_183' title='bbox 940 3060 1109 3116; x_wconf 90' lang='lat' dir='ltr'>valet.</span> 
     </span>
     <span class='ocr_line' id='line_1_33' title="bbox 73 3138 1573 3231; baseline -0.001 -37"><span class='ocrx_word' id='word_1_184' title='bbox 73 3139 187 3231; x_wconf 47' lang='lat' dir='ltr'>&amp;unffi-</span> <span class='ocrx_word' id='word_1_185' title='bbox 296 3140 618 3211; x_wconf 83' lang='lat' dir='ltr'>Explicatur</span> <span class='ocrx_word' id='word_1_186' title='bbox 641 3143 756 3197; x_wconf 79' lang='lat' dir='ltr'>haec</span> <span class='ocrx_word' id='word_1_187' title='bbox 780 3141 943 3207; x_wconf 88' lang='lat' dir='ltr'>ratio,</span> <span class='ocrx_word' id='word_1_188' title='bbox 964 3146 1017 3198; x_wconf 90' lang='lat' dir='ltr'>et</span> <span class='ocrx_word' id='word_1_189' title='bbox 1048 3145 1282 3214; x_wconf 84' lang='lat' dir='ltr'>urgetur</span> <span class='ocrx_word' id='word_1_190' title='bbox 1304 3138 1573 3211; x_wconf 89' lang='lat' dir='ltr'>amplius:</span> 
     </span>
     <span class='ocr_line' id='line_1_34' title="bbox 75 3221 1578 3294; baseline -0.001 -19"><span class='ocrx_word' id='word_1_191' title='bbox 75 3237 121 3294; x_wconf 68' lang='lat' dir='ltr'>,iq</span> <span class='ocrx_word' id='word_1_192' title='bbox 145 3221 486 3292; x_wconf 81' lang='lat' dir='ltr'>su·quoniam</span> <span class='ocrx_word' id='word_1_193' title='bbox 504 3221 942 3288; x_wconf 83' lang='lat' dir='ltr'>innaturalibus</span> <span class='ocrx_word' id='word_1_194' title='bbox 965 3237 1081 3276; x_wconf 92' lang='lat' dir='ltr'>non</span> <span class='ocrx_word' id='word_1_195' title='bbox 1105 3225 1291 3292; x_wconf 91' lang='lat' dir='ltr'>posset</span> <span class='ocrx_word' id='word_1_196' title='bbox 1311 3221 1443 3276; x_wconf 91' lang='lat' dir='ltr'>volu</span> <span class='ocrx_word' id='word_1_197' title='bbox 1455 3227 1578 3275; x_wconf 87' lang='lat' dir='ltr'>ntas</span> 
     </span>
     <span class='ocr_line' id='line_1_35' title="bbox 75 3295 1577 3375; baseline -0.001 -19"><span class='ocrx_word' id='word_1_198' title='bbox 75 3295 182 3329; x_wconf 71' lang='lat'>‘¹¹⁰‘-</span> <span class='ocrx_word' id='word_1_199' title='bbox 218 3300 491 3375; x_wconf 87' lang='lat' dir='ltr'>subjicere</span> <span class='ocrx_word' id='word_1_200' title='bbox 534 3319 613 3370; x_wconf 88' lang='lat' dir='ltr'>se,</span> <span class='ocrx_word' id='word_1_201' title='bbox 673 3309 730 3360; x_wconf 88' lang='lat' dir='ltr'>et</span> <span class='ocrx_word' id='word_1_202' title='bbox 755 3319 956 3360; x_wconf 90' lang='lat' dir='ltr'>omnes</span> <span class='ocrx_word' id='word_1_203' title='bbox 1008 3301 1263 3358; x_wconf 88' lang='lat' dir='ltr'>hominis</span> <span class='ocrx_word' id='word_1_204' title='bbox 1294 3300 1577 3373; x_wconf 82' lang='lat' dir='ltr'>potentias</span> 
     </span>
     <span class='ocr_line' id='line_1_36' title="bbox 219 3382 1577 3456; baseline 0 -18"><span class='ocrx_word' id='word_1_205' title='bbox 219 3384 420 3442; x_wconf 89' lang='lat' dir='ltr'>ultimo</span> <span class='ocrx_word' id='word_1_206' title='bbox 447 3385 551 3441; x_wconf 86' lang='lat' dir='ltr'>fini</span> <span class='ocrx_word' id='word_1_207' title='bbox 570 3385 821 3441; x_wconf 89' lang='lat' dir='ltr'>naturali</span> <span class='ocrx_word' id='word_1_208' title='bbox 850 3400 949 3456; x_wconf 91' lang='lat' dir='ltr'>per</span> <span class='ocrx_word' id='word_1_209' title='bbox 969 3382 1246 3440; x_wconf 84' lang='lat' dir='ltr'>efficacem</span> <span class='ocrx_word' id='word_1_210' title='bbox 1269 3382 1390 3456; x_wconf 89' lang='lat' dir='ltr'>ejus</span> <span class='ocrx_word' id='word_1_211' title='bbox 1414 3398 1577 3438; x_wconf 90' lang='lat' dir='ltr'>amo-</span> 
     </span>
     <span class='ocr_line' id='line_1_37' title="bbox 219 3464 1578 3536; baseline -0.002 -16"><span class='ocrx_word' id='word_1_212' title='bbox 219 3480 357 3531; x_wconf 89' lang='lat' dir='ltr'>rem,</span> <span class='ocrx_word' id='word_1_213' title='bbox 392 3466 504 3521; x_wconf 91' lang='lat' dir='ltr'>nisi</span> <span class='ocrx_word' id='word_1_214' title='bbox 554 3465 1011 3526; x_wconf 62' lang='lat' dir='ltr'>radicareturdn</span> <span class='ocrx_word' id='word_1_215' title='bbox 1060 3464 1275 3527; x_wconf 87' lang='lat' dir='ltr'>anima,</span> <span class='ocrx_word' id='word_1_216' title='bbox 1332 3479 1455 3536; x_wconf 81' lang='lat' dir='ltr'>quae</span> <span class='ocrx_word' id='word_1_217' title='bbox 1492 3466 1578 3518; x_wconf 89' lang='lat' dir='ltr'>est</span> 
     </span>
     <span class='ocr_line' id='line_1_38' title="bbox 217 3543 1573 3620; baseline -0.002 -19"><span class='ocrx_word' id='word_1_218' title='bbox 217 3547 401 3618; x_wconf 88' lang='lat' dir='ltr'>prima</span> <span class='ocrx_word' id='word_1_219' title='bbox 419 3548 585 3604; x_wconf 87' lang='lat' dir='ltr'>radix</span> <span class='ocrx_word' id='word_1_220' title='bbox 600 3548 865 3604; x_wconf 90' lang='lat' dir='ltr'>omnium</span> <span class='ocrx_word' id='word_1_221' title='bbox 885 3547 1270 3620; x_wconf 88' lang='lat' dir='ltr'>potentiarum</span> <span class='ocrx_word' id='word_1_222' title='bbox 1295 3543 1573 3602; x_wconf 83' lang='lat' dir='ltr'>hominis:</span> 
     </span>
     <span class='ocr_line' id='line_1_39' title="bbox 210 3625 1575 3703; baseline -0.004 -19"><span class='ocrx_word' id='word_1_223' title='bbox 210 3644 344 3702; x_wconf 85' lang='lat' dir='ltr'>ergo</span> <span class='ocrx_word' id='word_1_224' title='bbox 384 3635 682 3703; x_wconf 83' lang='lat' dir='ltr'>repugnat,</span> <span class='ocrx_word' id='word_1_225' title='bbox 730 3628 877 3700; x_wconf 92' lang='lat' dir='ltr'>quod</span> <span class='ocrx_word' id='word_1_226' title='bbox 931 3630 994 3684; x_wconf 89' lang='lat' dir='ltr'>in</span> <span class='ocrx_word' id='word_1_227' title='bbox 1038 3625 1575 3701; x_wconf 86' lang='lat' dir='ltr'>supernaturalibus</span> 
     </span>
     <span class='ocr_line' id='line_1_40' title="bbox 214 3705 1576 3782; baseline -0.003 -18"><span class='ocrx_word' id='word_1_228' title='bbox 214 3711 402 3782; x_wconf 86' lang='lat' dir='ltr'>aliqua</span> <span class='ocrx_word' id='word_1_229' title='bbox 429 3711 614 3766; x_wconf 85' lang='lat' dir='ltr'>virtus</span> <span class='ocrx_word' id='word_1_230' title='bbox 630 3709 911 3766; x_wconf 88' lang='lat' dir='ltr'>voluntati</span> <span class='ocrx_word' id='word_1_231' title='bbox 930 3709 1209 3782; x_wconf 89' lang='lat' dir='ltr'>impressa</span> <span class='ocrx_word' id='word_1_232' title='bbox 1234 3705 1576 3763; x_wconf 90' lang='lat' dir='ltr'>subordinet</span> 
     </span>
     <span class='ocr_line' id='line_1_41' title="bbox 210 3784 1574 3861; baseline -0.001 -18"><span class='ocrx_word' id='word_1_233' title='bbox 210 3804 410 3846; x_wconf 91' lang='lat' dir='ltr'>omnes</span> <span class='ocrx_word' id='word_1_234' title='bbox 457 3790 715 3847; x_wconf 88' lang='lat' dir='ltr'>hominis</span> <span class='ocrx_word' id='word_1_235' title='bbox 764 3790 1046 3861; x_wconf 81' lang='lat' dir='ltr'>potentias</span> <span class='ocrx_word' id='word_1_236' title='bbox 1093 3792 1205 3845; x_wconf 89' lang='lat' dir='ltr'>Deo</span> <span class='ocrx_word' id='word_1_237' title='bbox 1233 3788 1440 3843; x_wconf 90' lang='lat' dir='ltr'>ultimo</span> <span class='ocrx_word' id='word_1_238' title='bbox 1467 3784 1574 3841; x_wconf 83' lang='lat' dir='ltr'>fini</span> 
     </span>
     <span class='ocr_line' id='line_1_42' title="bbox 212 3868 1575 3944; baseline -0.002 -18"><span class='ocrx_word' id='word_1_239' title='bbox 212 3873 637 3944; x_wconf 85' lang='lat' dir='ltr'>supernaturali</span> <span class='ocrx_word' id='word_1_240' title='bbox 682 3871 981 3930; x_wconf 86' lang='lat' dir='ltr'>efficaciter</span> <span class='ocrx_word' id='word_1_241' title='bbox 1032 3887 1204 3943; x_wconf 92' lang='lat' dir='ltr'>super</span> <span class='ocrx_word' id='word_1_242' title='bbox 1231 3869 1434 3926; x_wconf 89' lang='lat' dir='ltr'>omnia</span> <span class='ocrx_word' id='word_1_243' title='bbox 1479 3868 1575 3923; x_wconf 89' lang='lat' dir='ltr'>di·-</span> 
     </span>
     <span class='ocr_line' id='line_1_43' title="bbox 216 3947 1573 4025; baseline -0.001 -21"><span class='ocrx_word' id='word_1_244' title='bbox 216 3950 371 4014; x_wconf 88' lang='lat' dir='ltr'>lecto,</span> <span class='ocrx_word' id='word_1_245' title='bbox 407 3953 517 4008; x_wconf 90' lang='lat' dir='ltr'>nisi</span> <span class='ocrx_word' id='word_1_246' title='bbox 543 3953 669 4025; x_wconf 89' lang='lat' dir='ltr'>ipsa</span> <span class='ocrx_word' id='word_1_247' title='bbox 697 3952 881 4007; x_wconf 91' lang='lat' dir='ltr'>virtus</span> <span class='ocrx_word' id='word_1_248' title='bbox 907 3950 1322 4007; x_wconf 90' lang='lat' dir='ltr'>subordinetur</span> <span class='ocrx_word' id='word_1_249' title='bbox 1353 3947 1573 4021; x_wconf 80' lang='lat' dir='ltr'>princi—</span> 
     </span>
     <span class='ocr_line' id='line_1_44' title="bbox 215 4028 1573 4105; baseline -0.003 -19"><span class='ocrx_word' id='word_1_250' title='bbox 215 4031 307 4101; x_wconf 90' lang='lat' dir='ltr'>pio</span> <span class='ocrx_word' id='word_1_251' title='bbox 360 4033 620 4099; x_wconf 90' lang='lat' dir='ltr'>radicali,</span> <span class='ocrx_word' id='word_1_252' title='bbox 673 4033 818 4105; x_wconf 92' lang='lat' dir='ltr'>quod</span> <span class='ocrx_word' id='word_1_253' title='bbox 851 4033 1025 4104; x_wconf 84' lang='lat' dir='ltr'>possit</span> <span class='ocrx_word' id='word_1_254' title='bbox 1071 4047 1273 4087; x_wconf 90' lang='lat' dir='ltr'>omnes</span> <span class='ocrx_word' id='word_1_255' title='bbox 1318 4028 1573 4085; x_wconf 89' lang='lat' dir='ltr'>hominis</span> 
     </span>
     <span class='ocr_line' id='line_1_45' title="bbox 217 4109 1573 4183; baseline -0.004 -14"><span class='ocrx_word' id='word_1_256' title='bbox 217 4116 493 4183; x_wconf 88' lang='lat' dir='ltr'>potentias</span> <span class='ocrx_word' id='word_1_257' title='bbox 514 4130 766 4182; x_wconf 83' lang='lat' dir='ltr'>movere,</span> <span class='ocrx_word' id='word_1_258' title='bbox 794 4113 931 4169; x_wconf 88' lang='lat' dir='ltr'>etin</span> <span class='ocrx_word' id='word_1_259' title='bbox 952 4129 1046 4168; x_wconf 88' lang='lat' dir='ltr'>eas</span> <span class='ocrx_word' id='word_1_260' title='bbox 1068 4110 1311 4166; x_wconf 85' lang='lat' dir='ltr'>influere</span> <span class='ocrx_word' id='word_1_261' title='bbox 1343 4133 1356 4164; x_wconf 90' lang='lat'>:</span> <span class='ocrx_word' id='word_1_262' title='bbox 1382 4109 1573 4181; x_wconf 91' lang='lat' dir='ltr'>hujus-</span> 
     </span>
     <span class='ocr_line' id='line_1_46' title="bbox 215 4190 1571 4268; baseline -0.004 -19"><span class='ocrx_word' id='word_1_263' title='bbox 215 4193 365 4250; x_wconf 91' lang='lat' dir='ltr'>modi</span> <span class='ocrx_word' id='word_1_264' title='bbox 397 4211 533 4252; x_wconf 91' lang='lat' dir='ltr'>vero</span> <span class='ocrx_word' id='word_1_265' title='bbox 563 4194 916 4268; x_wconf 88' lang='lat' dir='ltr'>principium</span> <span class='ocrx_word' id='word_1_266' title='bbox 947 4191 1214 4254; x_wconf 86' lang='lat' dir='ltr'>radicale,</span> <span class='ocrx_word' id='word_1_267' title='bbox 1246 4195 1299 4246; x_wconf 89' lang='lat' dir='ltr'>et</span> <span class='ocrx_word' id='word_1_268' title='bbox 1329 4190 1571 4245; x_wconf 89' lang='lat' dir='ltr'>univer-</span> 
     </span>
     <span class='ocr_line' id='line_1_47' title="bbox 212 4271 1570 4348; baseline -0.002 -20"><span class='ocrx_word' id='word_1_269' title='bbox 212 4276 327 4330; x_wconf 87' lang='lat' dir='ltr'>sale</span> <span class='ocrx_word' id='word_1_270' title='bbox 352 4277 551 4348; x_wconf 89' lang='lat' dir='ltr'>nequit</span> <span class='ocrx_word' id='word_1_271' title='bbox 592 4274 750 4332; x_wconf 91' lang='lat' dir='ltr'>aliud</span> <span class='ocrx_word' id='word_1_272' title='bbox 776 4290 915 4338; x_wconf 83' lang='lat' dir='ltr'>esse,</span> <span class='ocrx_word' id='word_1_273' title='bbox 941 4289 1113 4346; x_wconf 91' lang='lat' dir='ltr'>quam</span> <span class='ocrx_word' id='word_1_274' title='bbox 1151 4271 1336 4346; x_wconf 85' lang='lat' dir='ltr'>gratia</span> <span class='ocrx_word' id='word_1_275' title='bbox 1357 4271 1570 4326; x_wconf 89' lang='lat' dir='ltr'>sancti-</span> 
     </span>
     <span class='ocr_line' id='line_1_48' title="bbox 212 4351 1569 4426; baseline -0.003 -17"><span class='ocrx_word' id='word_1_276' title='bbox 212 4353 401 4424; x_wconf 84' lang='lat' dir='ltr'>ficans,</span> <span class='ocrx_word' id='word_1_277' title='bbox 477 4373 611 4413; x_wconf 90' lang='lat' dir='ltr'>cum</span> <span class='ocrx_word' id='word_1_278' title='bbox 660 4356 783 4426; x_wconf 87' lang='lat' dir='ltr'>ipsa</span> <span class='ocrx_word' id='word_1_279' title='bbox 850 4356 972 4410; x_wconf 90' lang='lat' dir='ltr'>sola</span> <span class='ocrx_word' id='word_1_280' title='bbox 1017 4353 1222 4409; x_wconf 85' lang='lat' dir='ltr'>habeat</span> <span class='ocrx_word' id='word_1_281' title='bbox 1288 4351 1569 4407; x_wconf 89' lang='lat' dir='ltr'>rationem</span> 
     </span>
     <span class='ocr_line' id='line_1_49' title="bbox 212 4431 1571 4509; baseline -0.003 -18"><span class='ocrx_word' id='word_1_282' title='bbox 212 4443 432 4496; x_wconf 80' lang='lat' dir='ltr'>naturae</span> <span class='ocrx_word' id='word_1_283' title='bbox 460 4439 524 4495; x_wconf 90' lang='lat' dir='ltr'>in</span> <span class='ocrx_word' id='word_1_284' title='bbox 546 4436 753 4495; x_wconf 88' lang='lat' dir='ltr'>ordine</span> <span class='ocrx_word' id='word_1_285' title='bbox 773 4434 1201 4509; x_wconf 87' lang='lat' dir='ltr'>supernaturali</span> <span class='ocrx_word' id='word_1_286' title='bbox 1237 4455 1249 4489; x_wconf 74' lang='grc' dir='ltr'><strong><em>ε</em></strong></span> <span class='ocrx_word' id='word_1_287' title='bbox 1272 4449 1407 4506; x_wconf 83' lang='lat' dir='ltr'>ergo</span> <span class='ocrx_word' id='word_1_288' title='bbox 1432 4431 1571 4488; x_wconf 91' lang='lat' dir='ltr'>sub-</span> 
     </span>
     <span class='ocr_line' id='line_1_50' title="bbox 214 4513 1565 4593; baseline -0.003 -23"><span class='ocrx_word' id='word_1_289' title='bbox 214 4514 324 4573; x_wconf 88' lang='lat' dir='ltr'>lata</span> <span class='ocrx_word' id='word_1_290' title='bbox 365 4521 553 4593; x_wconf 83' lang='lat' dir='ltr'>gratia</span> <span class='ocrx_word' id='word_1_291' title='bbox 594 4518 1003 4583; x_wconf 85' lang='lat' dir='ltr'>sanctificante,</span> <span class='ocrx_word' id='word_1_292' title='bbox 1044 4513 1402 4587; x_wconf 88' lang='lat' dir='ltr'>impossibile</span> <span class='ocrx_word' id='word_1_293' title='bbox 1454 4517 1565 4580; x_wconf 87' lang='lat' dir='ltr'>est,</span> 
     </span>
     <span class='ocr_line' id='line_1_51' title="bbox 209 4595 1568 4673; baseline -0.003 -19"><span class='ocrx_word' id='word_1_294' title='bbox 209 4600 354 4668; x_wconf 90' lang='lat' dir='ltr'>quod</span> <span class='ocrx_word' id='word_1_295' title='bbox 378 4603 667 4666; x_wconf 89' lang='lat' dir='ltr'>voluntas,</span> <span class='ocrx_word' id='word_1_296' title='bbox 712 4599 1087 4673; x_wconf 86' lang='lat' dir='ltr'>quantumvis</span> <span class='ocrx_word' id='word_1_297' title='bbox 1137 4595 1568 4669; x_wconf 89' lang='lat' dir='ltr'>supernaturali</span> 
     </span>
     <span class='ocr_line' id='line_1_52' title="bbox 212 4677 1569 4746; baseline -0.001 -12"><span class='ocrx_word' id='word_1_298' title='bbox 212 4680 463 4739; x_wconf 89' lang='lat' dir='ltr'>motione</span> <span class='ocrx_word' id='word_1_299' title='bbox 496 4687 833 4738; x_wconf 87' lang='lat' dir='ltr'>transeunte</span> <span class='ocrx_word' id='word_1_300' title='bbox 878 4682 1154 4746; x_wconf 82' lang='lat' dir='ltr'>elevetur,</span> <span class='ocrx_word' id='word_1_301' title='bbox 1186 4677 1378 4734; x_wconf 88' lang='lat' dir='ltr'>eliciat</span> <span class='ocrx_word' id='word_1_302' title='bbox 1405 4691 1569 4732; x_wconf 92' lang='lat' dir='ltr'>amo-</span> 
     </span>
     <span class='ocr_line' id='line_1_53' title="bbox 212 4758 1569 4835; baseline -0.001 -21"><span class='ocrx_word' id='word_1_303' title='bbox 212 4773 332 4815; x_wconf 89' lang='lat' dir='ltr'>rem</span> <span class='ocrx_word' id='word_1_304' title='bbox 358 4762 677 4828; x_wconf 87' lang='lat' dir='ltr'>charitatis,</span> <span class='ocrx_word' id='word_1_305' title='bbox 728 4778 839 4835; x_wconf 93' lang='lat' dir='ltr'>quo</span> <span class='ocrx_word' id='word_1_306' title='bbox 866 4777 1066 4818; x_wconf 89' lang='lat' dir='ltr'>omnes</span> <span class='ocrx_word' id='word_1_307' title='bbox 1089 4758 1343 4815; x_wconf 85' lang='lat' dir='ltr'>hominis</span> <span class='ocrx_word' id='word_1_308' title='bbox 1366 4764 1569 4830; x_wconf 90' lang='lat' dir='ltr'>poten-</span> 
     </span>
     <span class='ocr_line' id='line_1_54' title="bbox 209 4838 1568 4913; baseline -0.001 -18"><span class='ocrx_word' id='word_1_309' title='bbox 209 4838 332 4906; x_wconf 83' lang='lat' dir='ltr'>tias,</span> <span class='ocrx_word' id='word_1_310' title='bbox 363 4848 418 4899; x_wconf 90' lang='lat' dir='ltr'>et</span> <span class='ocrx_word' id='word_1_311' title='bbox 447 4843 683 4900; x_wconf 77' lang='lat' dir='ltr'>affectus</span> <span class='ocrx_word' id='word_1_312' title='bbox 724 4844 837 4898; x_wconf 91' lang='lat' dir='ltr'>Deo</span> <span class='ocrx_word' id='word_1_313' title='bbox 865 4842 968 4897; x_wconf 86' lang='lat' dir='ltr'>fini</span> <span class='ocrx_word' id='word_1_314' title='bbox 992 4839 1418 4913; x_wconf 86' lang='lat' dir='ltr'>supernaturali</span> <span class='ocrx_word' id='word_1_315' title='bbox 1446 4838 1568 4894; x_wconf 83' lang='lat' dir='ltr'>effi-</span> 
     </span>
     <span class='ocr_line' id='line_1_55' title="bbox 209 4921 1569 4992; baseline -0.002 -15"><span class='ocrx_word' id='word_1_316' title='bbox 209 4922 409 4980; x_wconf 86' lang='lat' dir='ltr'>caciter</span> <span class='ocrx_word' id='word_1_317' title='bbox 455 4924 815 4981; x_wconf 76' lang='lat' dir='ltr'>subordinat.</span> <span class='ocrx_word' id='word_1_318' title='bbox 864 4924 1060 4980; x_wconf 90' lang='lat' dir='ltr'>Minor</span> <span class='ocrx_word' id='word_1_319' title='bbox 1105 4921 1459 4992; x_wconf 89' lang='lat' dir='ltr'>subsumpta,</span> <span class='ocrx_word' id='word_1_320' title='bbox 1514 4925 1569 4976; x_wconf 90' lang='lat' dir='ltr'>et</span> 
     </span>
     <span class='ocr_line' id='line_1_56' title="bbox 211 5001 1567 5077; baseline -0.002 -17"><span class='ocrx_word' id='word_1_321' title='bbox 211 5001 324 5059; x_wconf 76' lang='lat' dir='ltr'>haec</span> <span class='ocrx_word' id='word_1_322' title='bbox 345 5006 629 5076; x_wconf 89' lang='lat' dir='ltr'>posterior</span> <span class='ocrx_word' id='word_1_323' title='bbox 649 5005 1054 5077; x_wconf 87' lang='lat' dir='ltr'>consequentia</span> <span class='ocrx_word' id='word_1_324' title='bbox 1073 5007 1358 5061; x_wconf 86' lang='lat' dir='ltr'>constant.</span> <span class='ocrx_word' id='word_1_325' title='bbox 1388 5005 1567 5057; x_wconf 85' lang='lat' dir='ltr'>Ante-</span> 
     </span>
    </p>
   </div>
   <div class='ocr_carea' id='block_1_3' title="bbox 208 5082 1645 5161">
    <p class='ocr_par' dir='ltr' id='par_1_3' title="bbox 208 5082 1645 5161">
     <span class='ocr_line' id='line_1_57' title="bbox 208 5082 1645 5161; baseline -0.002 -24"><span class='ocrx_word' id='word_1_326' title='bbox 208 5082 411 5142; x_wconf 84' lang='lat' dir='ltr'>cedens</span> <span class='ocrx_word' id='word_1_327' title='bbox 461 5092 658 5144; x_wconf 89' lang='lat' dir='ltr'>autem</span> <span class='ocrx_word' id='word_1_328' title='bbox 703 5085 1152 5161; x_wconf 86' lang='lat' dir='ltr'>enthymematis</span> <span class='ocrx_word' id='word_1_329' title='bbox 1190 5082 1421 5141; x_wconf 88' lang='lat' dir='ltr'>videtur</span> <span class='ocrx_word' id='word_1_330' title='bbox 1448 5097 1569 5137; x_wconf 89' lang='lat' dir='ltr'>ma·</span> <span class='ocrx_word' id='word_1_331' title='bbox 1640 5131 1645 5134; x_wconf 82' lang='grc'><strong>,</strong></span> 
     </span>
    </p>
   </div>
   <div class='ocr_carea' id='block_1_4' title="bbox 1698 624 3316 5151">
    <p class='ocr_par' dir='ltr' id='par_1_4' title="bbox 1708 624 3082 2317">
     <span class='ocr_line' id='line_1_58' title="bbox 1717 624 3076 703; baseline 0.003 -22"><span class='ocrx_word' id='word_1_332' title='bbox 1717 624 2038 695; x_wconf 80' lang='lat' dir='ltr'>nifestum3</span> <span class='ocrx_word' id='word_1_333' title='bbox 2084 644 2218 685; x_wconf 91' lang='lat' dir='ltr'>nam</span> <span class='ocrx_word' id='word_1_334' title='bbox 2272 629 2524 702; x_wconf 90' lang='lat' dir='ltr'>potentia</span> <span class='ocrx_word' id='word_1_335' title='bbox 2576 630 2843 697; x_wconf 81' lang='lat' dir='ltr'>inferior,</span> <span class='ocrx_word' id='word_1_336' title='bbox 2886 628 3076 703; x_wconf 90' lang='lat' dir='ltr'>qualis</span> 
     </span>
     <span class='ocr_line' id='line_1_59' title="bbox 1716 708 3077 783; baseline 0.004 -22"><span class='ocrx_word' id='word_1_337' title='bbox 1716 710 1799 761; x_wconf 87' lang='lat' dir='ltr'>est</span> <span class='ocrx_word' id='word_1_338' title='bbox 1831 708 2113 777; x_wconf 77' lang='lat' dir='ltr'>voluntaS,</span> <span class='ocrx_word' id='word_1_339' title='bbox 2165 710 2362 783; x_wconf 88' lang='lat' dir='ltr'>nequit</span> <span class='ocrx_word' id='word_1_340' title='bbox 2387 710 2786 777; x_wconf 87' lang='lat' dir='ltr'>subordinare,</span> <span class='ocrx_word' id='word_1_341' title='bbox 2812 716 2868 766; x_wconf 89' lang='lat' dir='ltr'>et</span> <span class='ocrx_word' id='word_1_342' title='bbox 2887 711 3077 767; x_wconf 85' lang='lat' dir='ltr'>effica-</span> 
     </span>
     <span class='ocr_line' id='line_1_60' title="bbox 1715 784 3078 863; baseline 0.004 -23"><span class='ocrx_word' id='word_1_343' title='bbox 1715 784 1858 841; x_wconf 89' lang='lat' dir='ltr'>citer</span> <span class='ocrx_word' id='word_1_344' title='bbox 1879 803 2112 845; x_wconf 89' lang='lat' dir='ltr'>movere</span> <span class='ocrx_word' id='word_1_345' title='bbox 2140 790 2455 862; x_wconf 89' lang='lat' dir='ltr'>potentiam</span> <span class='ocrx_word' id='word_1_346' title='bbox 2483 791 2861 863; x_wconf 85' lang='lat' dir='ltr'>superiorem,</span> <span class='ocrx_word' id='word_1_347' title='bbox 2887 791 3078 863; x_wconf 87' lang='lat' dir='ltr'>qualis</span> 
     </span>
     <span class='ocr_line' id='line_1_61' title="bbox 1715 867 3082 944; baseline 0.004 -21"><span class='ocrx_word' id='word_1_348' title='bbox 1715 871 1799 923; x_wconf 89' lang='lat' dir='ltr'>est</span> <span class='ocrx_word' id='word_1_349' title='bbox 1825 867 2163 935; x_wconf 90' lang='lat' dir='ltr'>intellectus,</span> <span class='ocrx_word' id='word_1_350' title='bbox 2191 871 2306 927; x_wconf 88' lang='lat' dir='ltr'>nisi</span> <span class='ocrx_word' id='word_1_351' title='bbox 2325 872 2386 927; x_wconf 91' lang='lat' dir='ltr'>in</span> <span class='ocrx_word' id='word_1_352' title='bbox 2415 873 2630 928; x_wconf 89' lang='lat' dir='ltr'>virtute</span> <span class='ocrx_word' id='word_1_353' title='bbox 2659 872 2897 927; x_wconf 89' lang='lat' dir='ltr'>alterius</span> <span class='ocrx_word' id='word_1_354' title='bbox 2917 872 3082 944; x_wconf 90' lang='lat' dir='ltr'>prin-</span> 
     </span>
     <span class='ocr_line' id='line_1_62' title="bbox 1715 946 3073 1024; baseline 0.003 -22"><span class='ocrx_word' id='word_1_355' title='bbox 1715 946 1849 1018; x_wconf 90' lang='lat' dir='ltr'>cipii</span> <span class='ocrx_word' id='word_1_356' title='bbox 1897 948 2354 1017; x_wconf 81' lang='lat' dir='ltr'>universalioris,</span> <span class='ocrx_word' id='word_1_357' title='bbox 2391 952 2452 1006; x_wconf 92' lang='lat' dir='ltr'>in</span> <span class='ocrx_word' id='word_1_358' title='bbox 2473 968 2585 1024; x_wconf 91' lang='lat' dir='ltr'>quo</span> <span class='ocrx_word' id='word_1_359' title='bbox 2615 950 2903 1007; x_wconf 83' lang='lat' dir='ltr'>radicetur</span> <span class='ocrx_word' id='word_1_360' title='bbox 2936 966 3073 1015; x_wconf 91' lang='lat' dir='ltr'>una,</span> 
     </span>
     <span class='ocr_line' id='line_1_63' title="bbox 1715 1030 3079 1105; baseline 0.002 -21"><span class='ocrx_word' id='word_1_361' title='bbox 1715 1032 1772 1084; x_wconf 89' lang='lat' dir='ltr'>et</span> <span class='ocrx_word' id='word_1_362' title='bbox 1797 1030 1977 1087; x_wconf 89' lang='lat' dir='ltr'>altera</span> <span class='ocrx_word' id='word_1_363' title='bbox 2005 1032 2278 1103; x_wconf 85' lang='lat' dir='ltr'>potentia,</span> <span class='ocrx_word' id='word_1_364' title='bbox 2321 1037 2377 1089; x_wconf 90' lang='lat' dir='ltr'>et</span> <span class='ocrx_word' id='word_1_365' title='bbox 2401 1034 2491 1089; x_wconf 91' lang='lat' dir='ltr'>cui</span> <span class='ocrx_word' id='word_1_366' title='bbox 2522 1035 2585 1089; x_wconf 93' lang='lat' dir='ltr'>in</span> <span class='ocrx_word' id='word_1_367' title='bbox 2632 1031 2849 1105; x_wconf 81' lang='lat' dir='ltr'>agendo</span> <span class='ocrx_word' id='word_1_368' title='bbox 2869 1031 3079 1088; x_wconf 90' lang='lat' dir='ltr'>subor-</span> 
     </span>
     <span class='ocr_line' id='line_1_64' title="bbox 1714 1110 3072 1188; baseline 0.002 -22"><span class='ocrx_word' id='word_1_369' title='bbox 1714 1110 1947 1168; x_wconf 89' lang='lat' dir='ltr'>dinetur</span> <span class='ocrx_word' id='word_1_370' title='bbox 1974 1134 1987 1169; x_wconf 77' lang='lat' dir='ltr'><strong><em>z</em></strong></span> <span class='ocrx_word' id='word_1_371' title='bbox 2027 1114 2176 1186; x_wconf 90' lang='lat' dir='ltr'>quod</span> <span class='ocrx_word' id='word_1_372' title='bbox 2224 1115 2575 1188; x_wconf 90' lang='lat' dir='ltr'>principium</span> <span class='ocrx_word' id='word_1_373' title='bbox 2600 1116 2750 1171; x_wconf 88' lang='lat' dir='ltr'>nihil</span> <span class='ocrx_word' id='word_1_374' title='bbox 2781 1114 2940 1169; x_wconf 87' lang='lat' dir='ltr'>aliud</span> <span class='ocrx_word' id='word_1_375' title='bbox 2968 1119 3072 1178; x_wconf 88' lang='lat' dir='ltr'>est,</span> 
     </span>
     <span class='ocr_line' id='line_1_65' title="bbox 1713 1194 3079 1267; baseline 0.003 -20"><span class='ocrx_word' id='word_1_376' title='bbox 1713 1209 1886 1264; x_wconf 91' lang='lat' dir='ltr'>quam</span> <span class='ocrx_word' id='word_1_377' title='bbox 1911 1194 2125 1261; x_wconf 88' lang='lat' dir='ltr'>anima,</span> <span class='ocrx_word' id='word_1_378' title='bbox 2142 1196 2204 1250; x_wconf 92' lang='lat' dir='ltr'>in</span> <span class='ocrx_word' id='word_1_379' title='bbox 2229 1212 2341 1267; x_wconf 88' lang='lat' dir='ltr'>qua</span> <span class='ocrx_word' id='word_1_380' title='bbox 2370 1196 2711 1260; x_wconf 83' lang='lat' dir='ltr'>intellectus,</span> <span class='ocrx_word' id='word_1_381' title='bbox 2732 1201 2785 1252; x_wconf 88' lang='lat' dir='ltr'>et</span> <span class='ocrx_word' id='word_1_382' title='bbox 2809 1195 3079 1251; x_wconf 84' lang='lat' dir='ltr'>voluntas</span> 
     </span>
     <span class='ocr_line' id='line_1_66' title="bbox 1716 1271 3078 1349; baseline 0 -21"><span class='ocrx_word' id='word_1_383' title='bbox 1716 1271 2064 1330; x_wconf 87' lang='lat' dir='ltr'>radicantur.</span> <span class='ocrx_word' id='word_1_384' title='bbox 2118 1276 2536 1348; x_wconf 86' lang='lat' dir='ltr'>Consequentia</span> <span class='ocrx_word' id='word_1_385' title='bbox 2568 1275 2823 1349; x_wconf 88' lang='lat' dir='ltr'>ejusdem</span> <span class='ocrx_word' id='word_1_386' title='bbox 2862 1274 3078 1348; x_wconf 81' lang='lat' dir='ltr'>enthy-</span> 
     </span>
     <span class='ocr_line' id='line_1_67' title="bbox 1714 1355 3075 1429; baseline 0 -19"><span class='ocrx_word' id='word_1_387' title='bbox 1714 1355 1982 1411; x_wconf 90' lang='lat' dir='ltr'>mematis</span> <span class='ocrx_word' id='word_1_388' title='bbox 2031 1358 2206 1412; x_wconf 90' lang='lat' dir='ltr'>etiam</span> <span class='ocrx_word' id='word_1_389' title='bbox 2260 1364 2478 1413; x_wconf 89' lang='lat' dir='ltr'>constat</span> <span class='ocrx_word' id='word_1_390' title='bbox 2532 1375 2565 1414; x_wconf 91' lang='lat' dir='ltr'>a</span> <span class='ocrx_word' id='word_1_391' title='bbox 2612 1359 2888 1429; x_wconf 88' lang='lat' dir='ltr'>paritate;</span> <span class='ocrx_word' id='word_1_392' title='bbox 2938 1371 3075 1411; x_wconf 87' lang='lat' dir='ltr'>nam</span> 
     </span>
     <span class='ocr_line' id='line_1_68' title="bbox 1714 1438 3076 1513; baseline 0 -20"><span class='ocrx_word' id='word_1_393' title='bbox 1714 1438 1900 1493; x_wconf 75' lang='lat' dir='ltr'>virtus</span> <span class='ocrx_word' id='word_1_394' title='bbox 1952 1441 2234 1495; x_wconf 89' lang='lat' dir='ltr'>voluntati</span> <span class='ocrx_word' id='word_1_395' title='bbox 2283 1440 2565 1513; x_wconf 89' lang='lat' dir='ltr'>impressa</span> <span class='ocrx_word' id='word_1_396' title='bbox 2613 1438 3076 1497; x_wconf 87' lang='lat' dir='ltr'>accommodatur</span> 
     </span>
     <span class='ocr_line' id='line_1_69' title="bbox 1713 1517 3080 1594; baseline 0.001 -19"><span class='ocrx_word' id='word_1_397' title='bbox 1713 1519 1835 1591; x_wconf 83' lang='lat' dir='ltr'>ejus</span> <span class='ocrx_word' id='word_1_398' title='bbox 1875 1517 2074 1584; x_wconf 90' lang='lat' dir='ltr'>indoli,</span> <span class='ocrx_word' id='word_1_399' title='bbox 2106 1525 2161 1575; x_wconf 89' lang='lat' dir='ltr'>et</span> <span class='ocrx_word' id='word_1_400' title='bbox 2189 1526 2408 1577; x_wconf 77' lang='lat' dir='ltr'>naturae</span> <span class='ocrx_word' id='word_1_401' title='bbox 2436 1541 2450 1575; x_wconf 79' lang='lat' dir='ltr'><em>z</em></span> <span class='ocrx_word' id='word_1_402' title='bbox 2478 1537 2613 1594; x_wconf 82' lang='lat' dir='ltr'>ergo</span> <span class='ocrx_word' id='word_1_403' title='bbox 2639 1521 2784 1577; x_wconf 88' lang='lat' dir='ltr'>sicut</span> <span class='ocrx_word' id='word_1_404' title='bbox 2814 1520 3080 1576; x_wconf 89' lang='lat' dir='ltr'>voluntas</span> 
     </span>
     <span class='ocr_line' id='line_1_70' title="bbox 1716 1599 3080 1660; baseline 0.001 -5"><span class='ocrx_word' id='word_1_405' title='bbox 1716 1616 1833 1656; x_wconf 93' lang='lat' dir='ltr'>non</span> <span class='ocrx_word' id='word_1_406' title='bbox 1856 1599 2025 1657; x_wconf 86' lang='lat' dir='ltr'>habet</span> <span class='ocrx_word' id='word_1_407' title='bbox 2063 1601 2185 1657; x_wconf 91' lang='lat' dir='ltr'>vim</span> <span class='ocrx_word' id='word_1_408' title='bbox 2228 1603 2499 1660; x_wconf 90' lang='lat' dir='ltr'>movendi</span> <span class='ocrx_word' id='word_1_409' title='bbox 2528 1603 2828 1659; x_wconf 83' lang='lat' dir='ltr'>efficaciter</span> <span class='ocrx_word' id='word_1_410' title='bbox 2875 1618 3080 1660; x_wconf 86' lang='lat' dir='ltr'>omnes</span> 
     </span>
     <span class='ocr_line' id='line_1_71' title="bbox 1715 1680 3077 1756; baseline 0.001 -20"><span class='ocrx_word' id='word_1_411' title='bbox 1715 1680 1925 1736; x_wconf 71' lang='lat' dir='ltr'>animae</span> <span class='ocrx_word' id='word_1_412' title='bbox 1954 1682 2249 1753; x_wconf 86' lang='lat' dir='ltr'>potentias,</span> <span class='ocrx_word' id='word_1_413' title='bbox 2299 1683 2412 1738; x_wconf 91' lang='lat' dir='ltr'>nisi</span> <span class='ocrx_word' id='word_1_414' title='bbox 2461 1684 2522 1739; x_wconf 92' lang='lat' dir='ltr'>in</span> <span class='ocrx_word' id='word_1_415' title='bbox 2564 1683 2778 1739; x_wconf 88' lang='lat' dir='ltr'>virtute</span> <span class='ocrx_word' id='word_1_416' title='bbox 2807 1680 3077 1756; x_wconf 90' lang='lat' dir='ltr'>principii</span> 
     </span>
     <span class='ocr_line' id='line_1_72' title="bbox 1717 1759 3076 1828; baseline 0.001 -12"><span class='ocrx_word' id='word_1_417' title='bbox 1717 1759 2003 1827; x_wconf 77' lang='lat' dir='ltr'>radicaliS,</span> <span class='ocrx_word' id='word_1_418' title='bbox 2059 1762 2148 1817; x_wconf 90' lang='lat' dir='ltr'>cui</span> <span class='ocrx_word' id='word_1_419' title='bbox 2197 1761 2259 1816; x_wconf 91' lang='lat' dir='ltr'>in</span> <span class='ocrx_word' id='word_1_420' title='bbox 2307 1762 2590 1818; x_wconf 89' lang='lat' dir='ltr'>movendo</span> <span class='ocrx_word' id='word_1_421' title='bbox 2616 1762 3030 1818; x_wconf 89' lang='lat' dir='ltr'>subordinatur</span> <span class='ocrx_word' id='word_1_422' title='bbox 3060 1786 3076 1828; x_wconf 90' lang='lat'>;</span> 
     </span>
     <span class='ocr_line' id='line_1_73' title="bbox 1715 1840 3078 1916; baseline 0.001 -20"><span class='ocrx_word' id='word_1_423' title='bbox 1715 1841 1793 1896; x_wconf 90' lang='lat' dir='ltr'>ita</span> <span class='ocrx_word' id='word_1_424' title='bbox 1843 1840 2029 1895; x_wconf 90' lang='lat' dir='ltr'>virtus</span> <span class='ocrx_word' id='word_1_425' title='bbox 2068 1842 2354 1898; x_wconf 89' lang='lat' dir='ltr'>voluntati</span> <span class='ocrx_word' id='word_1_426' title='bbox 2422 1844 2700 1916; x_wconf 90' lang='lat' dir='ltr'>impressa</span> <span class='ocrx_word' id='word_1_427' title='bbox 2741 1859 2857 1899; x_wconf 90' lang='lat' dir='ltr'>non</span> <span class='ocrx_word' id='word_1_428' title='bbox 2900 1848 3078 1914; x_wconf 87' lang='lat' dir='ltr'>potest</span> 
     </span>
     <span class='ocr_line' id='line_1_74' title="bbox 1715 1920 3074 1996; baseline 0.003 -21"><span class='ocrx_word' id='word_1_429' title='bbox 1715 1920 1926 1977; x_wconf 88' lang='lat' dir='ltr'>habere</span> <span class='ocrx_word' id='word_1_430' title='bbox 1956 1921 2072 1976; x_wconf 91' lang='lat' dir='ltr'>vim</span> <span class='ocrx_word' id='word_1_431' title='bbox 2120 1920 2417 1977; x_wconf 85' lang='lat' dir='ltr'>efficaciter</span> <span class='ocrx_word' id='word_1_432' title='bbox 2445 1922 2715 1978; x_wconf 82' lang='lat' dir='ltr'>movendi</span> <span class='ocrx_word' id='word_1_433' title='bbox 2744 1938 2943 1980; x_wconf 86' lang='lat' dir='ltr'>omnes</span> <span class='ocrx_word' id='word_1_434' title='bbox 2968 1938 3074 1996; x_wconf 89' lang='lat' dir='ltr'>po-</span> 
     </span>
     <span class='ocr_line' id='line_1_75' title="bbox 1714 2001 3080 2075; baseline 0.001 -18"><span class='ocrx_word' id='word_1_435' title='bbox 1714 2003 1939 2067; x_wconf 89' lang='lat' dir='ltr'>tentias,</span> <span class='ocrx_word' id='word_1_436' title='bbox 1985 2017 2189 2073; x_wconf 88' lang='lat' dir='ltr'>easque</span> <span class='ocrx_word' id='word_1_437' title='bbox 2229 2001 2649 2063; x_wconf 86' lang='lat' dir='ltr'>subordinaudi</span> <span class='ocrx_word' id='word_1_438' title='bbox 2705 2004 2939 2075; x_wconf 89' lang='lat' dir='ltr'>proprio</span> <span class='ocrx_word' id='word_1_439' title='bbox 2983 2003 3080 2060; x_wconf 90' lang='lat' dir='ltr'>ob·</span> 
     </span>
     <span class='ocr_line' id='line_1_76' title="bbox 1708 2082 3074 2158; baseline -0.001 -18"><span class='ocrx_word' id='word_1_440' title='bbox 1708 2085 1874 2158; x_wconf 81' lang='lat' dir='ltr'>ject0,</span> <span class='ocrx_word' id='word_1_441' title='bbox 1920 2083 2032 2139; x_wconf 89' lang='lat' dir='ltr'>nisi</span> <span class='ocrx_word' id='word_1_442' title='bbox 2074 2082 2346 2140; x_wconf 80' lang='lat' dir='ltr'>fundetur</span> <span class='ocrx_word' id='word_1_443' title='bbox 2387 2085 2450 2140; x_wconf 90' lang='lat' dir='ltr'>in</span> <span class='ocrx_word' id='word_1_444' title='bbox 2499 2084 2781 2157; x_wconf 90' lang='lat' dir='ltr'>principio</span> <span class='ocrx_word' id='word_1_445' title='bbox 2838 2085 3074 2141; x_wconf 88' lang='lat' dir='ltr'>radicali</span> 
     </span>
     <span class='ocr_line' id='line_1_77' title="bbox 1713 2163 3078 2237; baseline -0.001 -16"><span class='ocrx_word' id='word_1_446' title='bbox 1713 2163 2106 2228; x_wconf 87' lang='lat' dir='ltr'>eminentiori,</span> <span class='ocrx_word' id='word_1_447' title='bbox 2168 2164 2318 2236; x_wconf 92' lang='lat' dir='ltr'>quod</span> <span class='ocrx_word' id='word_1_448' title='bbox 2379 2167 2552 2237; x_wconf 92' lang='lat' dir='ltr'>possit</span> <span class='ocrx_word' id='word_1_449' title='bbox 2597 2181 2798 2221; x_wconf 89' lang='lat' dir='ltr'>omnes</span> <span class='ocrx_word' id='word_1_450' title='bbox 2863 2166 3078 2222; x_wconf 78' lang='lat' dir='ltr'>animae</span> 
     </span>
     <span class='ocr_line' id='line_1_78' title="bbox 1716 2244 2849 2317; baseline -0.002 -16"><span class='ocrx_word' id='word_1_451' title='bbox 1716 2246 1995 2317; x_wconf 90' lang='lat' dir='ltr'>potentias</span> <span class='ocrx_word' id='word_1_452' title='bbox 2022 2259 2275 2309; x_wconf 79' lang='lat' dir='ltr'>movere,</span> <span class='ocrx_word' id='word_1_453' title='bbox 2301 2245 2441 2301; x_wconf 89' lang='lat' dir='ltr'>etin</span> <span class='ocrx_word' id='word_1_454' title='bbox 2460 2261 2555 2301; x_wconf 89' lang='lat' dir='ltr'>eas</span> <span class='ocrx_word' id='word_1_455' title='bbox 2582 2244 2849 2301; x_wconf 78' lang='lat' dir='ltr'>influere.</span> 
     </span>
    </p>

    <p class='ocr_par' dir='ltr' id='par_1_5' title="bbox 1698 2310 3316 5151">
     <span class='ocr_line' id='line_1_79' title="bbox 1788 2310 3296 2415; baseline 0.001 -34"><span class='ocrx_word' id='word_1_456' title='bbox 1788 2329 1917 2383; x_wconf 73' lang='lat'>207.</span> <span class='ocrx_word' id='word_1_457' title='bbox 1944 2310 2260 2399; x_wconf 78' lang='lat' dir='ltr'>Ex&#39;quibus</span> <span class='ocrx_word' id='word_1_458' title='bbox 2307 2332 2453 2398; x_wconf 89' lang='lat' dir='ltr'>patet</span> <span class='ocrx_word' id='word_1_459' title='bbox 2496 2326 2565 2383; x_wconf 87' lang='lat' dir='ltr'>ad</span> <span class='ocrx_word' id='word_1_460' title='bbox 2604 2342 2687 2390; x_wconf 87' lang='lat' dir='ltr'>ea,</span> <span class='ocrx_word' id='word_1_461' title='bbox 2715 2324 2919 2399; x_wconf 88' lang='lat' dir='ltr'>quibus</span> <span class='ocrx_word' id='word_1_462' title='bbox 2953 2342 3074 2383; x_wconf 89' lang='lat' dir='ltr'>res·</span> <span class='ocrx_word' id='word_1_463' title='bbox 3096 2323 3296 2415; x_wconf 51' lang='lat' dir='ltr'>virutum-</span> 
     </span>
     <span class='ocr_line' id='line_1_80' title="bbox 1715 2382 3316 2482; baseline 0.002 -19"><span class='ocrx_word' id='word_1_464' title='bbox 1715 2407 1914 2479; x_wconf 91' lang='lat' dir='ltr'>ponsio</span> <span class='ocrx_word' id='word_1_465' title='bbox 1964 2425 2117 2463; x_wconf 76' lang='lat' dir='ltr'>num.</span> <span class='ocrx_word' id='word_1_466' title='bbox 2166 2408 2275 2462; x_wconf 72' lang='lat'>204</span> <span class='ocrx_word' id='word_1_467' title='bbox 2315 2407 2448 2463; x_wconf 90' lang='lat' dir='ltr'>data</span> <span class='ocrx_word' id='word_1_468' title='bbox 2488 2405 2874 2464; x_wconf 83' lang='lat' dir='ltr'>fulciebatur:</span> <span class='ocrx_word' id='word_1_469' title='bbox 2930 2382 3316 2482; x_wconf 56' lang='lat' dir='ltr'>namrffflffik</span> 
     </span>
     <span class='ocr_line' id='line_1_81' title="bbox 1716 2479 3264 2560; baseline 0 -18"><span class='ocrx_word' id='word_1_470' title='bbox 1716 2487 1991 2560; x_wconf 90' lang='lat' dir='ltr'>primum,</span> <span class='ocrx_word' id='word_1_471' title='bbox 2035 2492 2090 2543; x_wconf 93' lang='lat' dir='ltr'>et</span> <span class='ocrx_word' id='word_1_472' title='bbox 2118 2488 2438 2560; x_wconf 89' lang='lat' dir='ltr'>principale</span> <span class='ocrx_word' id='word_1_473' title='bbox 2467 2487 2817 2560; x_wconf 86' lang='lat' dir='ltr'>principium</span> <span class='ocrx_word' id='word_1_474' title='bbox 2857 2486 3074 2543; x_wconf 82' lang='lat' dir='ltr'>effecti·</span> <span class='ocrx_word' id='word_1_475' title='bbox 3114 2479 3264 2516; x_wconf 74' lang='lat'>¹¹&#39;⁰¹¹¹·</span> 
     </span>
     <span class='ocr_line' id='line_1_82' title="bbox 1714 2566 3069 2640; baseline 0 -16"><span class='ocrx_word' id='word_1_476' title='bbox 1714 2585 1851 2624; x_wconf 89' lang='lat' dir='ltr'>vum</span> <span class='ocrx_word' id='word_1_477' title='bbox 1905 2568 2119 2625; x_wconf 89' lang='lat' dir='ltr'>amoris</span> <span class='ocrx_word' id='word_1_478' title='bbox 2162 2568 2458 2624; x_wconf 88' lang='lat' dir='ltr'>charitatis</span> <span class='ocrx_word' id='word_1_479' title='bbox 2500 2584 2618 2624; x_wconf 90' lang='lat' dir='ltr'>non</span> <span class='ocrx_word' id='word_1_480' title='bbox 2668 2566 2891 2630; x_wconf 84' lang='lat' dir='ltr'>sufficit,</span> <span class='ocrx_word' id='word_1_481' title='bbox 2920 2568 3069 2640; x_wconf 91' lang='lat' dir='ltr'>quod</span> 
     </span>
     <span class='ocr_line' id='line_1_83' title="bbox 1712 2648 3077 2721; baseline 0.003 -19"><span class='ocrx_word' id='word_1_482' title='bbox 1712 2649 1786 2703; x_wconf 90' lang='lat' dir='ltr'>sit</span> <span class='ocrx_word' id='word_1_483' title='bbox 1806 2651 1959 2705; x_wconf 88' lang='lat' dir='ltr'>solus</span> <span class='ocrx_word' id='word_1_484' title='bbox 1989 2651 2153 2712; x_wconf 76' lang='lat' dir='ltr'>DeuS,</span> <span class='ocrx_word' id='word_1_485' title='bbox 2187 2649 2277 2704; x_wconf 90' lang='lat' dir='ltr'>cui</span> <span class='ocrx_word' id='word_1_486' title='bbox 2305 2648 2491 2704; x_wconf 90' lang='lat' dir='ltr'>virtus</span> <span class='ocrx_word' id='word_1_487' title='bbox 2521 2648 2783 2721; x_wconf 87' lang='lat' dir='ltr'>proxime</span> <span class='ocrx_word' id='word_1_488' title='bbox 2817 2648 3077 2706; x_wconf 79' lang='lat' dir='ltr'>effectiva</span> 
     </span>
     <span class='ocr_line' id='line_1_84' title="bbox 1714 2729 3076 2803; baseline 0 -17"><span class='ocrx_word' id='word_1_489' title='bbox 1714 2730 1967 2802; x_wconf 82' lang='lat' dir='ltr'>praedicti</span> <span class='ocrx_word' id='word_1_490' title='bbox 1993 2735 2147 2787; x_wconf 88' lang='lat' dir='ltr'>actus</span> <span class='ocrx_word' id='word_1_491' title='bbox 2167 2729 2578 2786; x_wconf 88' lang='lat' dir='ltr'>subordinetur</span> <span class='ocrx_word' id='word_1_492' title='bbox 2598 2754 2612 2797; x_wconf 89' lang='lat'>;</span> <span class='ocrx_word' id='word_1_493' title='bbox 2629 2729 2726 2785; x_wconf 85' lang='lat' dir='ltr'>sed</span> <span class='ocrx_word' id='word_1_494' title='bbox 2753 2730 3076 2803; x_wconf 86' lang='lat' dir='ltr'>requiritur</span> 
     </span>
     <span class='ocr_line' id='line_1_85' title="bbox 1713 2812 3073 2887; baseline 0.001 -19"><span class='ocrx_word' id='word_1_495' title='bbox 1713 2812 1940 2887; x_wconf 90' lang='lat' dir='ltr'>aliquod</span> <span class='ocrx_word' id='word_1_496' title='bbox 1971 2812 2225 2885; x_wconf 91' lang='lat' dir='ltr'>primum</span> <span class='ocrx_word' id='word_1_497' title='bbox 2252 2812 2606 2885; x_wconf 89' lang='lat' dir='ltr'>principium</span> <span class='ocrx_word' id='word_1_498' title='bbox 2632 2812 2951 2885; x_wconf 88' lang='lat' dir='ltr'>principale</span> <span class='ocrx_word' id='word_1_499' title='bbox 2974 2813 3073 2869; x_wconf 89' lang='lat' dir='ltr'>in-</span> 
     </span>
     <span class='ocr_line' id='line_1_86' title="bbox 1711 2894 3072 2967; baseline 0.003 -18"><span class='ocrx_word' id='word_1_500' title='bbox 1711 2895 2047 2960; x_wconf 70' lang='lat' dir='ltr'>trinsecum,</span> <span class='ocrx_word' id='word_1_501' title='bbox 2074 2894 2146 2951; x_wconf 90' lang='lat' dir='ltr'>ob</span> <span class='ocrx_word' id='word_1_502' title='bbox 2177 2896 2460 2953; x_wconf 88' lang='lat' dir='ltr'>rationem</span> <span class='ocrx_word' id='word_1_503' title='bbox 2483 2911 2655 2967; x_wconf 88' lang='lat' dir='ltr'>supra</span> <span class='ocrx_word' id='word_1_504' title='bbox 2679 2895 2887 2951; x_wconf 81' lang='lat' dir='ltr'>factam</span> <span class='ocrx_word' id='word_1_505' title='bbox 2917 2914 3072 2953; x_wconf 72' lang='lat' dir='ltr'>mam.</span> 
     </span>
     <span class='ocr_line' id='line_1_87' title="bbox 1710 2975 3072 3049; baseline 0.001 -19"><span class='ocrx_word' id='word_1_506' title='bbox 1710 2977 1855 3042; x_wconf 80' lang='lat'>203,</span> <span class='ocrx_word' id='word_1_507' title='bbox 1912 2975 2062 3048; x_wconf 91' lang='lat' dir='ltr'>quod</span> <span class='ocrx_word' id='word_1_508' title='bbox 2093 2976 2443 3049; x_wconf 91' lang='lat' dir='ltr'>principium</span> <span class='ocrx_word' id='word_1_509' title='bbox 2499 2975 2698 3048; x_wconf 90' lang='lat' dir='ltr'>nequit</span> <span class='ocrx_word' id='word_1_510' title='bbox 2739 2991 2861 3032; x_wconf 88' lang='lat' dir='ltr'>esse</span> <span class='ocrx_word' id='word_1_511' title='bbox 2890 2976 3072 3041; x_wconf 91' lang='lat' dir='ltr'>aliud,</span> 
     </span>
     <span class='ocr_line' id='line_1_88' title="bbox 1710 3055 3078 3130; baseline 0 -18"><span class='ocrx_word' id='word_1_512' title='bbox 1710 3073 1883 3128; x_wconf 90' lang='lat' dir='ltr'>quam</span> <span class='ocrx_word' id='word_1_513' title='bbox 1905 3057 2092 3130; x_wconf 82' lang='lat' dir='ltr'>gratia</span> <span class='ocrx_word' id='word_1_514' title='bbox 2118 3056 2572 3121; x_wconf 87' lang='lat' dir='ltr'>sanctificans,ut</span> <span class='ocrx_word' id='word_1_515' title='bbox 2594 3055 2864 3112; x_wconf 90' lang='lat' dir='ltr'>hactenus</span> <span class='ocrx_word' id='word_1_516' title='bbox 2892 3062 3078 3114; x_wconf 87' lang='lat' dir='ltr'>osten-</span> 
     </span>
     <span class='ocr_line' id='line_1_89' title="bbox 1709 3137 3076 3209; baseline -0.001 -16"><span class='ocrx_word' id='word_1_517' title='bbox 1709 3138 1922 3194; x_wconf 78' lang='lat' dir='ltr'>dimuS.</span> <span class='ocrx_word' id='word_1_518' title='bbox 1982 3141 2094 3194; x_wconf 84' lang='lat' dir='ltr'>Nec</span> <span class='ocrx_word' id='word_1_519' title='bbox 2128 3139 2451 3209; x_wconf 90' lang='lat' dir='ltr'>oppositum</span> <span class='ocrx_word' id='word_1_520' title='bbox 2503 3137 2782 3193; x_wconf 87' lang='lat' dir='ltr'>evincunt</span> <span class='ocrx_word' id='word_1_521' title='bbox 2809 3137 3076 3208; x_wconf 89' lang='lat' dir='ltr'>exempla</span> 
     </span>
     <span class='ocr_line' id='line_1_90' title="bbox 1710 3218 3072 3292; baseline -0.001 -18"><span class='ocrx_word' id='word_1_522' title='bbox 1710 3219 1926 3275; x_wconf 87' lang='lat' dir='ltr'>ibidem</span> <span class='ocrx_word' id='word_1_523' title='bbox 1977 3221 2303 3292; x_wconf 82' lang='lat' dir='ltr'>proposita3</span> <span class='ocrx_word' id='word_1_524' title='bbox 2354 3235 2491 3275; x_wconf 87' lang='lat' dir='ltr'>nam</span> <span class='ocrx_word' id='word_1_525' title='bbox 2519 3224 2709 3274; x_wconf 90' lang='lat' dir='ltr'>motus</span> <span class='ocrx_word' id='word_1_526' title='bbox 2745 3218 2925 3274; x_wconf 91' lang='lat' dir='ltr'>maris</span> <span class='ocrx_word' id='word_1_527' title='bbox 2955 3232 3072 3273; x_wconf 86' lang='lat' dir='ltr'>non</span> 
     </span>
     <span class='ocr_line' id='line_1_91' title="bbox 1708 3296 3076 3369; baseline -0.003 -14"><span class='ocrx_word' id='word_1_528' title='bbox 1708 3303 1793 3355; x_wconf 90' lang='lat' dir='ltr'>est</span> <span class='ocrx_word' id='word_1_529' title='bbox 1817 3298 2074 3355; x_wconf 77' lang='lat' dir='ltr'>effective</span> <span class='ocrx_word' id='word_1_530' title='bbox 2102 3298 2170 3353; x_wconf 91' lang='lat' dir='ltr'>ab</span> <span class='ocrx_word' id='word_1_531' title='bbox 2200 3299 2320 3362; x_wconf 94' lang='lat' dir='ltr'>illo,</span> <span class='ocrx_word' id='word_1_532' title='bbox 2353 3296 2452 3352; x_wconf 88' lang='lat' dir='ltr'>sed</span> <span class='ocrx_word' id='word_1_533' title='bbox 2480 3313 2512 3351; x_wconf 89' lang='lat' dir='ltr'>a</span> <span class='ocrx_word' id='word_1_534' title='bbox 2541 3296 2828 3369; x_wconf 88' lang='lat' dir='ltr'>principio</span> <span class='ocrx_word' id='word_1_535' title='bbox 2854 3296 3076 3352; x_wconf 89' lang='lat' dir='ltr'>extrin-</span> 
     </span>
     <span class='ocr_line' id='line_1_92' title="bbox 1708 3376 3072 3449; baseline -0.001 -16"><span class='ocrx_word' id='word_1_536' title='bbox 1708 3395 1852 3444; x_wconf 82' lang='lat' dir='ltr'>seco,</span> <span class='ocrx_word' id='word_1_537' title='bbox 1884 3394 2015 3433; x_wconf 89' lang='lat' dir='ltr'>cum</span> <span class='ocrx_word' id='word_1_538' title='bbox 2037 3377 2110 3432; x_wconf 91' lang='lat' dir='ltr'>sit</span> <span class='ocrx_word' id='word_1_539' title='bbox 2132 3383 2320 3433; x_wconf 88' lang='lat' dir='ltr'>motus</span> <span class='ocrx_word' id='word_1_540' title='bbox 2349 3391 2467 3432; x_wconf 87' lang='lat' dir='ltr'>non</span> <span class='ocrx_word' id='word_1_541' title='bbox 2493 3377 2691 3433; x_wconf 89' lang='lat' dir='ltr'>vitalis</span> <span class='ocrx_word' id='word_1_542' title='bbox 2725 3399 2737 3434; x_wconf 73' lang='grc' dir='ltr'><strong>ε</strong></span> <span class='ocrx_word' id='word_1_543' title='bbox 2780 3376 2940 3449; x_wconf 86' lang='lat' dir='ltr'>cujus</span> <span class='ocrx_word' id='word_1_544' title='bbox 2965 3391 3072 3448; x_wconf 78' lang='lat' dir='ltr'>op-</span> 
     </span>
     <span class='ocr_line' id='line_1_93' title="bbox 1711 3456 3071 3532; baseline -0.002 -18"><span class='ocrx_word' id='word_1_545' title='bbox 1711 3459 1956 3532; x_wconf 88' lang='lat' dir='ltr'>positum</span> <span class='ocrx_word' id='word_1_546' title='bbox 1999 3457 2199 3513; x_wconf 90' lang='lat' dir='ltr'>accidit</span> <span class='ocrx_word' id='word_1_547' title='bbox 2241 3456 2302 3512; x_wconf 92' lang='lat' dir='ltr'>in</span> <span class='ocrx_word' id='word_1_548' title='bbox 2344 3472 2540 3512; x_wconf 89' lang='lat' dir='ltr'>amore</span> <span class='ocrx_word' id='word_1_549' title='bbox 2564 3457 2878 3522; x_wconf 80' lang='lat' dir='ltr'>charitatiS,</span> <span class='ocrx_word' id='word_1_550' title='bbox 2915 3460 2974 3510; x_wconf 90' lang='lat' dir='ltr'>ut</span> <span class='ocrx_word' id='word_1_551' title='bbox 2997 3471 3071 3512; x_wconf 90' lang='lat' dir='ltr'>ex</span> 
     </span>
     <span class='ocr_line' id='line_1_94' title="bbox 1707 3538 3247 3631; baseline -0.003 -36"><span class='ocrx_word' id='word_1_552' title='bbox 1707 3556 1767 3596; x_wconf 91' lang='lat' dir='ltr'>se</span> <span class='ocrx_word' id='word_1_553' title='bbox 1792 3540 1988 3612; x_wconf 89' lang='lat' dir='ltr'>liquet.</span> <span class='ocrx_word' id='word_1_554' title='bbox 2039 3540 2323 3595; x_wconf 88' lang='lat' dir='ltr'>Similiter</span> <span class='ocrx_word' id='word_1_555' title='bbox 2364 3543 2570 3601; x_wconf 78' lang='lat' dir='ltr'>motuS,</span> <span class='ocrx_word' id='word_1_556' title='bbox 2614 3554 2726 3610; x_wconf 90' lang='lat' dir='ltr'>quo</span> <span class='ocrx_word' id='word_1_557' title='bbox 2757 3538 2901 3610; x_wconf 89' lang='lat' dir='ltr'>lapis</span> <span class='ocrx_word' id='word_1_558' title='bbox 2935 3553 3133 3631; x_wconf 76' lang='lat' dir='ltr'>sur-D,</span> <span class='ocrx_word' id='word_1_559' title='bbox 3238 3594 3247 3601; x_wconf 73' lang='grc'><strong>,</strong></span> 
     </span>
     <span class='ocr_line' id='line_1_95' title="bbox 1707 3602 3282 3691; baseline -0.001 -15"><span class='ocrx_word' id='word_1_560' title='bbox 1707 3637 1835 3676; x_wconf 92' lang='lat' dir='ltr'>sum</span> <span class='ocrx_word' id='word_1_561' title='bbox 1865 3618 2134 3687; x_wconf 87' lang='lat' dir='ltr'>ascendit,</span> <span class='ocrx_word' id='word_1_562' title='bbox 2163 3635 2265 3676; x_wconf 89' lang='lat' dir='ltr'>nec</span> <span class='ocrx_word' id='word_1_563' title='bbox 2291 3622 2375 3675; x_wconf 90' lang='lat' dir='ltr'>est</span> <span class='ocrx_word' id='word_1_564' title='bbox 2415 3618 2629 3683; x_wconf 89' lang='lat' dir='ltr'>vitalis,</span> <span class='ocrx_word' id='word_1_565' title='bbox 2660 3635 2761 3674; x_wconf 91' lang='lat' dir='ltr'>nec</span> <span class='ocrx_word' id='word_1_566' title='bbox 2791 3619 2900 3691; x_wconf 90' lang='lat' dir='ltr'>ipsi</span> <span class='ocrx_word' id='word_1_567' title='bbox 2927 3602 3282 3688; x_wconf 52' lang='lat' dir='ltr'>con—taquffiss}</span> 
     </span>
     <span class='ocr_line' id='line_1_96' title="bbox 1708 3698 3265 3783; baseline -0.004 -25"><span class='ocrx_word' id='word_1_568' title='bbox 1708 3701 2037 3765; x_wconf 87' lang='lat' dir='ltr'>naturalis;</span> <span class='ocrx_word' id='word_1_569' title='bbox 2086 3699 2184 3756; x_wconf 89' lang='lat' dir='ltr'>sed</span> <span class='ocrx_word' id='word_1_570' title='bbox 2225 3699 2466 3755; x_wconf 89' lang='lat' dir='ltr'>omnino</span> <span class='ocrx_word' id='word_1_571' title='bbox 2522 3698 2806 3754; x_wconf 88' lang='lat' dir='ltr'>violentus</span> <span class='ocrx_word' id='word_1_572' title='bbox 2832 3740 2844 3764; x_wconf 88' lang='lat'>,</span> <span class='ocrx_word' id='word_1_573' title='bbox 2901 3699 3265 3783; x_wconf 50' lang='lat' dir='ltr'>atqueffissffiffl</span> 
     </span>
     <span class='ocr_line' id='line_1_97' title="bbox 1709 3774 3239 3852; baseline -0.005 -11"><span class='ocrx_word' id='word_1_574' title='bbox 1709 3785 1835 3841; x_wconf 90' lang='lat' dir='ltr'>ideo</span> <span class='ocrx_word' id='word_1_575' title='bbox 1857 3783 1927 3839; x_wconf 92' lang='lat' dir='ltr'>ab</span> <span class='ocrx_word' id='word_1_576' title='bbox 1951 3782 2291 3845; x_wconf 86' lang='lat' dir='ltr'>extrinseco,</span> <span class='ocrx_word' id='word_1_577' title='bbox 2326 3794 2531 3851; x_wconf 87' lang='lat' dir='ltr'>nempe</span> <span class='ocrx_word' id='word_1_578' title='bbox 2558 3795 2627 3834; x_wconf 88' lang='lat' dir='ltr'>ex</span> <span class='ocrx_word' id='word_1_579' title='bbox 2657 3780 2909 3852; x_wconf 90' lang='lat' dir='ltr'>impulsu</span> <span class='ocrx_word' id='word_1_580' title='bbox 2939 3774 3064 3851; x_wconf 71' lang='lat' dir='ltr'>p&#39;ro-</span> <span class='ocrx_word' id='word_1_581' title='bbox 3106 3787 3239 3845; x_wconf 47' lang='lat' dir='ltr'>ussi</span> 
     </span>
     <span class='ocr_line' id='line_1_98' title="bbox 1702 3837 3268 3938; baseline -0.003 -19"><span class='ocrx_word' id='word_1_582' title='bbox 1702 3863 1954 3938; x_wconf 85' lang='lat' dir='ltr'>jicientis</span> <span class='ocrx_word' id='word_1_583' title='bbox 1981 3862 2188 3934; x_wconf 90' lang='lat' dir='ltr'>ipsum.</span> <span class='ocrx_word' id='word_1_584' title='bbox 2216 3863 2387 3915; x_wconf 84' lang='lat' dir='ltr'>Actus</span> <span class='ocrx_word' id='word_1_585' title='bbox 2415 3864 2607 3914; x_wconf 89' lang='lat' dir='ltr'>autem</span> <span class='ocrx_word' id='word_1_586' title='bbox 2639 3858 2821 3923; x_wconf 83' lang='lat' dir='ltr'>Fidei,</span> <span class='ocrx_word' id='word_1_587' title='bbox 2847 3865 2902 3915; x_wconf 86' lang='lat' dir='ltr'>et</span> <span class='ocrx_word' id='word_1_588' title='bbox 2930 3858 3061 3931; x_wconf 85' lang='lat' dir='ltr'>Spei</span> <span class='ocrx_word' id='word_1_589' title='bbox 3077 3837 3268 3931; x_wconf 58' lang='lat'>⁸¹¹1‘2&#39;12}⁰‘</span> 
     </span>
     <span class='ocr_line' id='line_1_99' title="bbox 1706 3939 3065 4015; baseline -0.004 -13"><span class='ocrx_word' id='word_1_590' title='bbox 1706 3947 1909 4003; x_wconf 89' lang='lat' dir='ltr'>vitales</span> <span class='ocrx_word' id='word_1_591' title='bbox 1928 3949 2081 4009; x_wconf 89' lang='lat' dir='ltr'>sunt,</span> <span class='ocrx_word' id='word_1_592' title='bbox 2110 3948 2165 4000; x_wconf 89' lang='lat' dir='ltr'>et</span> <span class='ocrx_word' id='word_1_593' title='bbox 2189 3941 2657 4015; x_wconf 88' lang='lat' dir='ltr'>supernaturales</span> <span class='ocrx_word' id='word_1_594' title='bbox 2685 3962 2697 3996; x_wconf 73' lang='lat' dir='ltr'><strong><em>z</em></strong></span> <span class='ocrx_word' id='word_1_595' title='bbox 2725 3939 2825 3997; x_wconf 89' lang='lat' dir='ltr'>sed</span> <span class='ocrx_word' id='word_1_596' title='bbox 2854 3941 3065 3997; x_wconf 79' lang='lat' dir='ltr'>nihilo·</span> 
     </span>
     <span class='ocr_line' id='line_1_100' title="bbox 1706 4023 3064 4098; baseline -0.004 -14"><span class='ocrx_word' id='word_1_597' title='bbox 1706 4030 1904 4084; x_wconf 91' lang='lat' dir='ltr'>minus</span> <span class='ocrx_word' id='word_1_598' title='bbox 1946 4034 2063 4083; x_wconf 79' lang='lat' dir='ltr'>n‘on</span> <span class='ocrx_word' id='word_1_599' title='bbox 2091 4026 2384 4098; x_wconf 82' lang='lat' dir='ltr'>attingunt</span> <span class='ocrx_word' id='word_1_600' title='bbox 2427 4040 2498 4079; x_wconf 90' lang='lat' dir='ltr'>ex</span> <span class='ocrx_word' id='word_1_601' title='bbox 2524 4023 2708 4095; x_wconf 91' lang='lat' dir='ltr'>specie</span> <span class='ocrx_word' id='word_1_602' title='bbox 2753 4025 3064 4081; x_wconf 88' lang='lat' dir='ltr'>sua.Deum</span> 
     </span>
     <span class='ocr_line' id='line_1_101' title="bbox 1703 4105 3066 4178; baseline -0.003 -12"><span class='ocrx_word' id='word_1_603' title='bbox 1703 4110 1808 4166; x_wconf 91' lang='lat' dir='ltr'>sub</span> <span class='ocrx_word' id='word_1_604' title='bbox 1840 4109 2060 4165; x_wconf 88' lang='lat' dir='ltr'>ratione</span> <span class='ocrx_word' id='word_1_605' title='bbox 2088 4106 2564 4173; x_wconf 77' lang='lat' dir='ltr'>ultimifiniS,nec</span> <span class='ocrx_word' id='word_1_606' title='bbox 2585 4105 2694 4178; x_wconf 90' lang='lat' dir='ltr'>ipsi</span> <span class='ocrx_word' id='word_1_607' title='bbox 2718 4105 2822 4162; x_wconf 91' lang='lat' dir='ltr'>sub</span> <span class='ocrx_word' id='word_1_608' title='bbox 2852 4105 2951 4162; x_wconf 89' lang='lat' dir='ltr'>tali</span> <span class='ocrx_word' id='word_1_609' title='bbox 2977 4121 3066 4162; x_wconf 89' lang='lat' dir='ltr'>ra-</span> 
     </span>
     <span class='ocr_line' id='line_1_102' title="bbox 1704 4186 3062 4252; baseline -0.003 -5"><span class='ocrx_word' id='word_1_610' title='bbox 1704 4192 1860 4248; x_wconf 91' lang='lat' dir='ltr'>tione</span> <span class='ocrx_word' id='word_1_611' title='bbox 1885 4187 2266 4246; x_wconf 88' lang='lat' dir='ltr'>essentialiter</span> <span class='ocrx_word' id='word_1_612' title='bbox 2292 4186 2764 4252; x_wconf 88' lang='lat' dir='ltr'>subordinantur,</span> <span class='ocrx_word' id='word_1_613' title='bbox 2796 4191 2852 4243; x_wconf 88' lang='lat' dir='ltr'>et</span> <span class='ocrx_word' id='word_1_614' title='bbox 2876 4187 3062 4243; x_wconf 91' lang='lat' dir='ltr'>multo</span> 
     </span>
     <span class='ocr_line' id='line_1_103' title="bbox 1703 4266 3066 4344; baseline -0.005 -16"><span class='ocrx_word' id='word_1_615' title='bbox 1703 4273 1900 4328; x_wconf 89' lang='lat' dir='ltr'>minus</span> <span class='ocrx_word' id='word_1_616' title='bbox 1919 4269 2221 4344; x_wconf 89' lang='lat' dir='ltr'>proprium</span> <span class='ocrx_word' id='word_1_617' title='bbox 2245 4269 2624 4342; x_wconf 85' lang='lat' dir='ltr'>suppositum,</span> <span class='ocrx_word' id='word_1_618' title='bbox 2644 4272 2700 4323; x_wconf 90' lang='lat' dir='ltr'>et</span> <span class='ocrx_word' id='word_1_619' title='bbox 2719 4266 2917 4323; x_wconf 89' lang='lat' dir='ltr'>omnia</span> <span class='ocrx_word' id='word_1_620' title='bbox 2941 4267 3066 4339; x_wconf 88' lang='lat' dir='ltr'>ejus</span> 
     </span>
     <span class='ocr_line' id='line_1_104' title="bbox 1702 4345 3059 4426; baseline -0.005 -18"><span class='ocrx_word' id='word_1_621' title='bbox 1702 4352 1973 4426; x_wconf 74' lang='lat' dir='ltr'>praedicto</span> <span class='ocrx_word' id='word_1_622' title='bbox 2038 4349 2143 4405; x_wconf 84' lang='lat' dir='ltr'>fini</span> <span class='ocrx_word' id='word_1_623' title='bbox 2190 4347 2576 4405; x_wconf 88' lang='lat' dir='ltr'>subordinant</span> <span class='ocrx_word' id='word_1_624' title='bbox 2611 4366 2622 4401; x_wconf 74' lang='grc' dir='ltr'><strong>ε</strong></span> <span class='ocrx_word' id='word_1_625' title='bbox 2673 4345 2770 4402; x_wconf 90' lang='lat' dir='ltr'>sed</span> <span class='ocrx_word' id='word_1_626' title='bbox 2841 4351 3059 4419; x_wconf 88' lang='lat' dir='ltr'>queunt</span> 
     </span>
     <span class='ocr_line' id='line_1_105' title="bbox 1704 4426 3066 4507; baseline -0.006 -16"><span class='ocrx_word' id='word_1_627' title='bbox 1704 4433 1998 4507; x_wconf 81' lang='lat' dir='ltr'>praecisive</span> <span class='ocrx_word' id='word_1_628' title='bbox 2037 4431 2237 4486; x_wconf 90' lang='lat' dir='ltr'>sistere</span> <span class='ocrx_word' id='word_1_629' title='bbox 2267 4429 2330 4484; x_wconf 92' lang='lat' dir='ltr'>in</span> <span class='ocrx_word' id='word_1_630' title='bbox 2360 4427 2507 4484; x_wconf 91' lang='lat' dir='ltr'>bono</span> <span class='ocrx_word' id='word_1_631' title='bbox 2537 4426 2771 4499; x_wconf 86' lang='lat' dir='ltr'>proprio</span> <span class='ocrx_word' id='word_1_632' title='bbox 2800 4427 2863 4482; x_wconf 89' lang='lat' dir='ltr'>iu</span> <span class='ocrx_word' id='word_1_633' title='bbox 2902 4443 3066 4483; x_wconf 91' lang='lat' dir='ltr'>com-</span> 
     </span>
     <span class='ocr_line' id='line_1_106' title="bbox 1703 4506 3065 4582; baseline -0.006 -12"><span class='ocrx_word' id='word_1_634' title='bbox 1703 4513 1890 4578; x_wconf 90' lang='lat' dir='ltr'>muni,</span> <span class='ocrx_word' id='word_1_635' title='bbox 1916 4508 2065 4582; x_wconf 92' lang='lat' dir='ltr'>quod</span> <span class='ocrx_word' id='word_1_636' title='bbox 2090 4514 2176 4564; x_wconf 87' lang='lat' dir='ltr'>est</span> <span class='ocrx_word' id='word_1_637' title='bbox 2203 4508 2441 4562; x_wconf 91' lang='lat' dir='ltr'>ultimus</span> <span class='ocrx_word' id='word_1_638' title='bbox 2481 4506 2614 4562; x_wconf 79' lang='lat' dir='ltr'>finis</span> <span class='ocrx_word' id='word_1_639' title='bbox 2661 4506 2982 4577; x_wconf 80' lang='lat' dir='ltr'>peccatoriS,</span> <span class='ocrx_word' id='word_1_640' title='bbox 3007 4513 3065 4563; x_wconf 90' lang='lat' dir='ltr'>et</span> 
     </span>
     <span class='ocr_line' id='line_1_107' title="bbox 1703 4585 3063 4665; baseline -0.005 -17"><span class='ocrx_word' id='word_1_641' title='bbox 1703 4593 1773 4650; x_wconf 91' lang='lat' dir='ltr'>ad</span> <span class='ocrx_word' id='word_1_642' title='bbox 1796 4591 1966 4665; x_wconf 92' lang='lat' dir='ltr'>quod,</span> <span class='ocrx_word' id='word_1_643' title='bbox 2016 4587 2244 4661; x_wconf 89' lang='lat' dir='ltr'>quando</span> <span class='ocrx_word' id='word_1_644' title='bbox 2295 4586 2499 4642; x_wconf 91' lang='lat' dir='ltr'>ordine</span> <span class='ocrx_word' id='word_1_645' title='bbox 2550 4585 2845 4641; x_wconf 86' lang='lat' dir='ltr'>eharitatis</span> <span class='ocrx_word' id='word_1_646' title='bbox 2884 4585 3063 4642; x_wconf 91' lang='lat' dir='ltr'>desti-</span> 
     </span>
     <span class='ocr_line' id='line_1_108' title="bbox 1702 4665 3061 4736; baseline -0.005 -6"><span class='ocrx_word' id='word_1_647' title='bbox 1702 4678 1963 4736; x_wconf 89' lang='lat' dir='ltr'>tuuntur,</span> <span class='ocrx_word' id='word_1_648' title='bbox 2012 4668 2216 4724; x_wconf 91' lang='lat' dir='ltr'>saltem</span> <span class='ocrx_word' id='word_1_649' title='bbox 2244 4667 2617 4722; x_wconf 70' lang='lat' dir='ltr'>habitualiter</span> <span class='ocrx_word' id='word_1_650' title='bbox 2665 4665 3016 4723; x_wconf 90' lang='lat' dir='ltr'>ordinantur</span> <span class='ocrx_word' id='word_1_651' title='bbox 3047 4711 3061 4723; x_wconf 91' lang='lat'><strong>.</strong></span> 
     </span>
     <span class='ocr_line' id='line_1_109' title="bbox 1704 4746 3068 4820; baseline -0.007 -10"><span class='ocrx_word' id='word_1_652' title='bbox 1704 4753 1871 4810; x_wconf 90' lang='lat' dir='ltr'>Unde</span> <span class='ocrx_word' id='word_1_653' title='bbox 1917 4765 2034 4806; x_wconf 92' lang='lat' dir='ltr'>non</span> <span class='ocrx_word' id='word_1_654' title='bbox 2081 4753 2391 4820; x_wconf 86' lang='lat' dir='ltr'>exposcunt</span> <span class='ocrx_word' id='word_1_655' title='bbox 2436 4747 2823 4803; x_wconf 87' lang='lat' dir='ltr'>essentialiter</span> <span class='ocrx_word' id='word_1_656' title='bbox 2844 4746 3068 4818; x_wconf 87' lang='lat' dir='ltr'>prinei-</span> 
     </span>
     <span class='ocr_line' id='line_1_110' title="bbox 1704 4828 3070 4909; baseline -0.007 -17"><span class='ocrx_word' id='word_1_657' title='bbox 1704 4838 1865 4909; x_wconf 91' lang='lat' dir='ltr'>pium</span> <span class='ocrx_word' id='word_1_658' title='bbox 1898 4831 2163 4895; x_wconf 88' lang='lat' dir='ltr'>radicale,</span> <span class='ocrx_word' id='word_1_659' title='bbox 2197 4829 2345 4902; x_wconf 90' lang='lat' dir='ltr'>quod</span> <span class='ocrx_word' id='word_1_660' title='bbox 2370 4829 2543 4902; x_wconf 86' lang='lat' dir='ltr'>possit</span> <span class='ocrx_word' id='word_1_661' title='bbox 2570 4844 2770 4885; x_wconf 87' lang='lat' dir='ltr'>omnes</span> <span class='ocrx_word' id='word_1_662' title='bbox 2811 4828 3070 4884; x_wconf 89' lang='lat' dir='ltr'>hominis</span> 
     </span>
     <span class='ocr_line' id='line_1_111' title="bbox 1703 4907 3069 4990; baseline -0.007 -17"><span class='ocrx_word' id='word_1_663' title='bbox 1703 4913 2006 4990; x_wconf 88' lang='lat' dir='ltr'>potentias,</span> <span class='ocrx_word' id='word_1_664' title='bbox 2061 4916 2116 4967; x_wconf 90' lang='lat' dir='ltr'>et</span> <span class='ocrx_word' id='word_1_665' title='bbox 2143 4911 2504 4983; x_wconf 89' lang='lat' dir='ltr'>operationes</span> <span class='ocrx_word' id='word_1_666' title='bbox 2553 4912 2666 4966; x_wconf 91' lang='lat' dir='ltr'>Deo</span> <span class='ocrx_word' id='word_1_667' title='bbox 2717 4909 2923 4966; x_wconf 88' lang='lat' dir='ltr'>ultimo</span> <span class='ocrx_word' id='word_1_668' title='bbox 2964 4907 3069 4964; x_wconf 88' lang='lat' dir='ltr'>fini</span> 
     </span>
     <span class='ocr_line' id='line_1_112' title="bbox 1699 4989 3070 5074; baseline -0.006 -21"><span class='ocrx_word' id='word_1_669' title='bbox 1699 4991 2132 5068; x_wconf 90' lang='lat' dir='ltr'>supernaturali</span> <span class='ocrx_word' id='word_1_670' title='bbox 2178 4990 2456 5065; x_wconf 73' lang='lat' dir='ltr'>suincere</span> <span class='ocrx_word' id='word_1_671' title='bbox 2484 5012 2496 5046; x_wconf 75' lang='grc' dir='ltr'>ε</span> <span class='ocrx_word' id='word_1_672' title='bbox 2527 4989 2626 5048; x_wconf 88' lang='lat' dir='ltr'>sed</span> <span class='ocrx_word' id='word_1_673' title='bbox 2665 4992 2855 5048; x_wconf 89' lang='lat' dir='ltr'>solum</span> <span class='ocrx_word' id='word_1_674' title='bbox 2900 4989 3070 5074; x_wconf 76' lang='lat' dir='ltr'>illud,</span> 
     </span>
     <span class='ocr_line' id='line_1_113' title="bbox 1698 5070 3078 5151; baseline -0.005 -18"><span class='ocrx_word' id='word_1_675' title='bbox 1698 5075 1850 5151; x_wconf 91' lang='lat' dir='ltr'>quod</span> <span class='ocrx_word' id='word_1_676' title='bbox 1874 5073 2052 5150; x_wconf 87' lang='lat' dir='ltr'>possit</span> <span class='ocrx_word' id='word_1_677' title='bbox 2103 5071 2302 5130; x_wconf 88' lang='lat' dir='ltr'>omnia</span> <span class='ocrx_word' id='word_1_678' title='bbox 2324 5071 2443 5128; x_wconf 73' lang='lat' dir='ltr'>haec</span> <span class='ocrx_word' id='word_1_679' title='bbox 2483 5071 2553 5128; x_wconf 92' lang='lat' dir='ltr'>ad</span> <span class='ocrx_word' id='word_1_680' title='bbox 2582 5070 2795 5129; x_wconf 90' lang='lat' dir='ltr'>bonum</span> <span class='ocrx_word' id='word_1_681' title='bbox 2825 5071 2886 5128; x_wconf 90' lang='lat' dir='ltr'>in</span> <span class='ocrx_word' id='word_1_682' title='bbox 2912 5085 3078 5127; x_wconf 87' lang='lat' dir='ltr'>com—</span> 
     </span>
    </p>
   </div>
  </div>
 </body>
</html>
