3647 5753
1393 355 1571 411 DISP.
1615 354 1711 419 vl,
1755 352 1924 407 DUB.
1968 352 2037 406 11.
3030 349 3129 404 821

261 535 499 601 ceptam
525 536 984 603 consequuntur3
1010 544 1150 603 opus
1172 537 1366 586 tamen
1394 543 1511 585 non
1532 531 1634 592 est,

264 609 428 684 quod
469 619 761 668 mereatur
788 612 1017 669 effectus
1046 612 1335 676 formales,
1367 610 1464 682 qui
1520 623 1639 664 non

263 700 706 765 consequuntur
761 693 829 750 ad
871 694 1123 751 formam
1170 694 1252 749 ita
1304 696 1635 763 acceptam:

263 770 407 828 fieri
430 773 589 828 enim
614 778 810 846 potest,
836 772 983 847 quod
1015 773 1219 847 aliquis
1242 789 1311 828 ex
1349 770 1637 843 praedictis

263 853 588 920 effectibus,
620 860 676 911 et
704 856 891 911 forma
922 862 981 910 ut
1004 856 1134 912 illos
1164 853 1424 910 inferens
1469 868 1635 909 exce-

261 934 416 991 dant
442 934 744 991 moraliter
766 937 1022 991 valorem
1069 934 1284 998 meriti,
1311 949 1482 1006 quem
1512 933 1635 989 for-

259 1031 370 1071 ma
415 1015 730 1071 secundum
772 1031 832 1072 se
860 1020 1079 1087 accepta
1129 1030 1246 1071 non
1292 1012 1531 1070 excedit.
1565 1014 1634 1068 Et

257 1096 349 1152 ita
377 1094 579 1151 accidit
606 1097 670 1151 in
718 1103 911 1153 nostro
953 1112 1114 1162 casu;
1152 1112 1290 1152 nam
1324 1094 1632 1151 destructio

256 1176 507 1233 maculae
529 1192 647 1233 non
672 1177 927 1250 sequitur
950 1175 1019 1233 ad
1046 1177 1293 1250 gratiam
1315 1174 1628 1232 secundum

257 1273 347 1322 se,
383 1256 480 1313 sed
510 1256 580 1313 ad
618 1260 866 1332 gratiam
910 1264 971 1313 ut
1014 1257 1264 1314 dandam
1315 1257 1625 1331 peccatori3

258 1338 378 1394 sub
405 1356 515 1411 qua
547 1341 767 1396 ratione
794 1341 1040 1412 explicat
1067 1341 1345 1415 majorem
1374 1340 1629 1396 aestima-

259 1419 575 1485 imitatem,
607 1425 663 1477 et
689 1420 875 1494 majus
904 1420 1139 1484 donum,
1166 1437 1336 1494 quam
1365 1418 1629 1477 conside-

259 1506 395 1557 rata
414 1502 727 1558 secundum
755 1518 816 1558 se
842 1526 855 1568 ;
884 1502 1051 1560 habet
1073 1503 1231 1559 enim
1263 1499 1627 1574 inseparabi-

259 1582 407 1637 liter
451 1597 741 1639 annexam
775 1583 1174 1639 remissionem
1222 1582 1451 1639 offensae
1497 1579 1628 1637 infi-

256 1661 422 1727 nitae,
451 1666 513 1716 ut
551 1667 773 1720 constat
797 1679 868 1719 ex
920 1662 1193 1719 hactenus
1240 1662 1425 1718 dictis.
1461 1659 1627 1718 Unde

253 1743 408 1798 sicut
441 1759 510 1799 ex
555 1758 641 1805 eo,
673 1741 822 1814 quod
868 1744 995 1815 quis
1041 1750 1334 1800 mereatur
1373 1741 1443 1799 de
1486 1758 1625 1798 con-

252 1820 440 1896 digno
464 1823 712 1897 gratiam
756 1823 1069 1879 secundum
1097 1840 1176 1887 se,
1210 1839 1327 1881 non
1375 1823 1624 1880 infertur

251 1901 412 1973 quod
457 1901 658 1959 eodem
705 1901 877 1959 modo
929 1909 1221 1959 mereatur
1272 1902 1520 1977 gratiam
1563 1910 1626 1959 ut

249 1980 511 2039 dandam
542 1985 838 2055 peccatori,
865 1989 923 2040 et
962 1984 1296 2041 afferentem
1326 1984 1625 2041 remissio-

251 2078 394 2118 nem
423 2062 650 2119 offensae
676 2085 689 2120 ε
716 2064 795 2120 ita
811 2081 881 2121 ex
903 2082 989 2129 eo,
1015 2063 1163 2138 quod
1186 2071 1475 2120 mereatur
1495 2081 1622 2138 gra·

249 2143 399 2199 tiam
427 2144 741 2200 secundum
770 2162 850 2211 se,
878 2161 996 2202 non
1020 2146 1289 2211 infertur,
1322 2145 1470 2218 quod
1500 2161 1623 2218 pos·

245 2225 333 2279 sit
358 2225 572 2281 mereri
595 2226 845 2298 gratiam
895 2232 956 2282 ut
982 2225 1380 2283 excludentem
1425 2241 1621 2299 pecca-

249 2308 379 2358 tum
402 2346 415 2368 ,
442 2305 533 2359 vel
581 2306 731 2377 quod
768 2314 1058 2362 mereatur
1106 2307 1345 2362 maculae
1373 2305 1622 2363 destruc·

248 2385 499 2441 tionem.
531 2385 690 2449 Quod
713 2389 887 2443 etiam
915 2389 1195 2462 contingit
1225 2388 1286 2442 in
1332 2387 1615 2462 physicis;

251 2481 395 2521 nam
423 2465 726 2538 disponere
753 2485 806 2524 v.
839 2486 891 2543 g.
926 2471 1231 2526 materiam
1270 2469 1339 2525 ad
1369 2469 1617 2526 formam

250 2547 427 2622 ignis,
478 2555 562 2604 est
609 2548 839 2606 effectus
881 2552 1089 2607 caloris
1121 2558 1212 2619 ;et
1258 2556 1452 2609 tamen
1500 2567 1619 2608 non

248 2630 534 2700 sequitur,
580 2630 727 2703 quod
776 2631 933 2687 calor
970 2633 1066 2704 qui
1123 2632 1336 2689 virtute
1386 2632 1618 2706 propria

248 2709 516 2780 producit
536 2710 807 2772 calorem,
843 2712 1017 2781 possit
1037 2712 1234 2769 eadem
1260 2713 1475 2769 virtute
1495 2712 1617 2768 dis-

248 2804 467 2861 ponere
518 2790 701 2846 active
747 2788 819 2845 ad
876 2790 1122 2847 formam
1173 2792 1325 2866 ignis
1344 2817 1358 2860 ;
1412 2791 1509 2850 sed
1556 2792 1615 2849 id

245 2873 482 2942 praestat
510 2869 572 2927 in
595 2871 812 2928 virtute
838 2871 1189 2939 substantiae,
1222 2874 1311 2930 cui
1354 2872 1614 2931 subordi-

243 2956 422 3007 natur
451 2951 513 3005 in
541 2953 888 3026 attingentia
912 2953 1164 3027 praedicti
1188 2955 1435 3012 effectus.

95 3043 231 3138 &tgr
317 3032 408 3087 46.
456 3034 569 3088 Nee
590 3033 783 3096 refert,
809 3033 956 3105 quod
985 3033 1291 3091 destructio
1317 3036 1499 3106 culpas
1537 3034 1613 3090 sit

242 3113 475 3170 effectus
519 3114 782 3172 formalis
828 3118 1043 3188 gratim,
1090 3124 1143 3172 et
1189 3114 1337 3188 quod
1384 3116 1612 3172 effectus

244 3192 506 3250 formalis
535 3200 780 3269 nequeat
806 3197 1065 3252 valorem
1091 3196 1291 3252 formae
1316 3195 1606 3252 excedere.

245 3277 374 3339 Hoc,
432 3276 691 3348 inquam,
739 3291 855 3331 non
907 3280 1114 3341 resert;
1170 3275 1446 3347 quoniam
1494 3291 1610 3332 non

243 3355 573 3412 verificatur
616 3357 1045 3422 universaliter,
1081 3357 1190 3411 nisi
1231 3358 1292 3412 in
1319 3357 1611 3414 effectibus

247 3436 604 3505 formalibus,
651 3439 749 3510 qui
795 3438 996 3494 formae
1042 3438 1358 3495 secundum
1406 3455 1467 3496 se
1515 3455 1610 3495 ac-

245 3524 415 3591 ceptae
439 3519 913 3592 correspondent;
960 3518 1296 3577 falsificatur
1326 3527 1516 3577 autem
1545 3521 1609 3577 in

245 3601 328 3657 eis
354 3599 663 3666 effectibus,
696 3603 793 3673 qui
838 3607 1042 3673 praeter
1084 3603 1332 3659 formam
1383 3604 1609 3676 impor-

246 3686 367 3737 tant
389 3682 500 3738 alia
517 3688 839 3747 connotata,
862 3683 1086 3739 ratione
1106 3700 1349 3756 quorum
1375 3690 1609 3756 possunt

246 3779 515 3834 superare
555 3763 813 3818 valorem
856 3763 1057 3820 formae
1097 3763 1469 3822 consideratas
1514 3783 1607 3823 se-

246 3843 490 3899 cundum
519 3860 597 3901 se.
625 3843 784 3908 Quod
808 3850 957 3915 patet
980 3845 1042 3901 in
1065 3848 1328 3918 exemplo
1345 3848 1606 3919 proxime

247 3923 507 3992 adduct03
540 3942 674 3981 nam
718 3924 846 3981 fieri
892 3927 1145 3982 calidum
1175 3928 1508 4001 dispositive
1535 3928 1604 3984 ad

247 4007 488 4063 formam
519 4007 687 4079 ignis,
717 4022 833 4063 non
860 4014 944 4063 est
964 4007 1192 4064 effectus
1220 4009 1483 4066 formalis
1509 4026 1605 4066 ca-

248 4088 380 4145 loris
423 4088 636 4160 sumpti
684 4089 998 4144 secundum
1046 4107 1120 4154 se,
1171 4092 1268 4147 sed
1309 4094 1515 4148 caloris
1544 4099 1605 4149 ut

245 4169 503 4240 provenit
531 4185 564 4224 a
590 4168 907 4225 substantia
934 4172 1298 4250 generantis3
1322 4178 1378 4227 et
1406 4173 1484 4228 ita
1510 4189 1604 4229 ex·

247 4250 410 4322 plicat
426 4250 702 4323 majorem
724 4251 1130 4323 perfectionem
1154 4270 1325 4325 supra
1353 4255 1600 4312 calorem

244 4330 549 4387 secundum
577 4347 656 4395 se,
683 4337 738 4387 et
770 4333 1061 4404 praecisive
1083 4341 1369 4407 acceptum
1400 4357 1413 4390 ε
1437 4343 1603 4409 atque

247 4413 366 4469 ideo
424 4414 610 4468 virtus
664 4415 1001 4486 principalis
1056 4417 1227 4472 unius
1279 4420 1486 4474 caloris
1532 4420 1601 4476 ad

248 4492 417 4548 alium
447 4494 697 4548 calorem
727 4494 1147 4551 consideratum
1176 4497 1489 4553 secundum
1517 4516 1597 4565 se,

249 4577 358 4629 non
384 4579 470 4629 est
507 4572 696 4628 virtus
727 4575 1062 4647 principalis
1102 4575 1171 4632 ad
1199 4578 1319 4652 ejus
1340 4579 1599 4637 effectum

250 4653 558 4720 formalem,
609 4655 707 4727 qui
754 4663 839 4711 est
885 4656 1186 4729 disponere
1232 4659 1302 4714 ad
1342 4660 1602 4717 substan-

250 4734 398 4799 tiam,
424 4734 523 4791 sed
548 4735 730 4809 major
751 4737 936 4791 virtus
962 4739 1295 4811 requiritur.
1317 4741 1601 4798 Similiter

251 4814 495 4872 radicare
519 4832 619 4887 per
642 4815 876 4873 modum
904 4824 1123 4874 natura)
1141 4820 1423 4893 justitiam
1452 4837 1601 4878 com-

248 4896 578 4951 mutativam
605 4896 673 4951 ad
695 4897 1053 4954 offerendum
1070 4900 1412 4975 condignam
1440 4903 1601 4959 satis-

252 4975 540 5034 factionem
565 4994 667 5050 pro
687 4980 850 5052 gravi
879 4978 1095 5037 offensa
1125 4983 1241 5050 Dei,
1267 4991 1351 5040 est
1370 4984 1601 5041 effectus

1772 521 2039 579 formalis
2052 520 2251 596 gratiae
2265 518 2674 576 sanctificantis
2692 540 2705 574 ε
2720 518 2818 576 sed
2836 519 3138 593 praedictus

1769 602 2002 659 effectus
2027 617 2146 658 non
2186 602 2454 657 convenit
2480 601 2679 675 gratias
2706 600 3016 656 secundum
3054 616 3133 666 se,

1768 688 1823 740 et
1854 684 1918 740 in
1943 682 2105 741 omni
2131 682 2402 757 subjectu,
2432 682 2530 740 sed
2554 689 2615 738 ut
2637 689 2904 740 connotat
2924 699 3138 756 suppo-

1767 764 1944 819 situm
1967 762 2236 820 divinum
2265 788 2278 830 ;
2309 769 2364 820 et
2392 762 2498 819 sub
2523 764 2627 819 hac
2649 764 2870 819 ratione
2890 763 3139 835 explicat

1769 844 2052 918 maiorem
2083 844 2490 918 perfectionem
2518 861 2693 917 supra
2725 844 2970 916 seipsam
2996 860 3136 900 con-

1765 924 2078 981 sideratam
2106 925 2419 981 secundum
2448 940 2526 981 se.
2562 925 2725 983 Unde
2752 927 2897 982 sicut
2935 940 3005 982 ex
3043 939 3130 989 eo,

1765 1006 1915 1075 quod
1943 1008 2070 1080 quis
2113 1008 2289 1080 possit
2329 1006 2399 1063 de
2439 1007 2721 1081 condigno
2756 1007 2968 1064 mereri
2995 1021 3132 1080 gra-

1767 1088 1908 1144 tiam
1949 1089 2260 1145 secundum
2301 1104 2361 1145 se
2397 1096 2701 1163 acceptam,
2734 1106 2849 1147 non
2879 1088 3130 1145 infertur

1763 1170 1914 1244 quod
1961 1172 2137 1245 possit
2161 1173 2361 1229 ecdem
2413 1173 2582 1230 modo
2622 1174 2835 1229 mereri
2866 1172 3128 1229 effectum

1763 1253 1884 1326 ejus
1913 1254 2217 1311 formalem
2247 1254 2542 1312 radicandi
2582 1255 2912 1327 praedictam
2953 1255 3126 1329 justi-

1763 1334 1906 1391 tiam
1935 1358 1949 1391 ι
1980 1335 2060 1391 ita
2085 1351 2157 1391 ex
2182 1351 2268 1401 e0,
2300 1336 2448 1409 quod
2477 1337 2684 1410 aliquis
2711 1342 2878 1409 queat
2912 1336 3124 1393 mereri

1761 1414 1834 1472 de
1859 1415 2142 1491 condigno
2161 1418 2408 1492 gratiam
2437 1417 2750 1474 secundum
2777 1434 2858 1483 se,
2891 1432 3007 1474 non
3034 1431 3128 1473 se-

1759 1496 1977 1568 quitur,
2021 1497 2170 1572 quod
2209 1499 2398 1555 valeat
2443 1498 2643 1555 eodem
2689 1496 2860 1553 modo
2911 1498 3125 1554 mereri

1759 1576 2023 1635 effectum
2077 1578 2382 1635 formalem
2429 1577 2761 1635 destruendi
2817 1579 3121 1634 maculam.

1760 1660 1831 1714 Et
1853 1660 2002 1717 ratio
2032 1666 2117 1717 est
2145 1660 2716 1734 proportionabiliter
2741 1659 2960 1725 eadem,
2992 1661 3126 1732 quia

1761 1741 2049 1797 nimirum
2071 1742 2276 1815 gratia,
2305 1749 2365 1797 ut
2388 1743 2883 1815 expellitculpam,
2911 1742 3124 1815 impor-

1759 1826 1843 1876 tat
1870 1820 2102 1894 aliquod
2131 1825 2520 1887 connotatum,
2552 1821 2699 1895 quod
2725 1821 3038 1877 secundum
3065 1838 3126 1880 se

1759 1915 1880 1956 non
1922 1900 2078 1966 dicit,
2113 1916 2319 1973 nempe
2361 1902 2841 1972 praeexistentiam
2887 1900 3123 1974 subjecti

1757 1979 1821 2035 in
1849 1985 1997 2035 statu
2030 1981 2239 2054 peccati
2269 2004 2283 2047 ;
2313 1988 2370 2038 et
2397 1982 2618 2039 ratione
2646 1984 2813 2057 hujus
2833 1982 3123 2039 connotati

1754 2061 2004 2133 explicat
2051 2064 2330 2135 majorem
2370 2062 2875 2119 aestimabilitatem
2913 2064 2976 2119 in
3003 2079 3126 2121 esse

1754 2138 1916 2207 doni,
1945 2146 2006 2197 et
2035 2142 2284 2214 praemii.
2315 2144 2437 2205 Qua
2467 2144 2687 2199 ratione
2714 2144 2842 2199 licet
2872 2143 3118 2216 physice,

1753 2225 1811 2276 et
1839 2219 1904 2274 in
1929 2236 2051 2277 esse
2077 2222 2228 2278 entis
2257 2224 2452 2278 nullus
2478 2223 2706 2280 effectus
2733 2224 2992 2280 formalis
3018 2240 3125 2282 ex-

1754 2300 1983 2357 cederet
2010 2302 2267 2359 valorem
2295 2303 2619 2376 specificum
2649 2304 2882 2371 formae;
2914 2306 3122 2362 nihilo·

1752 2381 1952 2437 minus
1985 2382 2289 2439 moraliter
2327 2385 2639 2442 secundum
2679 2387 3115 2443 aestimationem

1754 2464 2109 2534 prudentum
2135 2463 2384 2531 effectus,
2417 2471 2513 2521 aut
2539 2467 2699 2540 quasi
2728 2466 2957 2523 effectus
2982 2485 3119 2543 gra-

1754 2543 1867 2610 tiae,
1895 2559 2104 2617 nempe
2143 2544 2451 2603 destructio
2486 2548 2741 2613 maculae,
2774 2554 2828 2604 et
2869 2548 3116 2618 offensae,

1752 2630 1939 2698 potest
1997 2626 2508 2685 aestimahilitatem
2568 2630 2765 2702 gratiae
2815 2647 3117 2704 superare,

1750 2707 1896 2764 sicut
1918 2708 2173 2781 gravitas
2209 2709 2437 2768 offensae
2471 2710 2689 2767 excedit
2715 2712 2913 2786 gratiae
2959 2716 3121 2772 valo-

1750 2804 1895 2849 rem.
1918 2790 2134 2846 etsicut
2149 2792 2334 2865 maJ'us
2349 2791 2690 2849 beneficium
2714 2798 2798 2850 est
2821 2796 3121 2855 restituere

1747 2872 2059 2929 inimicum
2084 2871 2154 2928 ad
2178 2875 2513 2941 amicitiam,
2535 2893 2705 2948 quam
2730 2894 2847 2934 non
2869 2880 3118 2936 amicum

1747 2952 1817 3007 ad
1847 2952 2168 3008 amicitiam
2204 2953 2525 3012 admittere.
2559 2957 2724 3012 Unde
2767 2959 2926 3015 valor
2966 2958 3119 3015 adae-

1746 3047 1930 3102 quans
1955 3034 2204 3105 gratiam
2244 3037 2556 3092 secundum
2593 3053 2671 3102 se,
2705 3053 2822 3092 non
2863 3037 3117 3109 adaequat

1746 3114 2052 3169 moraliter
2102 3113 2549 3173 destructionem
2602 3121 2839 3174 maculae
2862 3162 2875 3185 ,
2932 3124 2988 3175 et
3024 3118 3116 3176 of-

1745 3193 1939 3260 fensae,
1975 3206 2076 3246 nec
2114 3198 2362 3267 gratiam
2398 3204 2460 3253 ut
2487 3197 2664 3253 infert
2705 3198 3000 3271 praedictos
3024 3200 3112 3256 ef-

1746 3273 1948 3333 fectus.

1816 3358 1911 3413 47.
1975 3358 2217 3430 objicies
2261 3358 2544 3416 secundo:
2601 3376 2736 3416 nam
2802 3353 3322 3457 satisfactiofissfgcngg·

1743 3434 1895 3493 facta
1923 3456 2026 3511 per
2053 3444 2240 3495 actum
2269 3439 2633 3495 contritionis
2659 3440 2901 3498 destruit
2923 3458 3113 3502 neces-

1742 3520 1899 3577 sario
1942 3522 2208 3577 divinam
2257 3521 2574 3589 offensam;
2630 3523 2757 3580 fieri
2792 3526 2952 3581 enim
2993 3543 3110 3585 non

1742 3607 1943 3674 potest,
1976 3604 2124 3676 quod
2165 3604 2338 3661 homo
2365 3605 2555 3662 eliciat
2584 3612 2771 3662 actum
2810 3610 3111 3669 contritio-

1743 3682 1854 3750 niS,
1885 3690 1941 3740 et
1960 3684 2174 3741 offensa
2197 3686 2296 3741 Dei
2323 3694 2646 3757 perseveret
2682 3709 2694 3742 :
2720 3693 2776 3745 et
2803 3690 3110 3748 nihilomi-

1704 3777 1850 3837 ·nus
1898 3765 2035 3822 hinc
2087 3781 2204 3823 non
2252 3767 2522 3830 infertur,
2575 3767 2724 3839 quod
2765 3770 2937 3828 homo
2981 3789 3108 3829 eam

1738 3845 2186 3904 satisfactionem
2235 3849 2470 3904 eliciens
2516 3849 2828 3906 satisfaciat
2868 3851 2937 3908 de
2969 3869 3109 3911 con-

1738 3924 1934 4001 digno,
1968 3935 2024 3985 et
2063 3929 2132 3985 ad
2159 3931 2543 4002 aequalitatem
2569 3947 2671 4002 pro
2704 3934 2802 3988 tali
2843 3934 3058 3993 offensa
3092 3959 3105 3992 ε

1737 4024 1875 4082 ergo
1915 4011 2131 4082 pariter
2162 4012 2289 4067 licet
2316 4012 2414 4083 qui
2443 4011 2512 4067 de
2538 4014 2821 4089 condigno
2849 4033 3107 4076 merere-

1737 4092 1833 4142 tur
1861 4090 2138 4161 peccatori
2165 4091 2433 4164 gratiam,
2462 4091 2781 4151 destrueret
2801 4096 3100 4167 offensam,

1738 4185 1858 4224 non
1887 4170 2219 4236 inferretur,
2252 4169 2400 4243 quod
2444 4171 2512 4228 de
2538 4174 2821 4249 condigno
2848 4193 3105 4235 merere—

1738 4254 1834 4305 tur
1875 4250 2155 4323 praedictae
2195 4251 2424 4308 offensa)
2476 4256 2898 4314 remissionem.
2946 4261 3106 4315 Patet

1736 4333 2175 4406 consequentia;
2206 4351 2342 4390 nam
2369 4335 2494 4392 ideo
2524 4338 2778 4409 primum
2809 4341 2954 4396 illud
2974 4358 3104 4398 con-

1735 4416 2012 4487 sequitur,
2040 4417 2175 4488 quia
2201 4421 2357 4472 actus
2377 4419 2740 4475 contritionis
2769 4438 2883 4478 non
2905 4423 3102 4478 exclu-

1694 4517 1699 4520 ·
1736 4496 1819 4552 dit
1842 4497 2119 4554 offensam
2143 4499 2241 4552 Dei
2273 4514 2373 4571 per
2401 4500 2555 4554 viam
2591 4503 3014 4572 satisfactionis„
3046 4512 3103 4562 et

1737 4581 1961 4637 ratione
1976 4580 2229 4652 obsequii
2246 4583 2478 4654 aequalis
2494 4583 2737 4653 oss'ensae,
2755 4586 2853 4642 sed
2875 4593 3098 4644 tantum

1735 4677 1837 4732 per
1878 4661 2114 4717 modum
2159 4660 2378 4728 formae,
2411 4669 2507 4718 aut
2542 4671 2695 4720 actus
2734 4667 2963 4740 physice
3003 4668 3101 4722 in-

1733 4742 2152 4813 compossibilis
2178 4759 2309 4798 cum
2333 4743 2547 4801 offensa
2583 4766 2595 4799 ε
2627 4748 2781 4818 atqui
2825 4748 3099 4804 meritum

1735 4822 1797 4877 in
1820 4830 2018 4882 nostro
2039 4841 2169 4881 casu
2198 4840 2316 4881 non
2351 4828 2665 4898 expelleret
2691 4828 2968 4886 offensam
2997 4845 3101 4900 per

1732 4903 1890 4960 viam
1939 4905 2154 4972 meriti,
2185 4911 2242 4962 et
2285 4907 2346 4962 in
2389 4908 2611 4965 ratione
2651 4907 2904 4982 obsequii
2948 4909 3099 4966 adae-

1732 4987 1965 5059 quantis
2023 4988 2530 5047 aestimabilitatem
2598 4992 2953 5047 remissionis
3007 4993 3097 5049 of-
