3647 5753
106 2495 142 2537 g.

1322 436 1504 490 DISP.
1549 435 1668 501 vn,
1714 436 1881 492 DUB.
1925 440 2019 495 111.
2991 396 3056 498 81

188 628 220 658 «
251 608 534 665 luntateS.
579 609 736 664 Tunc
774 624 908 683 ergo
934 608 1157 666 vocavit
1200 607 1427 681 quando
1473 608 1562 665 illi

186 712 216 742 α
247 690 492 762 placuit,
536 695 594 747 et
636 691 685 746 si
726 695 858 748 ante
901 698 1169 757 vocasset,
1201 693 1395 764 utique
1440 706 1565 748 res-

183 793 216 823 «
246 771 575 844 pondisset,
599 779 657 830 et
675 772 1140 847 obtemperasset.
1164 776 1290 830 Non
1317 788 1452 847 ergo
1476 789 1564 830 ra-

183 874 215 905 «
242 856 351 919 tio,
378 856 483 909 aut
507 858 734 927 tempus
759 854 1073 911 vocationis
1101 854 1288 928 hujus,
1314 857 1371 911 et
1389 854 1561 911 simi-

183 955 214 986 «
244 933 402 990 lium
426 933 636 990 referri
665 933 832 991 debet
852 934 914 990 in
941 933 1193 990 liberum
1222 933 1554 1001 arbitrium,

184 1037 213 1068 ι
241 1014 344 1072 sed
368 1016 435 1071 in
455 1016 553 1072 Dei
572 1015 1007 1088 beneplacitum,
1031 1015 1122 1072 oui
1142 1015 1224 1072 sic
1244 1016 1435 1072 visum
1450 1022 1551 1086 est,

180 1116 210 1148 α
238 1096 443 1169 sicque
477 1094 776 1169 disposuit.
827 1099 1019 1154 Potest
1064 1102 1255 1154 autem
1303 1096 1554 1172 intelligi

179 1199 209 1230 α
238 1178 691 1253 Chrysostomus
711 1180 807 1245 sic,
822 1185 958 1236 ωηο
978 1194 1203 1236 vocasse
1222 1178 1548 1252 discipulos,

177 1279 207 1311 α
236 1258 479 1331 quando
505 1259 717 1316 sciebat
756 1260 887 1317 illos
914 1259 1424 1333 obtemperaturos,
1456 1261 1553 1318 ni-

178 1359 210 1392 «
235 1339 468 1396 mirum
498 1356 600 1413 per
640 1339 819 1413 ipsius
851 1341 1096 1415 gratiam
1112 1364 1127 1408 ;
1154 1340 1367 1398 sciebat
1391 1341 1550 1399 enim

178 1440 207 1470 e
236 1418 475 1491 quando
497 1420 619 1492 ipse
639 1424 872 1492 operatu
881 1437 979 1476 rus
998 1426 1122 1477 erat
1143 1420 1207 1476 in
1227 1421 1330 1487 eis,
1357 1427 1421 1477 ut
1444 1421 1551 1479 ob-

175 1520 205 1552 «
234 1505 637 1574 temperarent
657 1502 904 1565 vocanti,
929 1508 986 1559 et
999 1508 1135 1559 ωηο
1154 1502 1400 1559 vocavit.
1425 1504 1547 1559 Nisi

177 1601 203 1633 e
233 1582 318 1637 sic
338 1582 638 1656 intelligas
659 1562 1008 1650 doctrinam,
1042 1598 1160 1640 non
1191 1582 1387 1656 probo.
1420 1603 1445 1633 »
1480 1585 1549 1638 Et

171 1667 479 1735 postquam
528 1663 827 1735 propriam
871 1664 1218 1719 sententiam
1264 1664 1547 1736 exemplis

166 1742 565 1812 confirmavit,
594 1744 796 1819 adJ'ecit
823 1766 835 1800 :
866 1767 888 1796 ‹-
922 1748 995 1801 In·
1010 1746 1114 1803 hoc
1133 1747 1320 1802 virtus
1340 1762 1547 1803 vocan-

176 1843 202 1875 α
229 1824 305 1879 tis
350 1826 541 1899 magis
566 1826 844 1891 clarescit,
887 1832 944 1883 et
969 1826 1305 1899 magnitudo
1343 1827 1544 1900 gratiae

176 1924 200 1955 α
232 1905 547 1973 revelatur,
576 1905 880 1979 minusque
902 1905 1074 1963 homo
1088 1907 1159 1964 de
1177 1924 1281 1963 sua
1302 1908 1537 1973 virtute,

177 2005 202 2036 t(
226 1986 534 2041 meritisve
581 1991 762 2059 potest
823 2003 1186 2059 praesumere.
1238 1989 1413 2044 Totus
1458 1992 1543 2045 est

175 2088 198 2117 α
228 2068 589 2141 Augustinus
612 2069 674 2124 in
704 2069 816 2139 hac,
833 2069 1112 2135 doctrina,
1143 2085 1318 2142 quam
1346 2070 1409 2125 in
1439 2070 1542 2127 hac

179 2168 203 2198 α
232 2154 394 2219 parte
421 2148 626 2221 prob0.
659 2170 685 2199 ι)
719 2150 935 2213 Quibus
962 2149 1152 2207 verbis
1179 2151 1317 2206 satis
1345 2157 1540 2223 aperte

171 2227 398 2285 Toletus
426 2246 560 2286 cum
587 2231 821 2286 Jesuitis
860 2231 1286 2303 antiquioribus
1310 2247 1539 2305 expun-

169 2309 247 2384 git
266 2311 577 2369 efficaciam
605 2313 803 2386 gratiae
829 2312 1247 2386 dependentem
1277 2330 1310 2370 a
1348 2315 1538 2372 scien-

171 2391 248 2447 tia
273 2391 487 2448 media.
525 2394 591 2447 Et
619 2393 828 2449 merito
852 2394 987 2449 citat
1016 2410 1117 2465 pro
1162 2411 1277 2450 sua-2
1304 2395 1538 2467 opinio—

173 2471 260 2527 nis
301 2470 748 2529 confirmatione
793 2473 1175 2547 Augustinum
1230 2496 1243 2530 ε
1292 2490 1429 2530 nam
1476 2478 1529 2533 S.

173 2554 369 2610 Doctor
393 2555 456 2608 in
485 2553 578 2610 lib.
610 2554 675 2607 de
698 2554 838 2610 dono
856 2558 1278 2627 perseoeramloe,
1299 2575 1418 2632 cap.
1450 2559 1530 2626 18,

171 2633 361 2688 statuit
387 2655 401 2688 ε
427 2633 666 2706 Quando
684 2635 837 2707 apud
854 2636 1070 2713 aliquos
1091 2637 1238 2691 verbi
1265 2637 1368 2693 Dei
1391 2645 1534 2694 trac-

171 2721 367 2770 tatores
391 2717 666 2788 reperitur
685 2733 876 2771 nomen
901 2720 1257 2789 praescientiax,
1276 2726 1326 2772 et
1347 2723 1535 2789 ayitur

168 2794 230 2848 de
267 2798 551 2851 vocatione
593 2797 899 2862 electorum,
942 2800 1160 2853 nomine
1194 2801 1535 2871 proescientiae

173 2875 402 2947 intelligi
426 2876 576 2932 debet
598 2879 1000 2949 praedestinatio
1020 2897 1038 2933 .·
1073 2879 1176 2934 hoc
1203 2885 1320 2954 est,
1336 2879 1532 2937 decre-

172 2961 306 3024 tum,
337 2958 430 3014 vel
458 2958 699 3014 scientia
726 2957 1015 3015 decretum
1046 2959 1366 3016 involvens.

249 3038 369 3093 120.
402 3039 510 3095 1110
533 3044 723 3094 autem
755 3039 1084 3096 testimonio
1107 3041 1169 3096 D.
1201 3039 1527 3113 Augustini,

103 3082 114 3090 ’
171 3115 311 3188 quod
340 3117 510 3175 nobis
539 3118 874 3175 Adversarii
901 3118 1192 3191 objiciunt,
1224 3119 1532 3177 utebantur

172 3197 304 3254 olim
351 3199 801 3273 semipelagiani
851 3199 920 3255 ad
974 3200 1347 3257 refellendam
1394 3217 1530 3274 gra-

172 3277 304 3335 tiam
330 3295 403 3336 ex
423 3295 486 3335 se
506 3280 807 3344 efficacem,
829 3297 1002 3353 qnam
1025 3282 1078 3337 S.
1100 3284 1299 3338 Doctor
1321 3282 1385 3337 in
1409 3298 1531 3354 pos·

171 3360 472 3417 terioribus
517 3361 748 3435 scriptis
791 3363 1223 3434 expressissime
1262 3364 1522 3430 asseruit,

171 3444 229 3494 ut
277 3440 766 3515 inconsequentiae
819 3442 1007 3514 ipsum
1062 3450 1387 3516 arguerent.
1445 3446 1529 3501 Ita

100 3522 383 3580 ¹21-constat
408 3540 482 3581 ex
505 3524 751 3597 epistola
780 3525 842 3580 D.
877 3524 1086 3581 Hilarii
1117 3523 1186 3580 ad
1215 3526 1281 3580 D.
1313 3528 1528 3599 Augus·

175 3603 372 3669 tinum,
405 3606 504 3662 ubi
538 3607 719 3664 relato
758 3605 1026 3663 scandalo
1052 3607 1520 3677 Massiliensium,

176 3681 351 3755 inquit
383 3706 396 3740 ε
447 3708 473 3738 α
521 3688 662 3741 Cum
710 3693 900 3741 autem
948 3685 1158 3742 dicitur
1200 3686 1301 3752 eis,
1349 3703 1527 3758 quare

182 3783 205 3812 u
233 3764 376 3824 aliis.
402 3767 495 3822 vel
518 3765 728 3823 alicubi
754 3766 1111 3838 praedicetur,
1138 3767 1228 3822 vel
1247 3783 1363 3823 non
1388 3784 1526 3840 prae-

180 3863 204 3893 «
229 3841 469 3910 dicetur;
514 3846 605 3902 vel
648 3862 802 3901 nunc
851 3844 1204 3918 praedicetur,
1234 3846 1381 3918 quod
1410 3849 1523 3904 ali-

181 3945 204 3975 «
230 3925 450 3996 quando
473 3944 618 3999 pene
642 3927 931 3991 omnibus,
964 3929 1109 3984 sicut
1130 3944 1284 3984 nunc
1309 3929 1523 4002 aliqui-

180 4026 205 4054 «
230 4005 329 4063 bus
346 4008 611 4083 gentibus
641 4025 756 4067 non
786 4009 1151 4082 praedicatum
1178 4010 1290 4066 sit?
1318 4012 1523 4069 Dicunt

181 4107 206 4136 α
232 4086 286 4143 id
313 4090 682 4162 praescientiae
726 4106 847 4146 esse
891 4090 1125 4156 divinae,
1178 4097 1240 4146 ut
1265 4107 1333 4149 eo
1372 4098 1523 4149 tern-

178 4188 205 4214 «
232 4183 378 4238 pore,
409 4177 465 4225 et
503 4170 619 4237 ubi,
650 4175 708 4226 et
734 4169 853 4225 illis
880 4170 1095 4226 veritas
1135 4173 1523 4230 annuntiare-

180 4269 206 4297 «
231 4252 337 4312 tur,
379 4249 620 4321 quando,
651 4256 708 4307 et
736 4248 836 4304 ubi
866 4250 1362 4321 praenuntiabatur
1400 4269 1522 4311 esse

183 4349 206 4374 ει
225 4329 494 4385 credenda
510 4352 534 4382 n
560 4333 703 4400 (esse
716 4331 1141 4403 apertissimum
1159 4349 1325 4388 usum
1342 4334 1520 4390 scien·

180 4407 262 4463 tiae
283 4410 481 4467 mediae
507 4411 655 4483 apud
698 4411 1228 4483 semipelagianos).
1264 4433 1290 4465 α
1321 4413 1389 4469 Et
1415 4414 1520 4472 hoc

184 4508 208 4536 ι
233 4504 340 4545 ηοη
394 4492 577 4546 solum
634 4491 883 4547 aliorum
944 4492 1365 4548 catholicorum
1418 4497 1519 4563 (ut

186 4588 208 4616 a
233 4569 634 4643 chrysostomi)
655 4571 1022 4636 testimoniis,
1042 4571 1139 4629 sed
1153 4573 1328 4629 etiam
1351 4576 1519 4634 Sanc-

185 4669 210 4700 «
232 4649 402 4706 titatis
421 4656 534 4706 tuae
552 4651 939 4723 disputatione
960 4652 1284 4725 antiquiore
1303 4670 1364 4711 se
1391 4673 1518 4728 pro-

184 4751 208 4780 «
235 4728 362 4788 bare
403 4737 701 4790 testantur.
736 4735 812 4787 Ut
853 4739 937 4791 est
983 4733 1147 4799 illud,
1177 4734 1326 4808 quod
1371 4737 1518 4796 dixit

183 4830 209 4861 «
233 4811 498 4869 Sanctitas
512 4819 609 4870 tua
624 4813 685 4869 in
707 4814 1022 4885 quaestione'
1042 4822 1240 4872 contra
1263 4818 1517 4894 Porphy-

186 4910 211 4940 «
237 4891 378 4947 rium
404 4891 474 4949 de
501 4898 759 4966 tempore
785 4893 1127 4952 christianae
1155 4896 1473 4970 Religionis
1498 4923 1512 4965 ;

185 4991 209 5018 «ι
234 4974 357 5028 ωηο
375 4972 621 5030 voluisse
641 4988 918 5046 apparere
944 4975 1252 5042 Christum,
1282 4982 1338 5034 et
1365 4980 1512 5050 apud

187 5071 208 5098 ε
231 5064 320 5106 eos
365 5052 657 5124 praedicari
704 5053 1025 5111 doctrinam
1071 5071 1253 5124 suam,
1286 5058 1515 5130 quando

1707 631 1734 662 α
1761 610 1991 682 sciebat,
2023 617 2080 671 et
2105 613 2202 671 uhi
2229 615 2440 673 sciebat
2465 616 2649 691 quiin
2669 632 2802 673 eum
2833 614 3062 670 fuerant

1705 712 1732 745 α
1761 694 2072 753 credituri:
2095 716 2120 747 n
2154 699 2337 762 Quam
2372 698 2745 764 calumniam,
2778 703 2838 753 ut
2864 696 3062 752 deme-

1697 779 1846 833 teret
1871 777 1926 835 S.
1961 780 2181 845 Doctor,
2205 779 2436 852 scripsit
2456 779 2673 836 librum
2700 778 2771 836 de
2810 776 3061 851 praedes-

1695 854 1854 913 tione
1880 859 1976 914 SS.
2006 863 2063 915 et
2085 876 2205 932 cap.
2250 860 2332 925 10,
2359 865 2657 932 postquam
2688 856 2939 915 dilucide
2963 873 3059 913 os·-

1694 937 1877 993 tendit
1924 955 1985 996 se
2036 940 2099 995 in
2147 939 2340 997 verbis
2392 940 2578 997 citatis
2631 957 2702 998 ex
2747 939 3059 1012 quaestione

1692 1015 1863 1075 citata
1908 1024 2105 1076 contra
2141 1021 2532 1094 Porphyrium
2570 1021 2814 1077 minime
2856 1020 3056 1076 exclu-

1690 1097 1832 1155 sisse
1854 1099 1953 1157 Dei
1977 1101 2349 1174 propositum,
2374 1117 2471 1158 seu
2488 1100 2799 1167 decretum,
2828 1102 3052 1175 inquit:

1697 1200 1723 1231 α
1751 1178 2108 1237 cernitis-ne
2153 1196 2245 1237 me
2270 1181 2398 1237 sine
2444 1180 2775 1254 praejudicio
2825 1180 3052 1236 latentis

1697 1279 1722 1311 α
1749 1258 1977 1315 consilii
2028 1260 2147 1325 Dei,
2198 1260 2560 1333 aliarumque
2603 1276 2908 1317 causarum
2951 1261 3055 1316 hoc

1694 1360 1720 1393 α
1751 1338 1820 1396 de
1867 1341 2224 1412 praescientia
2273 1341 2486 1396 Christi
2531 1341 2721 1398 dicere
2767 1341 3016 1410 voluisse
3035 1384 3048 1407 ‚

1692 1443 1719 1475 «
1746 1420 1896 1494 quod
1940 1420 2343 1479 convincendae
2389 1424 2752 1496 Paganorum
2796 1421 3053 1479 infideli-

1690 1524 1716 1555 «
1745 1502 1869 1566 tati,
1916 1503 2018 1575 qui
2072 1502 2227 1559 hanc
2271 1502 2593 1575 objecerant
2640 1505 3011 1577 quaestionem
3033 1547 3046 1569 ,

1689 1604 1715 1635 α
1743 1582 2001 1640 sufficere
2025 1584 2338 1641 videretur.
2368 1584 2515 1650 Quid
2537 1584 2697 1642 enim
2712 1591 2797 1642 est
2824 1585 3036 1650 verius,

1687 1683 1713 1713 «
1743 1678 1915 1734 quam
1941 1664 2224 1736 praescisse
2245 1663 2537 1720 Christum
2566 1664 2683 1737 qui,
2707 1670 2762 1720 et
2789 1664 3039 1738 quando,

1686 1764 1712 1796 α
1740 1749 1797 1799 et
1822 1743 2029 1816 quibus
2065 1746 2202 1801 locis
2229 1746 2291 1802 in
2318 1760 2452 1803 eum
2489 1745 2719 1803 fuerant
2745 1746 3045 1804 credituri.

1686 1844 1712 1876 α
1742 1823 1851 1881 Sed
1893 1829 2087 1880 utrum
2116 1825 2416 1897 praedicato
2443 1826 2554 1882 sibi
2580 1826 2806 1884 Christo
2834 1844 2867 1883 a
2886 1828 3045 1900 seip-

1684 1926 1711 1958 «
1739 1905 1817 1961 sis
1846 1906 2100 1963 habituri
2123 1914 2311 1964 essent
2333 1906 2526 1966 fidem.
2556 1925 2631 1965 an
2654 1911 2768 1965 Deo
2789 1907 3041 1967 donante

1683 2007 1710 2039 α
1738 1987 2026 2059 sumpturi
2050 2011 2063 2053 ;
2092 1986 2151 2042 id
2172 1992 2275 2053 est,
2304 1994 2496 2044 utrum
2522 1989 2921 2046 tantummodo
2948 1989 3043 2062 ip-

1682 2089 1710 2119 «
1737 2083 1831 2124 sos
1872 2069 2200 2141 praescierit,
2232 2084 2307 2124 an
2340 2069 2515 2125 etiam
2544 2069 3040 2141 praedestinaverit

1682 2169 1709 2200 α
1739 2150 1905 2213 Deus,
1931 2163 2203 2221 quaerere,
2225 2164 2287 2204 ac
2314 2147 2596 2205 disserere
2623 2154 2757 2205 tunc
2787 2165 3041 2206 necessa-

1681 2251 1708 2282 «
1739 2227 1894 2285 rium
1912 2244 2029 2285 non
2046 2229 2285 2300 putavit.
2314 2228 2562 2285 Proinde
2577 2228 2724 2301 quod
2740 2227 2863 2285 dixi
2883 2234 3033 2299 tunc,
3070 2240 3233 2292 naua.

1680 2329 1707 2361 α
1736 2309 1987 2365 voluisse
2031 2307 2366 2365 hominibus
2410 2324 2688 2381 apparere
2716 2299 3255 2390 Christum,.,„¹}‚¹},?}2„

1679 2411 1707 2441 α
1735 2395 1791 2446 et
1818 2389 1969 2462 apud
2014 2404 2111 2445 eos
2152 2387 2447 2460 praedicari
2475 2388 2799 2446 doctrinam
2845 2406 3031 2457 suam,
3073 2386 3223 2480 gffifflij

1679 2490 1704 2522 «
1733 2469 1964 2543 quando
1991 2467 2219 2531 sciebat,
2259 2473 2315 2524 et
2343 2468 2439 2525 ubi
2464 2468 2676 2526 sciebat
2700 2486 2820 2525 esse
2847 2470 2946 2541 qui
2974 2470 3037 2525 in
3096 2447 3202 2546 ciffi·

1678 2572 1704 2603 α
1733 2566 1866 2608 eum
1917 2550 2149 2607 fuerant
2194 2549 2498 2616 credituri;
2531 2557 2716 2622 posset
2740 2552 2913 2607 etiam
2959 2552 3039 2608 sic
3068 2540 3225 2636 ξζβῑρξ

1677 2652 1704 2684 «
1731 2630 1860 2697 dici,
1903 2636 2039 2688 tunc
2083 2630 2331 2687 voluisse
2376 2630 2711 2687 hominibus
2759 2647 3036 2703 apparere
3065 2644 3229 2726 {1¹¹⁶}m‘

1676 2734 1702 2763 α
1732 2713 2042 2780 Christum,
2087 2720 2163 2788 et‘
2184 2711 2330 2786 apud
2358 2728 2453 2768 eos
2481 2712 2779 2784 praedicari
2821 2692 3249 2791 doctri-iiaffn‘igl

1676 2817 1702 2849 α
1733 2812 1870 2851 nam
1893 2812 2076 2862 suam,
2102 2795 2331 2869 quando
2357 2794 2584 2860 sciebat,
2617 2802 2673 2853 et
2700 2795 2796 2852 ubi
2820 2796 3034 2854 sciebat
3075 2782 3203 2826 ‘¹¹⁸³‘-

1675 2898 1701 2928 α
1731 2893 1853 2934 esse
1872 2878 1968 2949 qui
1994 2876 2158 2934 electi
2182 2876 2412 2934 fuerant
2434 2878 2496 2932 in
2521 2876 2643 2948 ipso
2666 2884 2799 2935 ante
2828 2879 3031 2935 mundi

1675 2979 1700 3010 α
1729 2957 2212 3014 constitutionem.
2258 2957 2364 3015 Sed
2391 2958 2665 3030 quoniam
2693 2959 2741 3013 si
2773 2959 2852 3015 ita
2877 2958 3033 3017 dice-

1674 3060 1701 3092 «
1731 3044 1911 3103 retur,
1962 3041 2251 3095 Lectorem
2299 3038 2511 3096 faceret
2536 3039 2824 3095 intentum
2868 3038 2938 3096 ad
2966 3057 3032 3097 ea

1673 3141 1700 3172 α
1732 3119 2076 3192 requirenda
2101 3136 2225 3192 quae
2246 3135 2400 3177 nuno
2420 3136 2493 3177 ex
2514 3121 2909 3178 admonitione
2932 3124 3033 3179 Pe-

1673 3221 1700 3253 «
1728 3199 1941 3273 lagiani
1964 3200 2180 3256 erroris
2203 3215 2425 3258 necesse
2439 3207 2522 3257 est
2538 3202 2839 3275 copiosius,
2865 3206 2921 3258 et
2945 3203 3024 3258 la-

1672 3299 1697 3331 «
1728 3276 2013 3335 boriosius
2034 3278 2344 3351 disputare,
2366 3280 2557 3336 visum
2581 3280 2727 3336 mihi
2750 3286 2850 3347 est,
2877 3281 3028 3352 quod

1672 3381 1697 3411 «
1728 3365 1864 3416 ωηο
1908 3359 2046 3414 satis
2071 3366 2213 3425 erat,
2256 3358 2508 3417 breviter
2546 3376 2668 3417 esse
2695 3359 3025 3427 dicendum,

1671 3464 1696 3494 α
1726 3447 1976 3514 excepta,
2024 3446 2085 3497 ut
2124 3441 2267 3507 dixi,
2300 3442 2605 3499 altitudine
2632 3443 2944 3515 sapientiae,
2973 3451 3031 3499 et

1670 3546 1695 3576 (ι
1724 3524 1978 3580 scientias
2007 3524 2123 3588 Dei,
2153 3528 2210 3579 et
2244 3524 2373 3580 sine
2422 3523 2750 3597 praejudicio
2780 3524 3029 3580 aliarum

1669 3626 1695 3657 α
1724 3605 2048 3660 causarumi
2095 3602 2166 3659 de
2190 3603 2396 3674 quibus
2420 3619 2535 3660 non
2564 3609 2717 3670 tunc,
2755 3603 2854 3658 sed
2884 3605 3030 3660 alias

1668 3705 1695 3736 α
1724 3684 2103 3755 opportunius
2125 3680 2531 3753 disputandum
2560 3683 2774 3753 putavi.
2805 3703 2829 3733 n
2858 3682 3029 3738 Simi-

1664 3765 1742 3820 lia
1788 3761 1958 3819 habet
2004 3763 2157 3819 idem
2205 3765 2259 3818 S.
2312 3765 2515 3820 Doctor
2562 3766 2621 3818 in
2667 3764 2759 3819 lib.
2792 3765 2856 3834 de
2893 3764 3029 3821 bono

1655 3845 2085 3918 perseverantia,
2111 3860 2233 3915 cap.
2260 3845 2313 3907 9,
2337 3841 2432 3897 ubi
2462 3864 2475 3899 :
2506 3865 2531 3895 α
2550 3844 2605 3899 Si
2629 3844 2788 3900 enim
2811 3858 3027 3915 quaera-

1667 3947 1694 3978 α
1723 3932 1817 3982 ωι·
1844 3941 1876 3981 a
1904 3923 2088 3988 nobis,
2119 3939 2221 3979 our
2250 3921 2399 3995 apud
2426 3939 2521 3980 eos
2542 3929 2699 3981 tanta
2742 3925 3025 3983 miracula
3072 3995 3075 3998 ¹

1664 4028 1691 4059 α
1720 4007 1868 4063 facta
1910 4006 2042 4072 sint,
2073 4005 2169 4078 qui
2213 4004 2473 4061 videntes
2518 4022 2586 4062 ea
2631 4022 2746 4064 non
2795 4007 3025 4064 fuerant

1664 4109 1690 4141 α
1719 4086 2024 4154 credituri;
2055 4092 2113 4144 et
2140 4085 2289 4158 apud
2316 4101 2413 4143 eos
2442 4085 2583 4141 facta
2613 4102 2728 4144 non
2756 4088 2892 4156 sint,
2925 4090 3021 4161 qui

1665 4189 1691 4220 «
1717 4166 2033 4235 crederent,
2060 4167 2108 4222 si
2138 4165 2403 4223 viderent
2433 4187 2447 4221 t
2477 4165 2612 4238 quid
2647 4167 3023 4240 respondebi-

1664 4269 1689 4301 α
1719 4251 1890 4304 mus?
1934 4244 2204 4319 Nunquid
2247 4245 2456 4302 dicturi
2496 4262 2715 4312 sumus,
2763 4246 2912 4320 quod
2957 4249 3021 4305 in

1662 4350 1687 4381 α
1718 4328 1832 4384 alio
1859 4326 2008 4384 libro
2031 4326 2173 4393 dixi,
2208 4325 2302 4380 ubi
2333 4341 2432 4382 sex
2457 4325 2802 4398 quibusdam
2831 4345 3017 4400 quaes-

1661 4430 1686 4460 α
1717 4407 1970 4464 tionibus
1998 4408 2377 4480 Paganorum,
2411 4406 2540 4462 sine
2570 4407 2901 4480 praejudicio
2928 4415 3021 4467 ta-

1661 4511 1687 4542 «
1715 4505 1852 4546 men
1879 4490 2128 4545 aliarum
2170 4504 2502 4554 causarum,
2542 4505 2681 4561 quas
2711 4489 3018 4561 prudentes

1658 4592 1685 4624 «
1714 4576 1953 4643 possunt
1975 4569 2339 4643 investigare,
2369 4569 2636 4641 respondi
2660 4572 2687 4625 P
2717 4590 2742 4619 υ
2776 4572 2860 4628 Ex
2883 4576 3018 4646 qui-

1652 4652 1758 4710 bus
1780 4654 1918 4710 locis
1946 4654 2149 4717 lucem,
2175 4657 2231 4707 et
2253 4650 2571 4724 legitimam
2594 4651 3020 4724 interpretatio·

1653 4749 1785 4790 nem
1815 4733 2102 4805 accipiunt
2127 4735 2245 4786 tam
2284 4731 2400 4787 alia
2427 4731 2760 4788 testimonia
2785 4735 2840 4790 S.
2876 4738 3020 4795 Doc-

1650 4815 1809 4872 toris.
1840 4821 1963 4870 tum
2005 4812 2379 4869 authoritates
2408 4812 2471 4867 D.
2504 4811 2915 4886 Chrysostomi,
2962 4823 3018 4875 et

1651 4898 1900 4954 aliorum
1929 4897 2186 4960 Patrum,
2221 4892 2431 4965 quibus
2470 4909 2635 4950 suam
2677 4895 3011 4967 opinionem

1648 4978 1981 5034 suffulciunt
2007 4973 2367 5051 Adversarii3
2390 4974 2526 5045 quia
2551 4990 2680 5029 cum
2702 4975 2785 5031 eis
2812 4982 3014 5036 asseri-

1648 5063 1743 5113 tur
1788 5060 1967 5113 Deum
1998 5054 2261 5130 praescire
2304 5053 2442 5126 quid
2490 5054 2757 5110 homines
2803 5056 3008 5117 tacturi
