3647 5753
501 422 613 478 382
1434 422 1526 476 DE
1563 419 2146 476 JUSTIFICATIONE
2185 421 2391 478 1MP11.

503 587 712 662 absque
738 589 1030 648 elicientia
1053 591 1302 667 alicujus
1343 590 1726 664 operationis,
1770 596 1869 648 aut

501 670 896 728 conversionis
935 670 1179 739 liberae,-
1210 672 1532 745 deperdunt
1584 672 1749 728 illam
1802 686 1870 727 a-

503 751 829 809 versionem
888 755 1172 811 moralem
1187 775 1201 818 ς
1255 754 1518 828 alioquin
1569 754 1747 810 simul
1797 752 1871 809 de

502 829 647 888 facto
668 831 946 889 haberent
971 835 1242 908 gratiam,
1267 841 1324 893 et
1353 836 1672 894 retinerent
1696 849 1869 892 aver-

499 912 721 970 sionem
745 914 1028 971 moralem
1049 933 1082 973 a
1105 918 1401 990 Deozquod
1415 923 1500 976 est
1518 928 1867 975 erroneum:

501 1008 637 1067 ergo
656 994 778 1050 sola
790 996 1090 1053 conversio
1119 995 1433 1054 habitualis
1461 996 1531 1054 ad
1555 999 1739 1055 Deum
1766 1010 1870 1069 per

500 1074 748 1148 gratiam
768 1075 977 1133 sufficit
995 1076 1065 1133 ad
1081 1076 1494 1135 destruendum
1506 1078 1867 1136 aversionem

501 1157 783 1213 moralem
812 1155 884 1213 ab
911 1158 1033 1227 illo,
1063 1160 1208 1232 quin
1231 1160 1382 1218 alius
1407 1166 1581 1229 actm,
1614 1160 1706 1217 vel
1726 1170 1869 1218 con-

501 1236 691 1293 versio
717 1234 900 1293 libera
930 1240 1281 1311 requiratur.

307 1346 468 1392 motiva
583 1319 704 1375 119.
750 1322 864 1377 Nec
910 1321 1128 1379 motiva
1179 1324 1427 1381 Curielis
1472 1328 1696 1396 urgent.
1735 1324 1868 1380 Non

310 1396 780 1489 ‹Jggggprimua
820 1400 956 1472 quia
1002 1401 1134 1458 licet
1172 1403 1471 1460 conversio
1518 1403 1769 1477 physica,
1811 1406 1870 1457 et

305 1496 467 1545 pennu·
502 1482 800 1537 conversio
845 1482 1086 1539 moralis
1114 1484 1442 1556 pertineant
1488 1482 1560 1541 ad
1609 1483 1869 1541 diversos

340 1550 420 1587 ω’·
504 1557 750 1627 ordines,
778 1565 1019 1635 utraque
1045 1568 1241 1621 tamen
1269 1563 1590 1622 includitur
1616 1564 1681 1621 in
1726 1578 1870 1622 con-

505 1642 769 1701 versione
799 1641 870 1699 ad
924 1646 1104 1701 Deum
1147 1650 1421 1719 tanquam
1469 1645 1542 1704 ad
1592 1645 1868 1717 ultimum

502 1722 714 1786 finem;
742 1739 880 1781 nam
927 1727 1257 1801 hujusmodi
1286 1727 1425 1785 finis
1469 1728 1698 1802 subjicit
1745 1726 1863 1784 sibi

501 1807 859 1864 voluntatem
903 1810 1164 1881 perfecte,
1221 1816 1278 1868 et
1325 1812 1389 1868 in
1436 1811 1597 1868 omni
1638 1809 1864 1867 ordine.

499 1890 614 1944 Nec
631 1888 967 1955 secundum,
1010 1890 1145 1963 quia
1186 1890 1333 1948 illud
1379 1892 1710 1964 exemplum
1750 1905 1869 1947 non

499 1967 677 2026 estad
706 1984 829 2025 rem
845 1992 859 2035 ;
886 1969 1045 2028 filius
1064 1971 1228 2028 enim
1258 1988 1378 2030 non
1405 1976 1770 2045 comparatur
1795 1969 1868 2028 ad

500 2048 893 2106 haereditatem
921 2052 1171 2109 velutad
1199 2053 1477 2109 ultimum
1525 2052 1724 2121 finem,
1774 2051 1869 2108 vel

499 2129 750 2206 physice,
796 2134 887 2189 vel
931 2136 1259 2200 moraliter;
1307 2133 1406 2191 sed
1451 2150 1513 2191 se
1553 2134 1726 2191 habet
1765 2148 1875 2206 perv

497 2211 736 2269 modum
762 2212 998 2288 subJ‘ecti
1036 2216 1256 2290 capacis
1310 2216 1511 2272 illius:
1540 2214 1690 2288 quod
1735 2214 1869 2289 qui-

499 2292 630 2350 dem
657 2293 973 2351 secundum
997 2302 1268 2355 naturam
1297 2313 1415 2354 non
1442 2297 1719 2369 importat
1738 2313 1868 2354 ma-

491 2370 705 2444 jorem,
731 2374 824 2430 vel
853 2376 1147 2433 minorem
1177 2376 1565 2451 aptitudinem
1594 2375 1667 2433 ad
1711 2391 1862 2444 eam,

499 2466 673 2522 quam
691 2454 883 2510 caeteri
933 2455 1218 2526 homines,
1269 2456 1477 2530 quibus
1515 2458 1619 2513 illa
1660 2462 1869 2515 natura

501 2535 587 2588 est
605 2536 930 2591 communis
958 2537 1091 2593 :sed
1136 2544 1197 2595 ut
1243 2536 1401 2594 filius
1431 2537 1774 2611 haberetjus
1795 2537 1867 2594 ad

505 2610 872 2685 illam3quod
926 2621 1119 2673 tamen
1159 2617 1403 2686 tollitur,
1430 2620 1522 2675 vel
1550 2617 1870 2689 impeditur

507 2705 610 2761 per
634 2707 870 2765 gravem
918 2696 1198 2770 injuriam
1227 2698 1428 2770 patris.
1473 2698 1621 2753 Hinc
1669 2702 1867 2755 tamen

507 2783 627 2826 non
655 2778 909 2844 apparet,
933 2776 1071 2848 quid
1098 2776 1372 2834 adversus
1410 2776 1732 2834 doctrinam
1764 2793 1867 2832 su-

507 2864 613 2922 pra
640 2851 910 2911 traditam
941 2856 1119 2929 possit
1141 2856 1421 2915 concludi.

431 2982 441 2992 .
590 2933 715 2989 120.
733 2936 929 2993 Tertio
952 2942 1138 3009 posset
1160 2940 1494 3013 responderi
1517 2956 1588 2999 ex
1602 2939 1866 2999 doctrina

311 2986 478 3090 ἓξὲξ.
507 3014 698 3072 Suarii
722 3016 814 3072 lib.
850 3019 868 3072 l
904 3019 968 3073 de
991 3022 1199 3089 qratia,
1242 3039 1368 3096 cap.
1403 3024 1495 3091 33,
1542 3040 1661 3082 non
1691 3038 1867 3096 repu-

309 3091 472 3174 ξξξζξῶ,
505 3111 686 3171 gnare
706 3099 1005 3158 hominem
1025 3117 1146 3160 esse
1173 3120 1440 3162 aversum
1463 3123 1496 3164 a
1516 3109 1633 3165 Deo
1661 3111 1722 3162 ut
1764 3121 1866 3161 su·-

508 3182 870 3251 pernaturali
911 3180 1027 3238 fine
1050 3227 1063 3249 ‚
1112 3189 1171 3241 et
1209 3201 1550 3245 conversum
1609 3186 1681 3245 ad
1730 3202 1866 3244 eum

507 3264 781 3330 tanquam
828 3259 898 3317 ad
947 3261 1124 3320 finem
1173 3267 1499 3324 naturalem
1538 3268 1671 3340 (quo
1704 3271 1866 3340 pacto

505 3338 797 3395 existimat
847 3357 907 3398 se
957 3342 1169 3402 habere
1209 3348 1481 3419 parvulos
1533 3347 1868 3405 decedentes

506 3417 716 3493 absque
741 3421 1079 3494 Baptismo);
1106 3429 1164 3482 et
1207 3426 1483 3485 similiter
1516 3444 1633 3485 non
1661 3428 1867 3501 impli-

504 3514 653 3567 care,
678 3515 800 3557 esse
827 3501 1127 3561 hominem
1168 3522 1512 3565 conversum
1560 3507 1630 3565 ad
1681 3510 1865 3565 Deum

504 3584 1006 3652 supernaturalem
1028 3584 1224 3653 finem,
1250 3592 1306 3643 et
1333 3603 1602 3646 aversum
1619 3588 1692 3645 ab
1711 3605 1779 3647 eo
1804 3593 1867 3644 ut

507 3675 540 3715 a
566 3657 683 3716 fine
704 3664 981 3719 naturali.
1009 3666 1174 3723 Unde
1201 3668 1350 3724 ratio
1391 3674 1587 3727 nostra
1627 3685 1731 3727 nec
1754 3670 1868 3726 erit

506 3738 726 3808 efficax,
780 3757 883 3798 nec
924 3744 1534 3823 universali33quippe
1579 3767 1706 3824 quae
1746 3764 1866 3806 non

506 3823 792 3880 concludit
838 3826 1460 3903 inconjungibilitatem
1506 3832 1699 3889 omnis
1745 3847 1869 3905 pec-

507 3905 637 3970 cati,
670 3911 725 3961 et
743 3908 944 3981 gratias
962 3932 976 3976 ς
1005 3908 1102 3966 sed
1132 3910 1200 3967 ad
1234 3929 1552 3981 summum,
1577 3913 1725 3987 quod
1750 3930 1867 3971 non

508 3986 683 4058 possit
728 3989 997 4063 conjungi
1042 3993 1227 4065 gratia
1271 4010 1403 4051 cum
1444 3995 1701 4067 peccatis,
1742 4011 1868 4067 quae

507 4072 643 4122 sunt
666 4075 864 4125 contra
887 4073 1067 4127 Deum
1109 4074 1409 4132 authorem
1449 4082 1867 4148 supernatura-

508 4148 643 4214 lem,
672 4149 760 4204 vel
782 4165 904 4221 quae
924 4150 1222 4210 hominem
1247 4171 1278 4211 a
1300 4154 1415 4213 fine
1434 4156 1867 4230 supernaturali

510 4233 795 4285 avertunt.

581 4309 862 4378 Caeterum
891 4311 1011 4369 haec
1054 4315 1266 4382 evasio,
1305 4332 1430 4389 quas
1455 4316 1762 4374 simillima
1782 4324 1867 4376 est

510 4388 871 4461 praecedenti,
896 4392 1112 4454 eisdem
1136 4396 1675 4471 impugnationibus
1697 4399 1885 4470 refels

510 4470 672 4537 litur,
697 4487 836 4543 quas
855 4474 907 4530 ei
937 4475 1105 4533 facile
1124 4478 1316 4549 quivis
1362 4478 1688 4552 applicabit.
1720 4482 1868 4545 Qui-

479 4627 482 4628 7
507 4548 615 4606 bus
635 4551 915 4622 addimus,
942 4557 1187 4630 gratiam
1208 4565 1541 4617 convertere
1562 4560 1865 4619 hominem

511 4629 584 4687 ad
611 4633 791 4690 Deum
819 4638 1091 4708 tanquam
1120 4635 1190 4693 ad
1217 4638 1493 4695 ultimum
1521 4638 1696 4698 finem
1743 4641 1867 4700 for-

510 4712 744 4770 maliter
776 4718 1295 4788 supernaturalem,
1327 4724 1384 4777 et
1408 4720 1736 4779 eminenter
1757 4740 1868 4780 na-

508 4794 760 4851 turalem
780 4820 793 4865 ;
813 4793 1053 4855 inclinat
1077 4798 1237 4856 enim
1260 4798 1330 4856 ad
1358 4802 1538 4858 Deum
1568 4806 1871 4875 tamquam

509 4872 580 4929 ad
601 4874 817 4933 bonum
846 4894 1159 4948 summum,
1190 4886 1246 4938 et
1271 4884 1581 4956 perfectum
1614 4884 1674 4940 in
1702 4887 1866 4942 omni

508 4954 714 5014 ordine
755 4956 1028 5018 absolute.
1052 4963 1194 5018 Cum
1223 4981 1334 5037 qua
1366 4965 1739 5023 conversione
1778 4966 1868 5022 in·

510 5037 920 5114 conjungibilis
944 5047 1030 5100 est
1050 5044 1273 5118 aversio
1300 5043 1370 5102 ab
1394 5046 1516 5121 ipso
1537 5053 1810 5121 tanquam
1834 5064 1867 5105 a

1999 591 2255 647 naturali
2278 589 2416 657 fine,
2463 584 2558 648 vel
2588 589 2889 648 conversio
2917 588 2988 646 ad
3034 591 3362 646 creaturam

1998 673 2159 730 velut
2185 672 2254 729 ad
2277 674 2555 729 ultimum
2569 672 2748 731 finem
2772 671 3118 729 naturalem.
3143 670 3367 728 Deinde

1998 753 2293 830 quodlibet
2313 760 2603 829 peccatum
2651 756 2898 813 mortale
2923 754 3122 821 violat,
3154 754 3367 810 saltem

1999 833 2299 903 indirecte,
2317 834 2729 909 subjectionem
2751 834 3004 892 debitam
3017 836 3132 891 Deo
3152 833 3370 891 ultimo·

2000 913 2107 971 fini
2136 916 2429 984 naturali;
2468 931 2606 973 nam
2636 921 2788 972 recta
2815 914 2962 972 ratio
2989 913 3180 982 dictat,
3211 912 3364 986 quod

2000 998 2115 1054 Deo
2141 996 2350 1054 ultimo
2374 995 2481 1054 fini
2504 998 2753 1070 perfecta
2791 993 3064 1071 subjectio
3082 993 3359 1062 <lebetum

1999 1093 2131 1134 cum
2154 1078 2423 1151 praedicta
2462 1094 2601 1136 vero
2620 1078 2936 1135 violatione
2962 1074 3363 1150 incompatibi-

2002 1158 2076 1217 lis
2100 1165 2186 1217 est
2202 1176 2365 1217 amor
2387 1159 2487 1216 Dei
2509 1175 2681 1233 super
2695 1159 2915 1226 omnia,
2936 1174 3054 1215 non
3079 1159 3272 1216 solum
3299 1162 3371 1213 ut

2000 1242 2462 1314 supernaturalis
2489 1240 2642 1309 finis,
2673 1240 2773 1299 sed
2808 1241 2983 1299 etiam
3023 1244 3088 1295 ut
3128 1240 3371 1313 praecise

2002 1323 2175 1380 habet
2202 1325 2487 1382 rationem
2503 1324 2697 1379 ultimi
2720 1322 2857 1379 finis
2872 1322 3178 1378 naturalis*
3198 1320 3364 1385 Quod

2002 1403 2116 1461 late
2141 1409 2340 1461 contra
2361 1405 2631 1462 Suarium
2658 1403 3015 1463 ostendimus
3041 1408 3204 1459 tract.
3224 1418 3367 1476 prn-

2001 1485 2111 1541 ced.
2160 1485 2299 1559 disp.
2330 1487 2386 1552 2,
2421 1486 2548 1542 dub.
2579 1487 2636 1553 4,
2661 1490 2695 1556 ς
2736 1488 2793 1552 2,
2823 1503 2949 1541 cum
2973 1483 3319 1562 sequentibus
3346 1501 3365 1536 .·

2000 1584 2112 1641 quo
2132 1568 2272 1637 1000,
2298 1574 2355 1625 et
2380 1573 2619 1625 tractatu
2642 1567 2713 1625 de
2733 1568 2942 1624 ultimo
2966 1566 3103 1635 fine,
3128 1567 3275 1640 disp.
3304 1567 3361 1631 4,

2002 1651 2111 1718 fere
2131 1667 2231 1724 per
2256 1656 2446 1717 totam,
2474 1650 2868 1724 praeclusimus
2895 1649 3039 1706 alias
3058 1648 3374 1705 evasiones

2001 1730 2251 1788 minoris
2271 1732 2571 1798 momenti,
2597 1747 2722 1804 quae
2737 1736 2967 1804 possent
2995 1729 3210 1786 rationi
3234 1744 3367 1786 nos·

2001 1816 2106 1868 trae
2126 1811 2420 1883 adhiberi;
2446 1811 2544 1869 ubi
2574 1813 2751 1870 etiam
2772 1812 3051 1869 diluimus
3091 1810 3373 1886 objectio-

2001 1906 2122 1958 nes,
2146 1907 2272 1964 quae
2312 1896 2540 1967 possent
2577 1892 2711 1949 huic
2758 1891 2970 1948 rationi
3009 1891 3251 1964 opponi,
3280 1891 3366 1946 uti

2001 1977 2135 2028 sunt
2159 1989 2285 2045 quae
2310 1973 2640 2030 formantur
2658 1988 2730 2030 ex
2756 1972 3037 2046 exemplis
3058 1971 3378 2044 peccatoris-

2001 2054 2293 2127 operantis
2314 2053 2457 2113 bene
2473 2054 2798 2120 moraliter,
2832 2056 2888 2110 et
2910 2052 3048 2127 justi
3080 2051 3377 2124 peccantis

1999 2135 2331 2204 venialiter,
2384 2141 2440 2191 et
2483 2135 2606 2209 ejus
2643 2134 2743 2208 qui
2792 2133 2968 2189 simul
3007 2148 3136 2189 cum
3176 2132 3373 2206 gratia

1994 2215 2171 2274 habet
2209 2218 2371 2284 vitia,
2403 2217 2658 2291 aliasque
2693 2216 2935 2283 similes,
2981 2230 3086 2288 pro
3110 2229 3370 2286 quarum

1999 2296 2343 2354 enodatione
2398 2312 2466 2354 eo
2517 2298 2785 2354 lectorem
2840 2294 3192 2353 remittimus
3216 2336 3229 2360 ,
3303 2298 3368 2347 ut

2002 2377 2395 2448 prolixitatem
2417 2377 2687 2433 vitemus.

2084 2457 2207 2512 121.
2236 2456 2342 2513 Sed
2364 2471 2635 2529 opponeS,
2662 2455 2949 2512 rationem
2976 2454 3245 2510 hactenus
3264 2466 3366 2509 ex·
3404 2461 3541 2520 prims

2002 2550 2239 2607 pensam
2268 2536 2449 2592 nimis
2475 2534 2744 2609 probare;
2772 2535 3063 2592 convincit
3100 2533 3280 2599 enim,
3311 2532 3363 2587 si
3376 2512 3559 2565 ⁰b¹⁰⁰¹¹⁰

2000 2614 2135 2687 quid
2163 2614 2383 2687 probat,
2417 2632 2676 2673 amorem
2706 2615 2806 2671 Dei
2833 2630 3005 2687 super
3031 2615 3230 2671 omnia
3258 2626 3368 2669 nec

2002 2709 2103 2766 per
2128 2693 2389 2750 divinam
2415 2695 2730 2766 potentiam
2755 2710 2915 2766 posse
2934 2694 3205 2769 conjungi
3228 2707 3366 2749 cum

2003 2779 2223 2846 peccato
2244 2774 2497 2840 mortali,
2528 2772 2627 2829 sed
2655 2772 2803 2828 illud
2831 2772 3371 2844 indispensabiliter

2000 2853 2319 2926 expellere;
2357 2851 2642 2926 siquidem
2684 2851 2988 2926 praedictus
3016 2866 3180 2908 amor
3218 2865 3368 2907 con-

2002 2934 2176 2990 vertit
2209 2935 2506 2991 hominem
2535 2934 2607 2990 ad
2633 2936 2812 2990 Deum
2841 2933 3116 2989 ultimum
3157 2930 3364 2999 finem,

2000 3029 2035 3070 a
2060 3030 2179 3088 quo·
2212 3030 2313 3087 per
2340 3020 2628 3087 peccatum
2657 3015 2959 3072 avertitur.
2994 3013 3142 3069 Hinc
3168 3018 3367 3069 autem

2002 3096 2244 3152 ulterius
2269 3094 2450 3165 fieret,
2483 3095 2818 3168 praedictum
2846 3101 3034 3154 actum
3075 3110 3197 3152 esse
3239 3094 3367 3152 for-

2000 3193 2157 3234 mam
2179 3178 2540 3252 expulsivam
2558 3179 2767 3252 peccati
2795 3194 2914 3235 non
2941 3177 3159 3245 minus,
3183 3192 3363 3250 quam

1998 3260 2281 3332 gratiam3
2335 3258 2486 3332 quod
2538 3265 2734 3316 tamen
2795 3260 3133 3334 negavimus
3183 3274 3363 3331 supra

1998 3340 2126 3398 dub.
2154 3343 2211 3398 2.

2075 3421 2473 3494 Respondetur
2489 3422 2750 3497 negando
2767 3422 3057 3495 sequelam
3069 3464 3082 3478 .
3099 3420 3184 3477 Ad
3201 3421 3288 3495 cuj
3296 3437 3362 3480 us
3373 3440 3543 3497 nesso»

2002 3500 2399 3573 probationem
2421 3501 2845 3559 concedendum
2860 3506 2963 3568 est,
2984 3517 3240 3558 amorem
3258 3502 3362 3558 Dei
3422 3497 3495 3532 ⁵¹⁰·

1999 3598 2173 3655 super
2197 3585 2395 3642 omnia
2415 3599 2535 3641 esse
2561 3585 2803 3641 omnino
2844 3583 3362 3660 inconjungibilem
3640 3615 3641 3674 ᾖ

2000 3678 2131 3720 cum
2170 3679 2525 3737 quocumque
2566 3671 2787 3737 peccato
2813 3666 3069 3731 mortali,
3109 3670 3169 3721 ut
3212 3665 3367 3722 ratio

2000 3758 2175 3816 supra
2216 3743 2363 3801 facta
2392 3745 2531 3800 satis
2555 3744 2788 3812 evincit,
2819 3750 2874 3801 et
2901 3745 3074 3801 latius
3099 3743 3363 3802 ostendi-

2001 3840 2130 3880 mus
2158 3825 2279 3882 loco
2302 3826 2565 3898 proxime
2589 3825 2757 3882 citato
2784 3842 2856 3882 ex
2882 3830 3118 3882 tractatu
3144 3840 3368 3897 praece-

1999 3903 2181 3962 denti.
2225 3907 2372 3963 Hinc
2410 3920 2551 3963 vero
2593 3906 2840 3962 minime
2884 3906 3163 3977 sequitur,
3207 3906 3363 3978 quod

2001 4004 2164 4047 amor
2190 3989 2265 4045 sit
2290 4004 2457 4045 causa
2486 3987 2749 4045 formalis
2774 3990 3073 4062 expulsiva
3101 3989 3312 4061 peccati
3345 4009 3363 4045 τ

1999 4074 2123 4125 tum
2149 4070 2287 4142 quia
2314 4068 2385 4125 ad
2406 4070 2511 4125 hoc
2531 4084 2648 4124 non
2674 4068 2897 4134 sufficit,
2921 4068 3072 4140 quod
3110 4069 3365 4142 expellat

2002 4154 2289 4222 peccatum
2320 4155 2641 4238 utcumque,
2672 4147 2785 4205 sed·
2798 4148 3174 4217 desideratur,
3205 4149 3358 4222 quod

2002 4230 2149 4287 illud
2175 4233 2423 4305 expellat
2452 4241 2553 4305 per
2592 4230 2829 4287 modum
2874 4231 3075 4288 formae
3099 4230 3359 4288 sanctifi—

2000 4312 2202 4380 cantis,
2227 4318 2284 4369 et
2307 4310 2671 4369 rectificantis
2694 4311 3021 4368 radicaliter
3047 4317 3228 4369 totum
3252 4311 3364 4370 ho-

2001 4392 2221 4448 minem
2251 4413 2264 4448 :
2302 4392 2359 4447 id
2388 4407 2528 4448 vero
2554 4391 2704 4447 nulli
2731 4392 3073 4464 operationi,
3118 4391 3218 4450 sed
3248 4393 3368 4449 soli-

2000 4472 2201 4547 gratiae
2216 4471 2494 4528 habituali
2509 4473 2805 4539 convenit,
2819 4478 2878 4528 ut
2892 4479 3090 4531 contra
3106 4475 3366 4546 vasquez

2001 4554 2357 4613 ostendimus
2377 4554 2504 4611 dub.
2530 4556 2588 4610 2.
2605 4556 2754 4611 Tum
2768 4555 2962 4624 etiam,
2981 4556 3116 4628 quia
3131 4557 3365 4613 siamor
3446 4603 3455 4606 Ἴ

2003 4637 2105 4692 Dei
2126 4651 2301 4709 super
2325 4635 2521 4693 omnia
2549 4636 2626 4691 sit
2648 4637 3128 4709 supernaturalis,
3164 4652 3365 4711 proce-

2001 4714 2088 4773 dit
2108 4732 2141 4773 a
2160 4717 2347 4791 gratia
2365 4714 2772 4783 sanctificante,
2797 4719 3071 4789 tanquam
3096 4733 3129 4773 a
3150 4716 3364 4790 princi-

2002 4800 2099 4874 pio
2124 4799 2216 4855 sui
2237 4797 2513 4867 effectivo,
2532 4803 2589 4856 et
2609 4797 3141 4871 indispensabiliter
3168 4813 3364 4856 neces-

2000 4881 2193 4949 sario;
2238 4885 2405 4953 atque
2444 4879 2572 4936 ideo
2610 4894 2730 4936 non
2771 4880 3012 4952 expellit
3039 4879 3362 4937 formaliter

2003 4969 2314 5037 peccatum,
2346 4961 2445 5018 sed
2471 4967 2695 5018 tantum
2724 4960 3077 5033 dispositive,
3110 4967 3173 5017 nt
3204 4960 3361 5016 infra

2000 5049 2129 5107 dub.
2160 5050 2196 5105 6
2230 5052 2288 5104 et
2320 5046 2461 5121 disp.
2501 5046 2555 5113 3,
2585 5044 2713 5101 dub.
2742 5045 2799 5113 4,
2833 5044 3004 5100 latius
3039 5043 3365 5102 declarabi-

3206 5142 3358 5182 mus.
