3647 5753
1381 399 1559 455 DISP.
1612 399 1656 466 1,
1698 396 1868 451 DUB.
1909 396 2005 451 vl.

880 581 911 646 g
952 577 995 631 1.

734 732 925 792 Verior
950 734 1159 807 opiniO.

53 925 233 969 conclu·
337 898 430 953 47.
458 894 773 951 Dicendum
795 910 930 969 ergo
955 901 1059 964 est,
1086 895 1156 951 ad
1184 894 1460 951 meritum
1486 905 1626 948 con-

96 975 180 1019 sto.
263 977 427 1052 digni
456 979 838 1034 necessariam
866 993 988 1034 esse
1031 977 1495 1051 promissionem,
1536 976 1627 1028 at-

261 1072 372 1131 que
399 1055 539 1113 adeo
568 1058 796 1113 nullum
826 1063 1034 1124 actum,
1079 1054 1456 1129 quantumvis
1481 1051 1628 1108 alias

263 1139 505 1206 bonum,
530 1136 738 1212 absque
776 1139 878 1195 illa
907 1154 1027 1195 esse
1056 1154 1217 1211 posse
1263 1138 1326 1193 in
1367 1140 1491 1193 actu
1533 1149 1627 1190 se-

265 1222 471 1287 cundo,
503 1225 560 1277 et
599 1222 877 1293 complete
904 1221 1294 1278 meritorium.
1326 1222 1409 1276 Ita
1458 1216 1629 1275 colli-

43 1294 239 1391 T‘ffi’gffi·
267 1302 424 1376 gitur
443 1317 516 1358 ex
535 1301 788 1358 Concilio
817 1300 1077 1358 Trident.
1128 1318 1255 1366 sess,
1287 1302 1343 1365 6,
1375 1315 1500 1371 cap.
1538 1297 1623 1362 16,

232 1378 242 1386 ’
271 1382 370 1439 ubi
397 1383 518 1439 vita
542 1390 759 1440 aeterna
782 1390 1017 1440 vocatur
1044 1398 1261 1439 merces
1287 1400 1360 1437 eoe
1382 1380 1484 1437 Dei
1507 1395 1630 1452 pro-

267 1467 525 1521 missione
569 1466 723 1522 bonis
739 1467 1021 1537 justorum
1041 1465 1311 1539 operibus,
1342 1470 1394 1519 et
1418 1462 1630 1519 meritis

64 1558 230 1601 senon.
268 1547 540 1603 reddenda
562 1566 580 1600 .·
599 1552 652 1605 et
673 1563 744 1603 ex
771 1547 1042 1603 conciliis
1062 1545 1399 1611 Senonensi,
1430 1550 1488 1602 et
1510 1546 1631 1599 Mo-

44 1609 243 1709 ssffi'ffi
269 1629 535 1704 guntino,
576 1645 822 1701 quorum
869 1627 1045 1686 verba
1085 1629 1313 1686 adducit
1352 1630 1625 1699 vasquez,

271 1725 375 1767 nec
395 1710 635 1767 omnino
683 1724 750 1765 ea
793 1709 983 1766 solvit.
1025 1710 1330 1783 Colligitur
1354 1707 1530 1765 etiam
1558 1722 1631 1763 ex

268 1792 337 1847 D.
379 1792 615 1864 August.
646 1806 807 1846 serm.
849 1790 929 1855 16,
961 1789 1024 1844 de
1062 1790 1239 1846 verbis
1280 1789 1545 1863 Apostoli,
1575 1791 1633 1843 et

68 1881 236 1926 Dero.
268 1888 340 1930 ex
368 1875 431 1930 D.
462 1873 670 1930 Thom.
700 1871 763 1927 111
793 1873 1086 1944 praesenti,
1106 1879 1216 1929 art.
1252 1875 1271 1930 l
1313 1872 1389 1927 ad
1407 1873 1464 1939 4,
1495 1878 1545 1926 et
1572 1872 1633 1926 in

267 1957 325 2022 2,
354 1955 485 2011 dist.
509 1957 602 2020 27,
635 1962 817 2032 quaest.
835 1957 879 2021 1,
911 1962 1021 2012 art.
1048 1957 1103 2022 3,
1135 1954 1234 2012 ubi
1256 1955 1320 2011 in
1345 1953 1634 2012 solutione

272 2035 343 2092 ad
364 2037 420 2103 4,
446 2036 606 2093 docet
633 2052 738 2093 nos
767 2052 928 2108 posse
953 2037 1302 2094 constituere
1328 2039 1507 2092 Deum
1529 2034 1634 2092 de-

272 2115 519 2174 bitorem
535 2132 605 2174 ex
629 2117 930 2190 promisse,
957 2123 1012 2174 et
1031 2118 1114 2174 sic
1135 2117 1284 2190 apud
1307 2117 1480 2173 illum
1506 2130 1634 2172 me-

51 2194 117 2235 D·
137 2192 239 2235 ¹³⁰⁰-
275 2199 413 2255 reri.
463 2201 644 2271 Atque
690 2199 771 2254 ita
816 2197 1008 2254 docuit
1052 2202 1117 2255 D.
1162 2200 1478 2255 Bonavent.
1535 2198 1629 2252 cit.

47 2241 406 2343 fflffiieist.
433 2279 526 2346 27,
556 2285 666 2334 art.
697 2281 753 2345 2,
785 2286 966 2356 qamt.
999 2279 1053 2342 3,
1087 2276 1368 2334 aicardus
1392 2274 1629 2345 ibidem,

273 2363 384 2413 art.
431 2360 601 2412 etiam
627 2361 678 2418 2.
703 2366 885 2435 quzst.
929 2359 983 2424 3,
1016 2357 1326 2430 Capreolus
1354 2363 1537 2434 quaest.
1583 2359 1630 2423 l,

74 2453 212 2495 Deza.
271 2446 380 2494 art.
407 2440 441 2493 3
469 2440 544 2493 ad
569 2440 604 2494 8
629 2446 680 2494 et
706 2441 761 2505 9,
793 2441 938 2495 Deza
963 2446 1075 2495 art.
1108 2441 1163 2505 3,
1188 2439 1373 2495 notab.
1404 2440 1461 2504 4,
1488 2441 1637 2495 Sua-

44 2504 371 2596 ssff?{‡ss‚.rez
394 2519 587 2590 plures
609 2518 752 2574 alios
795 2519 1051 2575 referens
1078 2517 1169 2575 lib.
1204 2520 1288 2584 12,
1317 2519 1382 2572 de
1421 2520 1632 2588 qratia,

53 2603 243 2650 Grew·
277 2616 400 2673 cup.
452 2602 517 2655 17
537 2608 587 2656 et
622 2603 706 2669 18,
732 2603 1005 2659 Bellarm.
1035 2601 1132 2658 tib.
1154 2603 1205 2667 5,
1231 2601 1295 2656 de
1333 2599 1635 2673 Justificut.

38 2651 248 2744 &diens
278 2699 399 2755 cap.
434 2682 518 2750 14,
544 2684 834 2741 Puteanus
862 2684 925 2740 in
948 2684 1215 2756 praesenti
1256 2682 1633 2749 dubitatione,

44 2748 529 2842 Gssssffldoannes
556 2783 588 2822 a
616 2769 672 2821 S.
711 2766 915 2824 Thom.
947 2767 1092 2838 disp.
1121 2766 1216 2832 29,
1246 2773 1360 2821 art.
1413 2767 1461 2832 l,
1492 2767 1638 2822 Gre-

278 2847 473 2923 gorius
498 2849 734 2906 Martin.
766 2855 875 2907 art.
917 2851 962 2917 l,
993 2848 1121 2906 dub.
1143 2849 1197 2916 5,
1214 2847 1553 2905 conclusione
1577 2849 1632 2918 2,

279 2930 586 2988 Montesin.
621 2933 813 2998 Lorca,
839 2931 1153 2997 Granados,
1182 2936 1238 2987 et
1258 2930 1388 2988 alii.

356 3012 639 3070 Probatur
665 3013 872 3086 primo,
898 3013 1035 3085 quia
1061 3012 1337 3069 meritum
1374 3011 1641 3070 conferre

279 3089 445 3148 debet
470 3093 731 3167 operanti
754 3093 847 3165 Jus
869 3091 939 3148 ad
964 3092 1289 3165 praemium,
1312 3098 1477 3165 atque
1499 3091 1641 3149 adeo

277 3171 442 3230 debet
462 3175 808 3231 constituere
831 3175 1013 3230 Deum
1043 3174 1270 3245 praemii
1293 3172 1639 3230 debitorem:

277 3251 376 3310 sed
405 3255 552 3310 Deus
583 3270 697 3310 non
727 3259 909 3327 potest
935 3253 1207 3309 constitui
1249 3251 1493 3318 debitor,
1526 3252 1642 3308 nisi

282 3335 407 3407 ipse
429 3335 765 3407 promiserit
792 3355 804 3389 z
832 3348 968 3406 ergo
997 3332 1302 3405 promissio
1331 3333 1446 3389 haec
1470 3337 1554 3389 est
1574 3331 1645 3389 de

285 3415 507 3473 ratione
527 3415 741 3471 meriti.
758 3415 943 3487 MaJ‘or
966 3413 1291 3470 admittitur
1306 3428 1338 3469 a
1356 3415 1418 3469 D.
1434 3413 1640 3470 Thom.

285 3496 349 3551 in
377 3494 658 3567 praesenti,
702 3500 758 3550 et
800 3494 1187 3550 communiter
1227 3508 1261 3549 a
1306 3492 1643 3565 Theologis;

59 3583 133 3627 Ad
152 3582 274 3624 nom.
289 3580 578 3649 potestque
599 3573 831 3645 probari
853 3590 922 3631 ex
946 3574 1049 3630 1110
1078 3572 1245 3629 Ρο011
1268 3573 1338 3629 ad
1366 3574 1534 3630 Rom.
1564 3575 1600 3628 4
1632 3594 1645 3629 :

142 3634 188 3674 ⁴'
287 3654 369 3712 Es·
392 3657 488 3731 qui
513 3660 791 3727 operatur,
824 3670 1023 3708 merces
1062 3670 1170 3707 non
1221 3654 1534 3725 imputatur
1571 3670 1649 3709 se-

287 3738 527 3795 cundum
549 3737 816 3806 qratiam,
844 3735 935 3790 sed
960 3734 1255 3791 secundum
1295 3735 1533 3791 debitum
1551 3751 1569 3787 .·
1593 3739 1650 3791 01

287 3834 359 3875 ex
380 3818 503 3891 ipsa
529 3816 723 3872 meriti
753 3818 979 3882 natura,
1010 3814 1160 3889 quod
1186 3822 1272 3873 est
1306 3818 1406 3887 jus
1425 3816 1500 3870 ad
1514 3832 1651 3888 prs-

69 3908 273 3964 cajetan.
288 3901 481 3962 mium,
509 3902 572 3952 ut
591 3896 802 3952 diffinit
819 3896 1139 3969 cajetanus,
1167 3897 1257 3953 vel
1285 3902 1345 3952 ut
1365 3897 1487 3964 alii,
1514 3914 1650 3970 opus

288 3982 380 4037 cui
404 3980 707 4053 praemium,
740 3994 835 4032 seu
860 3995 1059 4033 merces
1103 3977 1341 4044 debetur,
1377 3982 1437 4033 ut
1475 3993 1651 4051 supra

288 4057 690 4132 explicuimus.
717 4057 910 4112 Minor
933 4073 1071 4114 vero
1104 4056 1397 4125 suadetur,
1427 4062 1550 4113 tum
1579 4072 1651 4113 ex

290 4144 359 4198 D.
383 4144 617 4215 August.
665 4140 777 4195 loco
816 4142 907 4195 cit.
946 4138 1043 4195 ubi
1066 4139 1182 4196 haec
1204 4140 1284 4196 ait
1311 4160 1325 4195 τ
1358 4160 1384 4191 α
1417 4138 1652 4196 Debitor

296 4244 321 4275 «
356 4222 523 4280 nobis
563 4220 744 4278 factus
770 4225 852 4276 est
897 4222 1062 4289 Deus,
1091 4236 1210 4278 non
1255 4218 1474 4294 aliquid
1502 4220 1651 4277 acci-

272 4325 326 4357 -α
356 4300 580 4377 piendo,
611 4301 708 4359 sed
736 4300 886 4374 quod
913 4302 965 4358 ei
996 4301 1205 4374 placuit
1236 4300 1647 4374 promittendo:

297 4405 322 4437 «
354 4384 523 4440 aliter
536 4383 696 4440 enim
724 4382 971 4439 dicimus
1000 4382 1257 4439 homini:
1284 4382 1460 4440 Debes
1477 4383 1645 4450 mihi,

301 4486 326 4518 α
353 4463 490 4538 quia
514 4462 644 4521 dedi
678 4462 784 4518 tibi
810 4486 824 4529 ;
873 4468 927 4520 et
967 4463 1138 4519 aliter
1159 4462 1442 4519 dicimus:
1474 4464 1654 4520 Debes

0 2990 7 3079 1
78 3009 228 3057 Reno.

303 4568 329 4600 α
357 4545 528 4611 mihi,
561 4545 695 4618 quia
727 4545 1044 4617 promisisti
1094 4544 1263 4601 1111111.
1314 4547 1427 4603 1)00
1475 4545 1653 4620 igitur

303 4648 329 4680 α
358 4625 498 4699 quid
534 4625 828 4681 dicimus?
873 4623 1066 4681 Redde
1117 4625 1286 4692 1111111,
1336 4626 1471 4699 quia
1521 4624 1654 4683 dedi

300 4729 326 4761 α
358 4706 511 4763 tibi?
550 4684 698 4771 duid
738 4703 1002 4761 dedimus
1045 4707 1176 4775 Dec,
1225 4706 1454 4779 quando
1504 4704 1655 4779 quod

304 4811 330 4842 κ
359 4803 577 4853 50111115,
628 4792 683 4844 01
722 4785 871 4860 quod
912 4785 1190 4842 habemus
1237 4786 1394 4854 boni,
1441 4785 1511 4843 ab
1552 4787 1657 4844 illo

302 4893 328 4924 κ
360 4870 862 4927 habemus?Nihil
902 4885 1038 4943 ergo
1089 4870 1142 4926 ei
1183 4868 1486 4928 dedimusz
1538 4884 1658 4926 non

305 4974 331 5006 α
358 4956 444 5009 051
480 4948 963 5023 quemadmodum
1019 4950 1127 5007 ista
1180 4966 1313 5007 voce
1362 4950 1658 5024 exigamus

312 5055 339 5088 α
367 5030 687 5091 debitorem
710 5033 912 5089 Deum.
942 5031 1049 5089 Illo
1075 5046 1211 5106 ergo
1250 5030 1422 5089 modo
1457 5046 1661 5104 possu-

3001 388 3120 445 693

1759 590 1785 621 α
1819 583 1951 623 11105
1971 568 2203 642 exigere
2233 567 2545 624 Dominum
2575 570 2838 622 nostrum
2866 584 2880 619 ε
2925 555 3117 618 Redde

1756 669 1783 701 α
1813 648 1967 720 quod
1991 648 2325 722 promisisti,
2356 648 2493 720 quia
2538 646 2779 703 fecimus
2805 642 2954 717 quod
2989 643 3117 716 jus-

1760 751 1786 784 «
1815 731 1963 787 sisti.
2001 752 2026 784 »
2060 732 2152 788 Sic
2169 733 2415 805 August.
2443 733 2513 785 Et
2538 728 2692 786 idem
2734 728 2894 785 docet
2913 728 2977 782 D.
3004 724 3112 781 Th.

1755 811 1869 866 loco
1895 812 1987 868 cit.
2020 814 2167 869 Tum
2207 811 2404 878 etiam,
2429 811 2564 883 quia
2591 811 2788 866 nullus
2813 806 3117 863 constitui-

1755 898 1850 948 tur
1871 891 2114 960 debitor,
2142 893 2258 948 nisi
2288 893 2464 948 velex
2485 891 2741 965 acceptis,
2771 890 2862 947 vel
2883 905 2954 946 ex
2981 903 3117 961 pro-

1755 972 1950 1029 missis
1977 973 2111 1030 :sed
2144 975 2290 1030 Deus
2311 988 2429 1029 non
2453 977 2632 1045 potest
2654 969 2926 1028 constitui
2953 967 3120 1023 debi-

1756 1057 1847 1110 tor
1872 1068 1945 1109 ex
1984 1054 2255 1126 acceptis;
2279 1054 2407 1127 quis
2428 1053 2588 1110 enim
2627 1052 2786 1124 prior
2826 1049 2982 1107 dedit
3003 1048 3115 1114 illi,

1756 1139 1814 1192 et
1835 1134 2186 1192 retribuetur
2207 1135 2280 1203 ei,
2307 1151 2435 1192 cum
2464 1135 2663 1191 omnia
2684 1149 2808 1206 quae
2838 1135 2951 1189 Deo
2990 1145 3128 1205 pos-

1755 1230 1956 1271 sumus
1997 1215 2224 1283 offerre,
2278 1216 2430 1273 dona
2477 1215 2660 1288 ipsius
2713 1213 2903 1286 potius
2946 1226 3128 1285 quam

1756 1297 1968 1354 merita
1990 1303 2186 1356 nostra
2203 1299 2340 1364 sint,
2371 1302 2429 1355 et
2447 1298 2499 1354 ei
2524 1297 2790 1370 pluribus
2812 1295 2996 1351 titulis
3018 1293 3123 1350 de·-

1757 1378 2025 1436 beantur:
2048 1397 2185 1457 ergo
2203 1383 2391 1438 solum
2417 1384 2597 1453 potest
2610 1379 2881 1436 constitui
2897 1375 3124 1433 debitor

1756 1475 1831 1516 ex
1858 1461 2178 1532 promissis.

1835 1532 1920 1588 Ad
1943 1534 2060 1592 haec
2089 1553 2102 1588 ι
2152 1535 2306 1593 111101
2334 1533 2600 1591 1101111ηο5
2629 1548 2784 1588 unus
2814 1547 2933 1588 non
2963 1546 3121 1589 cons-

1755 1613 1988 1671 tituitur
2045 1615 2272 1673 debitor
2339 1621 2595 1687 respectu
2651 1614 2891 1670 alterius
2922 1656 2936 1679 ,
3007 1612 3124 1669 nisi

1760 1696 2117 1754 interveniat
2172 1702 2398 1771 pactum
2420 1737 2434 1762 ,
2490 1697 2585 1753 vel
2644 1695 2969 1769 promissio,
3026 1697 3126 1751 aut

1760 1778 1856 1834 lex
1894 1778 2088 1851 aliqua
2140 1779 2389 1852 positiva
2415 1792 2449 1832 a
2475 1777 2786 1850 Republica
2832 1775 3123 1848 imposita,

1760 1875 1886 1932 quae
1930 1861 2195 1933 suppleat
2239 1857 2705 1916 contrahentium
2752 1857 3132 1930 particulares

1760 1955 2092 2006 consensus,
2143 1946 2201 1997 et
2239 1942 2401 2014 gerat
2421 1937 2603 1995 vicem
2634 1938 2779 2012 pacti
2829 1958 2844 1992 ι
2895 1936 3049 1993 unde
3073 1937 3124 1992 si

1763 2023 1970 2079 Petrus
2028 2021 2243 2094 absque
2296 2019 2580 2094 praedictis
2619 2022 2681 2077 in
2733 2020 2905 2076 vinea
2957 2019 3125 2074 Pauli

1762 2109 1880 2161 tota
1906 2103 2000 2161 die
2039 2103 2276 2173 laboret,
2311 2120 2429 2161 non
2456 2102 2586 2160 ideo
2611 2102 2927 2160 debitorem
2950 2102 3125 2157 illum

1761 2185 2091 2250 constituet,
2123 2200 2229 2243 nec
2255 2187 2469 2243 Paulus
2522 2183 2815 2241 tenebitur
2858 2199 2930 2239 ex
2950 2182 3124 2258 justi-

1764 2267 1846 2323 tia
1898 2282 2002 2339 pro
2044 2267 2146 2323 tali
2199 2284 2371 2341 opere
2421 2265 2660 2324 reddere
2707 2267 2931 2340 justum
2996 2278 3129 2337 pre-

1764 2349 1914 2405 tium
1962 2369 1975 2404 :
2036 2364 2173 2423 ergo
2211 2352 2395 2408 multo
2445 2351 2642 2406 minus
2686 2352 2867 2405 Deum
2919 2345 3133 2404 consti-

1765 2435 1996 2487 tuemus
2045 2430 2315 2502 operibus
2368 2432 2583 2489 nostris
2621 2429 2960 2494 debitorem,
3020 2426 3134 2481 nisi

1766 2510 1890 2585 ejus
1924 2510 2295 2582 promissum,
2342 2513 2432 2569 vel
2473 2516 2697 2583 pactum
2736 2508 2807 2564 de
2860 2521 3132 2565 remune-

1770 2591 1970 2649 randis
2007 2592 2132 2648 illis
2173 2594 2584 2666 praecesserint.
2633 2591 2961 2648 Praesertim
3000 2603 3131 2646 cum

1768 2690 1945 2747 opera
1985 2680 2182 2732 nostra
2211 2675 2476 2748 pluribus
2515 2675 2701 2732 titulis
2737 2676 2849 2731 Deo
2875 2674 2992 2730 sint
3031 2671 3135 2728 de-

1768 2755 1905 2825 bita,
1942 2772 2014 2814 ex
2040 2756 2250 2829 quibus
2292 2763 2489 2830 potest,
2523 2758 2573 2814 si
2622 2757 2779 2819 velit,
2832 2772 2900 2813 ea
2938 2770 3135 2826 accep-

1769 2842 1911 2905 tare,
1937 2841 1994 2895 et
2015 2837 2141 2894 sine
2169 2836 2609 2911 ingratitudinis
2654 2837 2905 2911 periculo
2927 2836 3138 2908 absque

1769 2919 1961 2991 aliqua
2007 2920 2474 2978 remuneratione
2517 2921 2868 2992 relinquere.

1846 3001 1916 3053 Et
1961 2998 2298 3057 confirmari
2351 3005 2532 3074 potest
2576 3003 2759 3055 totum
2813 2999 2951 3063 hoc,
3001 2998 3137 3070 quia

1773 3081 1920 3137 Deus
1947 3080 2017 3137 de
2040 3080 2185 3139 facto
2209 3083 2512 3154 praemium
2526 3080 2692 3136 bonis
2710 3078 2979 3151 operibus
3001 3092 3137 3150 pro-

1772 3160 1935 3216 misit
1963 3183 1974 3217 :
2017 3177 2153 3235 ergo
2180 3163 2500 3220 necessaria
2526 3166 2610 3217 est
2636 3161 2757 3216 haec
2805 3159 3128 3231 promissio,

1774 3247 1836 3297 ut
1858 3242 2142 3314 praedictis
2168 3244 2437 3316 operibus
2465 3243 2768 3316 praemium
2810 3241 3083 3298 debeatur
3117 3262 3131 3297 ε

1775 3324 1991 3381 frustra
2020 3340 2269 3397 namque
2298 3328 2445 3382 Deus
2492 3324 2795 3396 praemium
2833 3323 3134 3396 promisis-

1774 3410 1877 3471 set,
1909 3405 2071 3479 cujus
2091 3405 2212 3479 J‘am
2237 3411 2369 3462 ante
2392 3404 2834 3479 promissionem
2862 3408 3007 3460 esset
3032 3402 3135 3460 de-

1776 3485 1952 3543 bitor.

1851 3570 1946 3624 48.
1978 3567 2302 3641 Respondet
2341 3571 2613 3642 Vasquez,
2639 3568 2786 3640 quod
2815 3570 2943 3625 licet
2971 3567 3133 3625 debi-
3147 3568 3351 3659 egwina)

1777 3654 1902 3706 tum
1930 3666 2001 3707 ex
2040 3651 2280 3724 justitia,
2314 3653 2404 3709 vel
2449 3666 2520 3706 ex
2562 3649 2836 3708 fidelitate
2881 3652 3138 3725 requirat
3209 3628 3295 3672 ⁸⁸⁴1-

1780 3732 2244 3806 promissionem,
2273 3737 2605 3790 nontamen
2634 3731 2890 3789 debitum
2918 3749 2989 3791 ex
3016 3735 3139 3791 sola

1777 3812 2134 3887 gratitudine
2179 3834 2193 3870 ε
2234 3818 2292 3869 01
2333 3811 2484 3887 quod
2524 3812 2799 3869 meritum
2839 3816 3028 3872 solum
3068 3831 3140 3871 ex

1777 3894 2134 3970 gratitudine
2173 3895 2396 3952 inducit
2432 3894 2709 3951 debitum.
2744 3897 2813 3951 Et
2857 3895 2928 3952 ad
2974 3896 3137 3964 illud,

1778 3975 1933 4048 quod
1958 3975 2242 4043 addimus,
2270 3974 2428 4032 addit
2447 3976 2621 4031 etiam
2646 3974 2782 4047 ipse,
2809 3979 3141 4050 exemplum

1780 4056 1853 4114 de
1881 4057 2178 4115 laborante
2206 4056 2269 4111 in
2289 4056 2461 4112 vinea
2491 4056 2677 4121 Pauli,
2713 4056 2898 4128 potius
2923 4057 3036 4113 sibi
3066 4059 3146 4115 fa-

1781 4154 1919 4196 vere
1947 4159 1959 4195 :
1985 4154 2121 4194 nam
2143 4138 2190 4192 si
2217 4138 2430 4193 Paulus
2453 4138 2622 4193 illum
2640 4136 2838 4211 jubeat
2854 4138 3138 4205 laborare,

1779 4224 1837 4276 et
1861 4218 1981 4291 ipse
2000 4217 2338 4283 consentiat,
2372 4217 2580 4290 absque
2604 4219 2719 4274 alia
2761 4219 3145 4291 promissione

1782 4298 1948 4357 debet
1974 4299 2027 4357 ei
2061 4297 2383 4355 mercedem
2426 4313 2496 4354 ex
2518 4297 2743 4371 justitia
2789 4320 2801 4354 :
2850 4315 2985 4374 ergo
3009 4316 3140 4356 cum

1782 4384 1931 4438 Deus
1954 4395 2057 4438 nos
2091 4381 2155 4437 in
2185 4381 2354 4437 vinea
2393 4396 2498 4436 sua
2533 4380 2796 4438 laborare
2824 4382 3138 4455 praecipiat,

1783 4462 1997 4535 absque
2024 4461 2139 4518 alia
2167 4462 2551 4534 promissione
2578 4461 2674 4520 fiet
2704 4462 2871 4518 nobis
2895 4460 3141 4531 debitor,

1782 4545 2013 4603 etiamsi
2054 4543 2312 4601 debitum
2341 4544 2537 4600 meriti
2564 4551 2710 4603 esset
2735 4544 2993 4601 debitum
3017 4547 3144 4618 jus-

1781 4627 1945 4684 titiae.
1973 4625 2060 4681 Ad
2097 4624 2601 4696 confirmationem
2632 4625 2953 4700 respondet,
2999 4625 3147 4683 divi-

1785 4724 1926 4765 nam
1948 4706 2392 4782 promissionem
2421 4706 2617 4765 adesse
2643 4707 2714 4764 de
2743 4708 2908 4773 facto,
2941 4722 3058 4764 non
3084 4714 3145 4764 ut

1784 4789 1952 4849 nobis
1973 4788 2330 4862 conferatJus
2353 4788 2422 4845 ad
2446 4790 2771 4863 praemium,
2797 4788 2895 4846 sed
2913 4795 2973 4846 ut
2993 4805 3149 4863 prae-

1786 4871 1893 4928 mii
1924 4869 2169 4927 redditio
2194 4870 2269 4925 sit
2296 4869 2650 4928 infallibilis.

1862 4950 1969 5009 Sed
1996 4957 2234 5009 contra:
2265 4951 2403 5023 quia
2454 4951 2682 5008 meritis
2727 4969 2845 5010 non
2887 4951 3338 5016 redditurpraeeia.

1789 5033 2098 5108 praemium
2147 5050 2219 5091 ex
2257 5032 2628 5109 gratitudine,
2659 5032 2758 5091 sed
2802 5034 3135 5110 exjustitia,
3181 5021 3308 5067 ‘¹¹¹⁰'-
