3647 5753
290 945 465 990 Aristot.

312 997 472 1038 D.'1'h0.

506 381 615 436 432

505 555 653 606 statu
677 565 972 621 purorum,
1002 548 1302 621 perfectior
1335 552 1500 615 esset,
1525 547 1866 621 simpliciter

507 631 806 704 loquendo,
838 632 1242 704 contemplatio
1272 631 1369 687 Dei
1406 630 1665 687 authoris
1703 636 1865 686 natu-

508 712 665 777 raliS,
696 725 870 783 quam
898 727 1062 768 amor
1101 710 1384 767 naturalis
1421 710 1519 767 Dei
1541 726 1713 783 super
1735 725 1866 767 om-

505 793 637 854 nia;
667 793 729 849 in
759 793 970 865 illoque
999 792 1239 867 proinde
1257 793 1450 884 potius
1470 808 1643 866 quam
1674 791 1738 848 in
1761 791 1867 848 boc

505 873 792 931 beatitudo
814 874 1095 931 naturalis
1116 878 1465 942 consisteret,
1509 878 1570 928 ut
1608 888 1679 928 ex
1698 872 1864 928 Aris-

508 960 608 1011 tot.
631 961 688 1011 et
721 958 784 1011 D.
831 957 1031 1012 Tbom.
1065 954 1420 1011 ostendimus
1469 960 1631 1009 tract.
1665 954 1715 1019 9,
1745 952 1867 1008 dis-

448 1099 451 1102 ,
505 1044 622 1108 put.
666 1038 721 1101 6,
752 1036 881 1091 dub.
918 1038 971 1103 2,
1016 1040 1071 1091 et
1119 1035 1400 1108 praecipue
1428 1051 1459 1090 n
1497 1052 1651 1090 num.
1678 1034 1867 1100 29;et

296 2748 349 2788 D.
371 2746 472 2787 Tho.

319 4132 475 4224 &aa

509 1118 892 1176 nihilominus
919 1134 1082 1174 amor
1103 1117 1387 1174 naturalis
1409 1116 1510 1172 Dei
1539 1131 1710 1188 super
1735 1131 1865 1171 om-

508 1202 607 1258 nia
634 1206 919 1274 peccatum
964 1201 1289 1272 expelleret,
1322 1203 1385 1254 ut
1403 1197 1742 1254 Adversarii
1773 1196 1865 1252 as-

506 1284 773 1351 firmant3
815 1284 1216 1355 contemplatio
1267 1299 1406 1339 vero
1452 1281 1551 1338 Dei
1603 1277 1866 1337 authoris

506 1365 787 1424 naturalis
815 1364 960 1420 illud
1000 1379 1117 1420 non
1150 1364 1493 1428 excluderet,
1539 1361 1636 1419 sed
1676 1375 1866 1434 quan-

506 1455 872 1520 tumcumque
912 1446 974 1502 in
1019 1464 1121 1504 suo
1158 1463 1368 1521 genere
1396 1447 1643 1518 perfecta
1694 1447 1861 1508 esset,

508 1535 692 1604 posset
711 1544 840 1584 cum
863 1527 1140 1584 habituali
1167 1533 1388 1601 peccato
1410 1527 1674 1600 componi
1702 1537 1866 1599 :ergo

503 1627 575 1667 ex
600 1625 667 1665 eo
686 1608 833 1681 quod
856 1608 1001 1665 visio
1031 1609 1129 1663 Dei
1152 1609 1214 1663 in
1235 1607 1420 1679 seipso
1439 1608 1515 1663 sit
1538 1606 1859 1680 perfectior,

503 1706 674 1763 quam
722 1705 884 1745 amor
928 1688 1240 1755 charitatiS,
1274 1693 1330 1743 et
1384 1687 1532 1744 visio
1574 1691 1864 1760 peccatum

505 1770 797 1827 habituale
837 1785 951 1825 non
972 1769 1301 1839 expelleret,
1327 1767 1576 1825 minime
1602 1769 1865 1841 sequitur

502 1850 651 1923 quod
673 1867 834 1907 amor
860 1849 1154 1905 charitatis
1182 1847 1327 1903 illud
1375 1864 1492 1906 non
1515 1847 1859 1905 excluderet.

505 1936 575 1988 Et
596 1933 740 1990 ratio
766 1938 850 1989 est
875 1930 1071 2009 eadem
1092 1930 1408 2004 utrobique,
1436 1932 1571 2003 quia
1599 1930 1868 1987 videlicet

480 2016 749 2078 bonitas,
781 2019 836 2071 et
856 2013 1080 2069 malitia
1103 2013 1288 2086 potius
1318 2013 1631 2084 respiciunt
1652 2015 1865 2070 volun-

505 2102 698 2162 tatem,
733 2098 794 2153 in
815 2113 926 2170 qua
963 2100 1459 2163 consummantur,
1482 2111 1656 2167 quam
1687 2095 1866 2151 intel-

506 2179 741 2246 lectum,
772 2196 882 2251 quo
911 2177 1241 2250 diriguntur
1274 2199 1287 2233 :
1318 2176 1471 2232 unde
1516 2193 1647 2233 cum
1694 2175 1865 2232 recti-

506 2259 703 2316 tudine
736 2258 1082 2333 cognitionis
1126 2258 1510 2329 speculativae,
1565 2256 1864 2314 autetiam

506 2344 761 2415 practicae
782 2341 1080 2397 inefficacis
1119 2346 1270 2396 stare
1312 2345 1493 2412 potest
1543 2346 1862 2413 peccatum;

504 2430 561 2480 at
589 2425 833 2480 minime
860 2423 1124 2494 componi
1148 2423 1301 2478 valet
1345 2440 1472 2478 cum
1525 2422 1867 2479 rectitudine

504 2504 733 2561 effectus
752 2503 1091 2576 simpliciter
1119 2503 1238 2566 tali,
1266 2504 1452 2574 qualis
1485 2508 1569 2559 est
1591 2504 1714 2568 illa,
1741 2519 1866 2576 quae

508 2585 570 2639 in
598 2598 811 2647 amore,
837 2599 949 2655 quo
968 2583 1361 2638 convertimur
1404 2582 1473 2638 ad
1497 2586 1675 2637 Deum
1704 2587 1764 2638 ut
1793 2583 1864 2640 ad

510 2665 777 2720 ultimum
802 2663 996 2731 finem,
1016 2664 1318 2735 reperitur.
1340 2667 1519 2728 Quam
1541 2663 1863 2720 doctrinam

507 2746 784 2819 expressit
813 2748 874 2799 D.
906 2746 1109 2802 Thom.
1136 2761 1310 2816 supra
1331 2752 1513 2820 quast.
1546 2747 1665 2811 109,
1692 2754 1803 2802 art.
1829 2749 1865 2801 2

506 2829 581 2884 ad
608 2828 642 2883 3
663 2827 697 2882 h
708 2827 753 2881 is
775 2824 966 2897 verbis
993 2846 1005 2882 ε
1029 2824 1253 2883 Natura
1271 2826 1517 2880 humana
1541 2830 1715 2898 magis
1741 2845 1865 2883 cor-

504 2915 671 2980 rupto-
696 2913 773 2961 est
791 2923 891 2979 per
904 2912 1186 2978 peccatum
1228 2913 1496 2981 quantum
1522 2907 1597 2961 ad
1648 2910 1864 2980 appeti·

504 2998 621 3044 lum
658 2988 802 3051 boni,
859 3004 1026 3065 quam
1069 2993 1337 3064 quantum
1384 2987 1459 3040 ad
1503 2991 1866 3057 coynitionem

502 3072 635 3126 veri.
671 3069 838 3141 Cujus
864 3067 1237 3124 manifestum
1280 3067 1511 3141 signum
1554 3073 1656 3133 est,
1713 3068 1864 3142 quod

500 3150 568 3207 ad
598 3149 1040 3206 destructionem
1065 3148 1243 3221 ipsius
1271 3149 1480 3220 peccati
1514 3150 1700 3221 potius
1742 3150 1864 3206 dis-

503 3231 775 3303 ponimur
798 3246 898 3303 per
939 3235 1093 3300 actus
1143 3230 1478 3295 voluntatiS,
1531 3247 1705 3302 quam
1760 3248 1864 3304 per

503 3318 655 3368 actus
678 3312 998 3367 intellectus
1030 3332 1042 3366 :
1074 3310 1225 3368 unde
1265 3311 1428 3367 nulla
1467 3311 1737 3385 cognitiO,
1771 3313 1864 3369 vel

506 3394 792 3450 naturalis
817 3436 829 3459 ,
882 3393 973 3449 vel
1013 3394 1475 3464 supernaturalis
1499 3437 1512 3460 ,
1568 3393 1865 3465 praecisive

502 3481 728 3549 sumpta
764 3473 833 3531 ab
862 3481 985 3531 actu
1027 3476 1339 3532 voluntatis
1393 3474 1558 3531 affert
1601 3475 1671 3532 de
1719 3476 1864 3533 facto

503 3558 895 3615 infallibiliter
943 3558 1342 3615 remissionem
1394 3559 1598 3630 peccati
1646 3582 1657 3624 ;
1709 3564 1865 3615 actus

501 3645 692 3697 autem
719 3639 1100 3704 contritionis,
1127 3640 1220 3696 vel
1246 3639 1543 3695 charitatis
1573 3639 1737 3694 illam
1766 3640 1862 3696 in-

504 3720 829 3777 fallibiliter
849 3720 919 3777 de
946 3721 1089 3778 facto
1112 3720 1309 3786 infert,
1337 3725 1398 3776 ut
1439 3721 1594 3777 infra
1636 3721 1863 3779 videbi-

504 3818 632 3858 mus
660 3804 798 3875 disp.
849 3821 956 3880 seq.
988 3803 1113 3859 dub.
1170 3804 1223 3859 5.
1260 3804 1328 3857 Et
1356 3804 1472 3859 haec
1513 3819 1781 3876 praesens,
1807 3810 1866 3861 et

503 3883 801 3939 ordinaria
840 3883 1200 3955 providentia
1236 3882 1437 3940 edocet
1464 3899 1584 3948 nOS,
1612 3888 1673 3939 ut
1713 3885 1864 3959 judi-

504 3978 696 4019 cemus
722 3962 792 4019 de
813 3963 947 4023 iliis.
970 3980 1095 4036 quae
1120 3968 1346 4036 possent
1389 3963 1705 4020 secundum
1736 3980 1865 4037 pro·

503 4042 820 4100 videntiam
848 4043 1369 4100 extraordinariam
1398 4045 1745 4118 contingere.

588 4127 709 4181 191.
752 4124 837 4180 Ad
856 4128 1103 4198 primam
1128 4141 1262 4198 ergo
1290 4126 1527 4198 maJ'oris
1571 4125 1864 4198 probatio—

292 4230 491 4281 oponsius:
507 4223 638 4263 nem
664 4205 1054 4279 respondetur,
1072 4213 1357 4278 peccatum
1376 4204 1669 4262 habituale
1691 4206 1862 4279 hujus

293 4287 493 4324 Cnssl'vffll-

346 4333 424 4372 lur-

503 4292 681 4344 status
702 4286 910 4344 habere
929 4286 1360 4358 oppositionem
1386 4302 1515 4343 cum
1559 4286 1863 4358 perfectio-

507 4367 677 4424 nibus
703 4365 1254 4440 supernaturalibuS,
1288 4382 1403 4423 non
1430 4366 1663 4439 quidem
1712 4384 1863 4440 prae-

505 4448 618 4503 cise
662 4448 1033 4504 consideratis
1087 4446 1492 4521 metaphysice‚
1524 4453 1579 4503 et
1626 4448 1687 4503 in
1740 4464 1863 4505 esse

505 4530 674 4594 entis,
705 4527 803 4585 sed
829 4528 1199 4586 consideratis
1221 4529 1536 4593 moraliter,
1569 4533 1625 4585 et
1662 4535 1862 4602 quate-

430 4625 433 4634 ·
509 4624 617 4664 nus
646 4607 957 4666 rectificant
1003 4610 1337 4682 appetitum,
1372 4623 1540 4682 quem
1571 4616 1860 4682 peccatum

504 4687 824 4746 deordinat.
851 4691 1126 4753 Quamvis
1153 4695 1343 4746 autem
1384 4689 1532 4746 visio
1576 4690 1730 4746 clara
1758 4691 1860 4747 Dei

504 4770 860 4828 considerata
891 4772 951 4827 in
973 4788 1093 4829 esse
1119 4772 1288 4838 entis,
1321 4776 1377 4829 et
1400 4769 1585 4844 quoad
1612 4772 1859 4844 speciem

503 4851 578 4905 sit
608 4850 906 4923 perfectior
927 4867 1123 4909 amore
1149 4852 1447 4908 charitatis
1472 4852 1672 4909 eodem
1689 4850 1860 4909 modo

503 4930 857 4988 considerato
877 4931 1288 4998 mihilominus
1341 4932 1435 5006 huj
1445 4929 1666 4989 usmodi
1695 4947 1860 4988 amor

507 5014 849 5081 praeeminet
868 5015 1077 5072 visioni
1132 5020 1408 5088 quantum
1458 5014 1525 5071 ad
1582 5015 1858 5071 virtutem

1434 378 1526 432 DE
1564 375 2148 431 JUSTIFICATIONE
2188 374 2388 428 ΙΜΡΙΙ.

1999 544 2346 604 rectificandi
2369 542 2702 616 appetitum,
2723 539 2858 611 quia
2873 537 3041 592 illum
3056 532 3341 590 efficaciter

1998 628 2280 685 convertit
2307 626 2376 684 ad
2430 628 2609 682 Deum
2657 622 2929 678 ultimum
2968 616 3174 682 finem;
3202 611 3341 686 quod

1998 708 2145 765 visio
2186 707 2477 781 praecisive
2497 709 2724 779 sumpta
2746 717 2864 758 non
2894 702 3140 773 praestat.
3188 692 3343 750 Unde

2001 793 2288 862 peccatum
2316 786 2517 861 magis,
2541 780 3016 842 etimmediatius
3044 775 3341 850 opponitur

2000 869 2185 927 amori
2200 867 2514 932 charitatiS,
2533 881 2705 939 quam
2724 859 2933 920 visioni
2954 859 3051 916 Dei
3068 858 3130 913 in
3145 855 3336 928 seipso.

1999 950 2153 1004 Sicut
2171 949 2344 1005 etiam
2382 954 2667 1019 peccatum
2697 945 2760 1001 in
2779 948 2928 1000 statu
2952 952 3224 1013 purorum
3244 935 3343 991 ha-

2001 1031 2161 1087 beret
2187 1029 2606 1101 oppositionem
2627 1042 2756 1083 cum
2804 1027 3014 1080 natura
3059 1016 3338 1082 rationali,

1997 1115 2053 1168 et
2079 1107 2523 1183 perfectionibus
2545 1106 2794 1180 propriis
2837 1104 2996 1160 illius
3017 1125 3030 1168 ;
3058 1103 3114 1156 et
3135 1097 3343 1154 nihilo-

1998 1194 2193 1249 minus
2220 1192 2403 1266 magis
2422 1195 2806 1263 opponeretur
2835 1184 3019 1243 amori
3049 1181 3341 1253 Dei,quam

1997 1274 2467 1348 contemplationi
2501 1273 2635 1339 Dei;
2685 1271 2817 1326 licet
2867 1264 3269 1339 metaphysice,
3292 1267 3344 1319 et

1999 1355 2184 1429 quoad
2222 1355 2464 1429 speciem
2495 1351 2795 1427 perfectior
2820 1352 2967 1406 esset
2986 1346 3086 1403 Dei
3108 1348 3345 1402 contem-

2001 1438 2195 1510 platio,
2217 1453 2390 1511 quam
2420 1450 2599 1491 amor.
2633 1436 2768 1498 Quae
2794 1428 3058 1487 doctrina
3102 1425 3343 1482 sumitur

1998 1534 2068 1574 ex
2119 1520 2183 1574 D.
2216 1518 2423 1573 Thom.
2465 1517 2520 1580 2,
2552 1517 2607 1578 2.
2652 1519 2832 1591 quast.
2865 1513 2957 1577 27,
2987 1515 3097 1564 art.
3129 1508 3163 1562 4
3188 1506 3262 1561 ad
3291 1507 3342 1572 2,
3363 1512 3513 1556 D.'1'l10.
3617 1502 3618 1515 ’

2000 1597 2097 1654 ubi
2119 1598 2298 1655 simili
2331 1596 2546 1653 motivo
2573 1593 2820 1651 occurrit
2849 1591 2937 1647 his
2978 1588 3175 1645 verbis
3201 1608 3215 1644 ε
3241 1585 3347 1642 Di-

1997 1681 2241 1747 cendum,
2274 1679 2415 1755 quod
2428 1695 2528 1751 per
2554 1677 2881 1731 charitatem
2908 1672 3124 1727 tollitur
3141 1669 3347 1723 aversio

1998 1780 2035 1817 α
2060 1761 2191 1827 Deo,
2222 1778 2336 1837 qum
2374 1767 2451 1814 est
2476 1776 2571 1831 per
2593 1762 2894 1829 peccatum,
2925 1771 3035 1809 non
3056 1758 3236 1807 autem
3255 1766 3349 1822 par

1997 1846 2173 1900 solam
2198 1844 2571 1913 coynitionem.
2595 1843 2661 1895 Et
2683 1838 2807 1895 ideo
2833 1835 3083 1892 charitas
3109 1834 3210 1897 est,
3231 1845 3349 1903 quae

1995 1923 2287 1999 diligendo
2311 1924 2569 1981 animam
2598 1916 2931 1977 immediate
2972 1918 3085 1972 Deo
3110 1912 3232 1986 conj
3241 1928 3349 1967 un-

1997 2009 2080 2083 git
2105 2006 2390 2081 spirituali
2423 2004 2653 2060 vinculo
2683 1999 2917 2057 unionis

2070 2088 2155 2143 Ad
2176 2088 2468 2144 secundam
2492 2073 2918 2157 respondemus,
2946 2077 3061 2151 maj
3069 2091 3227 2133 orem
3247 2088 3348 2144 op·

2001 2168 2338 2241 positionem
2361 2183 2488 2223 cum
2518 2170 2737 2238 peccato
2766 2159 2976 2218 habere
3004 2158 3172 2213 illam
3213 2168 3346 2226 ope-

2001 2251 2301 2313 rationem,
2316 2265 2442 2321 quae
2455 2249 2679 2304 nullum
2699 2248 2983 2318 peccatum
3001 2240 3094 2296 vel
3107 2236 3342 2296 actuale,

2001 2333 2089 2389 vel
2113 2331 2402 2388 habituale
2422 2346 2611 2387 secum
2637 2326 2937 2400 permittit,
2963 2337 3138 2395 quam
3165 2319 3342 2377 illam,

1998 2431 2124 2488 quae
2144 2415 2360 2470 actuale
2387 2409 2643 2484 impedit,
2676 2406 2772 2464 sed
2797 2404 3088 2462 habituale
3110 2415 3226 2457 non
3253 2415 3345 2455 ex-

1999 2496 2192 2552 cludit.
2223 2495 2380 2550 Visio
2402 2499 2592 2549 autem
2636 2489 2734 2546 Dei
2773 2489 2835 2544 in
2887 2487 3074 2558 seipso
3110 2480 3351 2554 impedit

1998 2577 2230 2651 quidem
2270 2593 2442 2633 omne
2489 2579 2775 2647 peccatum
2829 2569 3066 2634 actuale,
3092 2565 3228 2638 quia
3269 2567 3351 2620 est

2000 2658 2479 2732 incompossibilis
2507 2671 2633 2713 cum
2657 2652 2968 2710 dictamine
2985 2663 3183 2722 pravo,
3208 2643 3352 2718 quod

1998 2738 2070 2796 ad
2142 2738 2480 2811 positionem
2548 2734 2684 2791 novi
2752 2732 2958 2805 peccati
3027 2724 3350 2800 requireba-

1998 2826 2093 2875 tur
2123 2826 2219 2875 :at
2259 2834 2376 2874 non
2415 2815 2655 2889 expellit
2704 2817 2988 2886 peccatum
3042 2806 3349 2869 habituale,

1999 2904 2132 2977 quia
2154 2918 2255 2975 per
2275 2901 2541 2973 seipsam,
2574 2902 2629 2954 et
2675 2893 3048 2951 intransitive
3076 2906 3194 2948 non
3221 2904 3352 2946 con·

1999 2985 2172 3041 vertit
2199 2981 2494 3038 hominem
2525 2977 2593 3035 ad
2641 2980 2821 3033 Deum
2856 2974 3129 3029 ultimum
3157 2970 3348 3034 finem,

1998 3065 2094 3122 sed
2136 3061 2412 3134 relinquit
2440 3059 2803 3117 aversionem
2847 3053 3222 3116 habitualem,
3246 3064 3352 3122 qua

2002 3149 2402 3218 perseverante
2444 3142 2772 3213 perseverat
2814 3136 2991 3192 etiam
3041 3136 3346 3206 peccatum.

1997 3231 2176 3285 Amor
2223 3241 2361 3282 vero
2406 3220 2703 3279 charitatis
2754 3220 2886 3276 licet
2930 3232 3049 3273 non
3096 3212 3352 3273 excludat

1999 3308 2313 3382 potentiam
2339 3301 2625 3378 peccandi,
2651 3300 3037 3358 nihilominus
3066 3313 3167 3369 per
3205 3295 3352 3367 seip-

1997 3406 2125 3446 sum
2166 3394 2249 3445 est
2295 3381 2779 3456 incompossibilis
2829 3396 2956 3437 cum
2996 3382 3218 3452 peccato
3263 3392 3351 3432 ac·

1998 3471 2175 3537 tuali3
2207 3468 2465 3541 implicat
2490 3465 2648 3522 enim
2680 3463 2975 3519 bominem
3020 3465 3147 3517 actu
3173 3458 3349 3516 offen-

1997 3552 2133 3609 dere
2152 3550 2407 3625 graviter
2429 3549 2627 3613 Deum,
2649 3558 2819 3616 quem
2837 3549 2960 3598 actu
2977 3541 3348 3613 diligitsuper

1998 3632 2214 3690 omnia.
2250 3631 2316 3684 Et
2344 3625 2579 3684 aliunde
2613 3628 2878 3681 retractat
2900 3622 3199 3680 efficaciter
3226 3635 3349 3693 pec-

1996 3720 2183 3772 catum
2232 3709 2607 3784 praeteritum,
2632 3711 2690 3762 et
2721 3705 2959 3778 expellit
2987 3703 3342 3759 aversionem

1997 3793 2348 3850 habitualem
2375 3805 2448 3846 ex
2473 3804 2540 3847 eo
2570 3787 2826 3843 relictam
2858 3806 2869 3844 ς
2900 3799 3038 3840 nam
3074 3779 3376 3840 convertit·

1998 3874 2295 3932 hominem
2344 3870 2413 3926 ad
2456 3871 2653 3931 Deum,
2693 3883 2726 3922 a
2771 3881 2882 3938 quo
2925 3880 3024 3936 per
3068 3865 3346 3936 peccatum

1995 3952 2379 4012 avertebatur.
2409 3952 2475 4005 Et
2497 3950 2560 4004 in
2606 3939 2710 4004 hoc
2748 3962 2915 4002 sensu
2941 3944 3027 4013 (in
3055 3959 3167 4016 quo
3193 3939 3347 3997 debet

1998 4033 2300 4109 procedere
2329 4029 2604 4105 probatio,
2634 4033 2694 4083 ut
2713 4026 2930 4099 aliquid
2952 4026 3200 4093 evincat)
3225 4037 3345 4077 ma-

1994 4118 2080 4191 gis
2100 4116 2638 4189 opponiturpeccato
2659 4127 2821 4168 amor
2835 4108 3154 4171 charitatis,
3178 4119 3342 4179 quam

1996 4198 2143 4254 visio
2169 4196 2269 4253 Dei
2299 4196 2361 4251 in
2402 4195 2618 4266 seipso;
2650 4191 2781 4248 licet
2803 4187 3200 4263 peccabilitati,
3227 4184 3344 4240 sive

1997 4278 2263 4353 potentiae
2283 4276 2562 4349 proximae
2590 4272 2659 4330 ad
2683 4269 3026 4345 peccandum
3057 4266 3238 4342 magis
3265 4280 3344 4320 re·

1997 4364 2207 4434 pugnet
2247 4354 2514 4429 praedicta
2564 4353 2732 4418 visio,
2763 4368 2935 4425 quam
2964 4366 3127 4407 amor
3161 4369 3173 4404 :
3201 4342 3340 4420 quod

1995 4443 2146 4499 nihil
2175 4436 2498 4506 interestad
2525 4435 2967 4493 destructionem
2991 4429 3344 4505 praecxisten·

1996 4527 2067 4582 tis
2096 4523 2324 4598 peccati.
2359 4519 2640 4592 Debetque
2685 4519 2801 4574 haec
2844 4515 3105 4572 doctrina
3131 4512 3201 4570 ab
3240 4508 3342 4565 Ad·

1993 4605 2267 4663 versariis
2306 4600 2577 4666 admitti;
2636 4615 2770 4655 nam
2816 4596 3015 4654 dicunt
3056 4595 3336 4668 peccatum

1994 4704 2110 4747 non
2141 4703 2299 4761 posse
2325 4682 2541 4741 auferri
2566 4681 2776 4754 absque
2817 4678 3109 4735 infusione
3152 4673 3341 4753 gratiae

1994 4767 2322 4832 habitualis,
2352 4764 2439 4838 cuj
2448 4780 2511 4818 us
2533 4760 2861 4820 voluntaria
2885 4757 3133 4831 privatio
3157 4770 3333 4829 pecca-

1993 4855 2114 4906 tum
2161 4846 2450 4904 habituale
2499 4841 2792 4899 constituit
2817 4861 2831 4896 :
2859 4844 2917 4896 et
2968 4836 3341 4895 nihilominus

1990 4930 2177 5006 gratia
2199 4944 2315 4986 non
2339 4923 2636 4983 constituit
2680 4921 2979 4979 hominem
3006 4913 3339 4991 impeccabi-

1992 5015 2127 5078 lem,
2161 5026 2263 5068 nec
2284 5009 2472 5066 aufert
2501 5005 2825 5078 proximam
2876 5001 3185 5076 potentiam
3216 5012 3337 5132 piet:-

3128 5095 3229 5138 can
3270 5093 3286 5131 ι
3321 5099 3335 5140 ;
