3647 5753
527 432 640 487 778

529 600 668 656 dum
689 601 749 657 in
767 596 943 657 finem
966 596 1283 662 charitatis,
1308 593 1538 668 quando
1560 590 1895 649 infunditur

528 682 657 738 sine
700 687 824 738 actu
871 679 1169 737 charitatis
1214 676 1537 735 formaliter
1577 672 1791 738 habito,
1836 675 1893 727 et

529 762 761 839 quando
791 759 1121 818 infunditur
1148 774 1265 814 una
1284 774 1414 814 cum
1437 760 1579 829 ips0,
1611 760 1665 812 et
1685 754 1894 825 depen-

532 848 737 903 denter
764 842 834 899 ab
857 859 923 899 ea
948 847 1223 912 tanquam
1266 856 1296 896 a
1321 855 1421 912 per
1442 856 1501 895 se
1524 835 1796 910 requisito
1822 848 1894 889 ex

536 933 747 985 natura
770 923 885 990 rei;
914 936 1143 993 semper
1163 920 1322 977 enim
1370 916 1652 993 ejusmodi
1691 912 1895 971 modus

534 1014 620 1066 est
662 1003 1028 1079 participium
1068 1002 1288 1075 gratiae‚
1319 1008 1374 1058 et
1417 998 1733 1062 charitatiS,
1775 1009 1893 1051 non

534 1091 722 1147 solum
753 1084 933 1158 quoad
976 1083 1221 1147 habitus,
1247 1080 1345 1139 sed
1375 1081 1546 1137 etiam
1575 1075 1758 1153 quoad
1799 1091 1896 1132 ac-

535 1177 678 1238 tum,
713 1168 810 1241 qui
839 1181 909 1221 ex
933 1170 1141 1220 natura
1166 1164 1247 1220 rei
1278 1162 1513 1220 debebat
1536 1160 1782 1218 adfuisse
1802 1181 1816 1224 ;
1839 1161 1897 1214 et

533 1251 664 1308 ideo
707 1249 929 1323 quoties
972 1246 1232 1309 virtuteS,
1269 1250 1325 1300 et
1373 1242 1639 1316 polentiae
1696 1238 1895 1295 liberae

534 1337 725 1405 postea
772 1332 1102 1402 operantur,
1149 1330 1326 1398 agunt
1375 1325 1596 1379 ratione
1642 1318 1895 1395 praedicti

534 1412 692 1470 modi
721 1413 785 1468 in
814 1411 1026 1467 virtute
1047 1408 1265 1483 gratiae,
1295 1413 1351 1463 et
1377 1404 1691 1468 charitatis,
1734 1407 1789 1458 et
1835 1404 1897 1455 ut

533 1494 717 1551 virtus
741 1490 994 1565 praedicti
1024 1494 1197 1546 actus,

615 1577 735 1633 123.
783 1573 924 1629 Etsi
955 1577 1127 1645 petas,
1164 1587 1196 1627 a
1242 1585 1495 1642 quonam
1543 1565 1748 1624 modus
1794 1567 1896 1623 ille

532 1656 844 1715 habitualis
885 1653 1229 1727 producatur
1279 1652 1342 1707 in
1389 1651 1520 1707 aliis
1560 1647 1890 1715 virtutibus,

532 1738 762 1811 quando
785 1738 847 1793 in
863 1734 1269 1811 justificatione
1296 1732 1481 1790 defuit
1521 1738 1674 1787 actus
1701 1731 1898 1787 chari-

533 1821 707 1877 tatis?
730 1818 1139 1891 Respondetur,
1173 1815 1508 1888 praedictum
1538 1812 1775 1870 modum
1799 1813 1896 1869 ha·

536 1903 811 1960 bitualem
840 1915 1065 1973 semper
1092 1897 1395 1955 dimanare
1423 1915 1453 1955 a
1479 1898 1665 1972 gratia
1704 1894 1895 1953 medio

534 1987 732 2043 habitu
773 1981 1087 2047 charitatiS,
1119 1998 1150 2037 a
1190 1998 1302 2053 quo
1329 1978 1609 2053 dependet
1653 1979 1712 2034 in
1741 1975 1889 2043 fieri,

528 2074 584 2126 et
635 2070 697 2125 in
749 2065 1079 2124 conservari
1111 2085 1123 2120 ε
1175 2070 1330 2120 actus
1380 2079 1518 2119 vero
1572 2060 1888 2125 charitatis,

526 2149 755 2223 quando
808 2146 981 2212 adest,
1035 2144 1326 2203 concurrit
1392 2142 1747 2216 dispositive,
1797 2145 1895 2197 aut

522 2233 697 2289 etiam
721 2225 1143 2304 quodammodo
1164 2225 1422 2284 effective
1447 2224 1517 2282 ad
1543 2225 1719 2291 talem
1741 2238 1895 2279 ema·

524 2313 855 2376 nationem;
903 2306 1130 2381 quando
1158 2322 1298 2364 vero
1321 2321 1437 2363 non
1467 2303 1641 2372 adest,
1668 2304 1895 2375 supplet

525 2396 675 2451 Deus
696 2393 910 2448 virtute
924 2388 1269 2446 sacramenti
1286 2388 1335 2462 ej
1346 2403 1407 2441 us
1422 2384 1888 2459 dependentiam,

521 2481 577 2531 et
631 2472 918 2529 influxum
969 2492 982 2527 ε
1034 2469 1187 2527 unde
1230 2470 1406 2526 etiam
1455 2475 1589 2524 tunc
1633 2466 1895 2522 dimanat

523 2554 655 2609 talis
683 2552 904 2615 modus,
933 2554 989 2606 et
1013 2549 1348 2623 producitur
1388 2566 1421 2606 a
1463 2550 1577 2605 Deo
1616 2553 1892 2619 tanquam

525 2632 892 2705 participium
923 2635 1079 2685 actus
1118 2629 1435 2694 charitatis,
1466 2633 1519 2685 et
1547 2627 1803 2683 continet
1829 2626 1891 2681 in

526 2728 587 2768 se
613 2710 857 2769 eandem
887 2709 1182 2776 virtutem,
1215 2725 1388 2782 quam
1420 2713 1604 2781 posset
1630 2706 1894 2764 conferre

528 2792 831 2866 praedictus
854 2798 1028 2849 actus.

322 2896 514 2948 Respon-
601 2876 684 2932 Ex
696 2875 785 2932 his
803 2873 871 2933 ad
890 2876 1150 2949 primum
1170 2871 1564 2946 respondetur,
1591 2873 1658 2927 D.
1681 2871 1889 2927 Thom.

314 2945 587 3046 pilinssgfiss
608 2959 728 3016 suis
758 2958 1104 3015 testimoniis
1131 2972 1430 3013 recurrere
1463 2954 1528 3012 ad
1560 2960 1749 3010 actum
1780 2953 1894 3009 for·

523 3044 738 3100 malem
765 3040 1064 3098 charitatis
1093 3038 1524 3112 praecedentem,
1567 3042 1623 3094 et
1650 3036 1720 3093 ad
1742 3035 1894 3093 ordi-

524 3126 821 3183 nationem
871 3138 971 3195 per
1026 3136 1160 3177 eum
1215 3120 1461 3187 factam;
1510 3119 1646 3192 quia
1693 3118 1895 3191 hujus-

523 3207 681 3266 modi
704 3213 876 3271 actus,
903 3209 960 3261 et
998 3201 1289 3260 ordinatio
1328 3201 1468 3258 satis
1508 3199 1894 3258 communiter

524 3288 820 3364 praecedit,
902 3300 1243 3357 semperque
1311 3282 1628 3357 praecedere
1703 3278 1887 3348 debet,

524 3386 624 3443 per
670 3384 730 3425 se
789 3363 1091 3440 loquendo,
1142 3370 1199 3422 et
1238 3370 1521 3436 quantum
1549 3367 1635 3418 est
1673 3376 1743 3417 ex
1784 3375 1892 3415 na-

524 3460 655 3509 tura
696 3450 821 3507 rei:
862 3452 921 3505 et
962 3447 1098 3520 quia
1137 3462 1204 3504 eo
1234 3446 1375 3519 ipso,
1426 3443 1576 3518 quod
1618 3441 1698 3498 sic
1739 3456 1891 3514 prae-

523 3535 723 3594 cedere
781 3531 999 3597 debeat,
1056 3528 1214 3587 adest
1270 3526 1557 3584 sufficiens
1610 3524 1777 3589 ratio,
1832 3528 1894 3579 ut

523 3617 698 3674 etiam
722 3611 949 3687 quando
991 3625 1092 3683 per
1136 3606 1397 3666 accidens
1441 3622 1558 3664 non
1603 3602 1886 3677 praecedit,

525 3714 725 3757 omnes
747 3702 901 3753 actus
924 3692 1058 3750 boni
1091 3691 1446 3747 infusionem
1473 3688 1672 3763 gratiae
1691 3687 1893 3743 subse-

525 3782 763 3853 quentes
783 3773 1022 3832 tendant
1044 3769 1378 3827 virtualiter
1406 3768 1469 3824 in
1496 3768 1674 3826 finem
1696 3768 1893 3825 chari-

525 3861 676 3926 tatis,
728 3874 790 3914 ac
834 3855 881 3911 si
937 3850 1333 3926 praecessisset.
1383 3850 1543 3914 Quod
1585 3854 1774 3907 autem
1820 3847 1892 3904 de

526 3943 674 3997 facto
696 3953 811 3995 non
834 3930 1203 4007 praecesserit,
1234 3945 1352 3986 non
1382 3930 1554 4000 tollit,
1580 3929 1891 4003 quominus

529 4027 676 4079 Deus
705 4017 878 4092 possit
924 4011 1352 4071 communicare
1398 4013 1569 4070 modo
1607 4010 1889 4068 habituali

529 4105 866 4162 dimanante
888 4114 920 4153 a
940 4094 1125 4170 gratia
1149 4094 1212 4150 in
1252 4094 1385 4150 aliis
1414 4095 1727 4151 virtutibus
1748 4109 1890 4150 ean-

533 4187 664 4244 dem
693 4184 987 4243 virtutem,
1031 4192 1204 4249 quam
1244 4177 1698 4233 communicaret
1737 4175 1891 4248 ipse-

534 4272 652 4324 met
678 4268 849 4326 actuS,
881 4264 935 4316 et
963 4256 1154 4314 medio
1178 4256 1277 4312 tali
1303 4256 1472 4314 modo
1497 4256 1749 4314 derivari
1774 4256 1893 4313 haec

532 4350 719 4405 virtus
747 4340 815 4398 ad
847 4344 1000 4397 actus
1027 4337 1451 4410 subsequentes

315 4459 519 4503 Diruttur
615 4426 736 4483 124.
785 4421 871 4477 Ad
937 4418 1250 4477 secundum
1316 4417 1718 4490 respondetur,
1769 4433 1892 4474 esse

340 4518 492 4601 {5¹⁰⁰ss-
531 4513 820 4582 disparem
848 4504 1167 4570 rationem;
1194 4519 1329 4559 nam
1354 4500 1499 4574 quod
1519 4516 1618 4573 per
1634 4500 1890 4558 accidens

403 4571 459 4603 m.
530 4593 697 4650 detur
723 4593 877 4645 actus
920 4584 1258 4643 indifferens
1285 4582 1354 4640 ad
1383 4582 1618 4647 bonum,
1663 4588 1718 4638 et
1762 4598 1890 4638 ma—

530 4678 673 4742 lum,
709 4669 977 4744 provenit
1004 4684 1073 4724 ex
1095 4683 1182 4733 eo,
1213 4664 1363 4738 quod
1404 4663 1648 4728 bonitas,
1673 4668 1729 4719 et
1762 4678 1892 4718 ma-

530 4758 659 4815 litia
705 4749 1028 4825 dependent
1073 4762 1145 4804 ex
1193 4745 1408 4819 iudicio
1466 4748 1521 4800 et
1577 4742 1890 4800 dictamine

528 4835 822 4912 operantis
850 4853 861 4887 :
893 4827 1046 4885 unde
1073 4827 1209 4900 quia
1232 4830 1411 4899 potest
1451 4824 1660 4896 aliquis
1687 4823 1889 4880 invin-

526 4919 777 4976 cibiliter
820 4913 1109 4986 ignorare,
1137 4912 1325 4964 actum
1354 4906 1545 4971 illum,
1589 4920 1757 4978 quem
1784 4905 1890 4962 scit

527 5014 645 5055 non
666 5011 791 5053 esse
813 4992 1049 5056 bonum,
1082 5004 1203 5045 esse
1231 4988 1294 5043 in
1317 4985 1620 5042 individuo
1641 4987 1882 5055 malum,

524 5079 789 5152 ignorata
828 5069 1175 5146 obligatione
1204 5066 1489 5124 referendi
1513 5066 1683 5123 illum
1713 5065 1782 5123 ad
1810 5065 1883 5122 fi-

1492 421 1583 473 DE
1623 416 1946 473 INFLUXU
1988 412 2438 469 CHARITATIS.

2026 603 2160 645 nem
2189 585 2492 643 honestum
2520 608 2533 651 ς
2565 588 2662 639 aut
2704 580 3084 655 probabiliter
3102 578 3396 656 judicare,

2026 686 2146 727 non
2167 668 2361 725 adesse
2382 666 2556 722 talem
2579 662 3012 738 obligationem,
3037 668 3094 720 et
3109 664 3189 718 ita
3205 677 3403 735 neque

2023 768 2146 810 esse
2207 753 2450 816 malum,
2497 764 2681 820 neque
2725 747 2979 816 bonum;
3029 761 3402 818 consequen-

2024 840 2114 892 ter
2143 840 2321 907 potest
2371 833 2578 891 elicere
2624 833 2796 888 illum
2835 832 2964 888 sine
3009 829 3292 893 bonitate,
3340 836 3399 887 et

2024 920 2153 976 sine
2218 917 2462 974 malitia.
2533 918 2599 971 Et
2659 916 2764 973 hoc
2820 920 2905 971 est
2966 929 3066 987 per
3123 912 3402 969 accidens

2029 1000 2254 1057 ratione
2285 996 2566 1071 praedictae
2605 996 2949 1072 ignorantiae
2978 996 3255 1061 tollentis,
3292 1011 3403 1053 seu

2026 1080 2278 1137 velantis
2318 1077 2830 1144 circumstantiam,
2857 1093 2983 1150 quae
3008 1078 3057 1133 si
3086 1092 3406 1152 cognosce-

2028 1170 2206 1230 retur,
2240 1162 2528 1219 malitiam
2570 1161 2874 1219 conferret.
2921 1161 3037 1217 Hoc
3077 1166 3272 1216 autem
3302 1178 3408 1234 per

2027 1245 2279 1301 accidens
2306 1259 2423 1300 non
2446 1242 2824 1299 habetlocum
2866 1246 3121 1314 respectu
3165 1242 3402 1307 meriti,

2026 1326 2161 1399 quia
2181 1323 2328 1398 quod
2352 1323 2561 1396 aliquis
2590 1329 2761 1390 actus,
2793 1321 3084 1395 supposita
3107 1321 3405 1390 bonitate,

2028 1414 2084 1465 et
2106 1406 2341 1463 virtuali
2374 1406 2653 1462 relatione
2674 1403 2744 1461 ad
2766 1403 2943 1460 finem
2969 1409 3412 1477 supernatura-—

2029 1492 2165 1556 lem,
2197 1490 2271 1545 sit
2320 1488 2671 1554 meritorius,
2705 1503 2823 1545 non
2868 1486 3150 1559 dependet
3193 1503 3270 1544 ex
3309 1503 3409 1553 eo,

2027 1570 2179 1645 quod
2198 1585 2444 1643 operans
2470 1569 2626 1637 sciat,
2659 1568 2752 1625 vel
2776 1568 2999 1643 ignoret
3025 1566 3261 1633 habere,
3302 1575 3412 1625 aut

2029 1668 2146 1709 non
2174 1650 2387 1707 habere
2422 1650 2696 1723 requisita
2724 1648 2792 1706 ad
2816 1649 3092 1707 meritum
3118 1673 3133 1717 ;
3176 1649 3285 1707 sed
3331 1666 3409 1708 ex

2029 1751 2114 1800 ec,
2134 1733 2283 1807 quod
2307 1733 2494 1806 reipsa
2517 1731 2721 1789 habeat
2741 1731 2864 1798 illa,
2899 1732 2990 1788 vel
3017 1748 3136 1788 non
3156 1731 3406 1790 habeat.

2029 1821 2330 1874 Ostensum
2356 1821 2442 1873 est
2456 1819 2645 1871 autem
2671 1815 2734 1870 in
2761 1819 2957 1871 nostra
2980 1816 3223 1882 ratione,
3246 1821 3316 1872 et
3340 1816 3409 1872 in

2028 1896 2307 1963 doctrina,
2363 1913 2537 1969 quam
2599 1895 2768 1953 modo
2814 1894 3180 1963 tradidimus,
3238 1897 3408 1970 quod

2027 1979 2293 2053 quamvis
2319 1982 2474 2034 actus
2499 1977 2762 2035 formalis
2783 1977 3078 2034 charitatis
3104 1993 3223 2034 non
3250 1994 3411 2052 prae-

2027 2061 2278 2125 cesserit,
2303 2075 2371 2116 eo
2399 2065 2593 2116 tamen
2617 2060 2759 2132 ipso,
2784 2060 2935 2133 quod
2961 2060 3148 2134 gratia
3189 2060 3265 2115 sit
3298 2061 3406 2117 in-

2028 2141 2173 2208 fusa,
2205 2145 2261 2198 et
2308 2139 2457 2214 quod
2506 2142 2569 2196 in
2620 2142 2741 2214 ejus
2788 2141 3080 2198 infusione
3123 2140 3409 2198 debuerit

1989 2222 1994 2226 ’
2029 2221 2365 2294 praecedere,
2392 2221 2549 2277 adest
2580 2220 2800 2293 aliquid
2840 2224 3116 2294 supplens
3136 2222 3260 2295 ejus
3289 2221 3409 2280 de-

2027 2303 2257 2369 fectum,
2283 2308 2338 2360 et
2382 2301 2632 2358 innuens
2679 2308 2951 2375 tanquam
2995 2304 3402 2377 participium,

2026 2389 2082 2440 et
2125 2383 2311 2439 virtus
2356 2382 2536 2456 ipsius
2582 2383 2648 2438 in
2700 2388 2856 2439 actus
2898 2389 3217 2457 sequentes,
3268 2400 3404 2442 non

2025 2481 2184 2523 secus
2207 2481 2267 2521 ac
2289 2465 2335 2520 si
2368 2465 2761 2536 praecessisset.

2102 2548 2213 2603 Per
2238 2544 2381 2619 quod
2416 2549 2567 2618 patet
2594 2545 2663 2602 ad
2688 2545 2922 2602 tertium
2947 2570 2961 2612 ;
2993 2561 3131 2603 nam
3160 2546 3402 2631 etsi-E-
3417 2534 3612 2653 {³1¹in

2028 2630 2166 2686 latio
2192 2628 2462 2686 virtualis
2489 2629 2729 2702 alicujus
2755 2636 2909 2686 actus
2935 2628 3004 2685 ad
3046 2627 3225 2686 finem
3251 2631 3404 2688 cha-

2028 2710 2233 2777 ritatis,
2267 2726 2366 2783 per
2392 2727 2452 2768 se
2481 2709 2784 2784 loquend0,
2827 2718 3111 2785 supponat
3147 2712 3398 2772 relatio-

2027 2809 2161 2851 nem
2221 2793 2526 2850 formalem
2588 2791 2657 2849 ad
2716 2791 2964 2850 eundem
3005 2793 3216 2857 finem;
3284 2810 3398 2867 per

2027 2873 2285 2933 accidens
2313 2881 2510 2931 tamen
2527 2880 2704 2948 potest
2725 2876 2889 2932 illam
2909 2891 3025 2933 non
3040 2893 3391 2949 supponere,

2025 2960 2327 3032 supplente
2355 2960 2468 3014 Deo
2511 2959 2727 3015 virtute
2772 2960 3128 3016 Sacramenti
3176 2963 3300 3031 (aut
3342 2962 3394 3017 si

2026 3042 2223 3106 vellet,
2273 3039 2450 3096 etiam
2503 3039 2629 3097 sine
2675 3042 3063 3113 sacramento)
3106 3041 3394 3115 quidquid

2027 3127 2321 3196 praestaret
2348 3123 2620 3190 effective,
2649 3129 2745 3180 aut
2765 3122 3100 3197 dispositive
3120 3123 3395 3182 formalis

2028 3203 2250 3273 relatio,
2276 3219 2401 3278 quae
2428 3204 2822 3276 praecessisset,

2344 3379 2933 3492 DISPUTATlO
2969 3419 3061 3491 V.

2147 3609 2252 3674 De
2289 3611 2775 3677 reviviscentia
2811 3612 3262 3677 meritorum.

2100 3790 2186 3846 Ad
2201 3791 2518 3863 pleniorem
2534 3793 2800 3850 notitiam
2812 3800 3041 3851 actuum
3058 3794 3206 3852 meri
3214 3793 3393 3852 torio·

2029 3887 2179 3938 rum,
2212 3889 2459 3945 quorum
2487 3879 2776 3942 naturam,
2809 3880 2865 3933 et
2891 3874 3250 3933 conditiones
3271 3874 3388 3931 hu-

2024 3970 2233 4026 cusque
2245 3956 2729 4024 examinavimus,
2751 3958 2962 4031 placuit
2977 3957 3213 4016 brevem
3238 3959 3390 4015 hanc

2027 4035 2473 4109 disputationem
2522 4039 2972 4113 praecedentibus
3015 4047 3288 4108 attexere,
3324 4042 3392 4099 in

2025 4135 2136 4191 qua
2157 4120 2227 4176 de
2249 4121 2486 4178 illorum
2515 4124 2918 4181 reviviscentia
2938 4123 3391 4197 disputabimus,

2026 4201 2240 4256 cursim
2289 4202 2645 4261 delineantes
2694 4220 2819 4277 quae
2871 4206 2938 4262 in
2997 4207 3264 4262 Tractatu
3319 4207 3397 4264 de

2027 4280 2336 4351 Charitate,
2368 4289 2425 4340 et
2452 4284 2658 4341 Poenit.
2693 4285 2876 4341 fusius
2897 4283 3305 4358 expendemus.

2383 4461 2667 4516 DUBIUM
2717 4464 3019 4520 UNICUM.

2025 4605 2139 4673 An,
2168 4613 2218 4661 el
2241 4608 2502 4684 quomodo
2526 4613 2722 4666 merita
2756 4629 2855 4684 per
2873 4620 3158 4687 peccatum
3185 4616 3395 4668 morti-

2096 4689 2283 4760 ficata,
2311 4706 2410 4761 per
2432 4692 2813 4762 poenitentiam
2850 4701 2898 4749 et
2930 4695 3392 4767 justificationem

2096 4777 2399 4845 sequentem
2423 4773 2774 4829 reviviscant.

2100 4906 2247 4961 Dum
2274 4908 2587 4979 quaerimus
2608 4907 2678 4966 de
2706 4910 3112 4969 reviviscentia
3137 4913 3392 4971 merito-
3406 4931 3588 4986 speum

2024 5001 2176 5053 rum,
2219 4989 2596 5081 supponimus
2623 5007 2691 5048 ea
2717 4993 2878 5064 prius
2923 4992 3058 5049 viva
3103 4994 3384 5062 extitisse,
3422 4988 3578 5077 4:¹33}

2020 5074 2078 5127 et
2122 5085 2382 5128 amisisse
2427 5079 2618 5146 postea
2671 5075 3034 5146 vitalitatem,
3091 5094 3193 5134 seu
3245 5079 3385 5137 vitae
3419 5083 3575 5129 ’ωδε

3098 5158 3376 5230 officium,

3596 5331 3639 5639 l
