3647 5753
53 1839 208 1883 Ptima

53 1888 207 1933 melu·

59 1940 154 1983 sio.

56 3145 195 3189 tatio.

1416 405 1594 464 DISP.
1637 407 1732 474 VI,
1778 407 1947 467 DUB.
1989 411 2085 467 vl.

249 571 551 630 recolenda
590 577 726 630 sunt
749 589 875 646 quas
900 573 1157 633 diximus
1184 585 1347 635 tract.
1373 579 1428 646 5,
1460 576 1606 653 disp.

247 658 303 723 5,
328 655 454 711 dub.
481 658 628 712 unic.
653 662 711 713 et
749 658 1033 731 praecipue
1071 678 1108 715 a
1148 677 1302 718 num.
1328 662 1418 719 27.
1453 664 1611 719 Pras-

248 735 599 793 mittendum
646 739 821 795 etiam
867 746 970 807 est,
1003 749 1344 814 prassentem
1371 742 1612 801 difficul-

250 823 425 874 tatem
453 820 690 875 tractari
730 836 892 891 posse
937 823 1031 878 vel
1059 837 1162 897 per
1191 831 1510 897 respectum
1538 825 1610 882 ad

248 899 547 956 hominem
594 901 834 975 justum,
879 904 976 959 vel
1028 918 1131 977 per
1177 911 1493 977 respectum
1538 905 1611 963 ad

246 988 635 1054 peccatorem;
679 976 837 1040 nam'
865 984 928 1040 in
975 990 1218 1059 utroque
1263 1001 1433 1043 sensu
1481 1002 1609 1045 eam

241 1063 555 1123 discutiunt
601 1069 947 1139 Interpretes
992 1070 1059 1124 D.
1090 1068 1324 1125 Thomas
1363 1069 1429 1127 in
1457 1087 1610 1144 prae-

237 1147 408 1204 senti.
441 1146 549 1204 Sed
576 1149 813 1223 majoris
839 1149 1116 1208 claritatis
1135 1150 1323 1225 gratia
1349 1167 1480 1209 eam
1506 1168 1608 1227 per

239 1234 429 1303 partes
454 1230 805 1291 decidemus.

877 1439 971 1506 §1-

333 1581 470 1640 Vera
504 1583 762 1639 resolutio
807 1583 1091 1662 aliquibus
1139 1586 1533 1643 assertionibus

753 1667 1084 1739 explicatur.

331 1820 451 1877 109.
484 1819 800 1879 Dicendum
820 1827 904 1880 est
926 1822 1135 1895 primo,
1162 1822 1460 1880 hominem
1479 1821 1607 1897 jus-

247 1907 372 1957 tum
395 1918 557 1976 posse
595 1904 807 1960 mereri
840 1904 910 1961 de
934 1904 1219 1979 condigno
1260 1905 1409 1963 bona
1455 1910 1606 1962 tem-

247 1976 489 2049 poralia,
540 1983 601 2033 ut
645 1977 967 2036 conducunt
1017 1978 1088 2035 ad
1133 1980 1401 2037 salutem.
1448 1982 1608 2037 Hanc

243 2057 669 2115 conclusionem
716 2058 874 2116 docet
926 2066 1121 2134 aperte
1171 2064 1238 2116 D.
1289 2061 1494 2118 Thom.
1541 2060 1605 2116 in

244 2138 532 2210 praesenti,
584 2148 693 2196 art.
754 2142 835 2207 10,
890 2140 989 2197 ubi
1042 2143 1123 2199 ait
1155 2163 1168 2197 :
1230 2164 1255 2195 α
1286 2141 1604 2199 Dicendum

248 2242 272 2273 α
302 2220 452 2292 quod
498 2222 548 2277 si
600 2224 944 2294 temporalia
990 2223 1140 2281 bona
1166 2222 1605 2280 considerentur

247 2322 271 2353 «
305 2308 470 2373 prout
490 2309 625 2358 sunt
650 2304 820 2360 utilia
846 2304 917 2360 ad
945 2320 1120 2378 opera
1147 2305 1453 2370 virtutum,
1482 2305 1607 2378 qui-

246 2402 271 2431 «
302 2379 407 2435 bus
436 2383 807 2453 perducimur
834 2385 895 2441 in
929 2387 1113 2442 vitam
1159 2391 1460 2450 aeternam,
1511 2399 1605 2441 se-

247 2483 271 2513 α
301 2462 552 2519 cundum
602 2464 708 2521 hoc
756 2465 986 2532 directe,
1033 2474 1090 2525 et
1133 2469 1479 2541 simpliciter
1508 2483 1605 2524 ca-

243 2565 268 2595 «
302 2541 447 2600 dunt
490 2543 595 2599 sub
643 2546 871 2611 merito,
935 2548 1083 2604 sicut
1127 2553 1183 2606 et
1226 2554 1604 2623 augmentum

244 2646 269 2675 α
298 2624 518 2697 gratias,
550 2631 701 2682 etc.»
738 2628 1077 2701 HuJ'usmodi
1108 2635 1299 2687 autem
1329 2645 1605 2704 augmen-

237 2711 360 2762 tum
383 2706 532 2764 cadit
557 2708 664 2765 sub
691 2710 902 2767 merito
930 2709 999 2768 de
1026 2712 1315 2788 condigno
1341 2713 1601 2770 hominis

230 2792 387 2865 justi,
416 2798 476 2847 ut
502 2797 723 2849 constat
740 2808 812 2850 ex
832 2810 1008 2867 supra
1037 2794 1205 2852 dictis
1224 2796 1351 2851 dub.
1384 2798 1438 2853 4.
1476 2797 1598 2851 Un-

234 2873 307 2931 de
330 2875 411 2932 sic
431 2874 633 2934 docent
662 2878 726 2933 D.
757 2878 994 2935 Thomas
1042 2878 1331 2953 discipuli,
1358 2884 1412 2938 et
1438 2895 1599 2937 com-

240 2960 495 3016 muniter
515 2960 617 3015 alii
641 2960 935 3037 Theologi,
968 2977 1107 3035 quos
1129 2963 1372 3035 proinde
1391 2979 1597 3035 super-

240 3053 552 3095 vacaneum
574 3045 659 3096 est
688 3056 1001 3099 recensere.

314 3119 600 3178 Probatur
641 3122 864 3180 ratione
882 3147 898 3191 ;
953 3139 1091 3179 nam
1143 3123 1242 3194 qui
1302 3126 1484 3195 potest
1530 3120 1600 3177 de

237 3201 520 3277 condigno
571 3203 788 3260 mereri
835 3205 1088 3275 aliquem
1142 3201 1340 3271 finem,
1420 3206 1600 3274 potest

236 3284 411 3340 etiam
435 3283 505 3341 de
526 3284 810 3357 condigno
832 3283 1047 3338 mereri
1070 3281 1261 3339 media
1281 3281 1600 3339 conducen-

235 3365 317 3419 tia
343 3363 413 3418 ad
435 3365 610 3420 talem
640 3363 818 3419 finem
853 3383 866 3418 ε
912 3362 1011 3418 sed
1057 3361 1209 3419 bona
1255 3363 1598 3436 temporalia

238 3447 474 3514 possunt
495 3441 708 3500 habere
732 3443 1014 3514 rationem
1031 3442 1208 3499 medii
1229 3441 1597 3500 conducentis

238 3523 311 3580 ad
339 3523 516 3581 finem
544 3532 773 3583 aeternae
796 3524 1191 3593 beatitudinis,
1216 3540 1387 3598 quem
1410 3527 1598 3601 J‘ustus

238 3603 308 3662 de
334 3604 616 3680 condigno
645 3611 902 3663 meretur
935 3628 948 3663 ε
995 3623 1132 3681 ergo
1179 3607 1366 3681 justus
1417 3613 1599 3680 potest

238 3687 453 3744 mereri
494 3686 565 3744 de
608 3688 892 3762 condigno
938 3687 1088 3746 bona
1127 3690 1489 3761 temporalia,
1535 3696 1599 3746 ut

238 3767 559 3827 conducunt
582 3769 651 3825 ad
681 3769 1017 3843 praedictum
1064 3769 1262 3827 finem.
1306 3771 1492 3845 Major
1513 3777 1598 3828 est

237 3856 406 3916 certa,
422 3851 557 3922 quia
583 3850 1001 3908 aestimabilitae
1026 3851 1206 3908 medii
1227 3850 1596 3909 conducentis

238 3929 309 3986 ad
355 3932 605 4005 aliquem
654 3932 830 4010 finem
872 3933 1073 4005 nequit
1110 3932 1415 3989 excludere
1461 3932 1596 3990 finis

238 4012 784 4082 aestimabilitatem3
814 4012 1100 4085 siquidem
1148 4013 1375 4071 bonitas
1415 4013 1595 4072 medii

239 4095 301 4151 in
321 4109 443 4150 esse
490 4096 622 4150 talis
666 4095 1035 4152 constituitur
1063 4111 1163 4167 per
1191 4094 1594 4153 habitudinem

237 4175 308 4232 ad
328 4176 504 4234 finem
539 4192 712 4252 :ergo
732 4178 896 4234 valor
918 4176 1111 4233 meriti
1141 4175 1449 4249 adaequans
1487 4193 1595 4234 aes-

236 4256 663 4314 timabilitatem
680 4257 835 4325 finis,
863 4255 1119 4329 adaequat
1144 4257 1321 4314 etiam
1349 4258 1596 4315 aestima-

236 4340 519 4398 bilitatem
562 4339 775 4406 medii;
826 4343 883 4396 et
933 4344 1343 4411 consequenter
1381 4342 1481 4413 qui
1521 4342 1595 4400 de

232 4420 518 4496 condigno
547 4426 726 4495 potest
748 4419 964 4477 mereri
990 4417 1188 4486 finem,
1223 4420 1440 4492 pariter
1490 4439 1595 4496 po-

231 4509 340 4562 test
366 4503 435 4561 de
455 4502 739 4578 condigno
762 4503 975 4561 mereri
1003 4502 1194 4562 media
1222 4510 1285 4560 ut
1317 4503 1390 4561 ad
1420 4506 1592 4563 talem

233 4585 410 4644 finem
425 4584 769 4644 conducunt.
786 4587 981 4644 Minor
995 4586 1170 4644 etiam
1190 4589 1439 4654 constat3
1455 4603 1593 4645 nam

233 4667 366 4724 licet
404 4666 555 4724 bona
583 4667 925 4739 temporalia
969 4664 1286 4725 secundum
1313 4682 1374 4725 se
1399 4670 1595 4727 consi-

230 4749 369 4806 dera
391 4766 508 4807 non
529 4747 847 4807 conducant
882 4749 952 4806 ad
990 4751 1497 4822 supernaturalem
1520 4750 1595 4809 fl-

233 4848 367 4890 nem
397 4837 625 4889 aeternae
653 4831 1045 4899 beatitudinis,
1090 4832 1480 4891 nihilominus
1521 4852 1595 4894 ex

233 4913 730 4987 praeordinatione,
755 4921 811 4972 et
830 4915 1079 4987 imperio
1098 4916 1199 4971 Dei
1222 4917 1480 4974 authoris
1502 4935 1594 4974 su-

233 4997 619 5071 pernaturalis
672 5003 908 5068 possunt
935 4997 1005 5056 ad
1035 4996 1371 5071 praedictum
1410 4998 1590 5058 finem

229 5079 562 5146 conducere,
587 5082 643 5136 et
669 5078 747 5135 ita
766 5085 901 5136 sunt
926 5078 996 5137 de
1024 5079 1168 5137 sacto
1193 5079 1422 5140 effectus
1438 5099 1578 5156 prae·

2993 400 3104 456 865

1740 579 2162 648 destinationis,
2188 596 2311 655 quae
2336 586 2423 638 est
2444 575 2805 654 providentia
2825 590 3101 648 superna·

1740 664 1966 730 turalis,
2011 668 2075 720 ut
2116 664 2238 721 loco
2282 664 2455 721 citato
2510 659 2866 718 ostendimus
2901 679 2913 712 ι
2967 673 3102 732 ergo

1741 745 2073 819 hujusmodi
2102 744 2252 802 bona
2293 751 2511 818 queunt
2561 742 2773 800 habere
2815 738 3099 813 rationem

1740 828 1919 885 medii
1947 828 2313 886 conducentis
2341 828 2412 885 ad
2437 828 2704 884 salutem.

1816 911 2205 970 confirmatur
2229 935 2244 979 ;
2271 927 2408 968 nam
2430 909 2579 983 quod
2606 922 2779 982 opera
2800 905 2939 979 justi
2982 920 3101 962 non
3130 910 3290 955 conflr-

1740 1000 2075 1051 mereantur
2095 993 2165 1052 de
2192 992 2475 1067 condigno
2501 986 3102 1060 bonatemporalia,ut

1737 1078 2045 1134 conferunt
2072 1076 2142 1134 ad
2169 1077 2435 1141 salutem,
2469 1075 2561 1132 vel
2591 1070 2859 1148 provenit
2884 1085 2956 1125 ex
2997 1067 3100 1125 de-

1738 1159 1887 1217 fectu
1915 1160 2133 1217 valoris
2160 1160 2224 1215 in
2253 1157 2538 1230 praedictis
2588 1154 2879 1229 operibus,
2914 1153 3006 1209 vel
3027 1168 3099 1209 ex

1735 1240 1958 1298 defectu
1985 1241 2200 1298 divinae
2222 1238 2625 1314 promissionis
2653 1259 2667 1293 :
2696 1236 2795 1293 sed
2824 1238 3098 1292 nentrum

1734 1323 1852 1379 dici
1875 1324 2059 1380 valet:
2084 1338 2219 1397 ergo
2235 1322 2422 1395 justus
2444 1325 2701 1377 meretur
2722 1318 2792 1377 de
2813 1314 3098 1391 condigno

1737 1404 1888 1462 bona
1909 1404 2250 1476 temporalia
2290 1408 2353 1459 ut
2378 1401 2703 1460 conducunt
2729 1400 2800 1457 ad
2826 1399 3094 1456 salutem.

1738 1485 2023 1543 Probatur
2050 1486 2264 1552 minor,
2321 1485 2456 1558 quia
2481 1499 2656 1556 opera
2696 1482 2836 1556 justi
2881 1480 3098 1537 habent

1735 1566 2109 1625 sufficientem
2137 1569 2394 1625 valorem
2423 1566 2495 1623 ad
2524 1563 2735 1631 media,
2784 1579 2912 1636 quae
2960 1578 3098 1635 pro-

1734 1650 1913 1716 xime,
1943 1655 2000 1707 et
2021 1665 2121 1723 per
2146 1666 2206 1706 se
2232 1648 2564 1706 conducunt
2591 1646 2661 1704 ad
2687 1649 3097 1720 supernatura-

1737 1732 1855 1789 lem
1880 1730 2077 1800 finem,
2102 1730 2422 1804 cujusmodi
2450 1735 2535 1787 est
2562 1732 2935 1802 augmentum
2955 1742 3093 1800 gra-

1736 1816 1832 1872 tias
1857 1837 1871 1871 ε
1924 1831 2058 1889 ergo
2104 1831 2138 1870 a
2177 1813 2406 1870 fortiori
2461 1810 2676 1868 habent
2719 1810 3097 1867 sufficientem

1736 1899 1994 1953 valorem
2022 1894 2093 1952 ad
2120 1893 2311 1950 media
2324 1897 2577 1957 ·remota,
2610 1899 2667 1949 et
2686 1890 2756 1948 de
2773 1907 2836 1947 se
2864 1891 3091 1963 impro-

1736 1979 2060 2052 portionata
2082 1976 2153 2034 ad
2176 1974 2510 2049 praedictum
2532 1973 2731 2039 finem,
2751 1973 2947 2046 qualia
2962 1978 3097 2028 sunt

1736 2058 1889 2116 bona
1908 2058 2270 2130 temporalia.
2297 2054 2459 2121 Quod
2481 2061 2672 2112 autem
2698 2070 2815 2111 non
2830 2052 2978 2110 desit
3000 2052 3095 2108 di-

1735 2141 1875 2197 vina
1903 2139 2226 2211 promissio,
2253 2137 2703 2201 etiamconstat,
2733 2151 2870 2191 nam
2886 2133 3089 2189 Matth.

1733 2224 1788 2290 6,
1820 2221 2032 2277 dicitur
2066 2242 2079 2275 ε
2116 2242 2141 2273 α
2167 2218 2355 2277 Nolite
2380 2234 2516 2293 ergo
2541 2215 2752 2273 soliciti
2803 2231 2945 2282 esse,
2998 2214 3094 2271 di-

1739 2326 1764 2357 «
1796 2310 1986 2361 centes
2020 2325 2033 2361 :
2076 2303 2223 2369 Quid
2264 2299 2761 2364 manducabimus,
2785 2372 2788 2375 Δ
2814 2303 2912 2355 aut
2958 2296 3095 2371 quid

1740 2407 1767 2438 α
1796 2384 2079 2451 bibemuS,
2112 2390 2209 2440 aut
2235 2399 2347 2456 quo
2373 2381 2705 2457 operiemur
2727 2383 2754 2436 Ρ
2783 2381 2910 2436 Haec
2931 2378 3093 2435 enim

1740 2489 1767 2520 α
1790 2468 1989 2524 omnia
2028 2472 2225 2541 gentes
2250 2466 2578 2537 inquirunt.
2605 2464 2719 2520 Scit
2745 2463 2906 2521 enim
2935 2466 3098 2534 pater

1738 2570 1764 2600 ι
1794 2554 2002 2614 vester,
2034 2547 2168 2621 quia
2190 2546 2282 2603 his
2302 2546 2574 2603 omnibus
2602 2544 2895 2618 indigetis.
2924 2547 3096 2608 Qum-

1740 2652 1765 2682 α
1798 2630 1908 2687 rite
1938 2646 2073 2703 ergo
2115 2629 2372 2702 primum
2422 2643 2666 2702 regnum
2695 2626 2814 2692 Dei,
2845 2631 2902 2682 et
2922 2625 3096 2699 justi-

1738 2734 1765 2765 α
1790 2714 1930 2769 tiam
1959 2714 2100 2786 ejus,
2132 2719 2189 2769 et
2211 2713 2332 2770 haec
2381 2712 2581 2768 omnia
2615 2709 2965 2783 adjicientur
2991 2724 3098 2765 vo-

1738 2816 1764 2849 α
1793 2795 1900 2852 bis.
1929 2818 1953 2847 n
1981 2797 2051 2851 Et
2076 2813 2197 2869 cap.
2223 2798 2279 2862 2,
2310 2793 2522 2850 dicitur
2556 2815 2570 2849 :
2600 2816 2626 2847 «
2656 2793 2858 2848 Omnis
2879 2791 2980 2864 qui
3011 2807 3098 2848 re-

1737 2901 1764 2933 «
1793 2879 2033 2953 liquerit
2059 2880 2276 2946 domoS,
2306 2882 2404 2934 aut
2425 2893 2610 2952 agros,
2642 2882 2745 2934 etc.
2761 2875 3096 2948 centuplum

1734 2984 1761 3016 ι
1793 2963 2045 3034 accipiet,
2078 2967 2134 3019 et
2161 2963 2343 3017 vitam
2391 2966 2668 3017 aeternam
2699 2957 3027 3031 possidebit.
3065 2979 3090 3009 ι)

1730 3045 1911 3106 Quem
1930 3044 2118 3098 locum
2141 3041 2211 3098 de
2234 3041 2618 3115 promissione
2636 3038 2919 3093 bonorum
2943 3042 3095 3094 tem-

1732 3123 2023 3193 poralium
2076 3127 2375 3194 exponunt
2412 3122 2474 3177 D.
2531 3117 2858 3191 Gregorius,
2887 3118 3093 3191 Orige-

1730 3217 1852 3267 nes,
1886 3200 2584 3273 Theophilactus,Author
2607 3197 2950 3269 Imperfecti,
2971 3199 3090 3254 En-

1729 3282 2007 3355 thymius,
2040 3287 2097 3337 et
2123 3282 2224 3337 alii
2248 3280 2399 3354 apud
2431 3278 2850 3346 Maldonatum,
2894 3281 3093 3337 Janse·

1730 3363 1864 3421 nius
1890 3367 1951 3419 in
1979 3363 2246 3420 Concord.
2272 3381 2391 3436 cap.
2428 3365 2509 3428 10,
2542 3362 2845 3419 Salmeron
2873 3370 3004 3417 tom.
3029 3364 3085 3430 4,

1720 3455 1879 3521 part.
1907 3449 1959 3515 3,
1985 3453 2207 3503 tractat.
2238 3447 2331 3512 25,
2356 3451 2414 3502 et
2439 3441 2540 3501 alii
2572 3445 2786 3517 plures.

3137 961 3279 1006 matio.

1801 3532 1918 3586 Nec
1946 3529 2119 3586 refert
2137 3527 2187 3582 si
2217 3526 2388 3592 dicas,
2421 3523 2660 3582 deficere
2688 3527 2866 3583 aliam
2893 3524 3088 3583 condi·
3101 3531 3282 3576 Praectu·

1728 3610 1945 3666 tionem
1971 3653 1984 3677 ,
2027 3624 2235 3681 nempe
2273 3607 2688 3680 aequalitatem3
2734 3623 2871 3664 nam
2912 3623 3087 3679 opera

3142 3580 3256 3625 ditur

3145 3631 3248 3674 effu·

1720 3690 1862 3764 justi
1882 3688 2164 3747 excedunt
2190 3689 2446 3745 valorem
2476 3687 2761 3744 bonorum
2786 3693 3078 3760 tempora·
3123 3679 3250 3732 δίη·

1728 3772 1896 3828 lium.
1936 3771 2071 3837 Hoc,
2103 3770 2360 3841 inquam,
2412 3768 2563 3825 nihil
2611 3768 2853 3825 interest
2886 3789 2900 3823 ε
2957 3773 3084 3824 tum

1725 3851 1863 3926 quia
1908 3866 2026 3909 non
2077 3857 2163 3908 est
2195 3855 2394 3907 contra
2449 3849 2734 3906 rationem
2763 3849 2958 3906 meriti
3013 3848 3085 3907 de

1725 3931 2012 4007 condigno
2036 3932 2308 3990 excedere
2329 3931 2588 3988 valorem
2618 3931 2867 4002 praemii,
2895 3936 2955 3986 ut
2985 3948 3090 4004 pa-

1726 4020 1805 4071 tet
1823 4015 1889 4070 in
1910 4014 2136 4071 Christo
2164 4014 2427 4081 Domino,
2473 4013 2574 4086 qui
2603 4013 2817 4069 meruit
2851 4012 2921 4070 de
2949 4029 3089 4071 con-

1725 4094 1901 4170 digno
1940 4101 2195 4152 nostram
2250 4094 2517 4171 gratiam,
2548 4099 2606 4151 et
2643 4095 2908 4160 salutem,
2957 4095 3091 4152 licet

1724 4180 1847 4254 ejus
1891 4194 2066 4252 opera
2106 4177 2335 4236 infinite
2362 4178 2707 4235 excesserint
2732 4177 2888 4234 istud
2916 4194 3069 4250 prae—

1725 4262 1933 4320 mium.
1956 4264 2104 4319 Tum
2125 4262 2259 4335 quia
2286 4262 2417 4318 licet
2444 4259 2594 4318 bona
2615 4260 2962 4335 temporalia
2985 4278 3084 4319 se-

1723 4343 1976 4401 cundum
2003 4359 2065 4401 se
2085 4348 2307 4416 accepta
2331 4342 2451 4399 sint
2479 4342 2787 4415 inaequalia
2815 4342 3087 4415 operibus

1721 4425 1880 4500 justi,
1914 4425 2303 4482 nihilominus
2328 4429 2392 4480 ut
2416 4424 2773 4482 conferentia
2799 4423 2871 4480 ad
2913 4425 3079 4480 salu-

1725 4513 1843 4567 tem
1869 4515 2146 4566 aeternam
2169 4507 2418 4565 eundem
2440 4506 2707 4564 ordinem
2736 4506 3082 4581 ingrediun-

1726 4596 1840 4660 tur,
1871 4595 1927 4648 et
1946 4591 2338 4648 causalitatem
2367 4588 2622 4662 ejusdem
2650 4589 2846 4647 meriti
2870 4590 3079 4647 termi-

1725 4679 1885 4731 nant.
1929 4674 2083 4730 Sicut
2108 4673 2264 4730 calor
2290 4673 2389 4745 qui
2415 4671 2799 4730 secundumse
2827 4677 3083 4743 acceptus

1726 4762 1907 4830 potest
1931 4756 2002 4814 ab
2030 4756 2146 4813 alio
2170 4756 2359 4812 calore
2385 4755 2784 4827 principaliter
2814 4753 3074 4826 produci,

1723 4836 2116 4896 consideratus
2142 4837 2207 4892 in
2233 4850 2357 4892 esse
2391 4833 2783 4906 dispositionis
2815 4834 2886 4890 ad
2911 4835 3082 4893 subs-

1722 4919 1967 4977 tantiam
2007 4917 2210 4991 attingi
2260 4931 2377 4973 non
2435 4917 2590 4973 valet
2629 4916 3037 4990 principaliter
3062 4963 3074 4984 ,

1724 5002 1840 5061 nisi
1862 5015 1964 5073 per
1986 4998 2370 5057 substantiam
2394 4998 2634 5072 agentis.

1795 5086 1816 5141 l
1835 5083 2013 5140 lO.Ex
2028 5081 2131 5138 hac
2142 5079 2455 5138 assertione
2473 5079 2868 5143 infertur,non
2883 5077 3079 5152 impli-
