3647 5753
203 1815 403 1860 Occurri-

117 1895 120 1896 t
207 1870 280 1909 tur
290 1875 388 1908 con-

233 1915 375 1972 ’.επιει-

235 1968 361 2008 noni.

410 398 529 492 ,¹90
1443 441 1538 497 DE
1577 440 1848 496 GRATIA
1888 441 2234 497 EFFICAGI.

415 606 717 663 Auxilium
746 614 935 666 autem
958 609 1154 668 efficax
1179 616 1266 669 est
1286 628 1601 670 consonum
1621 611 1783 667 incli-

418 685 663 751 nationi,
726 691 783 743 et
849 690 1188 762 perfectioni
1240 692 1588 759 voluntatis;
1645 707 1781 746 nam

419 768 722 840 participat
747 769 1062 843 imperium
1087 775 1224 841 Dei,
1275 775 1372 847 qui
1402 774 1587 849 magis
1613 772 1785 830 habet

419 846 484 901 in
505 851 777 918 potestate
789 866 893 908 sua
915 851 1224 909 hominum
1252 855 1781 927 voluntates,quam

420 927 531 1000 ipsi
559 945 690 986 suas
722 951 735 987 ε
763 933 1140 1006 quamobrem
1188 941 1379 992 movet
1424 938 1782 993 voluntatem

420 1015 670 1067 creatam
693 1013 858 1085 juxta
901 1018 1022 1089 ejus
1068 1016 1325 1075 modum.
1359 1020 1541 1075 Porro
1580 1015 1784 1073 modus

422 1092 692 1163 proprius
737 1095 1050 1152 voluntatis
1114 1102 1199 1155 est
1248 1098 1514 1170 amplecti
1567 1096 1783 1153 bonum

424 1171 769 1243 particulare
814 1191 942 1231 cum
986 1177 1268 1244 libertate,
1299 1183 1355 1235 et
1400 1182 1668 1250 potestate
1713 1176 1783 1233 ad

421 1252 765 1324 oppositum,
811 1255 976 1313 Unde
1005 1258 1290 1314 auxilium
1317 1258 1512 1315 efficax
1557 1258 1635 1314 ita
1681 1273 1785 1330 ap-

426 1333 596 1404 plicat
621 1335 936 1407 efficaciter,
963 1345 1020 1397 et
1039 1339 1432 1397 infallibiliter
1449 1339 1519 1396 ad
1540 1354 1785 1396 consen-

423 1430 573 1483 sum,
606 1421 668 1472 ut
699 1433 889 1475 secum
936 1422 1112 1478 simul
1143 1423 1436 1495 permittat
1480 1423 1545 1479 in
1571 1422 1785 1479 volun-

424 1499 540 1551 tate
567 1502 900 1568 potestatem
927 1501 999 1558 ad
1027 1504 1349 1575 oppositum
1378 1504 1442 1559 in
1481 1518 1650 1559 sensu
1692 1500 1784 1557 di-

423 1574 569 1631 vis0.
614 1578 792 1644 Quod,
818 1587 874 1636 et
902 1582 1051 1638 nihil
1079 1583 1330 1655 amplius
1353 1582 1689 1655 requiritur,
1724 1575 1800 1637 ut‘

424 1657 683 1727 operatio
733 1658 833 1717 fiat
884 1661 1082 1732 libere,
1128 1668 1184 1720 et
1224 1663 1437 1720 vitetur
1485 1662 1786 1720 necessitas

424 1734 700 1808 absoluta,
745 1743 867 1799 sive
892 1744 1235 1817 simpliciter
1275 1743 1631 1802 antecedens.

499 1818 628 1875 269.
672 1821 757 1877 Ad
779 1822 1277 1882 confirmationem
1306 1830 1549 1900 negatur
1572 1823 1779 1897 major,

425 1912 596 1968 quam
626 1903 707 1956 tot
731 1903 922 1960 Suarii
953 1904 1319 1977 probationes
1345 1905 1592 1961 minime
1616 1905 1787 1962 evin—

425 1986 579 2038 cunt.
612 1985 740 2040 Non
777 1988 986 2058 prima,
1017 1989 1154 2062 quia
1198 2004 1328 2045 cum
1371 1991 1437 2045 D.
1479 1989 1785 2044 Anselmus

425 2061 564 2119 dicit
591 2069 982 2125 necessitatem
1009 2077 1448 2144 consequentem
1469 2086 1785 2144 esse,quam

426 2144 549 2216 ipse
593 2161 837 2218 operans
860 2150 1011 2220 facit,
1042 2169 1247 2210 verum
1275 2152 1508 2225 quidem
1538 2153 1741 2209 asserit
1767 2175 1782 2220 3

426 2238 564 2279 nam
617 2229 809 2283 omnis
848 2233 1168 2300 necessitaS,
1229 2249 1399 2305 quam
1428 2233 1557 2305 quis
1605 2232 1787 2290 libere

425 2304 538 2396 Si.bi
580 2307 732 2375 facit,
763 2315 1129 2386 consequitur
1155 2315 1276 2388 ejus
1304 2313 1652 2371 libertatem.
1678 2314 1785 2371 Sed

426 2385 564 2441 hinc
605 2403 722 2444 non
747 2393 1023 2464 sequitur,
1068 2394 1217 2467 quod
1244 2396 1437 2451 omnis
1465 2394 1782 2464 necessitas,

426 2482 598 2538 quam
627 2476 887 2529 creatura
916 2489 1033 2532 non
1073 2475 1224 2541 facit,
1270 2473 1471 2531 debeat
1490 2491 1610 2532 esse
1639 2475 1788 2530 sim-

428 2546 652 2636 pliciter
699 2554 1072 2622 antecedenS,
1123 2556 1243 2611 sive
1289 2553 1548 2611 absoluta
1576 2598 1589 2611 .
1632 2557 1786 2620 Quo-

427 2642 588 2683 niam
619 2634 920 2690 necessitas
938 2637 1282 2708 proveniens
1297 2653 1330 2692 a
1351 2637 1646 2693 voluntate
1661 2637 1781 2703 Dei,

427 2711 490 2762 ut
509 2710 839 2769 continente
867 2720 1121 2772 nostram
1151 2715 1398 2772 liberam
1426 2716 1786 2773 determina-

427 2789 666 2881 tio-nem,
701 2795 830 2852 licet
858 2813 974 2853 non
1010 2796 1109 2853 fiat
1153 2815 1185 2855 a
1210 2797 1392 2867 nobiS,
1439 2796 1504 2853 fit
1533 2805 1727 2856 tamen
1755 2815 1787 2856 a

429 2871 733 2960 principio,
767 2875 829 2932 in
855 2894 967 2950 quo
994 2895 1097 2936 nos
1126 2879 1545 2953 praehabemur,
1572 2887 1627 2938 et
1646 2897 1788 2939 con-

429 2954 686 3009 tinemur
711 2976 725 3012 ε
749 2960 803 3013 et
825 2957 954 3015 ideo
981 2960 1172 3015 taliter
1201 2959 1377 3016 infert
1407 2966 1662 3017 nostram
1685 2960 1788 3018 de-

428 3033 922 3105 terminationem,
976 3045 1036 3095 ut
1058 3056 1174 3097 non
1221 3042 1410 3097 solum
1432 3047 1622 3098 causet
1642 3042 1788 3099 enti-

428 3113 602 3167 tatem
643 3116 782 3189 ejus,
832 3118 930 3176 sed
974 3120 1148 3177 etiam
1177 3119 1412 3177 modum
1456 3120 1737 3179 libertatis
1771 3143 1784 3178 :

427 3202 776 3265 quapropter
821 3215 937 3256 non
965 3206 1046 3257 cst
1069 3200 1344 3270 absoluta,
1378 3203 1470 3259 vel
1503 3201 1789 3275 simplici-

429 3276 518 3329 ter
546 3278 900 3349 antecedens,
933 3280 1033 3338 sed
1075 3283 1257 3356 magis
1303 3290 1388 3339 est
1414 3299 1782 3356 consequens.

429 3354 788 3446 Determinat
806 3362 965 3419 enim
995 3365 1140 3420 Deus
1167 3365 1490 3431 causaliter,
1516 3369 1572 3421 et
1599 3365 1789 3438 appli-

431 3440 631 3506 cative,
642 3444 701 3493 ut
717 3456 820 3497 nos
832 3441 1286 3501 determinemus
1304 3444 1790 3503 determinatione

209 3526 404 3627 {3233}
433 3513 687 3586 formali,
719 3526 775 3578 et
803 3521 1002 3581 libera.
1060 3525 1224 3582 Unde
1268 3525 1482 3581 dictum
1505 3526 1783 3593 Anselmi,

269 3632 350 3669 lul·-

433 3612 599 3672 quam
627 3601 738 3672 ipse
762 3620 992 3676 operans
1010 3606 1167 3677 facit,
1199 3605 1588 3680 glossandum,
1616 3611 1672 3663 et
1691 3622 1786 3662 ex-

434 3675 783 3739 tendendum
805 3690 890 3739 est
910 3685 979 3740 ad
1005 3691 1361 3758 operantem,
1415 3701 1533 3742 non
1560 3691 1787 3742 tantum

433 3761 496 3811 ut
508 3760 667 3816 estin
687 3764 889 3837 seipso,
905 3770 960 3822 et
978 3781 1039 3821 se
1065 3766 1413 3823 determinat
1439 3766 1785 3834 formaliter;

426 3839 714 3900 sedetiam
739 3848 1134 3905 utcontinetur
1150 3849 1212 3905 in
1235 3852 1347 3907 Deo
1364 3847 1789 3905 determinante

429 3923 755 3981 causaliter.
1482 3969 1485 3972 -

502 4005 617 4061 Nec
665 4009 900 4064 secunda
943 4008 1201 4082 probatio
1247 4014 1428 4083 urget,
1479 4005 1577 4065 sed
1605 4008 1788 4082 magis

427 4080 624 4141 firmat
675 4093 927 4145 nostram
976 4089 1297 4147 doctrinam
1341 4090 1491 4147 circa
1530 4096 1786 4147 mentem

424 4166 704 4237 Anselmi,
727 4169 863 4241 quia
902 4170 1063 4242 ponit
1082 4172 1414 4243 exemplum
1445 4171 1509 4226 in
1532 4171 1788 4228 motione

424 4264 652 4316 manu8‚
678 4265 803 4321 quae
821 4255 971 4307 caret
1001 4250 1263 4309 libertate
1289 4276 1302 4318 3
1332 4255 1387 4308 et
1419 4251 1548 4309 ideo
1573 4267 1787 4324 suppo-

424 4330 536 4386 sita
585 4327 1069 4389 determinatione
1120 4332 1464 4401 voluntatis,
1523 4338 1788 4389 movetur

426 4426 544 4467 non
573 4409 772 4478 libere,
801 4411 899 4489 sed
929 4412 1250 4470 necessario
1294 4429 1395 4487 per
1418 4412 1656 4469 modum
1689 4430 1788 4469 na·

428 4495 592 4547 turae.
637 4492 796 4556 Quod
830 4493 968 4548 satis
1018 4493 1253 4560 evincit,
1299 4494 1640 4550 Anselmum
1685 4509 1787 4567 per

427 4569 818 4627 necessitatem
859 4571 1285 4643 antecedentem
1332 4572 1661 4648 intelligere
1681 4588 1787 4629 ne-

427 4651 744 4708 cessitatem
793 4651 1110 4711 absolutam
1157 4653 1367 4728 absque
1407 4660 1681 4727 potestate
1716 4653 1786 4710 ad

428 4735 770 4805 oppositum.
791 4734 993 4791 Omnis
1013 4751 1149 4810 ergo
1178 4735 1501 4801 necessitas,
1532 4750 1660 4809 quae
1680 4734 1788 4793 ab-

427 4816 612 4872 soluta
672 4832 788 4873 non
814 4824 917 4883 est,
950 4832 1054 4874 nec
1107 4817 1294 4874 aufert
1342 4821 1674 4890 potestatem
1716 4819 1787 4876 ad

425 4898 770 4969 oppositum,
818 4912 936 4954 non
988 4897 1155 4956 debet
1193 4901 1362 4974 juxta
1408 4897 1686 4971 phrasim,
1732 4905 1789 4957 et

426 4974 810 5034 intentionem
825 4979 1088 5035 Anselmi
1110 4977 1395 5052 appellari
1418 4978 1781 5047 ancecedens,

423 5054 523 5111 sed
551 5056 734 5131 magis
785 5072 1151 5131 consequens.
1210 5062 1399 5125 Quare
1443 5076 1574 5115 eum
1609 5060 1787 5117 motio

1916 610 2111 668 efficax
2134 611 2232 668 Dei
2268 627 2385 668 non
2412 610 2646 667 inducat
2692 611 3084 667 necessitatem
3108 611 3278 669 abso—

1918 694 2120 760 lutam,
2138 692 2237 750 sed
2265 693 2554 765 relinquat
2576 691 3026 748 indifferentiam
3050 692 3279 768 judicii,

1918 778 1973 831 et
2017 773 2345 830 facultatem
2393 773 2708 830 voluntatis
2752 772 2823 828 ad
2865 774 3187 845 appositum
3213 775 3278 830 in

1918 870 2088 911 sensu
2110 854 2316 928 divisO,
2349 859 2411 910 ut
2437 859 2654 912 constat
2679 870 2751 911 ex
2776 854 2941 909 dictis
2968 877 2982 921 ;
3020 855 3287 928 sequitur·

1918 935 2068 1009 quod
2120 935 2433 992 secundum
2479 937 2828 994 sententiam
2867 937 3128 993 Anselmi
3158 951 3281 993 non

1919 1017 2151 1075 inducat
2185 1018 2612 1076 antecedentem
2661 1018 3091 1086 necessitatem,
3114 1024 3171 1074 et
3197 1018 3276 1073 li-

1921 1097 2127 1154 bertati
2157 1100 2529 1155 contrariam.

1993 1181 2109 1235 Nec
2153 1182 2316 1234 tertia
2347 1178 2607 1252 probatio
2639 1178 2926 1236 concludit
2956 1203 2971 1247 ;
3000 1178 3286 1252 quoniam

1920 1261 2229 1316 Anselmus
2285 1260 2603 1333 aequiparat
2664 1258 2896 1333 quidem
2949 1258 3282 1316 libertatem

1922 1346 2177 1397 nostram
2199 1340 2414 1397 divinae
2441 1340 2692 1397 libertati
2709 1344 2987 1413 quantum
3004 1338 3074 1396 ad
3089 1340 3280 1396 exclu-

1919 1421 2143 1478 sionem
2192 1421 2541 1478 necessitatis
2594 1420 3018 1486 antecedentis.;
3072 1426 3279 1476 neutra

1920 1504 2131 1577 quippe
2158 1504 2447 1577 importat,
2474 1503 2565 1560 vel
2592 1501 2862 1575 supponit
2889 1499 3107 1574 aliquid
3137 1516 3277 1574 prae-

1920 1584 2100 1648 vium,
2126 1600 2228 1657 per
2254 1584 2402 1658 quod
2429 1584 2850 1640 determinetur
2895 1582 2966 1638 ad
2987 1580 3273 1655 agendum

1922 1665 2241 1722 necessario
2262 1663 2536 1729 absolute,
2566 1667 2624 1736 et
2650 1679 2750 1735 per
2771 1661 3008 1718 modum
3032 1666 3282 1718 naturae.

1921 1744 2026 1802 Sed
2056 1762 2160 1803 nec
2203 1760 2537 1818 comparare
2567 1743 2747 1816 potuit
2770 1742 3068 1815 praedictas
3096 1740 3281 1798 liber-

1921 1831 2063 1882 tates
2082 1831 2360 1899 quantum
2408 1824 2477 1881 ad
2520 1822 2597 1891 id,
2623 1822 2771 1896 quod
2794 1821 3054 1895 probatio
3082 1822 3279 1878 inten-

1921 1904 2024 1972 dit;
2057 1921 2191 1961 nam
2210 1906 2357 1960 Deus
2382 1909 2467 1961 est
2486 1918 2652 1959 causa
2680 1903 2887 1976 prima,
2914 1902 3011 1974 qui
3037 1900 3291 1973 proinde-

1922 1984 1993 2042 ab
2044 1985 2161 2041 alia
2200 1984 2380 2057 priori
2428 1984 2626 2056 nequit
2665 1984 2785 2039 ullo
2815 1987 2972 2055 pacto
2999 1981 3279 2039 determi-

1878 2063 1883 2068 ’
1922 2065 2052 2123 nari
2075 2064 2144 2121 ad
2173 2064 2456 2139 agendum
2487 2086 2499 2120 :
2529 2063 2681 2120 unde
2708 2063 3010 2119 necessitas
3039 2062 3102 2118 in
3133 2061 3277 2118 acti-

1922 2147 2028 2204 bus
2071 2147 2169 2204 Dei
2213 2152 2440 2218 reperta
2462 2145 2828 2218 consequitur
2854 2145 2976 2218 ejus
3000 2143 3279 2200 determi-

1923 2230 2216 2287 nationem
2247 2227 2573 2284 formalem.
2600 2229 2877 2282 Caeterum
2906 2231 3166 2282 creatura
3193 2230 3280 2280 est

1923 2328 2094 2386 agens
2106 2309 2418 2367 secundum
2441 2311 2554 2365 Deo
2571 2310 2632 2365 in
2654 2308 2870 2382 agendo
2895 2307 3290 2364 essentialiter

1922 2390 2394 2448 subordinatum:
2440 2389 2702 2462 quocirca
2741 2386 2907 2445 debet
2954 2401 3279 2459 supponere

1922 2471 2482 2538 determinationem,
2514 2476 2569 2528 et
2594 2471 2983 2527 causalitatem
3013 2469 3112 2525 Dei
3154 2467 3278 2525 effi-

1921 2569 2108 2611 cacem
2129 2555 2276 2611 circa
2302 2559 2456 2610 actus
2478 2554 2795 2625 ipsOS,quos
2811 2555 3073 2608 creatura
3096 2549 3280 2607 libere

1922 2635 2076 2691 elicit
2109 2655 2122 2690 :
2163 2633 2537 2707 quamobrem
2585 2632 2908 2697 necessitaS,
2940 2648 3064 2704 quae
3091 2631 3155 2687 in
3183 2647 3283 2688 ac-

1922 2713 2074 2770 tibus
2099 2713 2299 2771 liberis
2324 2714 2527 2772 creatis
2556 2713 2859 2785 reperitur,
2886 2713 2967 2769 ita
2986 2712 3281 2785 consequi-

1923 2803 2018 2855 tur
2070 2799 2330 2871 proxime
2374 2796 2919 2854 determinationem
2961 2796 3275 2868 vformalem

1923 2890 2212 2948 creaturae,
2244 2878 2393 2952 quod
2422 2880 2631 2952 primo,
2664 2884 2721 2936 et
2744 2876 3070 2935 radicaliter
3089 2893 3280 2934 conse·

1922 2966 2129 3032 quatur
2180 2958 2745 3025 determinationem,
2800 2964 2855 3015 et
2880 2958 3274 3014 causalitatem

1922 3040 2201 3097 efficacem
2226 3039 2323 3096 Dei
2349 3055 2449 3112 per
2477 3039 2697 3096 auxilia
2724 3039 2945 3113 gratiae.

1998 3123 2110 3176 Nec
2154 3126 2354 3197 quarta
2410 3119 2669 3198 probatio
2697 3119 2925 3189 premit,
2970 3117 3107 3189 quia
3134 3119 3290 3174 Deus

1923 3201 2231 3275 dupliciter
2281 3207 2459 3274 potest
2487 3200 2922 3264 determinare:
2976 3213 3091 3254 uno
3112 3196 3283 3254 modo

1923 3298 1996 3339 ex
2023 3288 2182 3355 parte
2203 3280 2425 3355 judicii,
2477 3280 2733 3337 tollendo
2772 3281 2894 3354 ejus
2940 3278 3283 3336 indifferen-

1924 3362 2084 3427 tiam,
2111 3367 2167 3418 et
2187 3367 2597 3434 consequenter
2621 3361 2945 3433 proximam
2968 3359 3295 3416 voluntatis-

1924 3442 2250 3499 facultatem
2303 3441 2373 3497 ad
2425 3440 2749 3513 oppositum
2773 3484 2786 3509 ,
2854 3446 2917 3495 ut
2963 3438 3168 3496 accidit
3220 3440 3282 3494 in

1925 3538 2121 3580 amore
2142 3520 2417 3587 beatifico,
2451 3528 2506 3577 et
2540 3526 2719 3594 potest
2745 3521 3079 3594 contingere
3107 3521 3166 3575 in
3190 3536 3284 3576 ac—

1925 3602 2076 3660 tibus
2103 3600 2498 3658 indeliberatis
2525 3600 3103 3673 correspondentibus
3148 3616 3284 3675 gra-

1925 3684 2017 3740 tiae
2037 3682 2284 3756 opernti,
2305 3688 2366 3737 ut
2391 3682 2646 3739 vidimus
2668 3700 2819 3739 num.
2850 3682 3074 3755 praeced.
3094 3684 3288 3738 Altero

1923 3763 2095 3822 modo
2117 3763 2455 3838 applicando
2474 3763 2772 3821 efficaciter
2800 3763 2868 3819 ad
2894 3778 3075 3819 unum
3102 3768 3295 3820 extre—

1923 3843 2495 3917 mum,relinquendo
2523 3843 2978 3900 indifferentiam
2996 3841 3283 3916 judicii.et

1925 3930 2255 3999 potestatem
2282 3927 2607 4000 proximam
2657 3925 2727 3983 ad
2755 3930 3081 3983 extremum
3104 3940 3281 3997 oppo-

1922 4007 2117 4064 situm.
2152 4009 2222 4062 Et
2246 4012 2487 4081 utraque
2508 4005 2917 4063 determinatio
2942 4011 3026 4062 est
3053 4004 3280 4071 efficax;

1921 4085 2021 4143 sed
2047 4103 2163 4143 una
2191 4086 2261 4143 ad
2284 4085 2740 4144 necessitandum
2763 4084 3038 4150 absolute,
3070 4084 3185 4141 alia
3212 4083 3283 4140 ad

1923 4167 2105 4227 libere
2130 4169 2434 4243 agendum.
2496 4169 2696 4224 Prima
2748 4166 3115 4238 consequitur
3139 4164 3276 4222 libe-

1924 4266 2050 4307 ram
2100 4252 2455 4308 voluntatem
2512 4251 2609 4307 Dei
2640 4254 2701 4305 ut
2759 4248 3120 4305 decernentis
3182 4262 3299 4304 nos

1923 4333 2265 4390 necessitare
2295 4358 2309 4401 ;
2358 4339 2414 4390 et
2445 4332 2572 4390 ideo
2595 4334 2871 4405 importat
2893 4331 3288 4387 necessitatem

1922 4412 2347 4471 antecedentem
2400 4419 2655 4487 respectu
2686 4417 2894 4469 nostrae
2920 4409 3278 4467 determina-

1923 4493 2119 4550 tionis.
2149 4493 2403 4552 Secunda
2450 4510 2588 4551 vero
2630 4492 3000 4565 consequitur
3042 4489 3290 4547 liberam

1921 4574 2280 4633 voluntatem
2327 4575 2428 4631 Dei
2473 4573 2860 4640 decernentis,
2909 4570 3060 4644 quod
3107 4571 3307 4641 libere,

1922 4670 2191 4729 agamus:
2212 4654 2476 4729 quocirca
2499 4668 2601 4710 nec
2631 4658 2886 4726 respectu
2912 4651 3147 4718 Dei,nec
3175 4665 3288 4707 res-

1922 4739 2083 4807 pectu
2105 4736 2287 4792 nostri
2318 4736 2590 4808 importat
2614 4734 3008 4791 necessitatem
3032 4732 3297 4806 rigorose

1922 4814 2370 4882 antecedentem,
2413 4814 2509 4871 sed
2556 4815 2901 4887 simpliciter
2932 4826 3285 4885 consequen-

1921 4901 2051 4953 tem.
2085 4896 2459 4955 concedimus
2472 4912 2625 4972 ergo,
2649 4895 3044 4953 necessitatem
3072 4898 3291 4951 antece-

1920 4979 2151 5039 dentem
2169 4997 2285 5039 non
2306 4980 2530 5038 excludi
2562 4980 2790 5053 praecise
2815 4977 2887 5035 ab
2915 4977 3133 5036 actibus
3160 4993 3292 5035 nos-

1921 5060 2046 5128 tris,
2078 5062 2214 5134 quia
2239 5060 2605 5134 consequitur
2631 5058 2951 5117 libertatem
2980 5058 3244 5116 divinam
3269 5080 3290 5123 ς

3084 5199 3104 5221 ‚
3179 5135 3279 5196 sed
