3647 5753
1427 422 1606 478 msP.
1652 421 1747 486 xx,
1793 419 1961 474 DUB.
2002 418 2046 474 1.
3056 397 3172 456 285
3218 385 3221 386 ’

117 620 266 677 Dubia
318 598 634 656 videndum
652 603 736 654 est
757 600 954 670 primo,
975 612 1048 652 an
1071 596 1242 654 homo
1264 609 1364 667 per
1391 590 1678 667 principia

85 670 306 763 ,ffibogffi
320 679 628 746 naturalia,
658 695 757 736 seu
787 695 887 751 per
922 676 1223 733 scientiam
1251 689 1409 731 mere
1437 678 1678 730 natura-

149 778 245 820 ντε-
319 762 436 819 lem
455 760 643 817 valeat
658 767 810 817 certo
825 775 1160 834 cognoscere
1173 774 1234 815 se
1246 773 1369 814 esse
1385 757 1446 813 in
1467 754 1672 830 gratia.

119 818 273 863 ''⁰¹¹⁵''
315 840 586 933 ..Secunda
606 857 679 898 an
708 839 765 897 id
790 841 964 913 possit
974 838 1231 915 judicare
1252 853 1353 911 per
1378 850 1675 893 assensum

318 921 720 979 immediatum
768 919 926 978 Fidei
969 920 1291 977 Catholicae.
1349 916 1552 984 Tertio,
1599 931 1677 971 an

318 1018 420 1076 per
459 1000 631 1059 fidem
679 1001 943 1058 divinam
992 999 1401 1072 particularem
1440 994 1675 1070 speciali

318 1084 661 1140 revelationi
688 1082 1056 1138 innitentem.
1089 1079 1323 1154 Quane,
1350 1094 1426 1134 an
1455 1093 1556 1150 per
1583 1091 1679 1132 as-

313 1179 546 1221 sensum
587 1163 993 1238 Theologicum
1037 1161 1435 1235 procedentem
1462 1175 1534 1215 ex
1562 1172 1678 1213 una

318 1245 611 1319 praemissa
627 1245 697 1301 de
711 1244 838 1308 fide,
852 1247 908 1299 et
924 1244 1105 1300 altera
1120 1240 1374 1299 naturali
1396 1237 1674 1296 evidenti.

318 1326 543 1399 Quinto,
565 1340 638 1382 an
662 1341 762 1398 per
777 1324 1184 1381 certitudinem
1208 1322 1511 1388 moralem,
1536 1318 1678 1376 etin

318 1421 429 1479 quo
451 1404 674 1479 gradu?
735 1411 736 1414 ’

99 1496 307 1550 uoniam.
392 1488 445 1544 3.
481 1489 556 1542 Ut
590 1503 725 1561 ergo
762 1493 916 1545 certa
942 1485 1012 1544 ab
1057 1483 1295 1543 incertis
1318 1498 1672 1555 separemus,

97 1542 283 1651 *ξὲξὲξῖ
313 1565 753 1640 supponendum
799 1573 886 1623 est
933 1567 1144 1640 primo,
1176 1563 1475 1621 hominem
1517 1578 1679 1634 posse

87 1646 473 1737 ,tgffifficerto
498 1664 848 1723 cognoscere,
877 1653 934 1705 et
969 1646 1082 1704 fide
1106 1645 1310 1702 divina
1338 1642 1678 1718 particulari

116 1752 291 1794 eognos-
322 1727 571 1794 credere,
601 1744 663 1785 se
688 1744 809 1786 esse
836 1728 900 1784 in
925 1728 1131 1802 gratia,
1165 1726 1215 1782 si
1243 1728 1390 1782 Deus
1431 1724 1538 1781 hoc
1564 1722 1677 1795 ipsi

113 1801 290 1885 ξξζξῗξ
318 1810 639 1882 specialiter
669 1811 912 1876 revelet;
936 1814 991 1866 et
1018 1809 1124 1866 hoc
1163 1823 1281 1864 non
1320 1806 1501 1862 semel
1528 1802 1678 1861 acci-

124 1890 277 1941 gratia.
317 1889 467 1947 disse
505 1891 571 1947 in
609 1890 953 1964 quibusdam
983 1888 1244 1962 personis
1283 1886 1514 1943 sanctis.
1550 1886 1679 1941 Haec

315 1971 631 2044 suppositio
654 1970 839 2044 quoad
863 1977 1164 2042 utramque
1193 1973 1416 2042 partem
1457 1967 1679 2022 constat

315 2068 389 2108 ex
405 2070 567 2110 sacra
593 2055 909 2127 Scriptura,
942 2054 1005 2109 in
1032 2068 1145 2124 qua
1171 2052 1501 2123 frequenter
1529 2046 1679 2122 legi-

316 2149 445 2189 mus
464 2136 696 2193 Sanctos
715 2133 1045 2209 cognovisse
1064 2147 1228 2188 suam
1246 2128 1552 2204 justitiam,
1570 2127 1679 2183 uti-

314 2229 424 2288 que
475 2231 547 2271 ex
593 2215 971 2288 privilegiatae
1024 2210 1396 2269 revelationis
1447 2208 1673 2265 notitia.

129 2316 276 2357 Luci.
317 2299 548 2353 Constat
574 2296 645 2355 de
684 2299 750 2353 B.
779 2295 1038 2369 Virgine,
1074 2295 1186 2349 Luc
1221 2295 1239 2349 l
1278 2313 1292 2348 :
1333 2291 1453 2349 Ave
1487 2292 1677 2361 qratia

109 2365 286 2457 5¹⁸2}ss
312 2379 496 2452 plena.
524 2381 602 2435 De
622 2381 680 2434 S.
702 2377 807 2436 Job
827 2394 897 2434 ex
921 2377 1045 2450 ejus
1068 2375 1240 2440 libre,
1270 2390 1395 2446 cap.
1413 2375 1485 2428 27
1507 2393 1521 2428 :
1546 2372 1678 2429 Non

106 2459 566 2555 {effigurecedam
582 2459 655 2514 ab
681 2461 993 2514 innocentia
1031 2474 1176 2515 mea.
1205 2458 1284 2511 De
1313 2451 1495 2510 David
1520 2454 1673 2510 Psal.

121 2545 286 2620 Luc'aass
319 2540 395 2593 25
422 2559 436 2593 =
464 2536 583 2607 Eyo
604 2544 784 2595 autem
811 2539 874 2593 in
898 2537 1211 2593 innocentia
1244 2551 1364 2589 mea
1404 2534 1679 2603 inyressus

107 2612 296 2704 ²32¹}ss
321 2635 466 2674 sum.
481 2620 561 2675 De
577 2618 1091 2677 Abraham.Genes.
1115 2612 1672 2689 20,DeMagdalena‚

104 2711 223 2755 Joan.
246 2715 302 2754 13.
324 2700 463 2758 Luc.
523 2701 604 2766 lO,
649 2702 727 2758 De
768 2700 918 2758 bono
964 2702 1229 2765 Latrone,
1273 2695 1410 2754 Luc.
1453 2697 1544 2752 23.
1599 2698 1678 2753 De

323 2781 503 2837 Paulo
541 2782 577 2836 2
615 2780 686 2837 ad
714 2782 970 2839 Timoth.
998 2783 1034 2837 4
1080 2801 1094 2836 :
1145 2778 1362 2837 Bonum
1407 2783 1677 2832 certamen

318 2863 572 2919 certavi:
611 2866 848 2936 reposita
888 2869 964 2920 est
1003 2863 1145 2918 mihi
1191 2878 1390 2918 corona
1420 2859 1674 2931 justitia.

320 2943 573 3017 Denique
601 2944 671 3002 de
699 2945 982 3018 Apostolis
1001 2946 1167 3001 Joan.
1207 2943 1270 2998 13
1298 2962 1311 2997 ε
1353 2939 1456 2999 Vos
1481 2939 1678 2995 mundi

317 3029 466 3084 estis.
510 3029 581 3082 Et
614 3027 838 3084 similia
871 3029 1133 3084 constant
1170 3041 1240 3082 ex
1267 3020 1678 3080 Ecclesiasticis

319 3109 596 3177 historiis,
646 3111 892 3183 vitisque
943 3110 1306 3171 Sanctorum,
1355 3104 1420 3160 in
1469 3103 1678 3176 quibus

320 3207 438 3248 non
462 3194 640 3250 semel
682 3192 926 3267 legimus
968 3193 1148 3246 Deum
1184 3187 1525 3262 quibusdam
1560 3202 1678 3243 suae

320 3271 704 3343 perfectioniS,
746 3277 802 3329 et
842 3271 1080 3345 justitiae
1119 3273 1338 3326 statum·
1372 3268 1670 3323 revelasse.

322 3354 444 3410 imo
481 3353 673 3425 plures
701 3350 973 3424 Theologi
1002 3349 1309 3413 affirmant,
1342 3347 1587 3421 Angelos
1614 3345 1678 3401 in

322 3434 435 3501 via,
466 3438 522 3489 et
548 3431 834 3489 Adamum
874 3432 935 3487 in
963 3436 1110 3487 statu
1138 3429 1480 3487 innocentiae
1508 3427 1679 3483 illus-

322 3518 500 3571 tratos
526 3513 701 3571 fuisse
744 3512 1094 3571 revelatione
1120 3510 1342 3578 divina,
1374 3525 1486 3582 qua
1510 3525 1676 3566 suam

317 3594 600 3667 justitiam
644 3598 1054 3669 cognoverunt.
1086 3596 1260 3649 Favet
1299 3596 1489 3648 autem
1530 3593 1678 3646 Deus

318 3672 609 3746 aliquibus
654 3675 758 3731 hoc
792 3671 1080 3747 singulari
1121 3669 1448 3745 privilegio,
1488 3669 1679 3742 inquit

121 3778 158 3818 n
178 3776 283 3821 Tho.
320 3757 387 3813 D.
418 3756 622 3813 Thom.
650 3756 712 3812 in
727 3756 833 3813 hoc
858 3760 969 3812 art.
993 3761 1054 3810 ut
1080 3753 1392 3810 securitatis
1407 3751 1676 3822 qaudium

317 3838 488 3893 ctiam
513 3839 574 3891 in
598 3837 702 3892 hac
727 3838 846 3891 vita
874 3839 936 3891 in
954 3838 1031 3891 cis
1051 3836 1303 3907 incipiat,
1333 3839 1383 3888 et
1405 3832 1679 3905 confiden-

319 3920 451 3983 tius,
465 3925 514 3972 et
533 3918 737 3989 fortius
755 3918 1047 3988 magnifica
1067 3931 1230 3988 opera
1250 3919 1673 3989 prosequantur,

316 4007 367 4054 et
396 3998 548 4054 mala
561 4000 836 4071 prasenti-s
855 4000 977 4053 vitat
995 3998 1321 4064 sustineant,
1344 3997 1486 4052 sicut
1500 3994 1678 4051 Paulo

316 4080 528 4135 dictum
544 4080 671 4133 est?
691 4078 766 4133 ad
784 4076 1038 4135 Corinth.
1077 4077 1166 4132 12:
1186 4074 1408 4150 Sufficit
1429 4075 1532 4130 tibi
1551 4091 1679 4145 yra-

320 4163 405 4217 tia
431 4176 570 4215 mea.
600 4157 708 4215 Sed
729 4156 899 4215 modo
926 4164 1050 4214 non·
1064 4156 1290 4230 agimus
1315 4155 1386 4214 de
1411 4171 1498 4221 eo,
1528 4153 1679 4230 quod

317 4239 633 4297 secundum
671 4236 1222 4302 extraordinarium,
1272 4239 1329 4293 et
1371 4234 1678 4308 specialem

320 4321 423 4377 Dei
471 4317 894 4392 providentiam
935 4317 1064 4374 fieri
1113 4318 1304 4385 valet;
1352 4315 1450 4373 sed
1489 4314 1560 4373 de
1586 4331 1673 4383 eo,

320 4401 470 4475 quod
499 4400 839 4475 regulariter
864 4400 1168 4474 contingit.

120 4514 280 4574 Hujus·
396 4484 452 4538 4.
489 4479 938 4554 Supponendum
964 4486 1048 4537 est
1078 4477 1345 4547 secunde,
1378 4478 1678 4536 neminem

126 4564 263 4658 ἓξὲξ
323 4579 484 4637 posse
511 4579 613 4636 per
640 4562 924 4636 principia
945 4578 1086 4635 pure
1112 4560 1421 4627 naturalia,
1452 4576 1552 4617 seu
1577 4576 1680 4634 per

98 4663 208 4707 mdo
221 4667 290 4708 est
318 4644 619 4701 scientiam
641 4658 801 4700 mere
821 4643 1147 4700 naturalem
1167 4646 1320 4699 certo
1339 4656 1679 4715 cognoscere

119 4714 278 4806 ζῆῑξῖἓῐζ
316 4743 377 4785 se
411 4742 532 4783 esse
560 4726 622 4782 in
654 4724 861 4798 gratia.
893 4726 1051 4780 Hanc
1076 4722 1529 4797 suppositionem
1557 4738 1678 4779 non

99 4821 181 4872 ost
192 4813 302 4865 prin-
315 4810 504 4865 solum
525 4806 730 4863 docent
755 4820 957 4861 omnes
978 4802 1246 4877 Theologi
1265 4802 1560 4868 Catholici,
1580 4799 1680 4858 sed

99 4871 490 4956 ¹1²4¹?'1'122‘1‘1‘3‘etiam
521 4885 836 4945 admittunt
864 4884 974 4958 ipsi
1002 4884 1272 4948 haeretiei,
1310 4899 1442 4940 cum
1470 4881 1681 4955 quibus

132 4962 250 5006 ‘³¹¹²
318 4974 510 5043 postea
535 4963 1016 5038 disceptabimus;
1046 4979 1164 5021 non
1190 4963 1350 5020 enim
1378 4960 1681 5019 certitudi-

318 5065 475 5116 nem,
508 5062 685 5122 quam
714 5062 830 5102 sum
853 5044 1089 5118 justitiae
1116 5042 1446 5118 praedicant,
1471 5042 1541 5099 ad
1585 5043 1681 5098 lu-

1812 605 1949 647 men
1970 588 2233 645 naturale
2256 584 2551 647 reducunt,
2571 577 2670 635 sed
2692 574 2764 632 ad
2784 575 2984 630 lumen
3008 567 3164 635 fidei,

1813 677 1876 727 ut
1900 670 2058 727 infra
2072 667 2415 725 videbimus.
2435 661 2601 719 Ratio
2629 661 2820 714 autem
2844 654 2908 710 D.
2934 652 3170 710 Thomae
3200 667 3367 711 nxrho.

1812 752 1877 808 in
1915 751 2021 808 hoc
2046 748 2288 806 articulo
2325 744 2387 802 id
2426 741 2723 801 evidenter
2762 733 3166 791 demonstrat:

1814 831 2097 891 Cer-titudo
2122 827 2333 902 (inquit
2359 825 2429 883 de
2455 825 2560 880 hac
2580 835 2738 877 mere
2760 813 3012 873 naturali
3042 826 3171 869 cer-

1813 913 2058 970 titudine
2086 913 2278 986 agens)
2304 925 2414 963 non
2451 909 2619 979 potest
2643 899 2832 956 haberi
2859 897 2923 951 dc
2948 894 3164 970 aliquo,

1811 997 1924 1051 nisi
1959 995 2130 1069 possit
2157 990 2459 1064 dijudicari
2498 1002 2596 1058 per
2628 980 2918 1056 proprium
2951 974 3171 1048 princi-

1808 1080 1966 1151 pium
1982 1095 2000 1132 .·
2015 1079 2094 1132 sic
2113 1078 2260 1131 enim
2276 1070 2539 1128 certitudo
2553 1066 2781 1122 habetur
2795 1061 2859 1114 de
2879 1057 3178 1114 conclusio-

1812 1157 1973 1213 nibus
2022 1153 2468 1211 demonstrativis
2513 1164 2612 1222 per
2662 1136 3173 1199 indemonstrabilia

1811 1236 2157 1294 universalia
2187 1233 2489 1307 principia.
2535 1225 2745 1284 Nullus
2783 1228 2966 1276 autem
2998 1223 3173 1290 posset

1809 1323 1950 1377 scire
1963 1337 2016 1374 se
2029 1318 2223 1374 habere
2235 1315 2521 1372 scientiam
2535 1309 2777 1378 alicujus
2791 1300 3170 1366 conclusionis,

1810 1402 1862 1456 si
1880 1401 2225 1474 principium
2266 1398 2559 1467 ignoraret.
2593 1386 2943 1457 Principium
2987 1387 3174 1436 autem

1806 1483 2018 1552 qratia,
2061 1488 2112 1536 ct
2157 1480 2421 1551 objectum
2456 1474 2573 1544 ejus
2608 1474 2687 1525 est
2726 1469 2839 1539 ipsc
2881 1461 3042 1527 Deus,
3075 1462 3174 1538 qui

1806 1570 2028 1636 propter
2046 1561 2137 1616 sui
2155 1556 2529 1615 excellentiam
2553 1557 2631 1606 est
2651 1547 2805 1604 nobis
2824 1546 3058 1615 iynotus‚
3084 1557 3173 1596 se-

1810 1642 2050 1698 cundum
2075 1640 2177 1698 Job
2205 1640 2276 1695 36
2305 1657 2318 1692 :
2347 1633 2488 1692 Ecce
2515 1633 2663 1688 Deus
2688 1642 2921 1696 maynus
2948 1624 3173 1677 vincens

1811 1723 2099 1779 scientiam
2121 1726 2390 1776 nostram.
2413 1713 2468 1772 E
2471 1722 2491 1768 t
2512 1711 2630 1767 ideo
2655 1711 2771 1781 ejus
2792 1704 3080 1780 prasentia
3107 1702 3172 1757 in

1811 1803 1984 1870 nobis,
2027 1807 2078 1857 et
2116 1799 2363 1856 absentia
2398 1811 2496 1869 per
2523 1789 2901 1848 certitudinem
2926 1784 3174 1854 cognosci

1811 1902 1923 1940 non
1945 1891 2135 1958 potest,
2167 1878 2458 1937 secundum
2480 1874 2624 1931 illud
2644 1870 2744 1928 lob
2771 1871 2806 1924 9
2834 1889 2847 1924 ε
2877 1866 2947 1925 Si
2965 1866 3173 1922 venerit

1811 1965 1887 2020 ad
1925 1981 2027 2031 me,
2072 1980 2182 2019 non
2219 1958 2405 2016 videbo
2443 1972 2600 2018 cum,
2638 1953 2688 2007 si
2727 1956 2911 2005 autem
2947 1946 3166 2010 abierit,

1811 2064 1923 2102 non
1949 2046 2273 2117 intelligam.
2314 2039 2391 2098 Et
2417 2039 2535 2094 idco
2559 2037 2717 2091 homo
2745 2049 2854 2087 non
2874 2034 3048 2103 potest
3073 2043 3173 2099 per

1810 2128 2192 2184 certitudinem
2232 2121 2556 2195 dijudicare,
2600 2121 2789 2171 utrum
2829 2113 2939 2184 ipsc
2971 2107 3170 2165 babeat

1807 2213 2074 2280 9ratiam,
2089 2206 2382 2265 secundum
2401 2201 2545 2258 illud
2573 2202 2590 2254 l
2619 2197 2694 2251 ad
2709 2193 2962 2252 Corinth.
2983 2193 3041 2246 5:
3058 2190 3171 2248 Sed

1810 2310 1980 2370 mque
2000 2294 2265 2365 meipsum
2277 2286 2499 2359 judico:
2519 2282 2615 2359 qui
2628 2285 2813 2334 autem
2815 2275 3035 2348 judicat
3056 2289 3164 2337 me,

1811 2373 2084 2430 Dominus
2103 2377 2197 2427 est.
2214 2372 2327 2425 Nec
2348 2360 2881 2436 relinquiturlocus,
2903 2360 2964 2411 ut
2982 2351 3172 2429 gratia

1811 2458 1964 2511 certo
1991 2450 2334 2510 naturaliter
2358 2446 2724 2520 cognoscatur
2753 2454 2852 2512 per
2894 2435 3126 2493 effectus
3151 2455 3166 2498 ;

1812 2551 1950 2592 nam
1978 2540 2039 2590 ut
2066 2529 2285 2604 aliquid
2310 2532 2464 2585 certo
2488 2524 2857 2598 cognoscatur
2885 2531 2986 2589 per
3007 2513 3170 2570 effec-

1810 2622 1921 2682 tus,
1964 2612 2173 2671 debent
2218 2610 2359 2666 tales
2398 2606 2627 2664 effectus
2670 2615 2792 2658 esse
2839 2594 3081 2671 proprii,
3113 2597 3172 2650 et

1812 2693 2117 2770 procedere
2139 2707 2239 2766 per
2264 2706 2325 2747 se
2351 2705 2384 2746 a
2403 2702 2589 2750 causa,
2609 2699 2735 2756 quaa
2760 2679 2878 2735 illis
2900 2674 3170 2733 median-

1812 2778 1963 2836 tibus
1989 2773 2384 2851 cognoscitur:
2416 2766 2634 2843 proprii
2665 2769 2875 2828 autem,
2906 2764 2963 2817 et
2991 2773 3090 2832 per
3108 2772 3172 2813 se

1808 2858 2041 2917 effectus
2084 2854 2282 2931 gratim
2325 2855 2459 2908 sunt
2495 2842 2982 2922 supernaturales,
3024 2837 3174 2894 sicut

1810 2942 1953 3015 ipsa,
1972 2939 2234 3012 quocirca
2254 2934 2397 3001 vim,
2423 2938 2479 2991 et
2496 2926 2899 3006 perspicaciam
2923 2918 3170 2979 luminis

1809 3020 2097 3079 naturalis
2132 3015 2413 3075 excedunt
2446 3035 2459 3070 z
2503 3011 2655 3069 unde
2683 3024 2801 3066 non
2826 3004 3009 3079 magis
3036 2999 3166 3058 fieri

1809 3102 1981 3168 valet,
2000 3097 2151 3173 quod
2165 3097 2405 3155 scientia
2422 3092 2704 3151 naturalis
2727 3087 2990 3163 proprios
3008 3082 3172 3140 effec-

1810 3190 1901 3240 tus
1914 3180 2114 3258 gratias
2129 3184 2280 3237 certo
2295 3180 2607 3252 cognoscat,
2623 3187 2794 3246 quam
2811 3166 2958 3242 quod
2982 3166 3168 3238 ipsam

1808 3262 2055 3338 gratiam
2077 3256 2412 3316 immediate
2428 3255 2684 3328 attingat.
2706 3249 3026 3306 videantur
3041 3260 3169 3318 qum

1808 3343 2065 3399 diximus
2084 3342 2226 3414 disp.
2259 3340 2316 3395 3.
2344 3336 2471 3392 dub.
2505 3338 2551 3402 l,
2578 3333 2675 3390 ubi
2704 3328 3060 3389 ostendimus
3082 3326 3172 3382 in-

1807 3423 2209 3481 sufficientiam
2249 3418 2494 3476 luminis
2533 3413 2816 3472 naturalis
2855 3409 2926 3467 ad
2960 3407 3170 3481 depre—

1811 3503 2181 3562 hendendum
2210 3517 2278 3559 ea
2296 3516 2421 3573 quae
2440 3495 2511 3554 ad
2537 3495 2803 3553 ordinem
2824 3494 3165 3564 supernatu-

1811 3587 1993 3642 ralem
2020 3585 2275 3657 spectant
2301 3601 2314 3636 ε
2344 3579 2538 3651 ibique
2563 3572 2942 3632 satisfecimus
2976 3567 3166 3644 objec-

1808 3666 2063 3725 tionibus
2088 3679 2214 3738 quae
2240 3662 2332 3719 hic
2358 3663 2587 3734 possent
2621 3668 2939 3715 occurrere.

1884 3751 1942 3804 5.
1958 3743 2405 3820 Supponendum
2426 3746 2509 3799 est
2526 3739 2711 3805 tertio,
2732 3736 3030 3794 hominem
3048 3748 3166 3790 non
3182 3742 3392 3834 3333-

1809 3830 2055 3905 obligari
2077 3827 2148 3885 ad
2173 3823 2521 3884 credendum
2550 3821 2661 3879 fide
2681 3819 2903 3883 divina,
2922 3813 3073 3889 quod
3091 3815 3168 3870 sit
3183 3838 3360 3884 deam.

1811 3910 1874 3968 in
1900 3908 2104 3985 gratia.
2138 3908 2265 3963 Haec
2290 3903 2604 3978 suppositio
2628 3905 2714 3958 est
2737 3898 2807 3955 de
2834 3895 2963 3961 fide,
2989 3911 3164 3967 quam
3200 3899 3368 3983 ἓξὲξ

1811 3989 2055 4065 proinde
2074 3988 2275 4045 docent
2290 3984 2649 4042 unanimiter
2669 3993 2869 4038 omnes
2890 3975 3162 4050 Theologi
3207 3970 3365 4047 mucis

1811 4071 2085 4131 Catholici
2112 4075 2311 4129 contra
2336 4066 2629 4125 haereticos
2655 4062 3032 4119 Lutheranos.
3053 4059 3129 4114 Pr

1810 4170 1921 4227 quo
1945 4150 2241 4209 sciendum
2266 4154 2368 4216 est,
2402 4145 2697 4222 praedictos
2723 4140 3016 4198 haereticos
3044 4137 3159 4194 duo

1810 4234 2136 4292 asseruisse.
2180 4230 2390 4297 Primo,
2432 4227 2731 4286 hominem
2762 4237 2921 4296 posse
2945 4217 3167 4277 certifi-

1810 4315 1927 4372 cari
1946 4330 2047 4388 per
2065 4328 2360 4371 assensum
2382 4308 2539 4366 Fidei
2556 4303 2855 4364 Catholicae
2871 4305 3012 4372 (non
3032 4300 3169 4374 qui-

1811 4394 1941 4452 dem
1983 4393 2362 4458 historialem,
2402 4394 2464 4446 ut
2500 4389 2610 4462 ipsi
2652 4385 3033 4458 distinguunt,
3065 4380 3167 4438 sed

1813 4475 2284 4550 promissionum)
2308 4470 2458 4546 quod
2483 4470 2557 4527 sit
2584 4470 2647 4526 in
2674 4466 2862 4542 gratia
2888 4463 3009 4532 Dei,
3041 4462 3167 4520 sive

1809 4554 1960 4629 quod
1982 4554 2092 4628 ipsi
2121 4569 2237 4613 non
2263 4553 2621 4626 imputentur
2638 4543 3165 4622 peccata.Sccundo,

1811 4633 1961 4708 quod
1992 4635 2110 4692 haec
2149 4633 2289 4691 fides
2330 4631 2674 4705 requiratur,
2719 4631 2775 4683 et
2813 4623 3058 4681 sufficiat
3094 4623 3169 4680 ad

1812 4715 2068 4774 hominis
2107 4712 2596 4789 justificationem.
2650 4711 2721 4764 Et
2763 4711 3045 4781 quantum
3096 4703 3171 4762 ad

1816 4796 1976 4869 prius
1996 4801 2277 4854 assertum
2295 4793 2474 4852 socios
2495 4791 2821 4849 habuerunt
2844 4789 3001 4847 viros
3023 4786 3171 4844 alias

1814 4876 2150 4943 catholicos,
2189 4881 2248 4934 et
2285 4872 2602 4949 praesertim
2644 4871 2958 4930 Canonicos
3003 4869 3173 4925 Colo-

1815 4962 2064 5027 nienseS,
2107 4958 2206 5032 qui
2255 4957 2315 5015 id
2361 4956 2722 5016 affirmarunt
2760 4954 2825 5011 in
2863 4969 2967 5010 suo
3004 4954 3171 5009 Cate-

1813 5043 2050 5109 chismo‚
2090 5047 2147 5098 et
2185 5041 2247 5098 in
2275 5037 2757 5113 Antididogmate,
2789 5042 2846 5095 et
2880 5036 3024 5094 alios
3052 5050 3174 5092 non
