3647 5753
1256 454 1434 509 DISP.
1477 452 1597 517 vn,
1644 451 1807 506 DUB.
1853 451 1946 506 lv,

150 652 171 675 υ
203 629 316 684 viri
347 630 747 684 necessitatem
770 632 931 685 istam
964 627 1368 701 praecedentem
1399 642 1500 698 po-

148 732 170 757 «
203 715 348 764 nunt
377 710 443 764 in
461 710 739 766 humanis
758 708 1045 782 operibuS,
1069 710 1244 765 etiam
1271 714 1327 764 et
1351 705 1500 778 quod

149 816 170 841 u
200 790 336 846 fluat
358 807 391 847 a
417 792 718 849 voluntate
758 793 875 849 Dei.
902 792 1152 847 Maxime
1177 806 1306 846 cum
1348 789 1486 845 anti·

147 899 169 923 a
199 873 326 945 quis
363 872 633 928 Ecclesiae
673 872 936 928 Patribus
987 872 1137 927 nihil
1183 885 1501 928 consonans

148 976 170 1001 u
204 946 460 1023 reperire
484 957 737 1023 possunt,
767 968 895 1007 cum
925 958 1205 1008 conantur
1239 958 1330 1008 :et
1356 950 1502 1006 illud

146 1059 170 1083 u
198 1032 347 1106 quod
375 1033 689 1097 adducunt,
723 1036 829 1091 Cor
854 1034 1003 1106 regis
1032 1035 1092 1090 in
1115 1050 1291 1089 manu
1314 1032 1505 1088 Domi-

146 1142 167 1166 «
201 1116 281 1179 ni,
313 1120 368 1172 et
394 1132 752 1188 quocumque
780 1118 1043 1178 voluerit,
1070 1116 1311 1171 inclinat
1332 1113 1497 1178 illud,

146 1221 171 1246 a
200 1196 320 1269 ipse
342 1201 532 1252 textus
551 1197 786 1268 exponit
811 1197 1060 1270 intelligi
1082 1196 1152 1252 de
1174 1196 1503 1252 necessitate

144 1278 518 1341 «tractionis,
564 1285 621 1335 et
661 1279 1096 1344 inclinationis;
1147 1293 1265 1334 non
1310 1282 1502 1333 autem

146 1384 168 1409 ιι
192 1359 262 1416 de
282 1360 618 1416 necessitate
635 1361 753 1424 illa,
772 1376 897 1433 quae
913 1358 1502 1433 praeceditsecundum

144 1464 167 1489 α
199 1442 562 1501 Anselmum.
605 1445 661 1496 et
684 1439 998 1496 secundum
1029 1456 1207 1511 quam
1238 1440 1504 1495 voluntas

145 1543 168 1570 a
198 1520 520 1576 necessario
541 1521 685 1594 agit;
729 1538 830 1579 nec
877 1527 1056 1594 potest
1101 1521 1270 1576 aliter
1314 1535 1498 1593 agere,

146 1624 168 1649 «ι
197 1600 423 1656 etiamsi
451 1602 646 1665 vellet,
676 1601 1004 1668 secundum¹
1030 1602 1438 1675 Augustinum.
1471 1621 1496 1651 n

97 1695 107 1736 i
143 1681 265 1735 Haec
302 1682 661 1747 Waldensis,
692 1699 761 1738 ex
800 1683 1008 1754 quibus
1047 1684 1349 1746 nescimus,
1393 1698 1504 1753 qua

141 1758 757 1830 prudentiacensuerit
782 1765 992 1819 Suarez
1021 1764 1187 1818 illum
1213 1763 1332 1835 jam
1361 1762 1502 1818 olim

138 1838 459 1897 traduxisse
479 1842 809 1897 Thomistas
830 1844 1030 1915 gratiae
1069 1859 1135 1899 ex
1165 1859 1226 1899 se
1265 1842 1504 1898 efficacis

140 1930 589 1994 propugnatores
651 1925 795 1979 Nam
825 1925 1018 1996 magni
1051 1926 1136 1979 illi
1181 1924 1314 1990 viri,
1364 1939 1505 1996 quos

141 2000 464 2057 Waldensis
508 2003 661 2065 citat,
689 2003 972 2073 ponebant
994 2020 1061 2058 ex
1084 2002 1328 2063 efficacia
1349 2002 1504 2059 divi—

138 2096 218 2134 τηε
251 2081 576 2136 voluntatis
601 2081 858 2138 derivari
903 2084 1293 2139 necessitatem
1339 2090 1505 2139 ante—

135 2160 442 2227 cedentem,
473 2162 797 2219 secundum
824 2181 996 2236 quam
1030 2165 1292 2221 voluntas
1317 2171 1506 2221 creata

139 2245 452 2305 necessario
475 2251 693 2318 ageret,
723 2252 779 2303 et
802 2248 972 2302 aliter
996 2263 1163 2319 agere
1201 2264 1316 2304 non
1347 2248 1505 2303 vale-

141 2332 235 2380 ret.
271 2326 328 2379 ll
377 2327 708 2399 justissime
751 2328 1117 2400 reprehendit
1150 2328 1499 2396 WaldensiS,

140 2412 321 2476 utpote
342 2406 496 2478 quod
523 2414 784 2464 nostram
809 2408 1130 2465 libertatem
1149 2410 1375 2466 evertit.
1400 2408 1505 2465 Sed

135 2486 261 2555 quid
295 2488 398 2542 hoc
426 2486 501 2543 ad
533 2488 885 2555 Thomistas,
916 2491 1012 2561 qui
1043 2506 1170 2546 cum
1212 2490 1395 2563 gratia
1435 2505 1506 2544 ex

135 2566 418 2622 scenicaci
452 2566 526 2622 ad
561 2584 740 2623 unum
766 2574 951 2625 actum
980 2569 1181 2625 docent
1206 2571 1383 2625 simul
1410 2587 1506 2626 co-

135 2647 375 2702 existere
422 2652 765 2719 potestatem
809 2649 1133 2720 proximam
1170 2648 1238 2705 ad
1276 2651 1507 2721 opposi—

141 2734 253 2781 tum
271 2729 297 2780 Ρ
325 2728 464 2782 Plus
485 2743 667 2799 quarn
688 2729 916 2793 coelum,
941 2736 995 2785 et
1016 2736 1169 2787 ,terra
1194 2729 1507 2786 distantem

137 2809 458 2880 opinioneS,
496 2826 602 2865 nec
651 2810 850 2865 nisiin
895 2811 1263 2884 capacissima
1315 2812 1505 2869 Suarii

142 2900 325 2947 mente
371 2892 591 2947 situari
637 2898 962 2964 potuerunt,
1000 2900 1058 2949 ut
1085 2894 1156 2949 ab
1184 2911 1299 2950 una
1345 2893 1508 2951 fieret

145 2974 414 3030 transitus
443 2974 518 3030 ad
551 2975 745 3040 aliam,
777 2981 832 3031 et
876 2978 1082 3047 aeqnali
1125 2978 1508 3048 percelleren-

146 3060 233 3108 tur
281 3069 559 3109 censura.
617 3055 684 3108 Et
732 3070 802 3110 ne
848 3054 1149 3111 videamur
1201 3055 1509 3113 domestica

96 3132 298 3223 ffadire
331 3134 638 3206 suffragia,
673 3135 1036 3191 Franciscnm
1080 3138 1369 3192 Annatum
1410 3138 1508 3192 Je-

96 3243 116 3270 .-
148 3216 346 3270 suitam
365 3214 689 3270 habeamus
705 3213 1007 3281 arbitrum,
1030 3217 1338 3272 'rhomistis
1366 3216 1508 3272 alias

96 3295 604 3370 t&severissimum.
659 3295 762 3349 Hic
806 3311 940 3369 ergo
982 3297 1042 3351 in
1086 3295 1185 3353 lib.
1217 3296 1287 3352 de
1329 3298 1508 3353 liber-

152 3382 255 3432 tate
299 3375 593 3436 inchoata,
644 3380 843 3431 contra
883 3376 1268 3448 Apologistam
1306 3379 1508 3433 Janse-

153 3450 247 3512 nii,
278 3466 400 3520 cap.
431 3451 488 3511 2,
527 3453 560 3516 ς
598 3450 641 3511 1,
676 3449 862 3519 inquit
894 3471 907 3503 :
943 3471 966 3502 ι(
998 3454 1175 3513 Quem
1206 3451 1510 3506 invenient

156 3550 177 3575 a
209 3527 545 3582 janseniani
566 3527 716 3581 inter
727 3529 770 3580 T
776 3527 1068 3592 hemistaS,
1084 3528 1180 3601 qui
1195 3529 1405 3586 dixerit
1419 3546 1509 3586 vo-

156 3633 176 3654 ·‹
207 3609 486 3664 luntatem
513 3609 715 3664 divina
735 3611 916 3681 gratia
948 3610 1507 3681 praedeterminatam

156 3712 175 3735 u
194 3703 384 3744 carere
397 3689 668 3762 proxima
681 3689 747 3744 ad
764 3689 1216 3746 dissentiendum
1231 3692 1510 3764 potentia?

165 3775 375 3831 «Quem
416 3769 643 3824 dabunt
692 3770 789 3841 qui
836 3769 1264 3838 distinctionem
1310 3789 1509 3828 sensus

158 3872 177 3894 a
205 3849 528 3919 compositi,
562 3853 615 3904 et
645 3847 815 3904 divisi
852 3850 934 3905 sic
971 3851 1398 3923 interpretetur,
1450 3857 1511 3907 ut

159 3951 179 3972 ιι
202 3943 398 3983 sensus
419 3929 514 3994 sit,
547 3929 898 3984 voluntatem
924 3946 954 3985 a
978 3932 1091 3986 Deo
1114 3939 1325 3988 motam
1351 3948 1510 4005 posse

159 4030 180 4057 u
210 4006 538 4071 dissentire,
571 4008 799 4079 quando
822 4010 924 4066 illa
969 4012 1147 4068 motio
1184 4012 1409 4081 abierit,
1455 4017 1511 4068 et

161 4108 184 4135 α
211 4087 510 4144 advenerit
543 4089 656 4143 alia
683 4091 710 4144 Ρ
732 4111 756 4140 1>
793 4091 860 4147 Et
888 4090 949 4145 in
970 4092 1337 4161 responsione
1353 4092 1422 4148 ad
1448 4095 1510 4148 17

155 4168 481 4230 Montalitii‚
519 4168 707 4239 inquit
740 4189 753 4223 ε
789 4190 812 4220 α
843 4170 1115 4224 Calvinus
1162 4171 1239 4226 ita
1263 4173 1509 4245 gratiam

161 4271 182 4294 α
209 4248 487 4304 efficacem
505 4247 782 4313 defendit,
803 4256 861 4304 ut
882 4249 952 4305 ab
972 4251 1072 4306 illa
1089 4252 1309 4307 nullam
1335 4253 1510 4308 aliam

164 4353 184 4378 »ι
215 4329 374 4385 nobis
405 4331 662 4403 relinqui
688 4330 1009 4388 libertatem
1041 4339 1212 4403 putet,
1247 4334 1356 4389 nisi
1383 4350 1509 4391 eam

161 4433 184 4457 ει
212 4427 332 4481 quae
358 4411 578 4467 dicitur
609 4428 641 4467 a
668 4413 949 4469 coactione
972 4437 985 4478 ;
1011 4420 1277 4470 caeterum
1308 4415 1377 4471 ab
1406 4417 1514 4472 ista

165 4513 185 4539 a
213 4493 394 4564 gratia
433 4492 827 4548 necessitatem
886 4494 1127 4566 imponi,
1165 4513 1290 4568 quae
1326 4504 1514 4569 potes-

164 4597 186 4620 «
215 4580 385 4630 tatem
435 4573 668 4630 auferat
708 4575 1004 4631 resistendi
1046 4578 1299 4650 quandiu
1328 4579 1514 4652 gratia

168 4675 190 4700 α
218 4658 569 4724 perseverat.
603 4653 872 4710 Catholici
902 4658 1159 4714 Doctores
1181 4660 1223 4712 Τ
1231 4660 1508 4725 homistae,

169 4754 193 4779 α
218 4734 483 4801 Scotistae,
512 4731 872 4800 Sorbonistae,
897 4738 1125 4794 Jesuitae
1148 4738 1299 4795 inter
1313 4756 1374 4796 se
1388 4756 1516 4796 con-

169 4837 190 4862 «
218 4816 495 4878 sentiunt,
528 4814 773 4887 gratiam
798 4832 896 4888 per
916 4834 977 4873 se
997 4818 1273 4877 efficacem
1310 4822 1389 4877 ita
1424 4837 1516 4879 re-

169 4918 190 4941 u
217 4910 347 4968 gere
385 4897 770 4962 voluntatem,
819 4903 874 4952 ut
902 4899 1042 4960 vim,
1092 4906 1149 4955 et
1182 4908 1513 4973 potestatem

169 4995 192 5022 «ι
224 4973 524 5030 resistendi
547 4974 602 5029 ei
629 4989 742 5028 non
764 4975 993 5044 adimat.
1023 5000 1047 5028 »
1077 4981 1145 5034 Et
1165 4981 1227 5036 in
1252 4981 1401 5037 libro
1425 4982 1516 5037 cui

165 5053 375 5118 tituluS,
436 5055 790 5122 Anqustinus
825 5073 858 5110 a
906 5055 1146 5113 Baianis
1182 5061 1513 5131 vindicatae,

2888 438 2992 494 1312

1633 629 1732 686 lib.
1763 634 1818 698 7,
1852 631 1914 686 in
1944 617 2275 702 praet‘atione
2316 627 2395 683 ait
2430 647 2442 680 :
2492 648 2517 676 a
2546 626 2691 678 Nam
2718 617 2868 692 quod
2896 615 2999 673 di-

1639 736 1663 767 α
1693 731 1859 771 versa
1873 714 1948 769 sit
1964 714 2079 770 haec
2092 710 2375 768 sententia
2397 726 2428 765 a
2448 708 2708 765 doctrina
2729 702 2989 759 Themis-

1639 820 1663 850 α
1695 803 1909 862 tarum,
1938 812 2006 853 ex
2033 811 2101 852 eo
2128 797 2297 867 patet,
2329 790 2476 864 quod
2503 788 2814 845 Themistae
2854 802 2990 859 gra-

1639 899 1664 929 «
1719 876 1859 932 tiam
1917 872 2289 948 quantumvis
2354 867 2986 943 praedeterminantem,

1639 981 1664 1009 «
1693 974 1822 1013 cum
1866 954 2256 1012 indifferentia
2298 950 2629 1013 voluntatiS,
2673 955 2729 1004 et
2766 946 2991 1002 dissen-

1640 1061 1664 1089 «
1695 1035 1875 1092 tiendi
1898 1034 2149 1108 potentia
2168 1035 2536 1103 componunt.
2582 1051 2607 1080 ι)
2648 1026 2793 1092 Quid
2840 1027 3001 1081 ultra

1632 1133 1865 1192 egemus
1893 1115 2145 1180 testibus,
2170 1130 2299 1170 cum
2330 1113 2438 1186 ipsi
2467 1107 2801 1167 Adversarii
2834 1122 2993 1163 reco-

1633 1203 1906 1272 gnoscant
1933 1212 2226 1253 summum
2255 1193 2566 1251 discrimen
2596 1192 2745 1246 inter
2773 1187 2992 1260 opinio·

1635 1297 1768 1338 nem
1815 1279 2247 1341 Tbomisticam,
2297 1280 2353 1332 et
2400 1273 2747 1331 sententiam
2800 1270 2987 1332 illam,

1632 1362 1718 1433 cuj
1729 1378 1791 1416 us
1812 1358 2081 1416 meminit
2102 1355 2452 1420 WaldensiS,
2482 1369 2655 1426 quam
2686 1354 2874 1423 postea
2901 1363 2994 1404 se·-

1633 1442 1793 1514 quuti
1815 1445 1949 1496 sunt
1969 1438 2319 1503 Calvinistae,
2343 1440 2397 1491 et
2418 1437 2447 1488 J
2456 1431 2759 1491 anseniani
2780 1433 2807 1485 Ρ
2830 1427 2993 1484 Unde

3025 1415 3197 1455 Annali.

3022 1473 3177 1505 summa

1635 1521 1829 1577 minus
1852 1526 1999 1576 recte
2019 1521 2227 1575 Suarez
2247 1514 2511 1580 credidit,
2536 1512 2860 1569 Themistas
2888 1509 2992 1563 illa
3018 1512 3227 1569 incon-se.

1633 1600 1965 1658 Waldensis
2002 1613 2241 1658 censura
2280 1594 2596 1661 subnotari,
2636 1597 2692 1648 et
2728 1587 2988 1662 compre-

1635 1683 1807 1741 hendi
1820 1726 1833 1739 .
1852 1683 2045 1738 Minus
2058 1681 2232 1738 etiam
2253 1683 2418 1743 recte,
2436 1676 2533 1734 sed
2549 1689 2778 1730 summa
2793 1672 2987 1728 incon-

1633 1763 1946 1836 sequentia,
1974 1768 2029 1817 et
2056 1760 2143 1816 sui
2173 1758 2385 1815 oblitus
2408 1754 2710 1829 praedictus
2731 1754 2993 1808 Annatus

1637 1845 1698 1900 in
1727 1844 1878 1901 libro
1905 1842 1974 1900 de
2009 1840 2246 1898 scientia
2292 1837 2483 1894 media
2528 1833 2788 1898 asseruit,
2839 1833 2994 1889 Tho-

1635 1925 1836 1980 mistas
1856 1923 1967 1979 duo
1997 1926 2218 1977 tantum
2238 1918 2529 1990 requirere
2552 1914 2620 1970 ad
2645 1912 2991 1979 libertatem,

1636 2007 1901 2063 videlicet
1921 2020 1991 2061 ex
2021 2007 2179 2075 parte
2201 2001 2522 2057 intellectus
2545 1994 2995 2052 indifferentiam

1634 2086 1853 2161 judicii,
1880 2089 1934 2140 et
1953 2081 2379 2138 immunitatem
2403 2076 2735 2133 acoactione
2751 2090 2820 2130 ex
2841 2079 2997 2145 parte

1636 2165 1980 2230 voluntatis3
2005 2168 2062 2219 et
2101 2161 2161 2216 in
2208 2175 2303 2216 eos
2355 2157 2659 2214 formatam
2706 2153 2998 2209 existimat

1635 2262 1935 2304 censuram
1961 2247 2031 2300 N.
2054 2239 2385 2297 Waldensis
2405 2260 2418 2294 t
2442 2236 2763 2310 oppositum
2786 2234 2996 2306 quippe

1638 2331 1901 2385 ultronea
1927 2325 2086 2381 itlius
2112 2322 2390 2379 confessio
2409 2319 2547 2375 satis
2567 2316 2800 2374 evincit.

1719 2411 1840 2465 196.
1858 2404 2406 2479 Reprehenditergo,
2427 2407 2482 2457 et
2498 2399 2704 2455 merito
2715 2395 2992 2453 Walden-

1636 2493 1715 2548 sis
1728 2508 1843 2557 e05,
1876 2489 1971 2561 qui
1996 2504 2065 2544 ex
2092 2485 2315 2550 efficaci,
2335 2489 2389 2539 et
2406 2479 2757 2539 antecedenti
2776 2478 2875 2534 Dei
2898 2493 2993 2533 vo-

1638 2573 1860 2627 luntate
1886 2565 2210 2624 inferebant
2236 2564 2400 2635 (sicut
2440 2559 2607 2617 modo
2654 2558 2833 2615 nostri
2875 2555 2995 2611 Ad-

1638 2651 1880 2710 versarii
1909 2640 2168 2705 inferunt
2195 2651 2393 2703 contra
2419 2643 2781 2709 Themistas),
2811 2655 2997 2696 neces·

1636 2733 1865 2788 sitatem
1894 2727 2318 2785 antecedentem
2349 2724 2410 2780 in
2434 2723 2644 2779 nostris
2670 2719 2903 2785 actibus,
2939 2724 2999 2773 ut

1637 2811 1775 2866 satis
1797 2810 1974 2883 liquet
2000 2823 2069 2864 ex
2090 2806 2211 2881 ejus
2249 2802 2443 2860 verbis
2477 2818 2652 2874 supra
2688 2799 2902 2867 relatiS,
2945 2804 2999 2855 et

1637 2909 1705 2950 ex
1736 2893 1825 2947 his
1851 2908 1976 2964 quae
2016 2889 2173 2947 docet
2199 2906 2322 2961 cap.
2352 2889 2443 2954 28,
2476 2885 2574 2941 ubi
2605 2885 2683 2939 ait
2716 2905 2729 2940 z
2760 2882 2850 2939 Ibi
2893 2899 3000 2937 au-

1638 2983 1742 3030 lem
1776 2972 2118 3030 Venerabilis
2138 2969 2448 3035 AnselmuS,
2473 2974 2520 3021 el
2542 2965 2605 3023 S.
2640 2965 2873 3022 Thomas
2891 2964 3002 3019 cla·

1637 3057 1858 3111 rissimo
1876 3071 1968 3109 ore
1988 3052 2197 3116 dicunt,
2223 3068 2329 3105 non
2369 3066 2477 3105 esse
2520 3047 2598 3102 ibi
2636 3047 3001 3101 necessitatem

1638 3139 1889 3215 aliquam
1905 3134 2301 3208 precedentem,
2326 3132 2416 3187 sed
2437 3135 2860 3206 consequentem,
2887 3144 3000 3201 qut-c

1638 3218 1786 3272 nihil
1811 3218 1995 3291 efficit,
2039 3213 2148 3269 Ubi
2179 3213 2342 3268 illam
2385 3211 2777 3268 necessitatem
2806 3208 2999 3265 exclu-

1638 3298 1740 3365 dit,
1771 3314 1945 3370 quam
1973 3301 2206 3366 uterque
2227 3297 2283 3349 S.
2315 3297 2516 3350 Doctor
2537 3290 2805 3350 excludit.
2831 3290 3003 3346 Mini-

1638 3393 1731 3434 me
1793 3394 1927 3435 vero
1973 3379 2229 3432 removet
2272 3389 2502 3429 omnem
2555 3370 3000 3443 suppositionem

1639 3457 2088 3520 antecedentem,
2115 3471 2183 3510 ex
2200 3470 2309 3524 qua
2334 3452 2649 3509 necessario
2673 3450 3000 3506 necessitate

1638 3544 1822 3603 certae,
1856 3544 1912 3593 et
1940 3533 2275 3591 infallibilis
2301 3531 2716 3604 consequentiae
2739 3529 3000 3584 inferan-

1640 3625 1735 3673 tur
1767 3617 1950 3674 nostri
1984 3621 2157 3671 actuS.
2191 3615 2338 3667 Tum
2366 3611 2499 3684 quia
2534 3611 2696 3666 illam
2736 3610 2873 3665 satis
2897 3623 3000 3663 ex-

1642 3699 1843 3772 primit
1869 3714 1988 3768 cap.
2019 3696 2111 3759 26,
2137 3691 2236 3748 ubi
2259 3691 2339 3747 ait
2365 3712 2378 3746 ε
2418 3688 2642 3757 Videant
2660 3692 2785 3761 jam
2813 3690 3002 3757 mayni

1641 3780 1747 3843 itti,
1779 3778 1875 3853 qui
1920 3775 2289 3829 necessitatem
2325 3772 2645 3842 futurorum
2683 3768 2995 3833 concedunt,

1640 3857 1783 3936 quod
1802 3856 2116 3929 praedicare,
2151 3853 2233 3908 uel
2256 3851 2548 3924 fii-revidere
2590 3849 2692 3906 Dei
2737 3847 2907 3921 (quod
2936 3849 2998 3904 in

1640 3938 1760 4011 ejus
1787 3935 2061 4008 opinione
2101 3932 2271 3989 habet
2310 3931 2639 4005 adjunctum
2680 3935 2868 3985 actum
2899 3946 2999 3987 vo-

1643 4017 1880 4074 luntatis
1943 4014 2174 4081 divinia,
2228 4020 2290 4069 ut
2338 4030 2511 4086 supra
2555 4010 2828 4079 vidimus)
2892 4028 2999 4065 non

1640 4099 1908 4171 subinfert
1952 4097 2108 4152 rebus
2153 4098 2561 4170 pravenientem
2632 4096 2997 4149 necessitatem

1641 4195 2037 4255 quamcunque,
2056 4178 2148 4233 sed
2165 4180 2340 4233 solum
2361 4177 2745 4248 futuritionem
2758 4175 2822 4228 dc
2835 4182 2992 4230 certo,

3005 1567 3187 1615 quentia.

3051 2395 3170 2436 Mens

3056 2444 3163 2485 Wal-

3033 2492 3211 2536 densis-.

1643 4263 1790 4316 Tum
1819 4260 2016 4327 etiam,
2048 4260 2183 4333 quia
2205 4261 2268 4314 D.
2301 4259 2626 4323 Anselmus,
2664 4263 2720 4313 et
2751 4258 2810 4311 D.
2844 4256 2993 4312 Tho·
3012 4259 3209 4300 enasci.

1644 4359 1784 4410 maS,
1816 4358 1955 4414 quos
1982 4343 2133 4407 citat,
2176 4342 2322 4397 hanc
2357 4340 2807 4415 suppositionem
2837 4343 3000 4394 ante-

1642 4421 1936 4478 cedentem
1979 4426 2173 4493 aperte
2218 4419 2421 4477 docent
2460 4443 2472 4477 ε
2512 4419 2611 4475 ille
2649 4417 2879 4491 quidem
2935 4417 2998 4474 in

1645 4501 1747 4557 lib.
1782 4503 1846 4557 de
1894 4501 2198 4560 Concordia
2238 4501 2582 4574 prascientiae
2625 4516 2744 4572 cap.
2804 4501 2850 4564 1,
2902 4498 2998 4555 ubi

1644 4583 1724 4637 ait
1753 4604 1766 4638 ε
1800 4605 1826 4635 «
1858 4582 2139 4646 Quoniam
2168 4581 2317 4654 quod
2346 4583 2491 4635 Deus
2512 4580 2652 4644 vult,
2687 4595 2802 4635 non
2826 4584 3004 4650 potest

1651 4684 1676 4714 (ι
1708 4677 1825 4719 non
1847 4678 1986 4728 esse,
2018 4678 2146 4717 cum
2176 4663 2299 4717 vult
2345 4659 2599 4715 hominis
2644 4659 2998 4714 voluntatem

1652 4765 1677 4794 α
1708 4743 1872 4797 nulla
1893 4742 2034 4815 cogi,
2085 4742 2178 4798 vel
2219 4738 2511 4813 prohiberi
2559 4737 2890 4794 necessitate
2930 4738 3000 4794 ad

1653 4844 1678 4874 α
1711 4820 2038 4886 volendum,
2072 4822 2161 4877 vel
2186 4820 2254 4876 ad
2283 4835 2398 4879 non
2446 4817 2776 4883 volendum,
2802 4825 2857 4874 et
2879 4820 3002 4874 vult

1653 4925 1677 4954 «
1707 4900 1967 4958 effectum
2006 4900 2164 4972 sequi
2192 4900 2560 4964 voluntatem,
2605 4903 2738 4953 tnnc
2779 4913 3002 4954 necesse

1653 5003 1678 5032 «
1708 4985 1790 5037 est
1812 4995 1934 5036 esse
1955 4978 2220 5044 liberam,
2245 4984 2302 5036 et
2326 4993 2447 5035 esse
2472 4977 2621 5050 quod
2650 4979 2790 5034 vult.
2820 4998 2845 5028 >2
2892 4979 3001 5033 Iste

1649 5077 1786 5119 vero
1811 5061 2122 5131 quaest.24,
2166 5061 2230 5115 de
2289 5058 2540 5128 Ver-itate,
2567 5064 2676 5116 art.
2727 5062 2746 5115 l
2793 5057 2863 5115 ad
2912 5060 2993 5126 13,

3041 5060 3197 5102 urba
