3647 5753
281 1010 361 1056 sio.

443 375 554 431 584
1116 376 1206 429 DE
1246 376 1855 433 DISPOSITIONIBUS
1893 380 1988 434 AD
2026 380 2690 441 JUSTIFICATIONEM.

446 542 597 600 vinae
643 543 1048 615 providentiae,
1106 545 1257 617 quod
1306 544 1607 619 praedictus
1659 551 1813 603 actus

443 626 811 683 contritionis
838 626 1280 698 praeparatorius
1308 626 1383 682 ad¹
1397 627 1646 701 gratiam
1675 643 1813 698 pro-

444 705 603 764 cedat
649 722 680 762 a
727 706 1014 778 principio
1068 707 1422 779 imperfecto,
1482 722 1689 780 nempe
1741 707 1813 763 ab

446 789 667 846 auxilio
689 788 1031 854 transeunti,
1057 795 1113 844 et
1140 804 1257 845 non
1285 806 1318 845 a
1343 791 1530 863 gratia
1556 789 1814 847 sanctifi-

446 875 628 938 cante,
663 886 787 943 quae
813 876 897 926 est
919 870 1105 926 forma
1136 869 1403 942 perfecta.

402 969 425 993 ··
522 950 938 1024 Respondetur‚
969 949 1118 1022 quod
1141 956 1202 1006 ut
1222 950 1408 1023 gratia
1429 951 1816 1016 communiter

448 1025 751 1103 loquendO,
783 1031 1005 1087 dicatur
1036 1030 1341 1102 procedere
1364 1030 1433 1085 ab
1462 1031 1815 1104 imperfectis

447 1110 520 1167 ad
561 1111 919 1184 perfectiora,
970 1109 1174 1167 sufficit
1225 1108 1375 1183 quod
1428 1111 1816 1167 communiter

447 1192 730 1266 loquendo
777 1194 982 1266 aliquae
1021 1192 1423 1265 dispositiones
1468 1193 1817 1265 imperfectae

446 1274 766 1347 praecedant
805 1274 1149 1346 simpliciter
1195 1272 1446 1331 formam
1489 1272 1816 1348 justifican-

443 1364 589 1422 tem;
622 1357 938 1431 cujusmodi
967 1362 1101 1412 sunt
1129 1372 1329 1413 omnes
1357 1362 1529 1423 actuS,
1560 1355 1659 1429 qui
1690 1354 1817 1428 jus-

443 1436 816 1496 tificationem
858 1445 1115 1510 tempore
1155 1435 1513 1494 antecedunt.
1546 1435 1653 1492 Sed
1699 1450 1816 1492 non

446 1525 687 1592 oportet,
718 1518 866 1593 quod
898 1535 1098 1575 omnes
1126 1518 1528 1591 dispositiones
1552 1517 1671 1572 sint
1698 1517 1814 1571 im-

448 1602 730 1673 perfectae,
754 1600 853 1657 sed
871 1601 1050 1674 magis
1072 1599 1332 1673 congruit
1354 1599 1576 1654 naturis
1594 1613 1811 1664 rerum,

447 1681 596 1754 quod
637 1682 843 1738 ultima
892 1680 1187 1753 dispositio
1244 1679 1491 1750 perfecta
1541 1680 1630 1745 sit,
1684 1683 1741 1734 et
1785 1693 1819 1734 a

446 1763 731 1836 principio
755 1762 1001 1835 perfecto
1027 1760 1185 1824 fluat,
1213 1765 1276 1814 ut
1295 1764 1515 1817 constat
1537 1759 1601 1814 in
1627 1760 1818 1816 calore

446 1849 509 1900 ut
534 1849 656 1902 octo
701 1842 1011 1915 respective
1052 1840 1122 1897 ad
1164 1841 1414 1898 formam
1457 1840 1627 1915 ignis,
1658 1845 1716 1898 et
1754 1840 1817 1895 in

447 1925 717 1998 potentiis
763 1922 1039 1980 vitalibus
1082 1923 1370 1994 corporeis
1421 1920 1814 1994 comparative

448 2009 519 2065 ad
548 2007 830 2065 animam.
875 2006 1039 2062 Unde
1078 2022 1209 2061 cum
1241 2010 1395 2062 actus
1429 2004 1812 2069 contritionis,

448 2089 540 2145 vel
569 2088 785 2144 amoris
806 2086 879 2141 sit
902 2085 1128 2150 ultima,
1161 2091 1217 2142 et
1244 2085 1490 2158 perfecta
1518 2084 1817 2157 dispositio

449 2168 519 2226 ad
547 2169 814 2243 gratiam,
848 2169 1231 2240 incongruum
1272 2170 1375 2232 est,
1413 2164 1561 2238 quod
1589 2181 1621 2222 a
1649 2165 1818 2239 prin-

448 2252 597 2326 cipio
626 2252 979 2324 imperfecto,
1013 2263 1219 2320 nempe
1253 2247 1473 2304 auxilio
1516 2246 1814 2320 procedat3

447 2333 546 2389 sed
595 2332 779 2406 magis
806 2330 976 2397 decet,
1008 2327 1154 2401 quod
1185 2327 1324 2383 fluat
1369 2344 1402 2383 a
1450 2329 1639 2385 forma
1682 2344 1817 2400 per-

448 2412 610 2478 fecta,
633 2427 839 2483 nempe
861 2409 931 2465 ab
954 2410 1076 2481 ipsa
1090 2408 1274 2482 gratia
1301 2431 1315 2474 ;
1344 2409 1661 2480 praesertim
1686 2424 1814 2464 cum

450 2493 660 2566 ubique
686 2490 973 2564 superflua
1011 2487 1255 2544 debeant
1284 2488 1476 2553 vitari,
1511 2494 1569 2543 ut
1612 2489 1818 2561 saepius

450 2574 724 2630 diximus,
758 2575 891 2636 Quae
916 2569 1177 2626 doctrina
1217 2568 1469 2623 sumitur
1496 2585 1568 2625 ex
1608 2571 1675 2624 D.
1706 2569 1811 2625 Th.

238 2671 418 2714 D.·1·ho.
450 2659 511 2711 in
553 2672 707 2727 praes,
751 2658 859 2707 art.
903 2654 957 2716 7,
1010 2653 1069 2704 in
1107 2666 1249 2720 resp.
1290 2649 1366 2702 ad
1406 2651 1461 2713 4,
1507 2648 1657 2720 quod
1696 2655 1818 2706 erat

451 2731 821 2808 hujusmodiz
870 2733 1058 2786 Motus
1104 2728 1274 2785 liberi
1318 2727 1568 2792 arbitrii,
1601 2728 1699 2802 qui
1745 2728 1815 2785 ad

444 2813 911 2894 justificationem
940 2811 1251 2874 concurrit,
1276 2816 1360 2865 est
1382 2810 1734 2876 meritoriuS,
1759 2816 1816 2867 et

449 2900 529 2955 ita
551 2913 581 2952 a
602 2894 788 2969 gratia
809 2891 1198 2948 sanctificante
1226 2890 1476 2963 procedit
1496 2916 1508 2957 ;
1534 2891 1631 2949 sed
1655 2892 1816 2964 prius

446 2984 531 3035 est
558 2974 775 3049 aliquid
802 2974 1068 3047 consequi
1105 2974 1375 3038 formam,
1408 2988 1580 3045 quam
1608 2989 1814 3030 secun-

447 3061 586 3117 dum
605 3059 854 3116 formam
871 3055 1130 3128 operari:
1156 3071 1290 3130 ergo
1308 3056 1465 3127 prius
1485 3054 1816 3111 infunditur

445 3144 649 3218 gratia,
675 3147 731 3199 et
759 3145 949 3214 postea
992 3138 1241 3194 liberum
1285 3137 1593 3194 arbitrium
1625 3154 1816 3194 move-

446 3231 542 3281 tur
564 3225 626 3280 in
655 3227 834 3280 Deum
861 3242 874 3277 ι
906 3235 1039 3293 ergo
1074 3217 1407 3292 justificatio
1436 3234 1552 3276 non
1579 3224 1663 3275 est
1701 3221 1817 3274 tota

444 3305 645 3361 simul.
677 3302 780 3358 Cui
820 3302 899 3357 sic
928 3299 1211 3357 occurrit:
1250 3322 1275 3353 «
1309 3298 1467 3364 Quod
1509 3299 1573 3354 in
1614 3297 1815 3356 eodem

451 3410 475 3439 α
509 3387 768 3453 instanti,
802 3385 864 3439 in
886 3398 997 3456 quo
1025 3382 1214 3438 forma
1241 3381 1576 3453 acquiritur,
1612 3380 1815 3452 incipit

452 3492 477 3522 α
509 3461 600 3526 res
665 3468 893 3541 operari
956 3463 1272 3521 secundum
1326 3464 1617 3520 formam:
1670 3464 1817 3520 sicut

454 3550 674 3626 «ignis,
713 3565 843 3605 cum
885 3552 966 3603 est
1007 3550 1330 3620 generatu5‚
1373 3549 1638 3601 movetur
1683 3562 1815 3601 sur-

452 3655 476 3685 «
509 3648 668 3697 sum;
693 3631 816 3687 etsi
846 3635 1035 3685 motus
1061 3627 1183 3700 ejus
1211 3633 1356 3683 esset
1393 3627 1810 3694 instantaneus,

454 3717 573 3772 «in
618 3714 817 3773 eodem
868 3711 1109 3769 instanti
1167 3711 1572 3782 compleretur.
1630 3713 1816 3769 Motus

452 3818 478 3848 «
510 3800 701 3851 autem
729 3792 899 3851 liberi
944 3790 1195 3853 arbitrii,
1232 3789 1330 3861 qui
1372 3796 1457 3846 est
1484 3790 1649 3858 velle,
1698 3806 1814 3848 non

455 3899 480 3928 «
511 3882 595 3933 est
619 3875 983 3939 successivus,
1014 3871 1111 3928 sed
1141 3872 1572 3926 instantaneus:
1604 3877 1659 3927 et
1686 3871 1816 3928 ideo

457 3980 483 4010 α
513 3973 630 4014 non
676 3958 912 4028 oportet,
943 3952 1092 4026 quod
1133 3948 1466 4025 justificatio
1521 3951 1689 4022 impii
1741 3952 1816 4007 sit

454 4060 481 4089 α
511 4036 839 4094 successiva.
875 4055 900 4085 »
955 4032 1064 4087 L‘bi
1106 4035 1299 4103 aperte
1340 4031 1633 4103 supponit,
1665 4031 1815 4105 quod

449 4120 635 4194 gratia
680 4115 1038 4174 sanctificans
1084 4114 1147 4169 in
1196 4113 1396 4170 eodem
1444 4114 1705 4180 instanti,
1750 4114 1815 4170 in

449 4217 560 4274 quo
589 4200 936 4262 infunditur,
963 4202 1264 4269 operatur;
1296 4200 1351 4252 et
1379 4201 1810 4266 consequenter,

448 4281 596 4353 quod
625 4286 812 4337 motus
850 4278 1019 4335 liberi
1065 4276 1296 4333 arbitrii
1338 4282 1473 4331 tunc
1507 4275 1816 4333 existentes

450 4367 584 4418 sunt
610 4361 966 4434 operationes
1001 4358 1280 4432 perfectae,
1313 4362 1368 4413 et
1408 4353 1557 4427 quod
1585 4372 1618 4410 a
1649 4357 1816 4428 prin-

449 4442 599 4515 cipio
646 4442 890 4514 perfecto
937 4438 1259 4513 procedant.
1307 4434 1465 4502 Quod
1513 4435 1817 4495 confirmat

449 4525 714 4596 exemplo
742 4523 910 4597 igniS,
943 4522 1035 4594 qui
1068 4521 1117 4576 si
1148 4525 1332 4593 posset
1359 4519 1582 4574 moveri
1613 4519 1676 4574 in
1701 4519 1816 4575 ins·

451 4604 617 4670 tanti,
672 4602 916 4676 profecto
951 4605 1012 4660 in
1051 4601 1251 4659 eodem
1293 4598 1551 4665 instanti,
1603 4599 1664 4655 in
1705 4616 1817 4672 quo

452 4691 779 4761 generatur,
822 4701 1051 4740 sursum
1092 4686 1441 4739 moveretur.
1491 4682 1632 4736 Cum
1680 4697 1818 4753 ergo

453 4768 639 4843 gratia
686 4772 872 4840 posset
916 4766 1120 4822 elicere
1164 4768 1353 4819 motus
1400 4762 1814 4829 instantaneos‚

453 4849 711 4921 sequitur
751 4845 899 4918 quod
942 4846 1002 4900 in
1049 4843 1249 4901 eodem
1296 4841 1558 4907 instanti,
1604 4841 1667 4897 in
1707 4858 1818 4914 quo

456 4928 805 4992 infunditur,
836 4930 1132 4998 operetur;
1163 4940 1280 4980 non
1303 4923 1496 4994 utique
1525 4923 1668 4979 alias
1688 4938 1819 4996 ope-

458 5009 729 5075 rationes,
758 5007 871 5063 nisi
899 5007 1256 5079 operationes
1300 5003 1572 5076 perfectas
1598 5003 1818 5061 contri-

1944 549 2138 616 tionis,
2166 555 2221 607 et
2266 553 2502 619 amoris,
2546 570 2671 626 quae
2714 554 2776 611 in
2823 554 3023 612 eodem
3067 555 3310 614 instanti

1945 629 2171 697 adsunt,
2204 640 2260 690 et
2300 633 2370 690 ad
2409 635 2653 691 eandem
2693 636 2939 709 gratiam
2975 634 3310 711 disponunt.

1946 712 2105 778 Quod
2154 713 2337 771 adhuc
2385 714 2713 772 evidentius
2764 714 2923 772 docet
2977 719 3041 773 D.
3102 719 3307 777 Thom.

1946 801 2130 872 quaest.
2160 797 2252 862 ⁶28,
2283 796 2347 851 de
2385 795 2551 854 Verit.
2595 803 2705 852 art.
2751 798 2785 852 3
2825 798 2900 852 ad
2950 800 3042 865 20,
3093 798 3191 857 ubi
3223 801 3312 858 lo-
3327 826 3386 868 D.
3410 824 3514 870 'rm

1945 894 2123 951 quens
2175 878 2245 935 de
2297 877 2670 951 dispositione
2721 879 2790 935 ad
2839 879 3311 954 J'ustificationem

1947 959 2133 1032 impii,
2163 961 2243 1016 ait
2274 980 2286 1015 ε
2314 982 2340 1014 α
2374 961 2686 1018 Dicendum
2708 961 2859 1034 quod
2881 961 2989 1020 ista
3014 963 3312 1038 dispositio

1951 1062 1976 1095 α
2010 1057 2127 1098 non
2144 1042 2463 1114 requiritur
2481 1048 2712 1115 propter
2728 1045 3127 1117 impotentiam
3146 1064 3313 1122 agen·

1951 1144 1977 1174 «
2007 1123 2098 1190 tis,
2131 1123 2230 1180 sed
2254 1130 2486 1197 propter
2526 1124 2914 1183 conditionem
2966 1129 3311 1202 recipientiS,

1952 1225 1978 1256 α
2009 1204 2226 1261 scilicet
2279 1206 2614 1272 voluntatiS,
2665 1224 2789 1279 quae
2842 1208 3143 1267 immutari
3200 1228 3315 1269 non

1954 1306 1980 1336 α
2013 1289 2194 1357 potest
2216 1301 2318 1357 per
2346 1285 2704 1352 violentiam,
2749 1287 2847 1344 sed
2878 1291 3111 1362 proprio
3156 1297 3315 1349 motu

1954 1389 1980 1420 α
2010 1367 2375 1425 immutatur.
2403 1370 2512 1424 Iste
2533 1375 2721 1425 autem
2751 1377 2942 1430 motus
2971 1372 3139 1429 liberi
3165 1373 3315 1431 arbi-

1953 1468 1978 1499 α
2011 1447 2108 1503 trii
2160 1463 2278 1505 non
2323 1449 2514 1505 solum
2560 1466 2620 1505 se
2663 1449 2830 1506 habet
2869 1452 2939 1508 ad
2978 1455 3224 1526 gratiam
3254 1461 3317 1511 ut

1953 1550 1979 1581 α
2010 1528 2331 1602 dispositio,
2355 1530 2453 1587 sed
2480 1537 2543 1587 ut
2563 1534 3083 1603 complementum;
3111 1552 3314 1608 opera-

1956 1609 2196 1667 «tiones
2235 1610 2396 1666 enim
2437 1615 2573 1666 sunt
2610 1612 2868 1682 quaedam
2912 1617 3318 1687 completiones

1956 1712 1982 1743 α
2012 1689 2336 1749 habituum.
2366 1691 2528 1749 Unde
2557 1694 2966 1765 perfectionem
2995 1700 3216 1770 agentis
3239 1706 3317 1756 at·

1956 1778 2269 1839 «testatur,
2301 1775 2450 1848 quod
2504 1775 2733 1833 habitus
2782 1777 3088 1836 inducatur
3139 1782 3315 1837 simul

1954 1875 1981 1908 α
2011 1872 2141 1911 cum
2171 1872 2274 1912 sua
2301 1857 2652 1929 operatione,
2685 1859 2820 1930 quia
2851 1860 3120 1931 perfectio
3147 1861 3314 1919 effec-

1956 1942 2102 1992 «tus
2166 1936 2524 1998 demonstrat
2575 1938 2985 2012 perfectionem
3036 1959 3235 2000 causae.
3283 1965 3308 1995 »

1952 2015 2116 2072 Unde
2139 2017 2340 2084 elucet,
2372 2018 2522 2092 quod
2553 2019 2684 2075 licet
2704 2026 2836 2075 ante
2859 2020 3080 2078 instans
3102 2023 3315 2097 justifi-

1950 2097 2189 2153 cationis
2239 2096 2484 2156 debeant
2536 2097 2868 2156 antecedere
2914 2101 3317 2174 dispositiones

1951 2179 2318 2251 imperfectae,
2387 2187 2445 2238 et
2510 2179 2580 2237 ab
2649 2181 2982 2253 imperfecto
3034 2186 3317 2259 principio

1951 2260 2190 2318 fluentes
2216 2287 2230 2329 ;
2282 2263 2668 2320 nihilominus
2690 2264 2753 2319 in
2783 2265 3023 2323 instanti
3044 2268 3314 2342 justifica·

1951 2342 2126 2397 tionis
2164 2341 2375 2399 debent
2419 2343 2821 2416 dispositiones
2865 2363 2986 2403 esse
3033 2349 3308 2420 perfectae,

1953 2427 2146 2494 utpote
2172 2440 2296 2495 quae
2319 2440 2434 2480 non
2463 2429 2687 2480 tantum
2730 2432 2864 2481 sunt
2891 2426 3310 2500 dispositioneS,

1948 2504 2045 2560 sed
2094 2506 2271 2562 etiam
2320 2507 2807 2579 complementum
2855 2509 3176 2577 habituum,
3216 2511 3318 2584 q‘ui

1949 2591 2083 2642 tunc
2125 2587 2538 2654 infunduntur,
2583 2593 2638 2644 et
2683 2605 2806 2660 quae
2854 2592 3208 2663 procedendo
3250 2592 3322 2650 ab

1949 2667 2262 2737 habitibus,
2312 2670 2552 2726 illorum
2583 2671 3012 2744 perfectionem,
3039 2681 3094 2733 et
3133 2677 3325 2734 virtu-

1948 2753 2064 2804 tem
2093 2749 2495 2807 manifestant.

2565 2917 2595 2984 a
2625 2916 2692 2970 11.

1955 3059 2307 3133 Empenditur
2357 3061 2518 3116 aliud
2561 3063 2988 3191 {undamentum
3037 3083 3138 3139 pro
3189 3086 3319 3124 vera

2478 3153 2576 3191 sen
2602 3141 2769 3195 entia.

2021 3284 2120 3338 78.
2170 3282 2427 3341 Secundo
2474 3284 2747 3358 probatur
2795 3291 2990 3343 nostra
3029 3288 3315 3346 conclusio
3328 3312 3505 3356 auara·

1949 3364 2064 3420 alia
2115 3365 2338 3421 ratione
2377 3364 2676 3440 desumpta
2718 3383 2788 3423 ex
2834 3370 2897 3424 D.
2931 3369 3136 3425 Thom.
3181 3365 3510 3455 ¹⁰⁰i³n¹f⁰ffla

1949 3445 2105 3502 infra
2149 3445 2488 3515 referendis,
2521 3464 2645 3522 quae
2691 3454 2872 3521 potest
2909 3449 2990 3505 sic
3031 3450 3310 3507 formari:

1949 3541 2087 3582 nam
2117 3531 2294 3594 actus,
2325 3528 2422 3600 qui
2464 3528 2533 3586 de
2573 3529 2856 3604 condigno
2897 3536 3152 3587 meretur
3189 3532 3313 3605 glo-

1950 3607 2120 3672 riam,
2193 3607 2480 3680 procedit,
2549 3612 2754 3667 saltem
2821 3613 3162 3668 naturaliter
3227 3612 3314 3668 lo-

1947 3686 2194 3760 quendo,
2228 3705 2260 3745 a
2300 3689 2487 3763 gratia
2527 3690 2938 3756 sanctificante,
2971 3696 3236 3763 tanquam
3278 3708 3309 3748 a

1949 3768 2235 3843 principio
2263 3771 2520 3829 effectivo
2547 3790 2560 3825 τ
2609 3773 2707 3829 sed
2747 3780 2904 3830 actus
2931 3772 3300 3837 contritionis,

1946 3856 2003 3908 et
2028 3852 2342 3921 charitatis,
2375 3853 2582 3926 quibus
2626 3855 2841 3928 impius
2878 3856 3081 3911 ultimo
3118 3852 3308 3926 dispo-

1948 3934 2108 3990 nitur
2122 3935 2221 4008 adj
2231 3934 2670 3993 ustificationem
2689 3945 2850 3995 extra
2864 3942 3308 4004 sacramentum,

1948 4021 2248 4073 merentur
2275 4016 2344 4074 de
2371 4018 2656 4093 condigno
2676 4020 2926 4092 gloriam
2959 4036 2972 4070 ε
3005 4035 3140 4093 ergo
3167 4037 3314 4092 prae—

1947 4100 2085 4156 dicti
2110 4104 2266 4156 actus
2286 4099 2610 4173 dependent
2632 4117 2665 4158 a
2692 4103 2876 4175 gratia
2903 4101 3311 4167 sanctificante,

1948 4187 2224 4254 tanquam
2265 4197 2296 4236 a
2338 4181 2626 4254 principio
2665 4181 2953 4243 effectivm
2984 4188 3150 4254 atque
3191 4181 3322 4239 ideo

1948 4270 2104 4321 actus
2132 4263 2340 4319 ultimo
2367 4262 2737 4337 disponentes
2766 4264 2834 4320 ad
2873 4264 3120 4338 gratiam
3142 4265 3320 4337 justi-

1949 4346 2236 4412 ficantem,
2270 4344 2341 4401 ab
2382 4345 2582 4402 eadem
2625 4348 2812 4420 gratia
2854 4345 3188 4419 procedunt.
3217 4347 3320 4404 Se-

1948 4426 2136 4484 cunda
2163 4428 2569 4501 consequentia
2598 4433 2748 4500 patet
2775 4444 2845 4484 ex
2876 4427 3084 4500 prima,
3117 4433 3174 4483 et
3200 4427 3323 4485 haec

1948 4527 2019 4568 ex
2049 4511 2383 4583 praemissis.
2413 4511 2607 4567 Minor
2637 4517 2829 4567 autem
2873 4508 3164 4582 probatur,
3195 4516 3321 4566 tum

1951 4591 2296 4649 authoritate
2324 4594 2389 4648 D.
2423 4594 2631 4650 Thom.
2674 4599 2854 4670 qua-st.
2882 4592 3109 4664 praeced.
3147 4598 3261 4647 art.
3287 4594 3326 4648 2

1949 4674 2023 4730 ad
2059 4678 2104 4739 l,
2153 4673 2251 4730 ubi
2294 4674 2415 4730 ait:
2443 4674 2768 4741 Dicendum,
2815 4675 2958 4751 quod
2995 4676 3327 4747 priaparatio

1949 4757 2191 4811 hominis
2216 4755 2290 4810 ad
2330 4759 2577 4827 qratiam
2615 4757 2923 4812 habendam
2964 4756 3209 4833 quarelam
3247 4763 3328 4811 est

1949 4837 2121 4892 simul
2146 4854 2270 4892 cum
2297 4837 2575 4909 infusione
2592 4840 2802 4909 qratize,
2829 4836 2906 4893 Et
2930 4836 3063 4892 talis
3082 4837 3328 4908 operatio

1948 4927 2025 4976 est
2072 4920 2289 4997 quidem
2335 4923 2640 4987 meritoria,
2674 4919 2766 4976 sed
2812 4936 2922 4973 non
2965 4920 3178 4990 matisc,
3212 4934 3329 4995 qum

1941 5004 2068 5076 jam
2090 5002 2359 5071 habetur,·
2387 5002 2478 5059 sed
2497 5002 2703 5073 yloriae,
2736 5019 2849 5076 (μιν
2875 5000 3119 5056 nondum
3156 4998 3294 5053 habe
3314 5029 3329 5040 -

3207 5079 3323 5129 tur.
