3647 5753
624 404 736 459 836
886 487 895 493 ἡ
1659 407 1752 462 DE
1792 404 2100 461 PRAEMIO
2151 402 2431 457 MERITI.

624 577 1066 650 perseverantiae
1111 583 1367 635 meretur
1421 578 1492 636 de
1538 578 1804 652 praesenti
1857 579 1985 652 glo·

627 657 776 713 riam
840 657 1091 715 dandam
1144 659 1534 730 dependenter
1580 677 1612 718 a
1659 659 1986 718 conditione

625 743 1063 812 perseverantiae
1103 741 1314 799 finalis.

697 824 788 880 65.
844 825 931 881 Ad
983 824 1361 898 objectionem
1412 844 1549 904 ergo
1607 825 1988 900 respondetur

626 905 983 965 concedendo
1011 908 1355 980 praemissae,
1388 915 1444 966 et
1472 909 1738 984 negando
1786 926 1988 967 conse-

625 989 939 1061 quentiam.
982 990 1152 1064 CuJus
1199 990 1462 1063 probatio
1503 993 1750 1048 minime
1776 996 1986 1065 urget;

626 1084 762 1124 nam
790 1084 860 1125 ex
887 1085 973 1135 eo,
1004 1070 1153 1143 quod
1195 1072 1324 1143 quis
1351 1071 1422 1128 de
1449 1070 1735 1147 condigno
1762 1087 1989 1129 merea-

624 1155 719 1205 tur
746 1151 975 1223 aliquod
1024 1152 1352 1224 praemium,
1383 1152 1452 1208 ad
1479 1169 1775 1209 summum
1804 1151 1991 1208 inser-

623 1237 737 1298 tur,
783 1233 932 1306 quod
959 1242 1254 1292 mereatur
1301 1234 1372 1293 de
1399 1234 1679 1300 condiano
1705 1234 1991 1292 conditio-

625 1330 726 1371 nes
762 1332 823 1373 se
852 1323 1109 1374 tenentes
1136 1335 1206 1375 ex
1235 1323 1399 1391 parte
1428 1317 1674 1392 praemii,
1710 1322 1766 1375 et
1798 1333 1992 1374 remo-

627 1396 841 1453 tionem
882 1399 1432 1471 impedimentorum
1471 1416 1531 1456 se
1571 1399 1894 1455 tenentium
1922 1413 1992 1455 ex

629 1483 790 1551 parte
842 1479 1005 1535 illius
1062 1502 1074 1535 :
1124 1480 1373 1537 minime
1418 1485 1614 1538 tamen
1665 1480 1985 1554 colligitur,

626 1559 776 1633 quod
822 1567 1111 1618 mereatur
1138 1561 1498 1619 conditiones
1533 1578 1593 1619 se
1619 1566 1878 1619 tenentes
1914 1578 1988 1618 ex

627 1646 788 1715 parte
832 1643 1066 1717 subjecti
1096 1645 1394 1709 merentiS,
1426 1644 1520 1700 vel
1551 1644 1747 1700 meriti
1772 1643 1994 1717 persis-

623 1725 885 1782 tentiam.
917 1729 1071 1786 Sicut
1096 1729 1256 1786 enim
1281 1727 1557 1784 meritum
1589 1742 1706 1784 non
1736 1732 1993 1784 meretur

622 1807 1013 1880 semetipsum,
1031 1816 1126 1868 aut
1142 1809 1430 1884 principia
1448 1826 1479 1866 a
1500 1807 1708 1882 quibus
1723 1809 1995 1865 essentia-

624 1889 758 1946 liter
773 1888 1051 1963 dependet
1069 1894 1179 1949 :ita
1206 1908 1309 1948 nec
1332 1897 1588 1948 meretur
1611 1890 1989 1959 conditiones,

625 1990 765 2047 quas
783 1990 852 2029 ex
869 1981 1027 2047 parte
1038 1975 1129 2031 sui
1144 1975 1527 2032 essentialiter
1542 1975 1834 2047 importat,
1851 1991 1996 2048 qua-

624 2056 707 2112 les
722 2063 852 2111 sunt
873 2057 1177 2114 existentia
1194 2056 1469 2131 gratiae,et
1491 2054 1745 2113 absentia
1759 2056 1991 2130 peccati;

625 2152 705 2193 eae
726 2138 934 2210 quippe
956 2154 1071 2194 non
1089 2138 1379 2210 pertinent
1392 2136 1461 2194 ad
1474 2138 1796 2209 praemium,
1813 2136 1910 2194 sed
1923 2134 1993 2193 ad

627 2221 823 2277 meriti
849 2222 1212 2294 positionem,
1232 2223 1289 2276 et
1313 2219 1797 2292 permanentiam.
1832 2218 1997 2276 Unde

627 2319 697 2361 ex
737 2319 824 2370 e0,
856 2303 1006 2376 quod
1034 2304 1162 2377 quis
1190 2308 1481 2361 mereatur
1511 2302 1769 2360 absolute
1814 2303 1995 2359 vitam

627 2390 918 2452 adernam,
967 2401 1085 2441 non
1132 2389 1388 2441 meretur
1415 2384 1674 2441 absolute
1722 2399 1997 2456 perseve-

630 2469 899 2535 rantiam,
927 2469 1018 2524 vel
1038 2469 1257 2542 gratiae,
1291 2467 1339 2523 si
1364 2467 1652 2535 defecerit,
1689 2467 1997 2524 restitutio-

628 2563 783 2604 nem.
825 2549 914 2604 Sic
962 2549 1240 2610 videmus.
1273 2546 1423 2620 quod
1475 2549 1604 2604 licet
1651 2549 1839 2623 gratia
1890 2564 1991 2621 per

622 2628 992 2701 semetipsam
1016 2630 1288 2702 importet
1303 2630 1397 2702 jus
1413 2631 1575 2701 quasi
1600 2630 1901 2704 physicum
1925 2628 1994 2684 ad

621 2711 871 2785 gloriam
894 2727 996 2783 per
1025 2712 1262 2767 modum
1293 2710 1663 2776 haereditatis,
1699 2710 1996 2768 nihilomi-

628 2806 735 2845 nus
757 2805 875 2846 non
895 2791 1170 2863 importat
1193 2788 1527 2864 praedictum
1546 2792 1637 2865 jus
1659 2790 1728 2846 ad
1743 2792 1835 2847 sui
1863 2806 1996 2864 per—

625 2870 1033 2939 severantiam3
1058 2872 1194 2945 quia
1213 2872 1328 2928 haec
1351 2889 1467 2929 non
1489 2889 1550 2929 se
1569 2876 1724 2929 tenet
1742 2888 1813 2928 ex
1835 2879 1996 2945 parte

623 2955 992 3023 haereditatis,
1020 2955 1122 3013 sed
1143 2972 1214 3013 ex
1239 2961 1400 3029 parte
1416 2955 1584 3028 juris,
1615 2956 1678 3011 In
1707 2956 1990 3012 humanis

618 3040 799 3096 etiam
848 3055 1075 3095 merens
1105 3038 1360 3096 absolute
1401 3038 1635 3112 aliquod
1684 3039 1992 3112 praemium

625 3138 742 3179 non
764 3129 1022 3180 meretur
1048 3123 1139 3179 sui
1175 3122 1697 3188 conservationem,
1729 3123 1858 3179 sine
1877 3138 1991 3196 qua

622 3205 818 3275 nequit
869 3204 1014 3260 illud
1046 3205 1347 3276 praemium
1377 3202 1640 3259 obtinere
1672 3226 1685 3269 ;
1739 3203 1875 3276 quia
1902 3204 1994 3259 vi-

623 3284 826 3341 delicet
854 3286 1253 3358 permanentia
1297 3283 1576 3340 merentis
1607 3299 1724 3340 non
1753 3301 1813 3340 se
1842 3289 1997 3341 tenet

616 3384 695 3425 ex
735 3373 893 3440 parte
935 3367 1178 3440 praemii,
1211 3365 1307 3423 sed
1354 3382 1425 3422 ex
1468 3370 1628 3438 parte
1656 3364 1839 3438 ipsius
1868 3382 1995 3423 me·

626 3449 826 3505 rentiS.
854 3448 1107 3520 Denique
1130 3448 1193 3502 in
1210 3445 1575 3503 naturalibus
1597 3446 1684 3501 vis
1710 3445 1991 3517 absoluta,

616 3537 678 3587 et
705 3528 959 3585 absolute
1002 3528 1273 3593 existens,
1304 3542 1417 3599 qua
1443 3542 1613 3583 causa
1643 3531 1826 3598 potest
1857 3543 1995 3599 pro·

624 3611 828 3667 ducere
846 3609 1127 3673 effectum,
1147 3625 1265 3665 non
1286 3612 1372 3665 est
1392 3607 1480 3663 vis
1497 3608 1567 3665 ad
1596 3609 1995 3665 conservatio-

626 3707 759 3748 nem
810 3690 1063 3764 ejusdem
1088 3705 1292 3753 causae,
1324 3689 1452 3744 sine
1479 3705 1590 3761 qua
1616 3689 1845 3746 effectus
1875 3686 1994 3746 nou

625 3771 998 3844 producetur,
1027 3773 1161 3845 quia
1189 3769 1474 3825 nimirum
1505 3768 1772 3842 praedicta
1811 3785 1993 3826 causae

626 3853 988 3925 persistentia
1017 3868 1135 3909 non
1163 3867 1223 3907 se
1251 3856 1405 3907 tenet
1433 3866 1502 3906 ex
1532 3856 1693 3923 parte
1718 3851 1950 3907 effectus
1977 3875 1991 3917 ;

626 3933 724 3990 sed
753 3938 837 3990 est
865 3929 1118 3990 conditio
1145 3947 1206 3988 se
1247 3936 1453 3990 tenens
1493 3947 1563 3988 ex
1593 3938 1753 4005 parte
1790 3948 1991 3989 causae.

627 4014 783 4071 Idem
830 4030 964 4088 ergo
1018 4012 1612 4087 proportionabiliter,
1657 4020 1713 4072 et
1751 4014 1822 4072 ob
1851 4031 1995 4072 ean-

625 4093 757 4152 dem
781 4095 1063 4152 rationem
1092 4096 1154 4152 in
1176 4112 1305 4152 casu
1328 4093 1662 4168 objectionis
1683 4094 1994 4153 dicendum

620 4182 729 4232 est.
753 4178 1078 4233 Praesertim
1102 4178 1237 4249 quia
1260 4176 1358 4233 ubi
1380 4176 1677 4243 meritum,
1709 4176 1996 4234 destructa

622 4257 827 4331 gratia,
861 4257 1176 4315 destruitur
1202 4282 1216 4325 ;
1246 4272 1599 4331 consequens
1628 4263 1731 4327 est,
1779 4263 1842 4313 ut
1866 4274 1992 4314 ces—

547 4342 551 4347 “
623 4345 753 4397 sent
775 4340 908 4413 jura
934 4341 1231 4405 merenti5‚
1264 4346 1319 4396 et
1345 4355 1406 4394 se
1434 4341 1553 4396 non
1581 4339 1895 4397 extendant
1923 4341 1993 4398 ad

628 4422 907 4495 praedictae
931 4423 1133 4498 gratiae
1164 4422 1611 4496 reparationem.

701 4506 815 4560 Nec
841 4506 1140 4577 Apostolus
1167 4504 1528 4561 contrarium
1555 4502 1846 4577 significat
1869 4505 1994 4562 loco

628 4585 691 4643 in
718 4584 1032 4659 obJectione
1058 4585 1229 4641 citato
1262 4610 1276 4652 ;
1304 4583 1402 4641 sed
1430 4582 1770 4641 exhortatur
1796 4583 1996 4642 fideles

628 4666 698 4726 ad
726 4666 1125 4740 poenitentiam
1148 4683 1247 4740 spe
1270 4667 1391 4722 futu
1402 4683 1479 4724 rae
1494 4668 1713 4742 gloriae,
1740 4682 1866 4741 quae
1886 4684 1995 4724 an-

625 4750 802 4824 tiquis
828 4750 1002 4805 etiam
1027 4748 1252 4806 meritis
1279 4765 1350 4806 ex
1366 4750 1589 4824 justitia
1605 4749 1988 4823 respondebit,

622 4832 676 4889 si
720 4832 839 4888 haec
869 4846 969 4903 per
997 4830 1418 4903 poenitentiam,
1450 4837 1507 4889 et
1533 4848 1742 4890 novam
1779 4829 1996 4905 iustifi-

622 4914 913 4971 cationem
946 4910 1277 4968 refloreant.
1307 4910 1474 4970 Unde
1515 4912 1850 4986 praedictum
1878 4918 1996 4969 tes-

626 4994 893 5052 monium
918 4998 1111 5066 aptum
1133 4993 1367 5066 quidem
1388 4998 1473 5050 est
1494 4993 1563 5050 ad
1584 4992 1988 5059 evincendum,

625 5074 778 5150 quod
826 5075 1063 5147 antiqua
1113 5075 1323 5132 merita
1375 5080 1599 5149 peccato
1650 5074 1997 5133 mortificata

2120 572 2467 630 reviviscant
2484 589 2586 646 per
2606 576 3042 652 subsequentem
3063 584 3499 657 poenitentiam,

2120 662 2182 711 ut
2197 654 2452 711 vidimus
2471 657 2611 730 disp.
2633 662 2858 732 praeced.
2877 663 2976 719 sed
3001 665 3266 723 minime
3286 668 3502 734 suadet,

2119 736 2269 811 quod
2309 737 2496 812 justus
2544 754 2646 811 per
2690 739 2839 800 bona
2886 760 3060 818 opera
3109 756 3418 807 mereatur
3445 751 3506 808 de

2119 816 2407 891 condigno
2453 818 2710 877 futuram
2739 828 3172 897 reparationem
3222 837 3357 903 post
3387 832 3506 905 lap-

2120 913 2271 953 sum.
2305 900 2373 953 Et
2400 899 2548 957 hanc
2587 901 3132 976 interpretationem
3163 908 3418 967 tradunt
3446 915 3503 968 D.

2124 982 2451 1049 Anselmus,
2504 984 2721 1054 Bruno,
2769 988 2948 1063 Hug0,
2995 991 3223 1065 aliique
3267 990 3633 1068 Exposi-t‘m

2124 1069 2275 1122 tores
2297 1063 2366 1120 ad
2391 1066 2727 1138 praedictum
2755 1071 2964 1139 locum,
2991 1079 3049 1130 et
3080 1076 3152 1129 D.
3175 1076 3400 1134 Thom.
3436 1079 3502 1135 ibi
3531 1044 3607 1186 ἓ

2122 1153 2248 1203 sect.
2297 1146 2350 1214 3,
2399 1145 2493 1202 ubi
2545 1150 2740 1206 relatis
2787 1152 2980 1209 verbis
3032 1158 3326 1228 Apostoli,
3377 1161 3458 1215 ait
3492 1142 3592 1224 :¹³st

2129 1248 2155 1281 α
2187 1230 2418 1293 Contra,
2445 1230 2646 1287 Ezech.
2685 1233 2765 1300 18,
2792 1231 3034 1291 dicitur:
3059 1236 3120 1291 Si
3151 1240 3508 1297 averteritse

2129 1308 2368 1382 «justus
2407 1326 2439 1365 a
2461 1311 2688 1384 justitia
2711 1329 2834 1380 sua,
2872 1330 3074 1371 omnes
3113 1317 3373 1390 justitiae
3403 1322 3509 1395 ejus
3577 1314 3633 1428 r,

2132 1410 2159 1443 α
2190 1405 2307 1445 non
2382 1391 2855 1451 recordabuntur.
2919 1398 3271 1470 Respondeo
3295 1446 3308 1464 ‚
3371 1403 3508 1475 quod
3577 1427 3588 1446 ι

2133 1495 2159 1526 α
2190 1473 2363 1529 homo
2404 1474 2503 1546 qui
2532 1475 2683 1533 cadit
2722 1483 2847 1550 post
2892 1480 3165 1552 gratiam,
3200 1481 3510 1555 dupliciter

2132 1578 2157 1608 α
2190 1559 2370 1629 potest
2389 1572 2448 1612 se
2472 1556 2702 1616 habere.
2723 1561 2851 1617 Uno
2871 1561 3061 1627 modo,
3082 1564 3241 1635 quod
3267 1565 3332 1621 in
3360 1568 3507 1623 malo

2132 1656 2157 1687 α
2190 1643 2514 1709 perseveret
2545 1661 2558 1704 ;
2591 1644 2646 1694 et
2674 1646 2807 1696 tunc
2837 1644 2981 1697 Deus
3024 1658 3234 1700 omnes
3260 1645 3509 1717 justitias

2133 1740 2157 1770 α
2188 1718 2308 1791 ejus
2348 1718 2727 1779 obliviscitur.
2757 1723 2884 1780 Alio
2913 1723 3107 1789 modo,
3134 1727 3292 1799 quod
3322 1731 3509 1801 paeni-

2132 1820 2157 1852 «
2189 1804 2323 1866 teat;
2351 1806 2406 1855 et
2433 1805 2567 1858 tunc
2595 1802 2883 1861 bonorum
2922 1806 3392 1877 praecedentium
3427 1829 3508 1869 re·

2133 1901 2160 1933 α
2189 1879 2474 1946 cordatur,
2506 1884 2642 1955 quia
2690 1890 3030 1958 reputantur
3077 1887 3191 1943 sibi
3225 1890 3298 1945 ad
3328 1895 3538 1950 meri-⁶

2133 1982 2160 2014 or
2191 1967 2333 2052 tum.
2359 1963 2532 2054 pade
2563 1964 2700 2021 dicit
2726 1968 2940 2037 Glossa,
2973 1970 3126 2042 quod
3159 1975 3509 2032 mortificata

2134 2063 2159 2094 α
2197 2051 2574 2101 revnvrscunt.

2728 2245 2760 2310 g
2802 2243 2871 2298 11.

2130 2384 2268 2442 Alia
2300 2391 2527 2443 assertio
2549 2406 2649 2461 pro
2670 2375 2988 2463 perfectiori
3033 2393 3192 2449 dubii
3218 2395 3511 2455 decisione.

2202 2534 2295 2591 66.
2347 2535 2661 2592 Dicendum
2702 2543 2786 2594 est
2849 2541 3135 2608 secundo,
3183 2560 3540 2620 repugnare:

2129 2615 2303 2671 etiam
2334 2632 2432 2689 per
2461 2623 2776 2690 respectum
2807 2620 2877 2675 ad
2908 2621 3233 2694 potentiam
3284 2628 3392 2683 Dei
3427 2629 3515 2684 ab·
3537 2621 3558 2649 ⁰

2129 2700 2395 2766 solutam,
2420 2700 2567 2773 quod
2593 2702 2778 2774 justus
2804 2711 3102 2762 mereatur
3118 2706 3188 2764 de
3214 2710 3512 2787 condigno

2130 2782 2556 2855 reparationem
2580 2790 2701 2854 post
2723 2786 2969 2857 lapsum.
3005 2790 3087 2843 lta
3111 2790 3422 2864 colligitur
3446 2810 3511 2850 ex

2132 2866 2195 2921 D.
2254 2864 2457 2922 Thom.
2510 2865 2572 2920 in
2623 2868 2907 2938 praesenti.
2954 2887 3128 2943 quem
3181 2884 3511 2947 sequuntur

2129 2949 2513 3004 communiter
2558 2949 2679 3021 ejus
2706 2949 2994 3023 discipuli,
3028 2959 3085 3010 et
3127 2956 3236 3011 alii
3285 2960 3504 3030 plures

2129 3031 2404 3095 Quamvis
2430 3031 2590 3087 enim
2618 3047 2819 3088 eorum
2849 3034 3027 3106 aliqui
3061 3052 3181 3093 non
3216 3039 3507 3099 itaseex-

2131 3111 2360 3183 plicent,
2395 3116 2635 3167 utuntur
2680 3118 2874 3170 tamen
2914 3117 3156 3172 motivis
3201 3124 3506 3194 generali-

2129 3191 2252 3257 buS,
2282 3208 2406 3265 quae
2434 3191 2765 3265 praedictum
2815 3198 3090 3252 meritum
3133 3215 3239 3270 per
3277 3219 3502 3276 respec-

2128 3278 2250 3328 tum
2282 3272 2351 3328 ad
2377 3289 2778 3348 quamcunque
2808 3278 3121 3347 potentiam
3159 3283 3496 3345 excludunt.

2130 3352 2192 3402 ut
2217 3345 2403 3403 videri
2448 3354 2627 3420 potest
2667 3350 2815 3422 apud
2844 3352 3013 3424 Cajet.
3055 3355 3417 3424 conradum,
3446 3366 3498 3416 et
3523 3360 3633 3424 ,ἂμ

2126 3427 2422 3485 Medinam
2466 3429 2528 3484 in
2564 3432 2854 3502 praesenti,
2899 3439 3009 3488 art.
3041 3436 3096 3500 7,
3132 3435 3270 3493 dub.
3315 3442 3332 3494 l
3369 3448 3418 3495 et
3445 3418 3633 3502 Ξ.“ῗῖῗῖἶῗὶ

2126 3512 2359 3567 Arauxo
2382 3511 2509 3567 dub.
2565 3516 2746 3582 unico,
2778 3518 3062 3572 Joannem
3109 3534 3141 3574 a
3185 3521 3245 3577 S.
3294 3523 3500 3580 Thom.
3522 3513 3633 3605 ἓξὲξ

2125 3595 2266 3668 disp.
2300 3596 2391 3662 31,
2425 3605 2534 3654 art.
2566 3600 2621 3663 2,
2654 3601 2834 3655 Gonet
2880 3600 3018 3672 disp.
3053 3602 3107 3665 2,
3164 3610 3280 3660 art.
3313 3608 3371 3670 8,
3403 3610 3504 3663 Al·
3533 3612 3633 3671 ΕΜ

2130 3693 2256 3733 var.
2297 3678 2439 3752 disp.
2492 3681 2582 3745 59,
2623 3680 2685 3734 de
2730 3681 2988 3748 armillis,
3021 3702 3180 3741 num.
3244 3690 3334 3743 12.
3366 3672 3562 3754 Qui-²

2128 3759 2233 3816 bus
2256 3762 2432 3817 etiam
2479 3764 2850 3819 consentiunt
2889 3765 2953 3818 B.
2984 3764 3206 3824 Albert.
3245 3759 3612 3849 Gabriel‚{,³‘f

2127 3843 2456 3918 DionysiuS,
2488 3850 2546 3901 et
2591 3845 2693 3901 alii
2738 3848 3125 3905 communiter
3168 3847 3573 3935 Scholasticis(

2128 3927 2188 3981 in
2225 3928 2279 3992 2,
2312 3927 2452 4000 disp.
2483 3930 2556 3983 27
2594 3936 2642 3984 el
2670 3929 2764 3983 28.
2797 3930 2863 3984 D.
2913 3932 3191 3995 Antonin.
3221 3953 3290 4007 p.
3322 3940 3380 4007 4,
3413 3909 3562 3999 rit}

2127 4010 2180 4075 9,
2207 4028 2327 4083 cap.
2352 4015 2408 4078 7,
2433 4015 2465 4081 ξ
2497 4013 2546 4079 3,
2582 4010 2912 4068 Alexander
2946 4014 2980 4068 3
3013 4023 3165 4087 part.
3195 4029 3395 4095 qua-st.
3424 4026 3515 4092 69,
3579 4004 3586 4009 Λ

2125 4092 2317 4150 memb.
2350 4095 2403 4159 5,
2447 4099 2556 4149 art.
2587 4096 2638 4160 2,
2672 4093 3005 4151 Altisiodor.
3031 4097 3124 4153 lib.
3159 4099 3214 4167 3,
3253 4109 3428 4162 tract.
3462 4111 3512 4169 Ξ,

2126 4181 2312 4253 quaest.
2335 4176 2389 4241 5,
2421 4176 2691 4248 Vasquez,
2725 4182 2781 4233 et
2809 4178 2985 4234 Lorca
3022 4180 3082 4233 in
3113 4192 3414 4244 connotat.
3449 4194 3518 4247 ad

2126 4265 2235 4314 art.
2262 4260 2357 4313 cit.
2382 4259 2659 4316 ‘Valentia
2683 4259 2830 4333 disp.
2859 4262 2915 4328 8,
2949 4268 3129 4338 quast..
3157 4264 3215 4330 6,
3243 4277 3511 4339 panca-1,

2126 4339 2233 4410 53,
2265 4344 2320 4395 et
2348 4339 2449 4394 alii
2480 4341 2695 4411 plures,

2203 4420 2469 4476 Primum
2502 4420 2596 4493 huj
2607 4437 2671 4476 us
2694 4422 3027 4479 assertionis
3051 4422 3518 4484 fundamentum
3541 4444 3564 4484 r

2129 4502 2459 4575 praejactum
2482 4507 2567 4557 est
2588 4502 2714 4560 dub.
2734 4504 2959 4578 praeced.
2991 4510 3048 4560 et
3077 4512 3271 4577 potest
3289 4511 3373 4567 ita
3394 4512 3519 4568 for-

2127 4585 2301 4641 mari.
2344 4585 2630 4650 Quoniam
2660 4592 2957 4662 repugnat,
2993 4586 3144 4659 quod
3176 4589 3362 4650 homo
3412 4611 3521 4666 pu-

2129 4683 2228 4722 rus
2273 4670 2565 4724 mereatur
2592 4666 2662 4724 de
2689 4668 2973 4743 condigno
2999 4670 3260 4744 gratiam
3290 4679 3522 4734 saneti-

2127 4745 2394 4804 ficantem
2425 4755 2517 4804 ·ut
2558 4749 2835 4821 peccatori
2888 4748 3143 4806 dandam
3197 4774 3210 4809 :
3262 4754 3368 4811 sed
3421 4760 3522 4831 qui

2127 4835 2385 4887 meretur
2424 4829 2494 4888 de
2548 4830 2835 4906 condigno
2884 4834 3325 4905 reparationem
3391 4848 3529 4913 post

2128 4912 2375 4984 lapsum,
2403 4918 2662 4969 meretur
2684 4912 2752 4970 de
2771 4914 3057 4989 condigno
3077 4915 3338 4989 gratiam
3355 4938 3532 4981 saue·

2129 4994 2442 5054 tificantem
2473 5001 2534 5052 ut
2560 4996 2810 5055 dandam
2841 4999 3119 5072 peccatori
3145 5017 3327 5078 :ergo
3350 5021 3534 5080 repn-

2127 5082 2282 5153 gnat,
2308 5077 2457 5152 quod
2473 5078 2661 5153 justus
2687 5079 2758 5137 de
2779 5079 3064 5154 condigno
3094 5090 3404 5141 mereatur
3434 5105 3534 5147 re-

3135 5167 3530 5237 parationem

3511 5348 3534 5363 κ-
3613 5280 3633 5401 l
