3647 5753
1470 363 1648 418 mse.
1691 362 1784 428 111,
1833 361 1997 418 DUB.
2042 362 2084 418 1.
3064 367 3190 423 709,

51 543 289 587 Occurri-

54 598 159 637 tur
178 602 301 644 mm,
389 536 784 609 Respondetur
830 533 901 592 ad
953 541 1380 609 argumentum,
1428 533 1681 591 admissa

1807 547 1953 600 seco,
1987 537 2047 588 ut
2098 548 2131 588 a
2183 532 2456 598 bonitate,
2497 538 2554 590 et
2603 534 2855 592 utilitate
2901 538 3005 602 rei,
3056 553 3184 608 quae

100 3221 309 3268 Diluitur

137 3273 303 3367 fffiffif
341 3318 512 3366 nunc,
547 3307 742 3356 utrum
768 3301 1038 3374 princeps
1082 3299 1144 3355 in
1173 3296 1420 3353 materia
1442 3295 1569 3361 vili,
1601 3294 1705 3349 hoc

102 648 281 688 mento.
314 618 524 691 majori
579 618 641 673 in
693 633 864 674 sensu
908 619 1049 690 disp.
1092 620 1109 672 l
1145 617 1271 672 dub.
1297 619 1333 672 6
1371 614 1675 688 explicate,

311 696 719 773 distinguendo
740 699 1067 756 minorem:
1103 697 1280 754 Potest
1313 695 1460 752 Deus
1500 712 1683 768 accep-

306 788 434 838 tare
453 798 614 854 opera
634 787 795 835 extra
814 783 1060 852 qratiam
1081 780 1255 852 facta,
1276 786 1376 835 etc.
1403 784 1679 849 tanquam

315 863 567 935 pretium
612 864 830 937 justum
878 864 1009 919 vitae
1061 867 1292 926 οἴει-ηερ,
1326 866 1493 933 atque
1541 859 1682 916 adeo

314 950 588 1017 tanquam
617 944 891 1000 meritum
933 942 1281 1017 condignum
1322 946 1576 1013 respectu
1604 940 1683 995 il-

318 1027 453 1093 liuS,
495 1026 822 1101 negandum
863 1033 985 1083 est:
1044 1043 1145 1100 per
1197 1024 1434 1082 modum
1480 1020 1685 1081 condi-

318 1108 493 1165 tionis
513 1124 628 1164 suae
657 1109 1074 1180 promissIOniS,
1109 1124 1220 1181 qua
1243 1107 1443 1180 posita,
1480 1112 1535 1162 et
1565 1119 1684 1160 non

319 1189 506 1255 aliter,
541 1191 774 1261 ponitur
819 1188 968 1261 quod
1008 1188 1113 1245 sub
1168 1188 1270 1244 illa
1324 1185 1685 1260 promittitur

321 1286 423 1343 per
450 1270 686 1326 modum
713 1269 950 1344 gratuiti
983 1267 1263 1333 beneficii,
1297 1269 1389 1323 vel
1422 1266 1494 1323 ad
1519 1279 1684 1320 sum-

320 1366 484 1406 mum
509 1366 610 1423 per
631 1349 867 1407 modum
893 1349 1118 1422 praemii
1140 1347 1211 1404 de
1231 1363 1504 1422 congruo,
1527 1351 1686 1400 tran-

322 1436 441 1488 seat
475 1437 574 1488 :et
621 1430 882 1504 neganda
928 1435 1012 1487 est
1059 1429 1486 1501 consequentia.
1522 1424 1686 1482 Ratio

324 1519 426 1580 est,
459 1514 594 1587 quia
622 1512 751 1567 licet
773 1510 841 1567 ad
871 1510 1143 1567 meritum
1171 1508 1441 1582 condigni
1472 1509 1536 1563 in
1558 1510 1686 1563 actu

324 1593 570 1652 secundo
618 1586 955 1666 requiratur
998 1591 1199 1648 divina
1251 1588 1575 1663 acceptati0‚
1632 1592 1689 1643 et

327 1676 632 1749 promissio
655 1674 898 1746 praemii,
928 1672 1148 1746 utquid
1171 1672 1463 1744 complens
1490 1668 1687 1725 meriti

328 1756 631 1821 rationem,
656 1756 803 1811 sicut
828 1754 1043 1811 dictum
1066 1758 1150 1809 est
1177 1753 1299 1810 loco
1326 1752 1529 1817 citato;
1573 1751 1692 1806 haec

326 1843 522 1893 tamen
545 1851 906 1910 nequaquam
936 1833 1221 1900 tribuunt,
1243 1831 1342 1889 sed
1362 1834 1694 1905 supponunt

325 1919 669 1994 dignitatem
699 1918 908 1991 operis,
941 1916 1090 1989 quod
1126 1921 1447 1989 acceptatur
1473 1918 1536 1969 ut
1560 1912 1693 1968 talis

328 2002 555 2075 praemii
584 2000 972 2058 meritorium.
1001 2002 1188 2063 Quare
1229 1998 1472 2055 omnino
1519 2011 1694 2069 repu-

325 2087 483 2157 gnat,
508 2081 657 2155 quod
689 2084 833 2138 Deus
861 2086 1105 2153 acceptet
1136 2087 1196 2136 ut
1242 2079 1518 2136 meritum
1553 2091 1693 2132 con-

327 2164 569 2239 dignum
592 2162 964 2219 beatitudinis
980 2179 1121 2235 opus
1145 2178 1260 2218 non
1284 2160 1501 2217 habens
1513 2173 1695 2231 aequa-

329 2247 446 2301 lem
473 2261 602 2300 cum
632 2243 986 2301 beatitudine
1014 2242 1375 2316 dignitatem,
1411 2244 1509 2296 aut
1545 2236 1694 2311 quod

332 2343 435 2401 pro
461 2343 527 2384 eo
557 2326 971 2384 beatitudinem
1016 2332 1075 2381 ut
1123 2324 1430 2398 praemium
1460 2321 1530 2378 de
1556 2336 1697 2377 con-

330 2409 507 2482 digno
554 2407 871 2479 promittat.
922 2409 1064 2461 Cum
1134 2420 1269 2479 ergo
1322 2406 1469 2460 Deus
1523 2401 1695 2457 alicui

333 2489 629 2564 promittat
662 2489 842 2544 vitam
888 2494 1164 2545 aeternam
1211 2486 1318 2541 sub
1369 2483 1699 2543 conditione

334 2571 575 2645 alicujus
627 2575 782 2627 actus
834 2585 953 2639 non
1006 2566 1362 2642 procedentis
1407 2582 1441 2623 a
1487 2565 1694 2641 gratia,

331 2657 478 2709 esset
503 2653 635 2708 talis
662 2658 818 2708 actus
837 2653 1027 2708 solum
1057 2649 1308 2707 conditio
1329 2648 1551 2705 divinae
1575 2662 1701 2719 pro·

334 2732 649 2801 missionis,
685 2734 774 2790 vel
804 2732 873 2788 ad
894 2747 1190 2787 summum
1219 2736 1404 2803 posset
1431 2728 1543 2786 dici
1572 2743 1701 2784 me-

337 2814 514 2869 ritum
536 2813 774 2888 congrui
804 2818 1057 2886 respectu
1089 2811 1249 2866 illius
1290 2811 1352 2867 in
1398 2826 1465 2868 eo
1502 2823 1694 2876 sensu,

336 2899 398 2953 in
425 2913 537 2970 quo
568 2897 667 2952 ille
706 2897 804 2969 qui
854 2912 973 2953 non
1018 2898 1103 2950 est
1150 2895 1211 2950 in
1262 2893 1463 2968 gratia,
1488 2891 1701 2948 dicitur

337 2975 645 3051 aliquando
672 2976 885 3033 mereri
914 2976 1078 3031 illam
1105 2973 1176 3032 de
1202 2989 1454 3047 congruo
1479 2989 1579 3046 per
1605 2987 1700 3027 ac·-

339 3065 428 3114 tus
455 3074 527 3115 ex
554 3057 771 3113 auxilio
823 3055 1254 3130 supernaturali
1309 3053 1696 3128 procedentes,

340 3146 403 3196 ut
424 3141 567 3214 disp.
598 3142 633 3194 5
659 3138 1098 3211 explicabimus.

414 3223 469 3277 6.
514 3220 599 3276 Ad
625 3218 1132 3276 confirmationem
1168 3213 1572 3289 (relinquendo
1601 3228 1704 3286 pro

337 3389 565 3451 est,non
593 3383 834 3440 habente
854 3383 1112 3438 valorem
1137 3378 1518 3435 intrinsecum
1547 3375 1706 3432 suffi-

340 3464 604 3531 cientem,
630 3469 815 3536 posset
843 3479 943 3535 per
985 3478 1045 3517 se
1095 3458 1381 3532 loquendo
1409 3463 1704 3514 monetam

341 3543 820 3600 constituerePIn
862 3559 972 3615 quo
1029 3540 1386 3614 probabilior
1438 3545 1523 3596 est
1576 3555 1707 3612 pars

345 3626 624 3699 negativa,
657 3630 712 3680 et
740 3622 987 3680 habetur
1032 3641 1153 3696 cap.
1192 3622 1433 3695 Quanto,
1466 3621 1529 3676 de
1545 3622 1709 3693 jure·

334 3706 601 3779 jurando)
649 3704 1024 3778 respondetur
1052 3703 1313 3777 negando
1355 3715 1709 3774 consequen-

346 3790 507 3846 tiam.
541 3791 611 3843 Et
658 3787 803 3843 ratio
849 3785 1203 3857 disparitatis
1242 3791 1326 3842 est
1370 3785 1703 3851 discrimen,

342 3869 491 3944 quod
520 3873 780 3926 versatur
828 3867 979 3923 inter
1035 3867 1284 3938 pretium
1332 3867 1560 3939 proprie
1585 3866 1709 3922 dic-

345 3954 486 4019 tum,
519 3967 618 4007 seu
645 3949 834 4014 civile,
869 3955 931 4003 ut
957 3953 1041 4004 est
1069 3949 1330 4021 pecunia,
1364 3956 1419 4004 et
1444 3946 1711 4022 quaelibet

345 4036 460 4092 alia
483 4052 573 4092 res
597 4034 835 4106 pecunia
863 4032 1242 4097 aestimabilis‚
1275 4037 1331 4087 et
1359 4031 1512 4087 inter
1528 4030 1710 4087 meri-

347 4123 469 4173 tum
491 4116 665 4173 etiam
696 4116 925 4189 proprie
951 4114 1187 4171 dictum.
1220 4116 1366 4169 Nam
1395 4111 1465 4169 de
1489 4114 1712 4170 ratione

349 4200 516 4274 pretii
546 4200 734 4256 solum
762 4204 844 4254 est
872 4196 1066 4269 aliqua
1112 4194 1534 4252 aestimabilitas
1561 4193 1711 4267 apud

347 4283 629 4349 homines,
680 4278 1075 4350 undecumque
1116 4278 1222 4332 illa
1276 4277 1599 4349 proveniat,
1657 4282 1714 4332 et

349 4366 472 4421 sive
512 4364 615 4418 illa
665 4362 739 4416 sit
784 4361 1116 4423 intrinseca,
1167 4358 1291 4413 sive
1342 4358 1709 4425 extrinseca3

349 4446 485 4522 quia
524 4444 773 4518 pretium
818 4443 1122 4499 inventum
1163 4445 1248 4496 est
1304 4438 1373 4496 ad
1428 4440 1715 4496 humanas

282 4540 288 4545 “
350 4526 844 4585 commutationes,
896 4526 1079 4580 Omne
1132 4526 1324 4578 autem
1372 4521 1709 4594 temporale,

350 4609 498 4685 quod
537 4612 621 4665 est
648 4607 886 4680 aliqu'us
927 4604 1345 4669 aestimationiS,
1380 4608 1559 4676 potest
1585 4619 1716 4660 cum

352 4692 467 4748 alia
503 4706 564 4745 re
605 4705 722 4744 non
751 4687 997 4743 minoris
1027 4685 1429 4742 aestimationis
1454 4701 1717 4741 commu-

352 4772 481 4839 tari,
537 4771 712 4826 etsie
777 4768 846 4826 ad
899 4768 1184 4824 humanas
1236 4766 1716 4823 commutationes

353 4850 992 4921 deservire,habereque
1017 4847 1259 4923 proinde
1283 4848 1568 4904 rationem
1597 4862 1720 4919 pre-

356 4937 422 4993 tii
456 4940 550 4992 :et
574 4932 708 5007 quia
739 4933 855 4988 haec
880 4930 1300 4989 aestimabilitas
1340 4926 1491 5001 apud
1528 4927 1721 4983 homi-

359 5035 460 5075 nes
488 5014 796 5090 provenire
825 5018 1004 5086 potest
1046 5020 1163 5070 non
1203 5011 1372 5070 modo
1401 5009 1473 5068 ab
1501 5008 1721 5065 intrin-

1809 613 2127 669 aestimatur
2153 637 2166 681 ;
2195 612 2295 670 sed
2322 614 2498 670 etiam
2531 613 2601 669 ab
2630 616 2973 682 extrinseco,
3008 624 3070 672 ut
3095 623 3181 672 est

1812 694 2235 753 aestimabilitas
2262 701 2524 761 monetae,
2551 712 2677 770 quae
2705 699 2975 771 provenit
2995 716 3026 754 a
3054 714 3182 755 ver·

1812 775 1904 843 bo,
1935 782 1993 832 et
2036 775 2429 851 designatione
2477 778 2661 852 regis;
2714 779 2851 836 inde
2897 786 2999 845 est,
3032 779 3182 852 quod

1813 861 1963 918 ratio
1985 860 2155 934 pretii
2186 860 2416 934 proprie
2444 859 2582 916 dicti
2607 865 2786 932 potest
2813 877 2882 918 ex
2912 861 3184 919 omnibus

1813 942 1905 998 his
1929 939 2213 1014 capitibus
2239 956 2509 998 crescere.
2542 944 2613 996 At
2653 942 2930 997 meritum
2984 958 3184 999 essen-

1813 1023 2032 1080 tialiter
2068 1020 2207 1077 dicit
2260 1022 2543 1078 rationem
2592 1021 3070 1090 remunerabilis;
3101 1028 3188 1080 est

1811 1104 1974 1165 enim
2016 1108 2171 1160 actus
2222 1103 2711 1170 remuneratione,
2743 1111 2798 1160 et
2827 1106 3064 1177 praemio
3091 1104 3188 1160 di-

1779 1202 2005 1261 ⁴gnus;
2059 1189 2115 1241 et
2163 1184 2302 1257 quia
2357 1186 2500 1243 ratio
2554 1184 3011 1248 remunerabilis
3064 1201 3185 1242 non

1816 1270 1995 1340 potest
2022 1265 2093 1322 ab
2121 1267 2443 1323 extrinseco
2489 1264 2822 1323 immediate
2851 1268 3191 1340 provenire,

1817 1353 2118 1420 propterea
2165 1363 2268 1403 nec
2315 1348 2461 1404 ratio
2504 1347 2700 1404 meriti
2763 1353 2945 1419 potest
2987 1347 3186 1421 augeri

1817 1443 1920 1501 per
1938 1427 2156 1501 aliquid
2177 1428 2419 1485 omnino
2447 1429 2834 1485 extrinsecum
2857 1453 2871 1496 ;
2894 1428 2992 1486 sed
3021 1428 3188 1486 dehet

1818 1508 2053 1566 fundari
2101 1510 2165 1565 in
2212 1510 2529 1568 intrinseca
2581 1509 2853 1576 bonitate,
2887 1517 2943 1568 et
2988 1512 3192 1569 valore

1819 1593 1999 1666 ipsius
2038 1597 2211 1660 actus
2262 1593 2362 1665 qui
2415 1591 2627 1649 dicitur
2679 1593 3037 1660 meritorius,
3095 1594 3189 1653 vel

1818 1675 2024 1730 saltem
2054 1673 2115 1729 in
2158 1675 2355 1731 valore
2405 1673 2649 1747 aliqu‘us
2695 1673 2921 1741 formae,
2946 1676 3194 1747 quaein—

1819 1769 1944 1812 sece
1969 1755 2042 1829 sit
2070 1753 2134 1808 in
2162 1753 2285 1826 ipso
2313 1762 2590 1818 merente,
2624 1769 2860 1826 quaeque
2888 1756 3193 1813 moraliter

1821 1838 2011 1890 actum
2039 1834 2163 1907 ejus
2189 1834 2466 1891 informet
2499 1854 2511 1888 :
2543 1849 2720 1906 quare
2749 1835 2861 1891 nisi
2893 1834 3196 1908 praedictus

1823 1922 1980 1973 actus
2006 1915 2211 1973 habeat
2230 1917 2606 1973 intrinsecam
2636 1916 3110 1992 condignitatem‚
3138 1925 3197 1977 et

1825 2000 2204 2057 intrinsecum
2230 2000 2485 2056 valorem
2500 1999 2777 2072 aequalem
2805 2016 2936 2056 cum
2958 2003 3207 2075 praemio

1825 2082 2049 2152 (saltem
2080 2082 2302 2138 ratione
2325 2077 2611 2152 praedictae
2641 2079 2863 2152 sormae)
2893 2099 3009 2140 non
3036 2089 3202 2157 pote-

1828 2164 1903 2220 rit
1948 2180 2070 2221 esse
2117 2164 2454 2221 meritorius
2493 2162 2565 2219 de
2609 2162 2893 2237 condigno
2943 2172 3204 2238 respectu

1827 2245 2011 2302 illius.

1903 2327 2085 2382 Causa
2113 2341 2270 2391 vero,
2305 2329 2723 2399 propterquam
2754 2324 2901 2381 ratio
2927 2342 3208 2384 remune-

1831 2404 2037 2461 rabilis
2067 2406 2265 2478 nequit
2294 2406 2602 2477 provenire
2634 2404 2967 2462 immediate
2989 2407 3059 2462 ab
3087 2408 3201 2463 ali-

1828 2504 1944 2560 quo
1967 2489 2210 2545 omnino
2235 2487 2579 2554 extrinseco,
2603 2504 2671 2545 ea
2697 2494 2800 2555 est,
2834 2487 2983 2561 quod
3005 2490 3212 2547 nullus

1832 2576 2261 2636 remuneratur,
2290 2569 2405 2625 nisi
2455 2570 2679 2632 ratione
2718 2571 2859 2645 ejus,
2911 2586 3011 2642 per
3051 2571 3206 2644 quod

1832 2655 1917 2707 est
1964 2651 2266 2710 moraliter
2310 2649 2521 2725 dignus
2567 2651 2768 2718 laude;
2794 2656 2849 2707 et
2884 2652 3080 2708 nullus
3118 2658 3206 2709 est

1832 2735 2136 2792 moraliter
2157 2734 2366 2809 dignus
2392 2732 2574 2798 laude,
2607 2735 2720 2790 nisi
2745 2750 2846 2806 per
2868 2733 3109 2808 id,quod
3138 2736 3205 2793 in

1831 2815 1881 2890 ej
1891 2832 1954 2872 us
1984 2821 2272 2891 potestate,
2306 2821 2364 2872 et
2383 2815 2645 2872 dominio
2666 2821 2768 2883 est,
2795 2820 2850 2871 et
2869 2815 2938 2870 ab
2959 2818 3079 2892 ejus
3100 2834 3208 2875 vo-

1836 2899 2060 2954 luntate
2088 2897 2356 2969 provenit
2389 2918 2400 2952 :
2432 2896 2491 2951 id
2515 2902 2705 2952 autem
2733 2894 2882 2970 quod
2925 2912 2956 2952 a
2997 2899 3208 2955 volun-

1837 2983 1952 3035 tate
1974 2978 2216 3052 alicujus
2242 2978 2528 3051 provenit,
2560 2978 2942 3033 intrinsecum
2976 2984 3061 3034 est
3093 2979 3205 3046 illi,

1835 3077 1952 3117 non
1979 3061 2126 3116 extri
2137 3076 2390 3116 nsecum.

1916 3140 2095 3208 Adde,
2128 3139 2278 3215 quod
2300 3140 2479 3196 etiam
2509 3140 2572 3194 in
2596 3140 2870 3195 humanis
2898 3156 3014 3196 non
3043 3143 3216 3200 aliter

1839 3239 1938 3279 rex
1970 3228 2150 3295 potest
2196 3222 2515 3279 extrinsece
2561 3236 2769 3294 augere
2817 3222 3074 3278 valorem
3111 3240 3214 3296 pe·-

1837 3303 2041 3366 cuniae,
2084 3302 2201 3358 nisi
2247 3302 2382 3374 quia
2437 3301 2559 3372 ipse
2615 3301 2841 3369 (saltem
2911 3303 3214 3377 implicite)

1839 3382 2131 3457 promittit
2155 3397 2215 3437 se
2240 3381 2484 3438 eandem
2509 3382 2834 3452 pecuniam,
2860 3386 3082 3456 quoties
3104 3400 3210 3442 ne-

1838 3465 2152 3523 cessarium
2199 3464 2393 3529 fuerit,
2441 3463 2651 3520 iterum
2721 3471 3103 3539 recepturum,
3155 3475 3213 3526 et

1842 3566 1945 3624 pro
1968 3565 2035 3605 ea
2064 3565 2186 3605 rem
2234 3549 2472 3621 aequalis
2501 3548 2715 3603 valoris
2743 3549 3045 3606 intrinseci
3077 3550 3212 3608 red-

1840 3629 2099 3687 diturum
2135 3651 2148 3685 :
2188 3645 2368 3703 quare
2415 3630 2659 3702 pecunia
2698 3630 3013 3687 secundum
3060 3632 3212 3705 quod

1841 3728 1959 3770 non
1983 3711 2329 3785 adaequatin
2360 3713 2557 3767 valore
2606 3711 2921 3769 intrinseco
2964 3729 3073 3779 res,
3107 3730 3212 3787 pro

1840 3793 2049 3869 quibus
2069 3796 2475 3858 commutatur,
2505 3808 2622 3849 non
2653 3809 2755 3865 per
2777 3809 2836 3849 se
2865 3793 3212 3869 habet,quod

1841 3877 1916 3933 sit
1934 3874 2285 3949 condignum
2311 3874 2562 3945 pretium
2590 3890 2815 3938 earum,
2862 3874 2960 3931 sed
2986 3892 3086 3949 per
3114 3893 3210 3933 ac-

1841 3958 2037 4016 cidens
2063 3956 2358 4023 duntaxat,
2387 3961 2667 4028 quatenus
2693 3955 3062 4013 substituitur
3089 3960 3210 4017 loco

1845 4040 1929 4097 rei
1972 4039 2209 4112 aequalis
2254 4037 2471 4093 valoris
2508 4037 2829 4105 intrinseci,
2881 4055 3054 4110 quam
3085 4057 3206 4108 rex,

1842 4120 2063 4193 quoties
2085 4135 2225 4191 opus
2249 4118 2444 4185 fuerit,
2473 4116 2712 4175 reddere
2736 4120 3020 4192 promisit.
3049 4121 3212 4178 Unde

1845 4199 2217 4257 commutatio
2259 4213 2385 4271 quae
2434 4197 2677 4268 pecunia
2721 4196 2802 4262 fit,
2839 4213 2953 4254 non
2995 4205 3113 4255 tam
3148 4200 3215 4257 fit

1844 4298 1974 4340 cum
2005 4282 2129 4354 ipsa
2156 4280 2418 4352 pecunia,
2452 4294 2626 4352 quam
2666 4295 2797 4336 cum
2828 4280 2930 4337 illa
2973 4298 3035 4338 re
3074 4300 3212 4356 pro-

1847 4364 2040 4426 missa,
2068 4362 2228 4436 cujus
2262 4361 2383 4417 loco
2419 4359 2662 4432 pecunia
2689 4358 3074 4419 substituitur.
3101 4367 3213 4421 Ac-

1848 4448 1937 4498 tus
1965 4445 2154 4497 autem
2185 4439 2520 4497 meritorius
2549 4455 2667 4495 non
2694 4441 3064 4499 constituitur
3091 4444 3216 4502 loco

1848 4523 2089 4580 alterius
2119 4521 2223 4587 rei,
2249 4537 2376 4594 qua}
2400 4520 2712 4577 intrinsece
2736 4521 2811 4575 sit
2851 4525 3086 4595 aequalis
3109 4542 3213 4582 va-

1849 4604 1987 4661 loris
2002 4618 2131 4659 cum
2156 4602 2423 4675 praemio;
2443 4602 2586 4657 alias
2611 4618 2701 4657 res
2723 4601 2843 4666 illa.
2877 4608 2932 4658 et
2954 4619 3071 4661 non
3093 4606 3216 4679 ipse

1850 4690 2024 4750 actuS,
2050 4682 2283 4739 haberet
2312 4698 2412 4755 per
2445 4697 2504 4738 se
2545 4683 2829 4741 rationem
2874 4685 3089 4750 meriti,
3115 4687 3215 4743 sed

1852 4780 1953 4837 per
1982 4764 2235 4835 seipsum
2275 4761 2511 4818 haberet
2540 4762 2825 4819 rationem
2857 4764 3027 4834 pretii
3056 4781 3216 4822 com-

1851 4842 2149 4901 mutabilis
2175 4859 2304 4898 cum
2335 4842 2591 4915 praemio.
2623 4842 2784 4898 Unde
2814 4858 2911 4915 per
2937 4844 3209 4916 seipsum,

1852 4933 2018 4999 atque
2039 4924 2181 4982 adeo
2207 4925 2540 4988 intrinsece,
2569 4940 2686 4980 non
2709 4940 2810 4996 per
2837 4924 3058 4997 aliquid
3085 4942 3217 4983 om-

1853 5008 1997 5065 nino
2031 5005 2420 5063 extrinsecum
2467 5004 2538 5075 (si
2583 5006 2763 5061 semel
2810 5009 2894 5060 est
2939 5004 3214 5064 meritum
