3647 5753
541 386 655 442 762

546 555 749 614 demus
781 578 793 612 ε
823 558 1097 630 quoniam
1146 558 1208 616 in
1256 561 1542 633 potentiis,
1574 557 1908 624 virtutibus,

548 639 640 694 vel
684 636 903 694 artibus
929 638 1338 708 subordinatis,
1374 642 1475 697 illa
1504 658 1628 715 quae
1656 646 1738 696 est
1764 640 1913 696 circ-xa

550 719 908 777 ultimiorem
938 721 1135 787 finem,
1169 728 1377 790 movet,
1409 728 1464 779 et
1510 724 1755 796 applicat
1782 737 1912 778 om-

548 815 651 855 nes
709 801 852 857 alias
904 801 973 857 ad
1033 803 1388 875 operandum
1461 811 1690 877 propter
1739 802 1909 859 illum

548 878 725 937 finem
764 903 777 936 ε
806 882 949 937 sicut
975 898 1070 937 ars
1098 885 1391 942 militaris.
1422 901 1546 959 quae
1570 888 1654 942 est
1681 888 1911 956 propter

550 960 871 1026 victoriam,
894 962 963 1019 ad
984 979 1155 1034 quam
1178 981 1349 1023 omne
1371 967 1618 1023 officium
1639 964 1909 1022 bellicum

549 1041 840 1117 dirigitur,
862 1043 1090 1101 ordinat
1114 1045 1175 1102 in
1191 1064 1357 1104 suum
1375 1047 1550 1106 finem
1566 1053 1906 1121 equestrem,

548 1130 605 1181 et
646 1129 929 1184 navalem.
976 1127 1139 1184 Unde
1183 1131 1318 1202 quia
1363 1132 1611 1187 charitas
1639 1135 1723 1188 est
1759 1129 1909 1186 circa

541 1204 720 1262 finem
743 1209 985 1265 omnino
1015 1210 1305 1275 ultimum,
1333 1212 1420 1267 cui
1454 1213 1688 1284 reliquae
1709 1226 1910 1268 omnes

536 1287 797 1352 virtutes,
830 1296 885 1346 et
913 1307 1114 1347 earum
1140 1292 1516 1364 particulares
1544 1293 1688 1350 fines
1712 1290 1911 1349 subor-

532 1367 729 1426 dinari
757 1369 983 1440 debent,
1012 1389 1213 1429 omnes
1237 1373 1368 1429 illas
1397 1380 1605 1440 movet,
1637 1380 1692 1431 et
1719 1373 1910 1446 appli-

532 1458 640 1518 cat,
674 1454 988 1527 tribuitque
1014 1456 1117 1527 eis,
1148 1462 1206 1512 ut
1234 1458 1297 1512 in
1335 1456 1540 1514 ordine
1570 1456 1638 1512 ad
1669 1456 1911 1531 praedic-

537 1542 663 1592 tum
711 1535 907 1605 finem,
952 1544 1008 1594 et
1050 1544 1278 1611 propter
1324 1539 1516 1612 ipsum
1556 1544 1906 1613 operentur:

538 1626 596 1676 et
621 1620 757 1692 quia
784 1620 848 1675 in
890 1621 1228 1685 moralibus,
1261 1623 1360 1695 qui
1402 1622 1498 1679 dat
1544 1622 1809 1679 ordinem
1838 1620 1907 1678 ad

540 1700 737 1768 finem,
789 1709 885 1758 dat
925 1703 1192 1769 formam,
1240 1704 1451 1764 idcirco
1500 1705 1748 1762 charitas
1784 1719 1909 1777 quae

539 1790 770 1842 caeteras
791 1802 992 1843 omnes
1014 1789 1274 1852 virtuteS,
1307 1794 1362 1844 et
1389 1804 1591 1845 earum
1619 1787 1909 1860 operatio-

540 1881 644 1923 nes
667 1881 766 1938 per
796 1866 1127 1938 praedictam
1157 1867 1471 1925 motionem
1512 1867 1732 1942 dirigit,
1760 1865 1909 1923 dici-

540 1954 637 2005 tur
691 1950 841 2015 illas,
893 1957 949 2006 et
985 1967 1188 2007 earum
1243 1956 1397 2008 actus
1446 1951 1790 2009 informare.
1841 1953 1909 2006 Et

540 2032 674 2089 licet
701 2032 770 2089 ad
795 2034 941 2090 hanc
969 2032 1381 2089 formationem
1404 2032 1578 2088 etiam
1601 2037 1908 2089 concurrat

543 2114 682 2172 fides
708 2115 979 2185 (charitas
1004 2116 1181 2171 etiam
1209 2115 1336 2171 sine
1377 2113 1488 2171 fide
1517 2114 1669 2173 nihil
1699 2130 1906 2188 opera-

544 2200 662 2267 tur)
701 2194 772 2252 ob
812 2195 1116 2268 specialem
1159 2207 1352 2253 tamen
1383 2196 1687 2261 rationem,
1733 2211 1906 2269 quam

547 2278 676 2334 dub.
716 2281 760 2343 1,
792 2279 959 2349 hujus
990 2277 1401 2349 disputationis,
1434 2294 1588 2334 num.
1624 2279 1705 2344 10,
1737 2292 1807 2334 ex
1839 2277 1904 2332 D.

550 2358 755 2415 Thom.
783 2357 1146 2424 adduximuS,
1181 2373 1298 2414 non
1335 2355 1487 2425 fidei,
1513 2357 1612 2414 sed
1640 2357 1907 2414 charitati

551 2438 819 2504 formatio
835 2438 952 2494 haec
972 2436 1224 2494 absolute
1245 2437 1520 2517 tribuitur
1541 2449 1749 2512 :quare
1768 2437 1905 2494 dum

479 2535 485 2542 ·
550 2521 643 2577 hic
682 2521 975 2592 loquimur
1020 2519 1090 2576 de
1128 2520 1426 2589 charitate,
1484 2527 1542 2578 et
1579 2522 1648 2578 de
1697 2521 1902 2596 gratia,

355 2850 464 2895 Nota
478 2850 518 2895 2.

550 2617 848 2674 nunquam
913 2600 1271 2657 excludimus
1335 2617 1674 2659 concursum
1748 2599 1902 2667 fidei,

549 2681 815 2755 quamvis
854 2696 968 2738 non
1017 2697 1244 2754 semper
1308 2697 1636 2755 expressam
1689 2682 1759 2739 de
1804 2683 1907 2741 illo

552 2763 909 2821 mentionem
939 2762 1233 2819 faciamus.

626 2847 718 2904 85.
764 2846 853 2900 Fit
892 2850 1082 2902 autem
1104 2843 1378 2903 formatio
1399 2844 1517 2903 haec
1557 2861 1590 2902 a
1630 2845 1909 2903 charitate

551 2927 705 2998 (nota
725 2925 995 2996 secundo)
1022 2941 1138 2982 non
1161 2925 1402 2982 omnino
1432 2925 1784 2993 immediate,
1808 2925 1907 2983 sed

548 3006 740 3065 media
766 3007 1012 3080 quadam
1041 3006 1256 3063 modali
1280 3006 1644 3074 formalitate,
1679 3024 1804 3081 quae
1825 3012 1911 3065 est

545 3090 726 3164 ipsius
766 3090 1063 3147 charitatis
1092 3090 1454 3163 participatio
1484 3088 1554 3147 ab
1581 3089 1783 3147 eadem
1813 3090 1909 3146 di-

545 3175 731 3231 rivata
754 3173 825 3230 ad
852 3175 1116 3241 virtuteS,
1150 3174 1374 3230 ratione
1399 3175 1558 3249 cujus
1589 3173 1909 3232 intrinsece

546 3256 945 3329 perficiuntur,
988 3261 1042 3313 et
1088 3255 1152 3312 in
1198 3255 1376 3313 finem
1425 3254 1699 3311 ultimum
1748 3255 1912 3313 ordi-

547 3344 784 3401 nantur,
809 3344 975 3410 atque
997 3338 1076 3394 ita
1098 3338 1359 3394 formatae
1380 3336 1720 3404 redduntur,
1739 3336 1912 3393 fiunt-

548 3437 658 3494 que
713 3421 959 3478 virtutes
1023 3419 1397 3477 beatitudinis
1450 3419 1784 3489 meritoriae.
1844 3422 1913 3475 Et

555 3504 701 3561 ratio
721 3511 823 3570 est,
840 3505 977 3578 quia
996 3502 1245 3561 charitas
1264 3503 1580 3560 secundum
1603 3519 1663 3561 se
1683 3502 1913 3560 extrin-

549 3600 674 3642 sece
699 3602 760 3642 se
789 3585 957 3642 habet
984 3583 1055 3640 ad
1103 3584 1246 3641 alias
1290 3584 1545 3653 virtutes,
1576 3585 1722 3641 sicut
1763 3601 1913 3641 unus

551 3666 781 3724 habitus
821 3667 1177 3723 extrinsecus
1221 3672 1306 3724 est
1352 3668 1520 3725 alteri
1555 3689 1569 3723 ε
1617 3666 1675 3723 id
1722 3673 1913 3724 autem

551 3764 653 3823 per
679 3748 829 3822 quod
855 3747 1137 3821 praedictae
1165 3748 1408 3806 virtutes
1430 3748 1769 3807 immediate
1792 3750 1916 3806 for-

548 3836 807 3897 mantur,
839 3835 894 3886 et
932 3829 1081 3902 quod
1109 3829 1360 3886 charitas
1400 3830 1465 3885 in
1503 3830 1586 3886 eis
1615 3829 1794 3902 ponit,
1831 3834 1918 3887 est

551 3911 672 3968 illis
720 3911 1122 3976 intrinsecum,
1181 3914 1243 3966 ut
1305 3925 1573 3983 expresse
1630 3911 1793 3969 docet
1846 3912 1909 3967 D.

552 3992 757 4048 Thom.
790 3998 971 4070 quaest.
1024 3990 1108 4056 14,
1146 3990 1210 4045 de
1262 3989 1428 4049 Verit.
1461 3999 1571 4048 art.
1617 3994 1671 4058 5,
1699 3990 1799 4047 ubi
1828 3991 1916 4047 lo-

556 4088 736 4145 quens
781 4072 850 4128 de
896 4072 1246 4130 formatione
1283 4070 1415 4129 fidei
1445 4087 1547 4144 per
1572 4072 1916 4129 charitatem

557 4153 775 4226 (eadem
806 4161 995 4211 autem
1026 4153 1172 4210 ratio
1207 4159 1290 4210 est
1316 4152 1386 4209 de
1417 4154 1768 4211 formatione
1805 4168 1918 4209 cae-

558 4244 815 4294 terarum
864 4238 1188 4307 virtutum)
1217 4236 1281 4293 in
1319 4237 1605 4295 solutione
1632 4238 1701 4295 ad
1729 4241 1784 4303 4,
1838 4237 1920 4293 sic

559 4320 749 4392 inquit
799 4342 811 4376 :
863 4342 888 4374 α
941 4319 1279 4386 Dicendum,
1323 4320 1473 4392 quod
1519 4319 1643 4392 ipse
1688 4318 1919 4377 habitus

563 4422 589 4454 «
620 4399 935 4464 charitatis,
968 4414 1099 4457 cum
1132 4415 1249 4456 non
1275 4398 1351 4455 sit
1377 4399 1728 4456 intrinsecus
1757 4400 1913 4466 fidei,

562 4502 589 4534 «
623 4497 740 4538 non
756 4485 936 4554 potest
953 4479 1063 4538 dici
1088 4480 1275 4537 forma
1296 4479 1713 4549 substantialis,
1737 4494 1921 4553 neque

566 4584 592 4616 α
623 4562 988 4619 accidentalis
1014 4562 1155 4636 ejus„
1177 4567 1278 4618 etc.
1310 4560 1409 4618 sed
1438 4560 1495 4618 id
1520 4560 1668 4633 quod
1690 4578 1762 4620 ex
1792 4563 1921 4619 cha-

565 4664 591 4696 «
625 4644 791 4701 ritate
819 4644 881 4700 in
911 4641 1023 4699 fide
1047 4642 1417 4716 relinquitur,
1442 4647 1526 4700 est
1553 4641 1683 4700 fidei
1709 4643 1921 4700 intrin-

565 4746 592 4779 α
620 4740 830 4782 secum.
868 4724 944 4781 Et
969 4727 1030 4780 in
1054 4725 1323 4780 solutione
1343 4725 1422 4780 ad
1454 4725 1472 4780 l
1505 4745 1518 4780 ι
1562 4723 1621 4779 Id
1648 4724 1796 4797 quod
1838 4729 1923 4782 est

563 4826 589 4858 a
624 4805 989 4879 perfectionis
1003 4805 1066 4861 in
1088 4803 1220 4872 fide,
1243 4819 1276 4860 a
1294 4804 1573 4863 charitate
1589 4804 1919 4873 deducitur3

566 4909 592 4942 α
622 4887 702 4944 ita
730 4886 879 4960 quod
905 4886 1154 4943 charitas
1182 4884 1389 4942 habeat
1418 4885 1564 4943 illud
1592 4886 1925 4943 essentiali-

566 4990 593 5022 «
624 4972 727 5036 ter,
754 4967 893 5025 fides
918 4983 1076 5036 vero,
1109 4972 1166 5025 et
1186 4970 1400 5024 caeterae
1421 4968 1664 5026 virtutes
1686 4967 1925 5042 partici-

569 5069 595 5102 α
627 5049 837 5123 pative.
863 5049 938 5109 Et
965 5049 1027 5104 in
1050 5050 1105 5117 3,
1122 5047 1192 5104 ad
1218 5048 1433 5105 Annib.
1450 5048 1583 5106 dist.
1608 5051 1701 5116 27,
1723 5053 1923 5124 quaest.

1471 388 1562 441 DF,
1605 388 1679 442 IN
1684 384 1929 440 FLUXU
1971 384 2423 442 CHARITATIS.

2049 579 2076 611 ι
2106 559 2293 626 unica,
2347 565 2454 617 art.
2487 562 2543 627 2,
2589 563 2672 617 sic
2710 564 2796 617 ait
2834 581 2853 616 .·
2890 561 2952 618 Id
2977 562 3126 634 quod
3153 562 3402 621 charitas

2050 661 2077 693 α
2104 642 2253 696 circa
2275 647 2461 698 actum
2490 641 2723 699 virtutis
2751 643 2931 716 ponit,
2961 644 3180 702 scilicet
3200 646 3402 703 relatio

2049 742 2076 775 α
2105 722 2169 778 in
2195 721 2373 779 finem
2415 724 2711 791 ultimum,
2743 731 2831 782 est
2874 726 3119 784 formale
3146 733 3401 801 respectu

2046 825 2074 856 α
2105 811 2261 862 actus
2306 806 2556 875 virtuti-«3,
2584 813 2689 864 etc.
2720 827 2745 859 n
2791 808 2954 873 Quod
2988 826 3059 867 ex
3088 809 3341 883 professo
3365 827 3400 868 a

2041 885 2209 1022 quis
2232 886 2594 960 probandum
2622 890 2792 946 estin
2820 892 3085 948 Tractatu
3110 891 3180 947 de
3196 892 3399 948 Chari-

2068 981 2099 1021 a
2124 982 2174 1023 e.

2115 1048 2207 1102 86.
2230 1049 2358 1104 Haec
2383 1052 2575 1105 autem
2601 1049 2887 1112 D.‚Thom.
2910 1049 3173 1108 doctrina
3193 1066 3396 1109 verum

2041 1128 2231 1196 habet,
2259 1146 2376 1187 non
2403 1132 2589 1188 solum
2613 1130 2677 1186 in
2701 1132 2918 1189 actibus
2939 1133 3190 1191 aliarum
3222 1135 3399 1192 virtu·

2042 1214 2185 1277 tum,
2218 1217 2277 1266 ut
2309 1211 2509 1268 volunt
2533 1212 2733 1283 aliqui,
2783 1212 2884 1269 sed
2930 1212 2994 1269 in
3043 1215 3182 1286 ipsis
3223 1216 3400 1272 etiam

2043 1291 2335 1349 habitibus
2364 1314 2377 1349 ε
2425 1307 2561 1349 nam
2605 1294 2712 1350 esti
2742 1295 2892 1370 Ang.
2940 1298 3146 1354 Doctor
3172 1297 3276 1353 sub
3297 1298 3402 1355 illa

2041 1374 2490 1447 comprehendat
2517 1380 2692 1437 actus,
2725 1376 2844 1432 imo
2895 1384 2952 1434 et
2998 1378 3306 1451 aliquando
3329 1378 3403 1437 de

2042 1454 2182 1527 ipsis
2205 1453 2422 1511 actibus
2442 1453 2744 1511 dumtaxat
2782 1456 3046 1514 videatur
3071 1474 3401 1516 sermonem

2041 1536 2258 1603 facere;
2283 1551 2600 1607 numquam
2642 1539 2837 1593 tamen
2863 1538 3119 1596 excludit
3147 1538 3398 1607 habitus,

2040 1616 2137 1674 sed
2160 1616 2488 1673 virtualiter
2513 1617 2717 1673 saltem
2738 1633 2966 1691 semper
2981 1619 3113 1676 illos
3131 1619 3397 1686 includit,

2040 1702 2096 1754 et
2113 1713 2259 1770 saepe
2303 1698 2508 1768 saepius
2544 1697 2889 1768 formaliter,
2943 1705 3003 1755 ut
3046 1701 3269 1774 quoties
3294 1701 3398 1770 ait,

2041 1779 2283 1836 virtutes
2313 1795 2412 1851 per
2436 1777 2773 1836 charitatem
2803 1779 3080 1848 formari3
3112 1798 3250 1839 nam
3291 1799 3405 1841 no·—

2040 1863 2201 1920 mine
2223 1863 2504 1918 virtutum
2559 1860 2814 1918 absolute
2842 1863 3126 1935 loquendo
3173 1865 3406 1923 habitus

2041 1945 2301 2012 veniunt,
2331 1945 2515 2017 potius
2556 1961 2728 2017 quam
2774 1950 2948 2002 actuS.
3000 1947 3116 2004 Sub
3162 1950 3406 2021 proprio

2039 2031 2233 2082 tamen
2257 2024 2554 2081 habituum
2586 2025 2822 2082 nomine
2851 2025 2956 2082 hoc
2984 2026 3103 2082 illis
3127 2029 3407 2101 applicuit

2039 2108 2101 2162 in
2127 2108 2180 2174 3,
2211 2107 2338 2161 dist.
2365 2107 2456 2172 23,
2490 2114 2671 2182 quaest.
2704 2107 2757 2172 3,
2783 2114 2890 2163 art.
2932 2108 2978 2173 l,
3003 2110 3318 2181 quastiunc.
3352 2112 3402 2175 1,

2042 2187 2122 2245 ibi
2160 2210 2173 2244 t
2215 2189 2412 2246 Omnes
2447 2189 2669 2244 habitus
2693 2191 2791 2264 qui
2814 2193 3024 2246 suntin
3051 2192 3262 2248 viribus
3286 2210 3405 2248 mo-

2040 2273 2113 2327 tis
2132 2290 2168 2327 α
2189 2274 2468 2328 voluntate
2489 2274 2758 2329 charitate
2768 2276 3029 2347 perfecta,
3054 2278 3404 2350 participant

2038 2353 2280 2427 formam
2305 2355 2615 2412 charitati&
2650 2357 2791 2412 Item
2834 2357 2953 2413 loco
3000 2358 3169 2415 citato
3197 2358 3267 2416 de
3287 2359 3407 2415 Ve-

2042 2436 2211 2494 ritate
2235 2436 2396 2508 ponit
2422 2442 2619 2494 contra
2645 2453 2706 2494 se
2729 2454 2949 2496 nonum
2992 2446 3404 2515 argumentum

2041 2516 2112 2575 ad
2140 2516 2520 2591 probandum,
2546 2517 2696 2591 quod
2710 2520 2959 2577 charitas
2981 2537 3100 2578 non
3122 2521 3405 2579 informat

2042 2601 2231 2672 ipsum
2274 2598 2533 2656 habitum
2582 2599 2735 2664 fidei,
2792 2601 2890 2658 sed
2941 2604 3129 2660 solum
3157 2603 3280 2677 ejus
3306 2619 3403 2660 ac-

2041 2687 2186 2747 tum;
2211 2687 2266 2738 et
2281 2681 2361 2737 sic
2385 2679 2535 2752 quod
2561 2696 2679 2738 non
2700 2681 2866 2739 debet
2892 2681 3003 2739 dici
3027 2682 3216 2741 forma
3241 2682 3403 2751 fidei,

2040 2762 2138 2818 sed
2167 2766 2321 2817 actus
2348 2760 2518 2828 fidei3
2547 2766 2604 2818 et
2631 2763 2935 2837 respondet
2961 2785 2973 2821 :
3008 2787 3035 2818 α
3067 2765 3150 2821 Ad
3180 2781 3404 2822 nonum

2049 2866 2074 2899 α
2102 2843 2430 2912 dicendum,
2449 2843 2598 2917 quod
2626 2843 2856 2919 quando
2881 2848 3148 2920 superior
3165 2848 3255 2904 vis
3270 2863 3406 2921 per-

2049 2948 2074 2980 «
2104 2926 2248 2984 fecta
2286 2931 2386 2991 est,
2420 2943 2491 2982 ex
2517 2927 2638 3001 ejus
2680 2927 3024 2999 perfectione
3053 2930 3406 3003 relinquitur

2049 3028 2074 3060 α
2106 3007 2299 3080 aliqua
2322 3006 2592 3080 perfectio
2621 3007 2683 3063 in
2709 3008 3007 3076 inferiori;
3055 3014 3113 3066 et
3157 3010 3239 3066 sic
3271 3026 3404 3066 cum

2050 3109 2076 3142 α
2104 3088 2355 3145 charitas
2400 3093 2483 3143 est
2512 3088 2574 3143 in
2603 3089 2919 3158 voluntate,
2964 3092 3086 3164 ejus
3135 3090 3407 3163 perfectio

2050 3190 2077 3224 α
2106 3170 2297 3242 aliquo
2325 3169 2496 3227 modo
2524 3169 2807 3228 redundat
2833 3173 2896 3229 in
2925 3173 3321 3241 intellectum;
3349 3178 3408 3229 et

2050 3272 2076 3305 α
2106 3252 2187 3309 sic
2211 3251 2461 3307 charitas
2483 3267 2601 3308 non
2621 3255 2811 3310 solum
2864 3258 3052 3310 actum
3105 3254 3263 3324 fidei,
3306 3252 3411 3312 sed

2049 3353 2076 3384 α
2104 3332 2281 3388 etiam
2305 3332 2490 3404 ipsam
2536 3331 2709 3390 fidem
2759 3333 3058 3391 informat.
3086 3356 3112 3386 n
3142 3338 3210 3391 Et
3259 3336 3412 3392 ratio

2043 3418 2126 3470 est
2143 3413 2471 3480 manifesta3
2493 3429 2627 3471 nam
2643 3431 2773 3472 cum
2790 3416 3037 3473 charitas
3051 3433 3173 3474 non
3192 3418 3406 3482 eliciat,

2044 3493 2141 3552 sed
2169 3500 2394 3551 tantum
2424 3495 2666 3567 imperet
2708 3501 2863 3553 actus
2915 3499 3166 3555 aliarum
3210 3501 3409 3556 virtu-

2045 3582 2190 3641 tum,
2225 3575 2377 3632 nihil
2417 3592 2617 3633 eorum
2648 3577 2979 3636 immediate
3021 3578 3282 3637 effective
3317 3584 3409 3635 at-

2041 3659 2237 3734 tingit,
2268 3658 2367 3716 sed
2407 3659 2616 3717 mediis
2663 3660 2915 3732 propriis
2952 3663 3270 3720 virtutibus
3298 3662 3414 3719 eli·

2047 3740 2358 3798 cientibus:
2377 3739 2530 3797 unde
2552 3747 2848 3815 repugnat,
2869 3743 3018 3816 quod
3041 3745 3103 3800 in
3128 3743 3418 3818 praedictis

2049 3823 2265 3882 actibus
2292 3821 2510 3894 aliquid
2552 3830 2743 3896 ponat,
2803 3842 2904 3899 per
2949 3826 3098 3899 quod
3142 3828 3278 3885 illos
3317 3826 3420 3882 in-

2049 3906 2295 3963 trinsece
2322 3905 2620 3973 informet,
2664 3912 2720 3962 et
2767 3908 2979 3965 referat
3023 3908 3094 3965 ad
3142 3925 3316 3965 suum
3344 3906 3423 3963 fi-

2050 4002 2205 4054 nem,
2258 3985 2374 4043 nisi
2416 3986 2711 4058 operando
2739 4006 2840 4064 per
2861 3992 3012 4063 ipsas
3063 3990 3328 4056 virtutes,
3363 3994 3425 4046 et

2051 4067 2243 4124 media
2300 4083 2501 4124 earum
2556 4071 2907 4137 causalitate,
2964 4075 3021 4126 et
3070 4070 3421 4137 efficientia;

2052 4151 2219 4220 atque
2263 4146 2403 4204 adeo
2447 4147 2561 4204 nisi
2592 4149 2753 4222 prius
2778 4151 2981 4207 saltem
3025 4154 3234 4207 natura
3256 4167 3427 4209 com·

2050 4229 2308 4285 municet
2328 4228 2468 4300 ipsis
2495 4229 2809 4286 virtutibus
2835 4231 3089 4304 aliquam
3115 4233 3207 4287 sui
3233 4232 3429 4305 parti-

2052 4311 2419 4384 cipationem,
2463 4315 2521 4368 et
2575 4313 2827 4385 aliquem
2865 4314 3102 4371 modum
3131 4316 3430 4373 intrinse-

2052 4408 2203 4459 cum,
2256 4409 2357 4466 per
2414 4408 2584 4465 quem
2620 4394 2703 4451 sic
2752 4395 3075 4465 eleventur,
3107 4401 3172 4452 ut
3196 4398 3434 4468 quoties

2052 4479 2300 4550 operatae
2342 4475 2579 4542 fuerint,
2630 4477 2865 4534 eliciant
2904 4494 3036 4535 suos
3081 4484 3260 4547 actus,
3305 4496 3437 4538 non

2052 4557 2242 4614 solum
2268 4555 2484 4612 virtute
2510 4556 2763 4629 propria,
2789 4558 2888 4615 sed
2915 4559 3091 4615 etiam
3120 4560 3186 4616 in
3206 4561 3437 4618 virtute

2053 4637 2371 4706 charitatis,
2404 4644 2460 4695 et
2480 4655 2551 4695 ex
2580 4638 2824 4706 influxu,
2855 4657 2952 4697 seu
2982 4641 3234 4715 imperio
3262 4643 3439 4700 illius

2054 4721 2270 4778 faciant
2292 4719 2424 4778 illos
2451 4720 2743 4791 formatos,
2773 4727 2829 4780 et
2876 4722 3176 4782 ordinatos
3204 4724 3279 4783 ad
3299 4725 3435 4800 ejus

2055 4803 2255 4861 finem.

2129 4886 2221 4941 87.
2243 4887 2594 4942 Formantur
2615 4891 2807 4943 autem
2837 4885 3082 4943 virtutes
3097 4903 3132 4944 a
3146 4889 3445 4948 charitate
3467 4904 3562 4952 πει
3589 4881 3603 4946 3

2055 4967 2225 5044 (quod
2253 4974 2336 5025 est
2358 4969 2527 5026 tertio
2549 4968 2998 5042 observandum)
3023 4972 3260 5042 quando
3305 4972 3445 5047 ipss

2059 5049 2365 5118 voluntati,
2390 5055 2447 5106 et
2465 5050 2652 5125 gratia
2673 5050 2884 5107 animae
2899 5050 3240 5111 infunditur
3261 5059 3448 5122 manc

3268 5151 3449 5197 emm
