3647 5753
257 605 440 651 Praeclu-

291 657 407 714 ‹ii-tur

279 713 430 757 primo.

465 421 576 475 478

546 591 673 645 Haec
718 594 914 644 tamen
984 586 1278 660 responsio
1328 586 1623 660 operosius
1669 584 1829 641 infra

468 667 876 735 confutabitur,
903 666 1000 723 ubi
1029 666 1469 742 assignabimus,
1502 667 1565 722 in
1587 682 1698 738 quo
1724 679 1830 737 po-

469 750 757 806 tissimum
784 750 1114 807 consisteret
1155 751 1392 816 macula,
1425 765 1537 821 qua
1569 748 1743 804 homo
1765 745 1829 801 in

467 837 617 889 statu
660 847 937 904 purorum
990 848 1224 905 peccans
1276 830 1623 888 inficeretur.
1666 833 1833 884 Nunc

469 919 652 986 potest
701 914 916 986 duplici
939 914 1033 970 via
1079 913 1333 971 breviter
1374 912 1581 969 refelli.
1616 910 1826 977 Prinw,

470 996 606 1067 quia
646 996 777 1053 lieet
814 994 1039 1051 homini
1082 995 1145 1050 in
1182 999 1333 1052 statu
1381 1007 1659 1065 purorum
1713 1004 1832 1052 non

471 1081 619 1134 esset
663 1076 854 1134 debita
900 1076 1091 1148 aliqua
1120 1075 1308 1132 forma
1352 1070 1828 1147 supernaturaliS,

476 1162 540 1216 in
580 1162 738 1232 cujus
797 1158 1122 1230 privatione
1172 1158 1507 1215 consisteret
1545 1157 1832 1228 peccatum

476 1240 793 1305 habituale;
840 1238 1073 1297 deberet
1123 1242 1320 1295 tamen
1366 1241 1539 1297 homo
1579 1233 1834 1292 naturali

477 1324 600 1399 lege
644 1338 985 1380 conservare
1039 1321 1442 1378 rectitudinem
1509 1318 1835 1376 naturalem

476 1404 828 1461 habitualem
854 1420 989 1479 erga
1016 1405 1219 1459 Deum.
1250 1405 1408 1458 Hanc
1455 1407 1649 1458 autem
1674 1398 1838 1455 recti-

476 1485 735 1541 tudinem
777 1501 879 1558 per
922 1482 1215 1556 quodlibet
1257 1488 1544 1557 peccatum
1593 1479 1839 1536 mortale

474 1567 818 1636 excluderet,
849 1567 994 1623 sicut
1020 1567 1190 1624 modo
1228 1564 1480 1623 excludit
1499 1567 1839 1636 supernatu-

382 1653 399 1663 “
480 1651 662 1707 ralem
736 1648 1137 1706 rectitudinem
1196 1647 1417 1723 gratias.
1466 1644 1631 1700 Unde
1694 1643 1841 1698 sicut

479 1746 634 1788 nunc
648 1747 719 1787 ex
746 1735 967 1802 peccato
989 1730 1196 1786 actuali
1221 1726 1571 1799 relinquitur
1594 1723 1843 1796 privatio

479 1813 791 1868 intrinseca
812 1810 1010 1884 gratiae
1035 1826 1164 1866 cum
1187 1807 1528 1865 habitudine
1557 1805 1625 1861 ad
1649 1805 1840 1877 ipsum

478 1898 768 1967 peccatum
797 1894 1032 1958 actuale,
1065 1892 1128 1949 in
1149 1908 1261 1963 qua
1303 1890 1627 1964 privatione
1652 1901 1844 1945 essen-

478 1977 622 2033 tiam
671 1976 878 2049 peccati
928 1973 1241 2031 habitualis
1282 1972 1730 2030 constituimus:
1763 1969 1845 2024 ita

484 2059 547 2113 in
589 2055 860 2129 praedicto
897 2061 1047 2113 statu
1079 2055 1504 2127 relinqueretur
1527 2069 1600 2109 ex
1622 2054 1845 2124 peccato

484 2138 692 2196 actuali
721 2140 970 2211 privatio
1013 2137 1325 2194 intrinseca
1353 2132 1713 2192 rectitudinis
1736 2147 1846 2187 na-

482 2221 689 2278 turalis
709 2237 839 2276 cum
869 2224 1122 2292 respectu
1152 2216 1222 2274 ad
1253 2222 1440 2273 actum
1465 2214 1841 2290 praeteritum,

484 2304 547 2359 in
568 2319 682 2376 qua
710 2301 949 2375 proinde
982 2300 1190 2357 merito
1230 2303 1414 2371 posset
1434 2297 1679 2355 essentia
1717 2310 1849 2368 pec-

482 2383 592 2440 cati
649 2380 962 2437 habitualis
1012 2379 1300 2436 constitui.
1334 2380 1405 2433 Et
1436 2379 1849 2449 consequenter

483 2478 683 2551 omnes
712 2461 980 2525 rationes,
1006 2475 1131 2532 quae
1175 2457 1418 2530 probant
1455 2455 1849 2514 voluntariam

489 2541 874 2615 privationem
925 2541 1142 2612 gratiae,
1183 2544 1349 2610 atque
1388 2537 1517 2594 ideo
1559 2539 1849 2610 peccatum

491 2622 661 2695 hujus
687 2624 864 2676 status
894 2635 1010 2676 non
1033 2635 1192 2692 posse
1219 2617 1401 2675 deleri
1425 2618 1635 2689 absque
1656 2619 1851 2670 muta—

490 2704 644 2760 tione
684 2703 999 2758 intrinseca
1040 2700 1364 2773 peccatoriS,
1418 2715 1518 2772 per
1547 2712 1719 2770 quam
1757 2693 1850 2749 vel

487 2782 733 2858 gratiam
780 2782 1032 2853 recipiat,
1082 2781 1176 2837 vel
1204 2785 1390 2836 actum
1439 2775 1851 2853 praecedentem

490 2867 774 2931 retractet,
807 2862 1085 2918 evincunt
1110 2861 1283 2918 etiam
1306 2857 1701 2917 voluntariam
1726 2853 1852 2926 pri-

489 2944 783 3001 vationem
815 2942 1175 2999 rectitudinis
1198 2941 1497 3006 naturaliS,
1530 2945 1696 3011 atque
1723 2933 1854 2991 ideo

495 3031 783 3098 peccatum
813 3022 1103 3080 habituale
1123 3029 1302 3080 status
1325 3036 1603 3096 purorum
1633 3014 1854 3075 auferri

494 3124 615 3165 non
641 3124 802 3182 posse
822 3107 947 3162 sine
975 3106 1287 3163 intrinseca
1315 3103 1625 3179 peccatoris
1658 3104 1853 3156 muta-

495 3191 668 3257 tione,
703 3206 802 3263 per
829 3205 1001 3262 quam
1029 3194 1125 3245 aut
1175 3186 1575 3245 rectitudinem
1615 3190 1857 3240 natura-

499 3272 613 3328 lem
642 3276 1054 3344 assequeretur,
1082 3276 1179 3326 aut
1219 3274 1406 3325 aetum
1430 3266 1637 3341 peccati
1668 3263 1858 3321 effica-

496 3354 639 3409 citer
686 3354 1035 3407 retractaret.
1077 3349 1461 3414 Quamobrem
1492 3345 1691 3404 eodem
1722 3359 1861 3417 pro-

424 3509 427 3510 r
501 3434 816 3509 portionali
851 3432 1022 3489 modo
1050 3431 1442 3505 philosophari
1477 3432 1762 3503 oporteret
1789 3429 1862 3481 de

501 3515 842 3572 remissione
864 3514 1073 3587 peccati
1112 3512 1402 3571 commissi
1427 3511 1498 3567 ab
1531 3509 1769 3567 homine
1797 3507 1862 3562 in

499 3601 649 3686 statu
702 3610 1005 3685 purorum,
1028 3610 1139 3667 quo
1179 3609 1334 3649 nunc
1367 3590 1745 3647 discurrimus
1792 3585 1864 3643 de

506 3690 846 3733 remissmne
894 3674 1102 3747 peccati
1131 3673 1194 3728 in
1236 3672 1501 3745 praesenti
1528 3676 1675 3726 statu
1704 3684 1864 3725 com-

504 3759 688 3816 missi.
715 3760 773 3814 Si
817 3764 1008 3814 autem
1038 3757 1386 3830 inquiratur,
1419 3756 1481 3813 in
1507 3770 1618 3827 quo
1644 3752 1865 3810 consis-

506 3845 647 3896 teret
695 3839 971 3896 rectitudo
1031 3839 1312 3895 naturalis
1352 3836 1665 3893 habitualis
1713 3848 1867 3905 pras-

508 3919 644 3976 dicti
665 3926 860 3987 status,
886 3928 941 3978 et
961 3920 1209 3992 qualiter
1232 3935 1332 3991 per
1362 3923 1648 3991 peccatum
1673 3914 1869 3970 aufer-

510 4003 711 4057 retur?
739 4000 1052 4057 Dicendum
1079 4005 1182 4065 est,
1211 3998 1541 4071 praedictam
1568 3992 1870 4052 rectitudi-

510 4098 644 4139 nem
672 4084 998 4138 naturalem
1038 4096 1160 4137 esse
1203 4081 1386 4152 ipsam
1431 4077 1869 4135 inclinationem

510 4170 732 4220 naturae
763 4166 823 4221 in
872 4166 1072 4231 Deum,
1118 4161 1476 4220 connotando
1504 4159 1873 4232 adimpletio-

513 4260 646 4301 nem
676 4246 938 4318 praecepti
972 4243 1280 4318 obligantis
1327 4242 1391 4297 in
1415 4241 1604 4314 primo
1632 4238 1871 4294 instanti

410 4331 417 4336 '
514 4342 649 4381 usus
712 4327 956 4382 rationis
1002 4325 1071 4382 ad
1111 4339 1368 4381 amorem
1405 4319 1727 4378 naturalem
1771 4319 1873 4375 Dei

512 4422 685 4478 super
711 4407 910 4464 omnia
944 4429 956 4463 ε
984 4405 1231 4463 rescindi
1254 4408 1445 4460 autem
1475 4403 1620 4457 hanc
1650 4399 1876 4456 rectitu-

512 4483 728 4553 dinem,
773 4493 827 4543 et
856 4487 1070 4544 auferri
1119 4501 1237 4542 non
1279 4482 1511 4556 quidem
1551 4481 1872 4546 entitative,

512 4574 569 4627 et
611 4585 681 4625 ex
711 4576 871 4642 parte
925 4568 1147 4644 objecti,
1213 4567 1312 4624 sed
1363 4565 1682 4631 moraliter,
1714 4567 1770 4620 et
1807 4578 1878 4619 ex

513 4656 676 4724 parte
710 4651 950 4709 termini
985 4672 997 4706 ε
1025 4666 1160 4707 nam
1184 4653 1471 4722 peccatum
1509 4645 1751 4703 mortale
1773 4643 1882 4712 im-

512 4731 755 4805 pediret,
781 4749 854 4790 ne
877 4738 1083 4789 natura
1105 4730 1406 4803 proprium
1435 4727 1611 4784 finem
1634 4725 1883 4798 attinge⁴

516 4819 621 4881 ret,
670 4813 882 4869 scilicet
925 4814 1105 4868 Deum
1134 4809 1403 4867 dilectum
1446 4822 1617 4880 super
1661 4804 1878 4871 omnia,

517 4902 579 4954 ut
604 4897 782 4953 latius
831 4895 1211 4966 explicuimus
1257 4899 1413 4948 tract.
1464 4892 1546 4957 13,
1595 4889 1737 4960 disp.
1796 4887 1880 4954 16,

515 4979 642 5035 dub.
693 4981 746 5041 5,
777 4996 812 5033 a
841 4995 993 5032 num.
1051 4978 1171 5042 154,
1216 4974 1312 5032 ubi
1366 4973 1585 5044 aliquas
1642 4967 1888 5024 difficul-

521 5065 682 5124 tates,
724 5073 849 5131 qun
871 5061 1100 5130 possent
1127 5055 1220 5111 hic
1242 5053 1475 5127 opponi,
1508 5049 1807 5105 diluimus.

1413 416 1507 471 DE
1546 409 2129 469 JUSTIFICATIONE
2167 406 2372 462 IMPII.

2029 577 2294 646 Secunde,
2320 575 2457 649 quia
2483 576 2603 630 esto
2632 570 2781 627 nihil
2805 567 3184 624 intrinsecum
3214 560 3328 617 ha-
3342 567 3534 612 contutu-

3368 624 3513 662 turse-

1959 663 2175 719 bituale
2236 660 2565 733 positivum,
2615 654 2710 711 vel
2783 649 3134 723 privativum
3188 659 3511 720 POS-qundo.

1960 751 2045 803 set
2092 744 2392 819 assignari,
2461 741 2525 796 in
2582 753 2695 812 quo
2752 732 3058 792 essentiam
3110 727 3323 801 peccati

1963 827 2272 885 habitualis
2361 826 2424 880 in
2524 826 2672 877 statu
2744 829 3021 891 purorum
3103 809 3324 868 consti-

1963 915 2294 973 tueremus;
2356 904 2745 962 nihilominus
2789 896 2957 955 fateri
3009 896 3320 967 oporteret,

1963 992 2076 1048 tale
2123 993 2411 1063 peccatum
2473 983 2783 1042 consistere
2839 978 3043 1034 saltem
3089 974 3153 1029 in
3197 975 3330 1029 actu

1966 1070 2357 1145 peccaminoso
2410 1063 2697 1140 praeterito
2742 1067 2804 1117 ut
2858 1057 3158 1115 moraliter
3191 1068 3332 1127 per-

1966 1152 2244 1219 manenti,
2314 1151 2460 1206 sicut
2541 1145 2712 1204 modo
2783 1142 3114 1198 discurrunt
3167 1152 3335 1194 com-

1965 1235 2228 1294 muniter
2268 1229 2624 1297 Adversa'rii,
2656 1226 2755 1300 qui
2781 1222 3090 1281 essentiam
3119 1217 3334 1291 peccati

1966 1314 2275 1373 habitualis
2304 1313 2473 1387 hujus
2498 1313 2677 1366 status
2718 1304 2983 1380 praedicto
3029 1299 3202 1359 modo
3229 1297 3338 1354 de·-

1968 1399 2210 1464 clarant,
2242 1401 2304 1453 ut
2342 1392 2597 1450 vidimus
2623 1391 2764 1462 disp.
2805 1390 2848 1455 l,
2871 1385 2998 1441 dub.
3033 1386 3078 1449 l,
3111 1387 3167 1439 et
3193 1379 3339 1438 locis

1969 1479 2050 1535 ibi
2071 1478 2276 1535 citatis.
2309 1473 2371 1532 ld
2393 1488 2529 1530 vero
2549 1470 2754 1526 sufficit
2776 1466 2846 1524 ad
2870 1465 3172 1523 veritatem
3194 1478 3339 1519 nos-

1970 1566 2074 1616 trae
2100 1555 2451 1621 assertionis,
2483 1557 2541 1609 et
2578 1552 2651 1608 ad
2691 1545 3101 1607 confutandam
3148 1542 3339 1600 tradi-

1969 1647 2089 1697 tam
2119 1636 2592 1711 responsionem;
2643 1630 2917 1704 quoniam
2957 1624 3156 1682 tandiu
3200 1638 3341 1697 per-

1970 1727 2168 1781 manet
2189 1719 2489 1776 moraliter
2539 1718 2692 1771 actus
2721 1710 3148 1787 peccaminosus
3183 1721 3341 1778 prae-

1971 1804 2193 1869 teritus,
2217 1797 2472 1874 quandiu
2495 1793 2794 1853 efficaciter
2805 1808 2922 1848 non
2940 1792 3288 1847 retractatur
3321 1806 3338 1840 e

1971 1884 2070 1942 sed
2134 1882 2393 1954 implicat
2430 1878 2579 1951 quod
2631 1878 2970 1931 retractetur
3028 1868 3342 1926 efficaciter

1974 1969 2184 2041 absque
2238 1963 2557 2021 mutatione
2602 1957 2913 2015 intrinseca
2974 1950 3339 2025 peccatoris:

1974 2072 2111 2131 ergo
2131 2054 2180 2109 si
2204 2056 2491 2124 peccatum
2519 2043 2809 2101 habituale
2842 2044 3020 2095 status
3049 2052 3340 2109 purorum

1976 2137 2310 2196 consisteret
2349 2133 2411 2187 in
2440 2133 2563 2185 actu
2612 2123 3004 2200 peccaminoso
3047 2119 3351 2191 praeterito

1978 2225 2042 2276 ut
2067 2216 2370 2275 moraliter
2418 2206 2799 2289 permanenti,
2831 2202 3012 2260 deleri
3059 2216 3177 2257 non
3205 2215 3348 2272 pos-

1978 2307 2063 2359 set
2091 2299 2300 2371 absque
2328 2293 2641 2352 intrinseca
2667 2285 2975 2361 peccatoris
2996 2281 3344 2338 mutatione.
3405 2351 3409 2355 <

1981 2379 2398 2455 Consequentia
2437 2376 2635 2449 liquet.
2660 2371 2844 2445 Maior
2880 2368 3055 2424 etiam
3081 2368 3304 2421 constat
3333 2381 3347 2416 ε

1980 2477 2104 2523 tum
2148 2460 2420 2538 quianon
2448 2462 2533 2515 est
2577 2451 2947 2528 assignabile,
2983 2449 3044 2505 in
3087 2461 3199 2518 quo
3230 2443 3354 2499 alio

1981 2547 2249 2605 consistat
2275 2540 2514 2598 moralis
2555 2538 2656 2592 illa
2685 2529 3103 2607 permanentia,
3145 2523 3263 2579 nisi
3289 2522 3353 2577 in

1981 2644 2099 2684 non
2122 2621 2521 2681 retractatione
2551 2613 2757 2687 peccati
2774 2655 2787 2667 .
2812 2613 2958 2666 Tum
2983 2606 3178 2671 etiam,
3213 2603 3354 2676 quia

1983 2706 2165 2781 posita
2192 2698 2607 2760 retractatione,
2631 2697 2809 2748 cessat
2837 2710 2850 2745 ε
2880 2703 3015 2760 ergo
3043 2686 3220 2741 durat
3250 2699 3353 2755 per

1983 2802 2102 2843 non
2150 2778 2629 2840 retractationem.
2683 2774 2831 2825 Tum
2886 2768 3155 2840 denique,
3211 2778 3352 2820 nam

1984 2883 2112 2925 cum
2136 2865 2306 2921 homo
2335 2874 2435 2931 per
2456 2861 2643 2913 actum
2667 2849 2875 2925 peccati
2901 2864 2963 2906 se
2983 2846 3349 2904 determina-

1983 2948 2153 3011 verit,
2201 2949 2256 3000 et
2308 2940 2408 2996 uni
2449 2936 2596 3010 parti
2637 2930 2968 2991 voluntarie
3022 2926 3350 2985 adhaeserit.

1986 3025 2188 3085 tandiu
2233 3024 2494 3078 censetur
2541 3016 2600 3072 id
2646 3015 2837 3086 ipsum
2890 3010 3058 3076 velle,
3090 3004 3353 3081 quandiu

1989 3126 2106 3167 non
2133 3107 2258 3163 vult
2278 3100 2618 3175 oppositum,
2643 3097 2735 3152 vel
2764 3092 2913 3167 quod
2955 3092 3116 3164 prius
3145 3091 3354 3145 volue-

1991 3195 2096 3256 rat,
2128 3185 2422 3245 efficaciter
2451 3196 2568 3237 non
2611 3179 2901 3233 retractat.
2931 3173 3127 3228 Minor
3155 3175 3354 3226 autem

1989 3269 2330 3330 ostenditur,
2355 3264 2490 3337 quia
2519 3256 2844 3317 retractatio
2869 3254 3065 3311 efficax
3091 3256 3178 3309 est
3205 3254 3362 3308 actus

1991 3351 2183 3409 vitalis
2205 3343 2529 3421 peecatoriS,
2560 3356 2672 3412 quo
2699 3337 2807 3411 ipsi
2841 3335 3104 3408 displicet
3133 3333 3359 3393 forma-

1993 3434 2144 3497 liter,
2178 3430 2267 3487 vel
2303 3422 2632 3483 virtualiter
2661 3422 2949 3491 peccatum
2979 3413 3310 3488 praecedens
3339 3431 3353 3475 ;

1992 3512 2091 3570 sed
2118 3515 2272 3568 actus
2293 3505 2485 3564 vitalis
2500 3507 2723 3559 creatus
2747 3500 3017 3555 immutat
3044 3494 3365 3549 intrinsece

1994 3610 2163 3652 suum
2193 3588 2541 3665 principium
2573 3608 2587 3652 ;
2617 3599 2746 3639 cum
2792 3581 2986 3636 vivere
3013 3578 3088 3632 sit
3129 3571 3355 3631 moveri

1996 3676 2233 3747 aseipso
2264 3685 2435 3744 :ergo
2475 3665 2672 3737 nequit
2711 3661 2838 3718 dari
2881 3656 3209 3716 retractatio
3235 3652 3358 3710 effi-

1996 3776 2100 3816 cax
2141 3753 2349 3829 peccati
2414 3749 2624 3821 absque
2673 3744 2990 3801 mutatione
3047 3737 3361 3795 intrinseca
3458 3753 3464 3763 ⁴

2000 3836 2327 3913 peccatoris,

2071 3919 2232 3975 Adde
2254 3921 2544 3991 peccatum
2571 3907 2865 3967 habituale
2906 3900 3155 3978 praedicti
3185 3900 3366 3956 status

2000 4001 2510 4075 (qualitercumque
2540 4006 2676 4049 vera
2724 3988 2870 4044 ratio
2911 3983 3052 4041 mali
3093 3981 3276 4053 culpas
3302 3977 3362 4032 in

2002 4101 2068 4143 eo
2086 4085 2359 4146 salvetur,
2383 4079 2509 4134 sine
2523 4090 2636 4148 qua
2658 4069 2904 4130 essentia
2932 4064 3138 4141 peccati
3168 4059 3366 4133 nequit

2002 4166 2331 4233 consistere)
2367 4175 2484 4217 non
2507 4153 2835 4215 conservari
2865 4168 2896 4207 a
2924 4146 3166 4214 Deo,sed
3194 4162 3227 4202 a
3250 4142 3371 4198 solo

2006 4252 2310 4322 peccatore.
2345 4237 2510 4296 Unde
2536 4250 2753 4294 cessare
2796 4248 2912 4288 non
2947 4230 3101 4286 valet
3129 4243 3232 4300 per
3270 4237 3363 4278 so-

2006 4331 2124 4390 lam
2165 4324 2598 4399 suspensionem
2639 4316 2827 4374 divini
2873 4326 3219 4376 concursus;
3268 4301 3363 4360 sed

2007 4405 2419 4466 destruendum
2459 4408 2544 4460 est
2570 4400 2662 4457 vel
2687 4414 2787 4471 per
2834 4395 3088 4465 aliquam
3119 4389 3363 4445 formam

2010 4490 2120 4563 ipsi
2163 4487 2503 4561 oppositam,
2534 4482 2625 4539 vel
2665 4495 2765 4553 per
2787 4477 2908 4540 hoc,
2940 4470 3087 4547 quod
3119 4472 3370 4543 peccator

2011 4573 2132 4647 ejus
2177 4566 2670 4627 conservationem
2723 4557 2915 4617 media
2974 4550 3369 4611 retractatione

2013 4653 2402 4722 interrumpat
2434 4670 2447 4704 ε
2476 4660 2721 4719 quorum
2744 4646 3016 4698 neutrum
3045 4635 3172 4692 fieri
3196 4630 3370 4705 potest

2015 4734 2223 4806 absque
2251 4729 2569 4788 mutatione
2596 4724 2910 4781 intrinseca
2930 4718 3109 4792 ipsius
3133 4713 3367 4789 peccato·

2019 4815 2118 4881 riS,
2147 4819 2208 4870 ut
2226 4811 2357 4868 dub.
2386 4811 2423 4864 5
2470 4807 2652 4863 fusius
2672 4800 3045 4861 ostendimus,
3067 4795 3367 4852 Videamus

2020 4912 2176 4953 nunc
2205 4891 2393 4967 qualis
2414 4888 2644 4947 deberet
2663 4900 2803 4943 esse.

3243 5093 3365 5166 gn.
