3647 5753
1339 426 1515 481 mse.
1561 426 1680 493 vu,
1725 428 1893 483 Dua.
1941 429 2034 485 w.
2160 479 2165 483 .
2350 407 2354 411 ’
2962 440 3076 496 235

208 606 358 656 care,
409 596 469 648 et
497 591 886 651 determinare
930 610 1128 652 causas
1175 597 1467 653 naturales
1510 595 1580 652 ad

209 671 575 743 operandum
601 698 616 746 ;
645 680 701 731 et
723 679 932 742 tamen,
966 682 1029 731 ut
1063 676 1173 749 ipsi
1215 677 1400 743 aiunt,
1428 674 1582 733 istud

214 751 559 809 vocabulum
601 771 816 812 novum
863 762 969 814 est.
1017 758 1165 813 Tum
1218 773 1322 814 nec
1361 756 1431 812 ab
1474 757 1583 813 isto

216 832 457 890 nomine
485 835 713 907 penitus
756 835 1069 894 abhorrent
1096 837 1159 893 in
1186 834 1455 909 operibus
1504 836 1583 892 li-

18 939 203 983 comoez
219 911 392 980 beris,
417 919 480 970 ut
522 915 716 972 videre
742 923 827 972 est
852 917 1000 990 apud
1054 918 1333 974 Gonzalez
1363 915 1462 972 ubi
1489 932 1583 972 su-

218 1009 336 1065 pra,
366 995 605 1050 conclus.
629 997 684 1060 5,
708 1011 879 1067 quam
904 997 983 1053 ita
1001 996 1271 1070 proponit
1302 1016 1315 1050 ε
1351 1017 1376 1048 «
1406 995 1583 1060 Quin-

218 1095 244 1125 α
274 1078 334 1131 to
376 1075 546 1132 dico:
601 1076 843 1134 efficacia
914 1079 1115 1152 gratiae
1176 1076 1583 1151 praevenientis

217 1177 242 1208 «
278 1158 687 1228 praemoventis
735 1159 895 1231 quasi
939 1159 1172 1234 physice
1222 1161 1581 1216 voluntatem

215 1258 242 1286 α
274 1241 556 1304 nostram,
589 1237 803 1309 optime
843 1238 1092 1295 cohaeret
1117 1255 1247 1294 cum
1275 1234 1396 1294 'usu
1448 1254 1584 1295 nos-

215 1337 242 1366 «
271 1320 383 1371 trae
438 1316 702 1391 ingenuae
752 1316 1056 1374 libertatis.
1114 1320 1246 1376 Haec
1295 1317 1584 1375 conclusio

216 1417 241 1448 α
273 1411 348 1452 ex
391 1395 841 1468 praecedentibus
895 1397 1035 1453 satis
1080 1404 1163 1455 est
1231 1397 1579 1461 manifesta;

215 1498 240 1528 α
273 1477 516 1532 nomine
561 1476 719 1532 enim
749 1476 1141 1550 praemotionis
1185 1478 1450 1552 physicae,
1485 1481 1584 1533 aut

216 1580 239 1608 α
268 1558 435 1630 quasi
467 1557 712 1633 physicas
753 1559 940 1615 solum
969 1559 1357 1633 intelligimus
1407 1560 1581 1616 talem

216 1661 241 1691 α
272 1640 713 1712 praemotionem
739 1641 990 1714 Spiritus
1009 1641 1214 1708 sancti,
1238 1658 1363 1714 quae
1388 1657 1460 1697 ex
1481 1656 1584 1697 sua

216 1745 240 1774 «
267 1721 594 1779 intrinseca
620 1723 832 1780 virtute
858 1723 1157 1780 efficaciter
1203 1723 1446 1780 inclinet
1478 1739 1585 1780 vo-

215 1824 240 1854 «
270 1804 558 1859 luntatem
588 1801 657 1857 ad
707 1820 1068 1869 consensum,
1102 1804 1181 1860 ita
1227 1810 1289 1860 ut
1315 1821 1386 1861 ex
1430 1803 1584 1878 ejus-

218 1907 244 1936 «
272 1882 436 1940 modi
482 1884 857 1956 praemotione
911 1885 1242 1942 necessitate
1300 1884 1583 1941 illationis

221 1986 249 2018 (ι
279 1965 570 2022 inferatur
619 1982 927 2023 consensus
997 1967 1329 2032 voluntatis,
1391 1971 1496 2023 etc.
1550 1985 1576 2017 n

217 2048 403 2109 Quam
435 2046 675 2117 proinde
719 2048 1150 2119 responsionem
1180 2063 1298 2104 non
1326 2051 1444 2104 tam
1489 2061 1585 2102 re-

220 2126 491 2198 ponimus
546 2127 647 2183 his
708 2127 1081 2193 AuthoribuS,
1129 2144 1301 2200 quam
1349 2127 1583 2184 Molinae

215 2205 528 2277 discipulis,
560 2206 656 2280 qui
694 2207 1069 2279 frequentius,
1104 2211 1166 2262 ut
1193 2206 1469 2281 objectam
1496 2207 1582 2263 si-

219 2284 275 2341 bi
319 2285 573 2341 scientiae
618 2286 824 2344 mediae
873 2288 1186 2343 novitatem
1248 2284 1578 2351 retundant,

221 2364 322 2421 hoc
365 2365 470 2421 teli
496 2381 675 2439 genus
720 2367 1072 2440 intorquent,
1104 2366 1200 2424 sed
1249 2367 1579 2431 incassum;

222 2462 340 2501 non
376 2448 538 2503 enim
587 2450 923 2521 repellimus
963 2465 1173 2506 novam
1231 2463 1446 2515 vocem,
1485 2446 1583 2504 sed

221 2543 440 2583 novum
484 2546 644 2585 usum
674 2531 756 2587 rei
792 2532 912 2603 jam
944 2530 1166 2602 pridem
1194 2530 1456 2603 cognitae,
1485 2527 1584 2585 sed

219 2623 396 2679 quam
445 2612 508 2664 D.
549 2613 690 2684 Aug.
744 2611 1030 2683 reputavit
1082 2611 1373 2674 inutilem,
1429 2607 1578 2666 etin

221 2689 674 2746 Massiliensibus
697 2691 1042 2765 reprobavit,
1063 2697 1122 2748 ut
1142 2694 1361 2748 constat
1382 2706 1451 2747 ex
1468 2688 1582 2745 dic·

221 2768 294 2823 tis
315 2769 442 2826 dub.
468 2772 522 2836 3,
552 2779 601 2826 et
622 2773 766 2844 disp.
810 2773 853 2836 l,
880 2790 1001 2844 cap.
1043 2773 1087 2838 l,
1113 2789 1234 2844 cap.
1266 2772 1321 2838 5,
1340 2770 1433 2826 n.l
1455 2771 1574 2827 et·2.

19 2880 190 2921 >courri-
291 2851 378 2908 Ad
418 2852 918 2912 confirmationem
984 2852 1416 2927 respondemus,
1467 2850 1583 2909 eis-

18 2937 179 3021 ᾗῇ·
216 2930 429 3001 dem,et
446 2936 563 3009 maj
571 2934 766 2992 oribus
780 2934 1205 2992 difficultatibus
1231 2933 1441 3007 opponi
1465 2930 1584 2987 Ad-

27 3026 148 3070 uoai.
214 3017 504 3074 versarios
545 3016 698 3074 circa
740 3018 1235 3084 constitutionem,
1271 3021 1326 3074 et
1353 3016 1583 3073 effectus

212 3099 614 3170 praemotionis
633 3099 891 3165 moralis,
912 3099 1035 3156 sive
1055 3098 1261 3155 auxilii
1279 3097 1583 3155 moraliter

211 3180 626 3251 praemoventis
658 3204 672 3246 ;
700 3180 834 3252 quia
879 3196 1007 3236 cum
1050 3176 1585 3236 actusindelibera-

211 3266 302 3315 tus
323 3278 442 3319 non
486 3260 698 3318 habeat
733 3276 804 3317 ex
850 3277 910 3317 se
939 3259 1403 3321 indissolubilem
1444 3275 1584 3317 con-

210 3341 524 3399 nexionem
573 3357 708 3397 cum
747 3356 1027 3398 consensu
1075 3340 1318 3412 perfecte
1370 3339 1574 3405 libero,

205 3421 279 3477 ad
299 3439 471 3495 quem
503 3423 753 3479 inclinat
778 3446 795 3490 ;
825 3428 1105 3497 coguntur
1125 3423 1180 3479 ei
1199 3420 1583 3494 superaddere

210 3518 427 3560 novum
469 3503 733 3571 modum,
767 3508 828 3559 ut
873 3501 1129 3559 vidimus
1181 3506 1218 3581 ξ,
1257 3502 1482 3575 praeced.
1516 3503 1584 3558 Et

208 3589 344 3641 tunc
365 3590 545 3643 restat
584 3583 708 3640 illis
733 3600 1039 3658 exponere,
1065 3583 1204 3657 quid
1230 3584 1304 3639 sit
1332 3583 1433 3641 ille
1453 3600 1584 3641 mo-

157 3685 162 3690 ·
205 3664 331 3731 dus,
357 3681 532 3738 quem
555 3664 822 3721 effectum
852 3665 1160 3722 formalem
1183 3668 1426 3736 praestet,
1446 3662 1582 3737 quid

207 3749 530 3822 participet,
565 3747 706 3822 quid
734 3747 920 3813 addat,
962 3762 1141 3820 quare
1173 3746 1444 3819 importet
1464 3753 1581 3803 tam

207 3831 591 3888 infallibilem
639 3846 852 3887 nexum
895 3845 1026 3886 cum
1050 3834 1174 3885 actu
1204 3827 1388 3885 libero
1422 3831 1449 3885 P
1473 3833 1578 3885 etc.

209 3910 373 3970 Unde
411 3912 736 3969 trahuntur
800 3909 868 3966 ad
910 3909 1141 3967 easdem
1194 3907 1574 3977 difficultates,

203 4008 346 4064 quas
373 3989 750 4066 praemotioni
776 3990 1019 4064 physicae
1040 3989 1392 4063 impingunt.
1422 3990 1584 4045 Prae-

205 4073 407 4139 sertim
430 4089 565 4130 cum
599 4071 711 4145 ipsi
732 4069 988 4134 doceant,
1022 4072 1201 4127 Deum
1230 4084 1584 4141 praemovere

211 4153 439 4229 physice
481 4171 686 4213 causas
757 4144 1047 4208 naturales
1092 4151 1160 4207 ad
1201 4149 1578 4225 operandum,

207 4234 305 4290 ubi
329 4235 548 4294 eaedem
571 4238 883 4291 occurrunt
897 4231 1350 4287 difficultates.Et
1372 4229 1441 4287 ab
1464 4228 1584 4285 illis

199 4314 489 4383 discemus
532 4315 835 4391 propriam
882 4315 1002 4388 ejus
1048 4314 1131 4371 rei
1169 4314 1490 4378 notionem,
1527 4317 1586 4370 et

200 4397 450 4467 effectus,
482 4415 615 4472 quae
671 4395 837 4453 facile
879 4394 1294 4468 applicabimus
1332 4407 1584 4466 praemo-

202 4478 347 4536 tioni
377 4480 636 4556 physicae
664 4475 733 4534 ad
764 4480 917 4531 actus
945 4475 1176 4541 liberos,
1207 4473 1369 4530 salvo
1410 4472 1581 4530 modo

205 4560 510 4619 libertatis,
560 4559 677 4617 Sed
719 4573 922 4616 revera
963 4558 1081 4614 haec
1140 4557 1370 4612 nullum
1414 4570 1582 4630 nego-

206 4641 352 4697 tium
375 4637 1000 4711 facessunt,supposito
1028 4634 1175 4709 quod
1204 4635 1488 4692 auxilium
1510 4633 1586 4688 sit

203 4738 278 4781 ex
313 4740 395 4791 se,
419 4728 477 4781 et
517 4721 592 4778 ab
638 4721 952 4777 intrinseco
990 4717 1205 4781 efficax,
1259 4723 1322 4772 ut
1369 4715 1497 4789 ipsi,
1528 4719 1585 4773 et

206 4822 406 4864 omnes
452 4804 777 4862 Thomistae
816 4799 1152 4867 concedunt,
1185 4805 1241 4857 et
1266 4814 1338 4856 ex
1366 4799 1584 4854 unani-

209 4886 291 4943 mi
308 4902 512 4944 eorum
553 4898 843 4942 consensu
891 4880 1066 4937 dubio
1095 4878 1436 4953 praecedenti
1466 4882 1585 4935 sta-

210 4968 442 5025 tuimus.
474 4967 535 5023 Si
565 4981 699 5039 quae
722 4978 857 5020 vero
896 4960 1235 5034 explicanda
1254 4964 1580 5034 supersunt,

207 5047 331 5108 dub.
355 5066 463 5128 seq.
495 5042 945 5120 explicabimus.

2194 606 2478 661 DUBIUM
2508 610 2603 664 VI.

1752 742 2007 815 Qualiter
2027 749 2276 821 eaepediri
2291 750 2514 807 debeant
2546 753 2767 809 dubiota
2787 759 3035 833 quaedam

1884 827 2032 882 circa
2075 831 2357 887 auxilium
2381 834 2601 905 physice
2638 853 2857 892 ntovens
2880 839 2912 893 ?

1788 993 1924 1085 Qua-,s
1949 994 2220 1056 hactenus
2264 1003 2540 1072 diximus,
2586 1009 2724 1064 satis
2769 1009 3081 1068 ostendunt

1715 1081 2123 1164 necessitatem,
2156 1097 2219 1138 ac
2267 1085 2507 1156 proinde
2535 1089 2993 1161 possibilitatem,
3023 1093 3085 1146 et

1712 1158 2078 1214 existentiam
2111 1164 2317 1220 auxilii
2356 1183 2427 1224 ex
2459 1167 2519 1226 se
2545 1170 2801 1238 efficacis,
2850 1171 3085 1245 physice

1715 1240 2136 1306 praemoventis.
2182 1244 2290 1300 Sed
2356 1249 2490 1319 quia
2541 1256 2663 1322 post
2706 1253 3084 1323 quaestionem

1712 1331 1789 1406 ap
1813 1324 1909 1381 est,
1946 1324 2095 1376 recto
2122 1323 2327 1382 ordine
2368 1330 2616 1385 occurrit
2667 1332 2902 1402 quaestio
2944 1331 3085 1409 quid

1712 1400 1803 1459 stt,
1836 1404 2059 1487 oportet
2088 1403 2368 1474 praedictae
2395 1410 2668 1466 motionis
2714 1418 3005 1477 naturam,
3023 1415 3085 1469 et

1715 1482 2090 1565 proprietates
2110 1481 2430 1544 declarare.
2459 1491 2588 1546 Haec
2608 1507 2744 1548 vero
2770 1493 2906 1548 satis
2947 1508 3082 1548 ma·-

1716 1555 1922 1615 mfeste
1940 1575 2011 1616 ex
2057 1562 2345 1639 hucusque
2377 1567 2541 1625 dictis
2568 1572 2938 1646 colliguntur.
2968 1572 3079 1629 Sed

1713 1639 1848 1710 quia
1864 1642 2197 1701 Franciscus
2217 1648 2426 1707 Suarez
2448 1651 2541 1708 lib.
2563 1653 2598 1708 3
2611 1653 2674 1708 de.
2687 1655 3076 1728 auxiliis,cap.
3109 1704 3136 1746 S

1714 1721 1804 1787 30,
1837 1740 1962 1777 cum
1986 1729 2342 1804 sequentibus,
2370 1733 2564 1805 plures
2583 1736 2923 1808 quaestiones
2956 1737 3080 1794 cir-

1712 1816 1777 1858 ca
1806 1808 2095 1873 naturam,
2126 1813 2184 1865 et
2227 1810 2551 1871 affectiones
2592 1817 2760 1891 hujus
2802 1818 3081 1876 motionis

1713 1883 2003 1953 excitavit,
2049 1895 2105 1947 et
2145 1892 2297 1950 mira
2338 1900 2460 1951 arte
2497 1896 2715 1955 studuit
2753 1900 3081 1969 ostendere,

1713 1963 1861 2037 quod
1897 1967 2207 2029 Thomistae
2246 1974 2309 2028 in
2350 1991 2551 2032 earum
2582 1980 2930 2038 resolutione
2958 1982 3086 2040 for-

1714 2044 2012 2114 midolose,
2065 2052 2349 2128 ambigue,
2381 2060 2439 2112 et
2476 2059 2913 2118 contradictorie
2943 2079 3083 2136 pro-

1712 2124 1998 2213 cede-rent,
2025 2136 2085 2186 ut
2116 2133 2206 2188 vel
2233 2133 2338 2190 hac
2368 2136 2589 2193 ratione
2616 2139 2910 2212 physicam
2929 2157 3084 2214 prae-

1714 2209 2030 2263 motionem
2046 2209 2302 2268 odiosam
2319 2213 2636 2287 legentibus
2647 2216 2871 2284 faceret,
2891 2235 3085 2292 operae

1717 2285 1966 2354 pretium
2025 2289 2136 2344 erit
2165 2291 2288 2364 ejus
2333 2293 2880 2370 interrogationibus
2932 2315 3086 2366 reso-,-

1717 2364 1943 2432 lutorie,
1978 2372 2289 2442 perspicue,
2319 2378 2377 2429 et
2404 2373 2656 2433 breviter
2702 2378 3079 2450 respondere;

1713 2445 1862 2516 quod
1910 2448 2015 2505 hoc
2057 2448 2234 2508 dubio
2277 2455 2691 2525 praestabimus.
2725 2460 2793 2513 Et
2812 2460 3083 2533 quamvis

1716 2525 2017 2597 praedictus
2044 2531 2265 2589 Author
2308 2549 2404 2590 eas
2451 2535 2932 2613 interrogationes
2961 2556 3082 2598 non

1713 2607 1853 2663 satis
1905 2610 2164 2685 legitimo
2214 2613 2419 2673 ordine
2470 2621 2849 2692 proposuerit,
2905 2622 3080 2679 illum

1715 2692 1907 2746 tamen
1939 2709 2054 2750 non
2078 2694 2538 2768 immutabimus,
2565 2704 2625 2756 ut
2648 2702 3081 2775 eJusintentio-

1715 2770 1775 2825 ni
1799 2774 1985 2848 magis
2005 2775 2220 2834 directe
2244 2772 2508 2838 satisfiat.

1795 2853 1924 2911 324.
1943 2856 2140 2913 Prima
2157 2857 2531 2937 interrogatio
2549 2868 2650 2929 est,
2666 2883 2742 2921 an
2756 2884 3070 2935 concursus,
3110 2913 3183 2956 Pri

1709 2939 1949 3010 proevius
1967 2940 2040 2993 sit
2086 2940 2306 3017 aliquid
2344 2950 2588 2999 creatum
2614 2946 2647 2999 ?
2676 2926 3279 3019 Respondeturquaess‘ssv.

1714 3035 2052 3076 concursum
2069 3024 2350 3093 praevium
2374 3042 2533 3097 posse
2555 3029 2707 3084 sumi
2726 3030 2815 3086 vel
2846 3046 2950 3102 pro
2977 3047 3075 3087 ac·-

1714 3101 1872 3158 tione
1895 3103 2014 3170 Dei,
2046 3105 2138 3160 vel
2170 3122 2272 3178 pro
2296 3122 2385 3174 eo,
2413 3107 2563 3179 quod
2604 3108 2674 3165 ab
2705 3110 2804 3167 illa
2852 3111 3079 3169 actione

1713 3180 2010 3239 derivatur
2039 3182 2108 3239 ad
2130 3192 2474 3251 creaturam,
2496 3193 2557 3242 ut
2585 3188 2908 3247 formaliter
2925 3208 3078 3264 prae-

1715 3267 2032 3319 moveatur.
2086 3265 2286 3322 Primo
2335 3265 2505 3324 modo
2570 3284 2686 3325 non
2731 3275 2816 3326 est
2856 3270 3077 3345 aliquid

1712 3347 1988 3409 creatum,
2019 3343 2155 3416 quia
2200 3347 2346 3404 Deus
2375 3362 2492 3404 non
2520 3349 2636 3423 agit
2677 3366 2776 3422 per
2823 3352 3078 3410 actiones

1715 3425 2038 3482 formaliter
2084 3430 2466 3499 transeuntes,
2516 3435 2581 3486 ut
2605 3446 2734 3487 cum
2774 3434 2836 3488 D.
2865 3434 3071 3492 Thom.
3105 3476 3255 3520 Dm

1712 3508 1769 3572 2,
1818 3514 2009 3564 contra
2052 3514 2248 3577 qentes,
2293 3528 2413 3583 cap.
2469 3513 2551 3577 16,
2602 3519 2651 3567 ct
2714 3515 2732 3568 l
2802 3522 2952 3587 part.
3018 3534 3073 3593 q.
3148 3507 3159 3519 ”
3261 3507 3272 3518 '

1722 3586 1792 3641 13
1873 3594 1982 3643 art.
2038 3590 2095 3652 7,
2123 3594 2196 3643 ,εἰ
2268 3597 2454 3667 quaest.
2502 3593 2593 3658 25,
2626 3600 2737 3650 art.
2791 3598 2837 3659 1,
2885 3595 2962 3650 ad
3012 3598 3073 3662 2,

1713 3675 1880 3745 qnaest
1923 3668 2020 3732 41,
2055 3674 2165 3723 art.
2219 3669 2254 3723 4
2312 3671 2387 3724 ad
2432 3671 2485 3739 3,
2537 3677 2592 3729 et
2639 3673 2900 3746 pluribus
2945 3674 3084 3732 aliis

1714 3747 1852 3809 locis
1878 3745 2080 3803 docent
2106 3749 2493 3815 communiter
2519 3751 2846 3811 Thomistae.
2868 3756 3081 3812 Secun-

1714 3826 1786 3884 do
1807 3824 1978 3883 modo
1998 3830 2082 3882 est
2121 3827 2339 3900 aliquid
2363 3835 2619 3887 creatum
2660 3838 2823 3890 extra
2872 3835 3076 3904 Deum,

1715 3915 1776 3965 ut
1819 3924 1950 3966 cum
1991 3909 2287 3965 communi
2316 3910 2752 3970 Thomistarum
2792 3916 3079 3974 sententia

1713 3988 2069 4047 ostendimus
2119 3989 2490 4062 duom-aceti.
2540 3997 2595 4049 et
2624 3994 2964 4066 praacipue§
3024 3998 3075 4055 l.

1715 4072 1783 4125 Et
1803 4069 1866 4126 in
1897 4070 1998 4126 hac
2026 4069 2329 4142 posteriori
2374 4072 2695 4145 acceptione
2736 4076 2987 4147 pertinet
3006 4074 3081 4133 ad

1715 4165 1963 4223 praesens
2003 4149 2351 4217 institutum,
2404 4150 2469 4207 in
2496 4167 2609 4224 qua
2637 4153 2880 4226 proinde
2927 4154 3081 4212 illud

1713 4231 1979 4305 deinceps
2023 4230 2445 4305 usurpabimus,
2480 4239 2541 4290 ut
2567 4236 3079 4309 aequivocationem

1713 4314 1963 4370 vitemus
1987 4335 2000 4379 ;
2029 4328 2141 4385 quo
2163 4319 2321 4385 pacto
2348 4314 2557 4371 melius
2583 4317 2904 4390 appellatur
2928 4334 3080 4391 prae-

1714 4393 1892 4450 motio
1921 4392 2173 4466 physica.

1787 4473 1910 4526 325.
1956 4470 2214 4527 Secundo
2253 4469 2517 4544 inquirit,
2547 4490 2624 4529 an
2648 4474 2738 4530 hic
2781 4492 3273 4548 concurs-asma,

1706 4555 1947 4627 pravius
1964 4555 2037 4608 sit
2062 4552 2613 4624 ejusdemrationisin
2626 4556 3287 4615 omnibuscausisqwtio-

1713 4634 1962 4691 secundis
1986 4634 2016 4689 ?
2042 4631 2434 4706 Respondetur
2461 4636 2741 4711 negative.
2773 4639 2919 4693 Nam
2939 4654 3074 4695 cum

1716 4719 1862 4774 Deus
1906 4715 2008 4772 hac
2049 4716 2302 4772 motione
2346 4718 2561 4789 praevia
2608 4718 3080 4791 praedeterminet

1712 4801 2037 4854 creaturam
2078 4793 2147 4850 ad
2175 4796 2532 4867 operandum
2554 4797 2721 4872 juxta
2746 4800 2867 4873 ejus
2901 4804 3077 4857 natu-

1717 4892 1861 4940 ram,
1893 4880 1949 4931 et
1973 4878 2197 4930 servata
2221 4875 2455 4949 propria
2495 4877 2677 4949 ipsius
2721 4877 3075 4947 conditione,

1714 4961 1935 5031 oportet
1956 4953 2105 5029 quod
2156 4956 2318 5028 juxta
2363 4955 2754 5016 differentiam
2782 4960 3081 5034 agentium

1712 5034 2115 5102 secundorum,
2140 5040 2195 5091 et
2209 5033 2466 5095 diversas
2487 5053 2691 5096 eorum
2712 5039 2969 5113 operatio
2980 5056 3088 5099 nes
