3647 5753
160 702 316 758 contir-

160 756 306 795 matio.

167 1108 316 1167 Conci·

192 1160 295 1203 lium

173 1210 302 1252 Seno·

171 1267 318 1302 nense.

150 1766 335 1811 Occurri-

153 1825 217 1861 tur
235 1826 351 1868 argu·

172 1872 325 1909 mento.

348 364 411 420 16
1363 365 1457 420 DE
1495 366 1766 421 GRATIA
1806 367 2127 422 EFFICACI
2139 407 2151 421 .

346 541 743 599 antecedenter
767 543 835 599 ad
856 559 1233 612 consensum;
1263 549 1320 603 et
1344 562 1703 621 consequen-

346 629 433 679 ter
451 622 600 695 quod
629 623 704 678 sit
736 623 949 690 efficax,
977 622 1183 697 pendet
1210 624 1281 681 ab
1319 633 1549 683 eventu.

422 703 809 763 confirmatur
837 722 906 763 ex
942 706 1143 764 eodem
1186 709 1441 766 Concilio
1470 710 1591 766 loco
1616 708 1706 765 ci-

349 789 463 842 tato
482 805 606 843 can.
638 788 692 853 4,
725 786 822 843 ubi
849 786 1078 856 diffinit,
1112 787 1361 846 liberum
1391 789 1704 846 arbitrium

348 864 645 940 quibusvis
673 868 907 923 auxiliis
935 868 1249 925 actualibus
1278 868 1535 942 adjutum
1563 872 1708 943 (quas

349 948 743 1019 complectitur
791 965 890 1020 per
933 949 1033 1005 illa
1059 948 1255 1018 verba,
1279 968 1316 1005 a
1338 950 1449 1007 Deo
1476 958 1701 1017 motum,

353 1032 745 1099 eremitatem)
781 1046 940 1101 posse
961 1029 1265 1089 dissentire
1298 1055 1310 1089 :
1354 1036 1410 1089 et
1435 1032 1710 1089 similiter

358 1110 679 1168 Concilium
715 1112 1044 1167 senonense
1081 1113 1288 1169 decreto
1321 1116 1386 1171 15
1425 1113 1711 1171 determi-

360 1197 476 1258 nat,
495 1192 778 1246 auaeilt'um
816 1191 920 1248 Dei
946 1194 1214 1250 trahentis
1248 1198 1477 1270 (nempe
1496 1196 1713 1269 efficax)

356 1272 463 1328 tale
488 1288 613 1339 esse,
640 1278 701 1326 ut
720 1273 771 1327 ei
792 1275 960 1346 possit
998 1276 1182 1330 resisti
1202 1293 1221 1328 .·
1265 1292 1402 1351 ergo
1445 1275 1715 1350 quaelibet

354 1353 541 1426 gratia
555 1353 791 1409 actualis
810 1358 987 1426 potest
1007 1372 1135 1412 cum
1148 1355 1405 1415 dissensu
1417 1357 1710 1432 conjungi:

355 1447 491 1506 ergo
520 1433 682 1488 nulla
729 1432 896 1490 habet
922 1450 1050 1491 cum
1078 1453 1357 1495 consensu
1398 1437 1716 1495 connexio-

359 1528 494 1569 nem
524 1511 897 1570 infallibilem
929 1537 944 1581 ;
989 1519 1156 1588 atque
1177 1516 1305 1575 ideo
1323 1517 1520 1592 gratiae
1541 1516 1719 1573 effica-

360 1595 447 1731 ciffiri
471 1610 586 1650 non
613 1601 697 1651 est
743 1596 1099 1665 antecedenS,
1141 1598 1238 1656 sed
1279 1603 1622 1672 consequuta
1648 1596 1718 1653 ad

362 1692 393 1733 e
438 1681 645 1733 ectum.

438 1749 523 1805 Ad
573 1756 977 1823 argumentum
1020 1769 1311 1826 possemus
1358 1753 1716 1827 respondere,

367 1832 558 1890 Primo
579 1848 838 1889 concessa
857 1836 1081 1909 majori,
1110 1835 1372 1911 negando
1392 1837 1718 1893 minorem:

367 1913 639 1985 quoniam
669 1919 787 1969 esto
813 1916 1003 1970 omnis
1027 1917 1213 1991 gratia
1242 1917 1477 1974 actualis
1503 1917 1724 1973 consis-

366 1999 450 2051 tat
473 1997 531 2052 in
555 1994 806 2051 motibus
834 1995 1231 2054 indeliberatis
1265 2004 1472 2055 sanctae
1508 1998 1725 2072 cogita-

369 2076 560 2142 tionis,
593 2080 647 2132 et
686 2075 952 2144 affectus3
1001 2083 1057 2134 et
1093 2078 1240 2151 quod
1289 2077 1498 2136 dentur
1534 2079 1727 2151 plures

367 2157 693 2231 hujusmodi
735 2164 940 2225 motus,
984 2160 1081 2232 qui
1134 2160 1444 2218 inefficaces
1493 2161 1612 2217 sint
1657 2159 1727 2216 ab

370 2238 680 2295 intrinseco
707 2261 720 2295 :
748 2239 1132 2297 nihilominus
1160 2244 1352 2314 plures
1375 2242 1476 2299 alii
1499 2246 1655 2303 sunt,
1673 2245 1729 2296 et

368 2325 783 2393 cognoscuntur
805 2335 836 2374 a
866 2323 977 2376 Deo
1006 2336 1104 2392 per
1122 2322 1421 2378 scientiam
1447 2320 1731 2393 simplicis

375 2401 788 2474 intelligentiae,
833 2400 929 2473 qui
954 2400 1165 2458 habent
1192 2402 1570 2459 infallibilem
1591 2417 1732 2458 con-

376 2481 682 2535 nexionem
710 2496 839 2535 cum
881 2496 1156 2537 consensu
1192 2504 1204 2539 :
1236 2489 1402 2555 atque
1445 2481 1573 2538 ideo
1615 2496 1732 2538 non

375 2561 561 2617 solum
609 2560 762 2627 dant,
807 2562 895 2618 vel
942 2563 1231 2634 complent
1260 2566 1413 2620 vires
1457 2563 1528 2619 ad
1557 2578 1735 2637 agen-

375 2643 533 2715 dum,
580 2641 677 2698 sed
719 2642 895 2698 etiam
920 2644 1210 2715 applicant
1248 2644 1645 2701 infallibiliter
1667 2642 1735 2698 ad

376 2729 563 2781 actum
618 2739 649 2779 a
689 2725 804 2779 Deo
844 2723 1130 2780 intentum
1167 2746 1180 2780 :
1226 2732 1283 2781 et
1327 2731 1737 2798 consequenter

376 2809 510 2859 sunt
533 2803 932 2876 praemotiones
952 2805 1216 2873 efficaces,
1242 2811 1299 2862 et
1321 2806 1732 2871 antecedentes,

380 2902 498 2944 non
541 2886 787 2960 physice,
819 2887 916 2944 sed
946 2890 1265 2957 moraliter,
1293 2897 1354 2946 ut
1379 2890 1557 2962 aliqui
1582 2889 1737 2944 Tho-

383 2966 572 3022 mistae
619 2965 770 3022 haud
811 2967 1277 3041 improbabiliter
1322 2970 1545 3028 docent.
1578 2966 1740 3034 Quod

380 3047 520 3104 satis
546 3063 828 3121 superque
857 3050 1109 3124 ¹exponit
1155 3052 1548 3109 auctoritatem
1592 3053 1741 3108 Con-

384 3130 525 3195 cilii,
556 3135 613 3185 et
633 3129 865 3186 Molinae
888 3130 1268 3188 intentionem
1290 3132 1472 3189 eludit
1499 3155 1511 3190 :
1536 3149 1610 3189 an
1640 3149 1743 3188 au-

386 3215 500 3268 tem
524 3225 728 3274 verum
754 3211 845 3276 sit,
875 3210 1001 3267 dub.
1028 3213 1063 3266 5
1091 3213 1443 3270 videbimus,
1493 3213 1745 3273 Secundo

387 3289 764 3362 respondetur
804 3290 1060 3348 absolute
1102 3293 1361 3366 negando
1416 3295 1696 3369 maJ'0rem
1728 3317 1743 3361 ;

387 3389 526 3429 nam
566 3378 629 3428 ut
655 3373 831 3445 liquet
851 3388 919 3430 ex
942 3373 1107 3430 dictis
1133 3376 1274 3449 disp.
1307 3378 1361 3442 5,
1390 3382 1595 3448 praeter
1618 3391 1748 3432 mo-

387 3462 480 3511 tus
512 3454 917 3513 indeliberatos
943 3458 1406 3530 supernaturales
1429 3457 1748 3531 requiritur

384 3535 573 3611 gratia
619 3537 873 3602 actualis,
915 3554 1123 3610 nempe
1148 3539 1393 3610 qualitas
1438 3538 1744 3598 transiens.

388 3633 514 3689 quae
553 3617 627 3672 sit
654 3618 1004 3691 principium
1033 3617 1366 3677 immediate
1397 3620 1644 3676 influens
1686 3618 1750 3673 in

392 3705 547 3755 actus
597 3702 1097 3772 supernaturales,
1144 3707 1263 3758 tam
1313 3702 1744 3766 indeliberatos,

390 3797 565 3853 quani
588 3780 948 3849 deliberatos,
983 3789 1040 3838 ut
1066 3782 1145 3839 ibi
1173 3783 1596 3841 declaravimus
1621 3781 1748 3839 dub.

395 3863 431 3915 2
446 3867 501 3917 et
519 3863 552 3915 4
570 3884 582 3927 ;
600 3863 882 3933 reperitur
901 3864 1076 3920 etiam
1100 3867 1278 3922 motio
1300 3865 1611 3938 applicans,
1631 3864 1754 3919 sive

398 3942 671 3999 virtutem
689 3945 1042 4016 operatiram
1071 3947 1141 4004 ad
1159 3953 1346 4004 actum
1360 3947 1564 4023 agendi
1591 3947 1757 4004 redu-

398 4037 549 4090 cenS,
586 4030 647 4078 ut
675 4023 887 4081 ibidem
912 4025 1164 4084 diximus
1191 4029 1317 4085 dub.
1348 4031 1403 4095 6,
1429 4034 1485 4085 et
1504 4029 1756 4101 amplius

400 4103 679 4161 constabit
707 4122 777 4162 ex
803 4106 960 4165 infra
999 4108 1254 4166 dicendis
1280 4109 1407 4164 dub.
1438 4112 1491 4175 5,
1527 4109 1626 4165 ubi
1654 4109 1758 4166 de-

401 4185 845 4244 terminabimus
879 4190 1211 4264 praedictum
1253 4190 1539 4248 auxilium
1568 4192 1758 4264 appli-

402 4279 536 4321 cans
563 4283 684 4325 esse
711 4270 1004 4345 physicam
1049 4274 1502 4345 praemotionem.
1535 4274 1759 4330 Antho-

409 4348 547 4401 ritas
617 4355 806 4406 autem
866 4351 1197 4408 Tridentini
1265 4354 1329 4411 in
1400 4353 1758 4412 contrarium

406 4426 646 4485 adducta
663 4430 812 4488 nihil
835 4434 1151 4500 convincit:
1178 4440 1299 4491 tum
1321 4436 1470 4507 quia,
1496 4442 1615 4492 esto
1644 4450 1762 4491 non

402 4510 661 4568 docuerit
699 4516 1089 4573 necessitatem
1119 4517 1323 4573 auxilii
1368 4517 1764 4590 praedetermi-

409 4593 603 4647 nantis
631 4593 859 4667 physice
879 4596 1046 4669 (quod
1075 4595 1256 4653 adhuc
1279 4603 1475 4654 manet
1494 4597 1599 4654 sub
1624 4614 1764 4655 con-

406 4677 688 4732 troversia
717 4678 1096 4754 Theologica),
1130 4680 1272 4737 iilud
1295 4685 1487 4737 tamen
1516 4682 1765 4738 minime

407 4757 675 4823 excludit,
703 4765 800 4816 aut
822 4763 1066 4835 negavit.
1087 4764 1234 4818 Tum
1256 4764 1451 4830 etiam,
1477 4764 1612 4836 quia
1627 4761 1764 4818 dum

408 4841 586 4911 docet,
614 4843 862 4900 liberum
887 4844 1196 4902 arbitrium
1226 4861 1259 4901 a
1281 4847 1393 4902 Deo
1419 4845 1677 4910 excitari,
1712 4849 1768 4901 et

412 4927 653 4993 moveri,
702 4931 1004 4999 utramque
1048 4928 1362 4986 motionem
1405 4928 1768 4999 complexum

411 5012 517 5073 est,
564 5024 770 5082 nempe
820 5009 1219 5073 elevationem,
1263 5014 1316 5064 et
1361 5008 1767 5064 excitationem
1828 5008 1842 5057 1

1838 560 1938 618 per
1958 543 2202 620 gratiam
2243 539 2636 600 sufficientem,
2675 539 2730 590 et
2756 527 3187 620 applicativam,

1837 631 2004 699 atque
2054 628 2378 682 moventem
2408 617 2638 694 physice
2660 629 2760 688 per
2785 617 3033 688 gratiam
3057 605 3185 666 effi-

1837 723 2046 766 cacem.
2381 730 2397 745 ·
3102 730 3103 733 η

1911 789 1999 846 Ad
2018 786 2516 846 confirmationem
2545 777 2850 837 dicendum
2880 778 2981 840 est,
3010 770 3198 845 potius
3213 775 3421 820 Diluitur

1840 890 1913 931 ex
1938 872 2041 928 illa
2068 869 2411 927 authoritate
2426 861 2665 923 Concilii
2689 856 2915 917 firmari
2938 850 3201 928 Augusti·
3239 826 3399 919 22¹¹ssss

1844 955 2082 1013 nianam
2108 950 2453 1009 sententiam
2486 971 2500 1016 ;
2538 960 2672 1002 nam
2721 938 3040 999 Concilium
3069 949 3200 992 eam

1843 1036 2088 1112 gratiam
2127 1032 2434 1090 conciliare
2476 1024 2694 1084 studuit
2733 1037 2862 1079 cum
2907 1016 3191 1078 libertate,

1844 1132 2015 1190 quam
2063 1113 2306 1172 Ecclesia
2330 1108 2615 1167 Catliolica
2640 1102 2919 1161 efficacem
2941 1094 3194 1155 docebat,

1846 1202 1902 1254 et
1926 1213 2098 1269 quam
2147 1193 2395 1251 haeretici
2433 1185 2835 1246 causabantur,
2875 1194 2996 1271 non
3036 1190 3201 1250 posse

1847 1296 1977 1337 cum
2001 1277 2261 1335 libertate
2303 1271 2589 1347 componi.
2636 1261 2973 1354 HuJ'usmodi
3010 1264 3204 1317 autem

1847 1360 2030 1435 gratia
2055 1373 2175 1415 non
2202 1362 2287 1414 est
2311 1354 2497 1431 gratia
2510 1364 2670 1407 mere
2695 1344 2998 1407 sufficiens,
3033 1354 3205 1414 pror-

1849 1458 1945 1498 sus
1970 1439 2327 1506 indifferens,
2367 1442 2424 1493 et
2445 1434 2604 1490 utsic
2644 1433 2967 1502 loquamur,
2994 1436 3158 1515 cerea
3191 1444 3206 1482 ·,

1851 1538 1975 1596 quae
1996 1537 2113 1579 non
2152 1520 2397 1593 applicat
2418 1513 2747 1576 arbitrium,
2772 1506 2870 1576 sed
2899 1509 3084 1579 potius
3109 1517 3211 1558 ai·-

1853 1601 2373 1673 bitrium-trahitur
2411 1596 2481 1655 ad
2509 1592 2834 1670 agendum;
2877 1594 3111 1681 et‘quae,
3144 1589 3207 1638 ut

1854 1687 2107 1758 loquitur
2146 1683 2390 1747 Lessius‚
2439 1685 2525 1736 est
2568 1676 2783 1740 efficax,
2809 1671 2901 1729 vel
2943 1666 3203 1725 inefficax

1856 1786 1960 1843 pro
1984 1767 2153 1825 liberi
2170 1763 2399 1823 arbitrii
2423 1766 2565 1817 nutu
2586 1780 2599 1814 z
2623 1758 2769 1813 hanc
2782 1754 2940 1812 enim
2953 1750 3205 1840 nullu-m,

1857 1850 1949 1905 vel
1982 1861 2264 1920 apparens
2304 1840 2786 1915 impedimentum
2833 1832 3085 1922 libertati
3111 1844 3212 1884 in-

1858 1931 2029 1996 ferre,
2054 1934 2139 1987 est
2159 1927 2298 1984 adeo
2319 1923 2575 1988 evidens,
2603 1925 2663 1978 ut
2689 1914 3069 1990 stupidissimi
3097 1911 3218 1967 hae-

1861 2013 2021 2069 retici
2044 2012 2100 2069 id
2143 2009 2307 2068 nobis
2352 2005 2598 2079 objicere
2637 2002 2996 2059 vererentur.
3029 1995 3217 2083 Immo

1860 2109 2000 2151 vero
2038 2094 2087 2149 si
2123 2091 2254 2147 talis
2278 2087 2464 2163 gratia
2488 2083 2702 2148 efficax,
2735 2080 2964 2154 qualem
2991 2075 3219 2166 Molina

1863 2174 2139 2250 procudit,
2187 2172 2249 2228 in
2289 2168 2539 2227 Ecclesia
2584 2165 2683 2222 Dei
2724 2168 2856 2221 ante
2895 2158 3220 2244 Concilium

1863 2254 2287 2317 'rridentinum‚
2316 2256 2373 2307 et
2402 2250 2464 2304 in
2496 2248 2619 2320 ipso
2658 2242 2912 2301 Concilio
2933 2234 3225 2311 depraedi-

1864 2340 1987 2393 cata
2013 2334 2227 2398 fuisset,
2272 2330 2457 2403 potius
2487 2325 2736 2384 haeretici
2777 2321 3088 2395 objicerent
3106 2317 3222 2405 ‚Ec-

1865 2415 2048 2472 clesiae
2064 2412 2309 2469 nimiam
2335 2408 2503 2465 liberi
2531 2403 2760 2463 arbitrii
2781 2416 2953 2474 supra
2973 2402 3223 2486 gratiam

1866 2493 2282 2557 extollentiam,
2317 2507 2433 2548 non
2461 2503 2600 2545 vero
2646 2482 2873 2541 arbitrii
2903 2479 3228 2552 depressio-

1869 2591 2003 2632 nem
2034 2590 2135 2647 per
2153 2572 2400 2648 gratiam
2429 2593 2442 2637 ;
2471 2585 2600 2626 cum
2646 2567 2793 2622 hanc
2814 2578 2916 2619 nec
2937 2572 3229 2647 apparen-

1870 2663 1957 2714 ter
1978 2659 2205 2729 possent
2233 2650 2539 2709 Catholicis
2582 2644 2950 2719 exprobrare.
2985 2638 3045 2694 Id
3093 2653 3231 2710 qui-

1871 2737 2002 2794 dem
2021 2752 2136 2793 non
2158 2735 2433 2799 fecerunt,
2458 2729 2557 2788 sed
2581 2727 2828 2803 gratiam
2849 2722 3128 2780 efficacem
3158 2717 3232 2808 ab

1872 2818 2188 2894 Augustino
2241 2818 2537 2878 assertam,
2581 2815 2638 2867 et
2677 2804 2943 2864 Ecclesiae
2988 2800 3232 2857 notissi-

1873 2916 2051 2965 mam,
2082 2897 2375 2955 destruere
2403 2893 2726 2950 libertatem
2751 2888 3134 2944 affirmarunt.
3154 2882 3235 2935 Ut

1874 2997 2009 3055 ergo
2030 2977 2351 3036 Concilium
2396 2990 2470 3032 ex
2490 2989 2605 3030 una
2648 2975 2808 3045 parte
2832 2966 3078 3042 gratiam
3108 2959 3237 3017 effi-

1876 3076 2063 3117 cacem
2104 3059 2167 3115 in
2222 3056 2467 3114 Ecclesia
2508 3052 2797 3111 Catholica
2836 3060 3013 3119 usque
3053 3040 3128 3104 ad
3168 3056 3241 3098 ea

1879 3148 2137 3213 tempora
2151 3154 2222 3195 ex
2239 3136 2545 3213 Augustini
2567 3131 2827 3190 doctrina
2844 3125 3208 3214 praedicatam
3220 3165 3233 3182 .

1880 3222 2152 3279 adversus
2200 3218 2556 3293 Pelagianos,
2612 3219 2909 3271 eteorum
2962 3206 3241 3294 reliquias

1881 3307 2175 3368 tueretur;
2242 3305 2297 3357 et
2338 3295 2570 3355 aliunde
2604 3293 2929 3350 libertatem
2968 3284 3234 3372 arbitrii,

1881 3401 2054 3458 quam
2100 3381 2411 3438 Lutherani
2457 3377 2530 3436 ob
2568 3370 3092 3458 dependentiamra
3131 3364 3240 3420 tali

1882 3464 2067 3541 gratia
2087 3477 2159 3520 ex
2203 3479 2263 3519 se
2283 3460 2489 3519 efficaci
2517 3456 2699 3515 everti
2726 3450 3008 3516 dicebant,
3037 3460 3247 3538 incon-

1884 3560 2105 3603 cussam
2127 3542 2429 3606 stabiliret,
2466 3538 2642 3594 simul
2671 3541 2975 3605 utrumque
2995 3541 3248 3601 conjun-

1886 3627 1988 3692 xit,
2015 3641 2223 3698 nempe
2242 3629 2295 3680 et
2325 3622 2574 3679 liberum
2622 3616 2931 3674 arbitrium
2957 3609 3143 3687 gratia
3168 3622 3245 3663 ex

1884 3723 1946 3764 se
1982 3705 2190 3776 efficaci
2232 3703 2472 3770 moveri,
2517 3706 2574 3758 et
2601 3695 2836 3755 aliunde
2876 3708 3036 3784 posse
3081 3703 3247 3780 voca-

1889 3870 2090 3938 fertur,
2136 3867 2264 3926 fieri
2302 3880 2460 3940 posse
2485 3861 2634 3936 quod
2678 3858 2864 3935 gratia
2884 3854 3098 3918 efficax,
3152 3853 3244 3909 vel

1890 3948 2035 4005 illud
2058 3949 2362 4014 auxilium,
2395 3943 2544 4018 quod
2585 3945 2649 3998 D.
2676 3937 3025 4013 Augustinus
3050 3932 3251 3990 efficax

1891 4031 2156 4103 appellat,
2181 4035 2238 4086 et
2264 4026 2499 4085 actualis
2521 4024 2813 4080 dissensus
2833 4021 3042 4092 queant
3068 4014 3248 4070 simul

1892 4112 2219 4179 coexistere,
2246 4109 2394 4183 quod
2414 4106 2812 4165 estdissentire
2834 4102 3072 4157 insensu
3087 4110 3253 4186 com-

1894 4193 2095 4266 posite,
2127 4198 2184 4248 et
2236 4189 2490 4263 potentia
2514 4188 2890 4257 consequente
2918 4202 2931 4236 :
2957 4178 3018 4234 id
3036 4189 3250 4250 quippe

1893 4274 2142 4330 minime
2187 4269 2547 4329 desideratur
2583 4266 2653 4323 ad
2693 4264 3033 4325 libertatem,
3073 4271 3251 4345 quam

1896 4352 2214 4411 Concilium
2255 4350 2403 4407 tueri
2433 4343 2782 4404 intendebat.
2814 4340 2919 4397 Sed
2945 4340 3132 4395 solum
3153 4350 3254 4389 in-

1895 4436 2100 4501 fertur,
2149 4431 2298 4506 quod
2319 4435 2504 4488 stante
2530 4426 2747 4483 auxilio
2772 4421 2998 4485 efficaci,
3030 4423 3087 4475 et
3111 4430 3255 4472 con-

1897 4534 2067 4576 sensu
2097 4516 2167 4573 ad
2189 4518 2379 4589 ipsum
2405 4509 2769 4583 subsequuto,
2798 4504 3041 4562 retineat
3080 4500 3258 4556 homo

1899 4601 2232 4674 potestatem
2269 4591 2693 4651 antecedentem
2724 4586 2794 4644 ad
2821 4585 3141 4641 dissensum
3162 4596 3260 4638 se-

1898 4678 2149 4737 cundum
2170 4693 2250 4743 se,
2269 4681 2326 4732 et
2342 4675 2406 4730 in
2425 4689 2596 4730 sensu
2608 4670 2944 4741 diviso,quae
2956 4678 3258 4736 nunquam

1903 4759 2191 4818 reducitur
2238 4755 2308 4814 ad
2337 4759 2545 4820 actum,
2578 4769 2641 4809 ac
2680 4746 2918 4824 perinde
2959 4758 3261 4835 nunquam

1905 4841 2091 4899 reddit
2117 4839 2402 4897 auxilium
2445 4835 2723 4892 inefficax.
2752 4832 2821 4886 Et
2846 4829 2952 4885 hoc
2973 4831 3263 4899 posterius

1902 4938 2021 4979 non
2063 4910 2285 4985 sufficit,
2316 4917 2417 4974 sed
2463 4913 2609 4972 illud
2640 4913 2798 4987 prius
2844 4913 2968 4966 erat
2994 4921 3262 4962 neeessa-

1904 5002 2058 5058 rium
2101 4999 2169 5057 ad
2192 4995 2630 5058 verificandum,
2662 4989 2812 5065 quod
2840 4987 3087 5064 gratiam
3134 5000 3264 5042 esse

2954 5069 3259 5133 efficacem,
