3647 5753
1336 375 1513 436 DISP.
1558 381 1678 446 vn,
1723 381 1887 438 DUB.
1934 382 2000 438 V.
2967 384 3074 440 221

189 569 221 598 <s
267 553 474 621 potest
499 549 572 606 ad
600 566 854 609 amorem
882 558 1178 619 creaturae,
1227 555 1320 611 vel
1361 554 1461 611 Dei
1484 569 1585 627 per

190 650 223 679 <t
263 628 528 686 modum
570 630 884 688 suadentis.
909 634 992 688 Ex
1041 639 1202 706 parte
1228 649 1367 692 vero
1406 634 1585 707 ipsius

190 733 219 761 α
263 711 563 793 potentias
587 714 853 770 voluntas
876 717 1035 772 nullo
1061 715 1234 773 modo
1261 721 1442 789 potest
1467 731 1586 773 mo·

188 815 222 842 <r
258 792 407 849 veri
440 793 558 850 nisi
589 810 625 849 a
645 795 1059 868 Deo.0peratio
1084 797 1245 853 enim
1273 797 1585 854 voluntatis

188 895 219 925 a
255 879 358 930 aet
388 874 702 933 inclinatio
742 877 997 951 quaedam
1046 878 1293 935 volentis
1333 879 1396 935 in
1433 879 1587 937 voli-

187 977 218 1005 α
258 958 449 1011 tum:
494 954 644 1011 hanc
680 963 870 1013 autem
933 957 1372 1015 inclinationem
1431 960 1584 1016 solus

188 1058 217 1085 e«
257 1035 379 1092 ille
418 1036 736 1095 immutare
784 1042 982 1111 potest,
1033 1039 1131 1111 qui
1175 1038 1451 1096 virtutem
1480 1055 1586 1097 vo-

186 1141 215 1170 a
255 1118 441 1175 leudi
481 1126 759 1176 creatura}
809 1120 1072 1176 contulit.
1104 1142 1129 1172 n
1183 1120 1338 1178 Idem
1381 1123 1586 1195 repetit

179 1198 343 1254 aliis
371 1198 516 1256 locis
541 1215 715 1271 supra
742 1199 946 1264 citatiS,
978 1200 1040 1256 in
1061 1200 1270 1272 quibus
1291 1203 1452 1259 omni
1473 1202 1584 1258 du—

179 1277 297 1335 bio
330 1279 543 1352 procul
573 1279 832 1337 attribuit
861 1283 975 1336 Deo
1013 1281 1319 1353 specialem
1348 1282 1583 1340 modum

180 1359 572 1416 immutandi
592 1361 947 1417 voluntatem
966 1361 1027 1417 in
1050 1362 1321 1435 seipsa,et
1332 1378 1403 1419 ex
1425 1369 1584 1436 parte

184 1439 489 1513 potentiae
508 1439 843 1497 distinctum
885 1441 956 1497 ab
983 1442 1143 1498 omni
1173 1443 1428 1501 motione
1454 1459 1584 1501 mo-

186 1519 340 1584 rali,
362 1536 498 1593 quae
519 1519 582 1576 fit
608 1520 797 1578 medio
817 1521 1051 1596 obJectO,
1099 1529 1156 1579 et
1180 1539 1303 1595 quae
1330 1522 1578 1590 diabole,

182 1607 249 1657 et
277 1600 514 1657 sanctis
537 1602 770 1676 Angelis
799 1607 978 1675 potest
999 1599 1330 1660 convenire.

128 1695 171 1726 ²·
267 1682 420 1737 308.
466 1684 581 1739 Nec
614 1682 888 1739 satisfacit
924 1684 973 1738 si
1024 1683 1391 1756 respondeaS,
1434 1684 1583 1758 quod

185 1765 339 1822 licet
370 1765 546 1831 Deus,
577 1771 634 1822 et
653 1767 855 1841 Angeli
878 1770 1086 1839 queant
1114 1782 1349 1825 movere
1371 1769 1583 1826 volun-

186 1852 387 1902 tatem
418 1851 671 1902 creatam
701 1846 955 1903 motione
981 1847 1194 1903 morali
1232 1868 1245 1903 ε
1276 1848 1583 1905 nihilomi-

188 1943 313 1982 nus
372 1931 619 1983 movent
662 1926 831 1984 modo
877 1927 1044 2001 longe
1097 1927 1328 1985 diverso
1376 1946 1389 1980 ε
1445 1945 1581 1986 nam

187 2012 357 2066 Deus
382 2007 651 2082 producit
686 2008 1037 2075 immediate,
1070 2014 1126 2066 et
1178 2010 1409 2084 physice
1454 2027 1583 2069 mo-

187 2090 435 2147 tionem
482 2089 787 2154 moralem,
833 2105 866 2146 a
908 2105 1023 2162 qua
1076 2091 1343 2146 voluntas
1372 2091 1584 2149 imme-

189 2169 362 2226 diate
411 2168 713 2235 excitatur,
763 2185 971 2242 nempe
1008 2171 1416 2244 cognitionem,
1458 2174 1583 2231 sive

192 2250 786 2323 repraesentationem
808 2249 1008 2324 objecti
1036 2274 1050 2318 ;
1074 2251 1243 2308 efficit
1262 2252 1423 2308 enim
1450 2269 1583 2326 spe-

189 2329 554 2395 cies‚lumen
571 2329 1535 2394 intellectivum,etintellectionem
1566 2354 1579 2390 ε

192 2425 462 2481 quorum
487 2415 755 2465 neutrum
778 2409 1007 2484 attingit
1027 2412 1276 2485 Angelus
1291 2428 1323 2469 e
1339 2413 1576 2470 ffective.

199 2488 387 2545 Unde
437 2490 574 2546 satis
625 2491 847 2546 eminet
886 2490 1065 2548 motio
1111 2493 1352 2549 moralis
1403 2494 1502 2550 Dei
1550 2510 1582 2550 a

204 2571 478 2628 motione
504 2572 710 2629 morali
744 2573 945 2647 angeli
974 2579 1067 2631 :et
1104 2573 1582 2632 sufficientersal-

205 2656 414 2716 vatur,
437 2651 583 2723 quod
609 2654 758 2708 Deus
783 2652 990 2709 habeat
1015 2654 1321 2725 specialem
1346 2653 1581 2711 modum

202 2733 362 2788 imm
376 2730 1578 2801 utandivoluntatemcreatam,utD.Thom.

203 2813 492 2872 intendit.

120 2914 168 2953 lt·
280 2898 429 2962 Hoc,
476 2898 733 2972 inquam,
780 2916 898 2956 non
938 2898 1231 2964 satisfacit,
1274 2899 1371 2957 sed
1414 2901 1582 2958 facile

195 2979 566 3037 confutatur.
595 2982 742 3036 Tum
764 2981 901 3054 quia
941 2986 1057 3039 tota
1103 2981 1205 3038 illa
1231 2981 1576 3051 differentia,

197 3079 387 3135 quam
413 3062 533 3118 haec
560 3063 852 3137 responsio
895 3064 1167 3138 assignat,
1210 3069 1295 3121 est
1323 3081 1582 3138 praesup-

201 3146 420 3218 posita,
456 3149 515 3201 et
540 3146 864 3202 materialis
890 3146 959 3202 ad
987 3144 1223 3202 modum
1255 3147 1576 3220 proprium,

194 3234 253 3284 et
277 3228 626 3300 proximum
650 3226 999 3285 immutandi
1029 3230 1385 3285 voluntatem
1409 3253 1422 3295 ;
1446 3230 1582 3302 quia

198 3324 457 3365 movens
500 3325 600 3381 per
624 3310 976 3372 suasionem.
1008 3310 1099 3365 vel
1130 3310 1580 3383 propositionem

198 3388 418 3463 objecti
446 3403 563 3444 non
602 3390 771 3446 aliter
800 3395 1010 3451 movet.
1043 3406 1215 3462 quam
1257 3390 1447 3462 ipsum
1476 3390 1581 3448 ob-

192 3469 444 3541 jectum,
471 3467 663 3525 medio
681 3486 794 3542 quo
821 3475 1015 3527 movet
1041 3491 1054 3526 z
1085 3474 1251 3542 atque
1279 3470 1404 3528 ideo
1430 3470 1579 3543 quod

204 3552 438 3613 lumen,
503 3556 557 3607 et
603 3552 817 3624 species
873 3550 1279 3624 producantur,
1328 3554 1419 3609 vel
1463 3569 1580 3610 non

202 3631 626 3705 producantur,
657 3632 810 3688 nihil
836 3634 1073 3690 interest
1094 3632 1164 3689 ad
1188 3632 1424 3690 modum
1452 3649 1580 3691 mo-

202 3711 393 3770 vendi
414 3710 703 3770 mediante
724 3712 940 3787 obJecto
967 3734 980 3769 :
1006 3714 1160 3786 atqui
1183 3714 1362 3771 motio
1383 3729 1580 3771 mora-

203 3793 281 3849 lis
298 3792 599 3849 inclinans
625 3795 981 3851 voluntatem
1009 3800 1279 3861 creatam,
1313 3794 1581 3852 formali-

204 3880 317 3941 ter,
344 3880 410 3932 et
442 3875 506 3931 in
543 3891 664 3932 esse
686 3877 818 3932 talis
843 3874 1222 3943 considerata,
1253 3877 1580 3933 communis

198 3961 295 4011 est
314 3971 392 4012 ex
411 3970 620 4030 genere
639 3972 742 4013 suo
762 3958 894 4021 De0,
914 3963 971 4011 et
993 3956 1227 4030 Angelis
1250 3979 1265 4022 ;
1295 3955 1579 4029 siquidem

208 4040 332 4090 tam
376 4038 545 4102 Deus,
594 4052 766 4107 quam
819 4035 1027 4109 Angeli
1076 4040 1137 4089 ut
1163 4035 1243 4091 sic
1284 4039 1582 4092 moventes

210 4128 334 4171 non
368 4114 660 4187 explicant
704 4114 985 4188 majorem
1032 4113 1338 4171 efficaciam
1407 4131 1581 4187 supra

208 4194 596 4260 voluntatem,
648 4210 822 4267 quam
875 4194 1156 4268 objectum
1197 4194 1407 4269 ipsum,
1479 4211 1580 4268 per

204 4274 365 4346 quod
386 4281 623 4332 movent
651 4290 822 4349 :ergo
850 4275 963 4330 nisi
980 4278 1127 4331 Deus
1155 4279 1381 4331 moveat
1402 4276 1577 4332 etiam

208 4354 689 4430 physice,babent
709 4353 977 4411 eumdem
1001 4354 1325 4412 formaliter
1343 4355 1578 4412 modum

211 4436 515 4502 movendi,
550 4434 678 4493 licet
706 4437 1190 4510 praesuppositive,
1221 4442 1278 4493 et
1303 4438 1579 4494 materia-

212 4518 355 4575 liter
374 4516 645 4575 differant
678 4539 690 4572 :
720 4523 775 4574 et
800 4522 1211 4589 consequenter
1242 4531 1359 4573 non
1385 4518 1579 4573 salva-

210 4607 333 4667 tur,
370 4598 521 4673 quod
564 4601 709 4656 Deus
739 4598 942 4658 habeat
980 4598 1286 4672 specialem
1340 4598 1577 4656 modum

213 4679 569 4738 immutandi
596 4681 951 4737 voluntatem
980 4685 1229 4736 creatam
1277 4679 1341 4735 in
1369 4680 1573 4752 seipsa,

204 4769 269 4818 et
295 4777 370 4818 ex
393 4767 554 4834 parte
582 4761 865 4833 potentiae,
894 4767 955 4816 ut
975 4760 1178 4817 asserit
1206 4762 1268 4815 D.
1302 4760 1573 4817 Thomas,

213 4843 368 4896 Tum
389 4841 586 4907 etiam,
611 4840 745 4912 quia
767 4846 821 4895 ut
840 4839 1016 4897 tradit
1037 4838 1190 4895 idem
1212 4841 1267 4896 S.
1296 4842 1499 4896 Doctor
1553 4842 1569 4895 l

217 4925 369 4995 part.
398 4937 457 4992 q.
486 4921 541 4985 5,
574 4925 682 4975 art.
706 4921 742 4975 3
771 4944 785 4977 :
814 4919 970 4980 Sicut
1010 4920 1309 4976 intellectus
1332 4926 1579 4976 movetur

212 5004 287 5058 ab
306 5000 529 5072 objecto,
552 5006 602 5053 et
627 5000 695 5055 ab
714 5018 771 5056 eo
807 5003 900 5074 qui
923 5001 1068 5056 dedit
1087 5002 1343 5056 virtutem
1366 5000 1582 5056 intelli-

1710 554 1876 625 9cmli
1905 574 1924 608 .·
1945 557 2026 611 ita
2050 558 2305 613 voluntas
2323 565 2571 613 movetur
2596 555 2664 611 ab
2691 555 2908 627 objecto,
2935 554 3081 628 quod
3108 565 3273 608 nxrho.

1713 643 1790 692 est
1811 637 2032 704 bonum,
2059 646 2107 694 et
2145 639 2215 694 ab
2242 657 2301 695 eo
2327 641 2421 712 qui
2458 646 2652 697 causat
2697 639 2959 693 virtutem
2983 654 3080 693 vo·

1716 718 1885 774 leudi.
1926 720 2094 792 Atqui
2130 721 2452 778 intellectus
2496 724 2692 777 noster
2730 722 2997 776 movetur
3042 735 3080 775 a

1716 801 1832 856 Deo
1853 801 2108 859 motione
2148 802 2381 880 physica
2406 800 2721 875 ;siquidem
2750 800 3078 857 intellectus

1714 884 1801 936 est
1825 895 1896 936 ex
1922 896 1983 937 se
2024 883 2278 954 potentia
2305 882 2609 946 naturalis,
2638 885 2696 936 et
2717 878 3036 936 necessaria
3058 902 3076 945 ;

1714 963 1772 1015 et
1801 975 1919 1016 non
1967 966 2231 1018 movetur
2256 959 2643 1024 suasionibus,
2686 958 2784 1013 sed
2832 972 2988 1022 vera,
3020 961 3079 1013 et

1714 1039 1973 1096 effectiva
2016 1042 2348 1098 causalitate
2382 1061 2395 1096 :
2436 1056 2572 1114 ergo
2600 1042 2662 1096 D.
2707 1039 2911 1093 'rhom.
2945 1052 3078 1092 cum

1716 1121 1921 1177 asserit
1942 1122 2294 1178 voluntatem
2324 1138 2357 1178 a
2404 1122 2519 1177 Deo
2546 1119 2789 1183 moveri,
2835 1132 2952 1173 non
2979 1116 3082 1172 in-

1716 1199 1900 1257 tendit
1941 1201 2124 1259 solam
2170 1201 2484 1259 motionem
2532 1200 2816 1257 moralem
2838 1241 2851 1264 ,
2900 1212 3083 1269 quan-

1718 1280 1932 1337 tumvis
1991 1282 2319 1355 perfectam,
2363 1287 2420 1339 et
2460 1279 2827 1338 excedentem
2866 1277 3075 1333 saltem

1718 1378 1896 1436 praesu
1905 1362 2184 1435 ppositive
2206 1363 2519 1421 motionem
2531 1375 2832 1419 causarum
2855 1362 3081 1414 creata-

1717 1462 1870 1511 rum,
1890 1445 1987 1502 sed
2016 1461 2213 1503 veram
2238 1446 2552 1503 motionem
2576 1442 2892 1519 physicam.
2917 1442 3070 1496 Tum

1717 1530 2010 1598 praeterea,
2041 1527 2175 1598 quia
2219 1528 2367 1583 Deus
2419 1543 2536 1584 non
2582 1524 2779 1581 minus
2807 1521 3072 1595 perfecte,

1714 1605 2083 1663 etefficaciter
2105 1612 2298 1663 movet
2319 1605 2388 1663 ad
2412 1612 2566 1663 actus
2587 1605 2783 1668 bonos,
2807 1618 2979 1676 quam
3003 1601 3076 1658 ad

1714 1688 2012 1745 entitatem
2042 1687 2401 1744 materialem
2431 1692 2585 1744 actus
2608 1682 3078 1760 peccaminosi,ut

1713 1767 1944 1825 videtur
1969 1783 2041 1823 ex
2066 1782 2127 1823 se
2155 1767 2525 1823 manifestum
2556 1787 2569 1822 z
2594 1765 2747 1839 atqui
2771 1768 2919 1821 Deus
2946 1779 3078 1820 mo-

1716 1853 1808 1906 vet
1846 1847 2146 1905 efficaciter
2167 1845 2238 1904 ad
2264 1848 2562 1904 entitatem
2590 1851 2745 1903 actus
2786 1843 3070 1919 peccami-

1714 1929 1862 1994 nosi,
1920 1932 1982 1985 ut
2020 1928 2304 1985 Authores
2354 1933 2553 1984 contra
2613 1942 2754 2001 quos
2817 1926 3066 2000 agimus,

1714 2011 2099 2071 communiter
2144 2009 2343 2068 docent
2368 2033 2383 2076 ;
2437 2015 2494 2066 et
2533 2025 2650 2066 non
2703 2013 2896 2064 movet
2957 2007 3074 2062 nisi

1716 2091 1956 2167 physice
1973 2094 2273 2166 (repugnat
2297 2091 2458 2147 enim
2476 2091 2589 2145 Deo
2617 2087 2917 2144 moraliter
2930 2102 3074 2144 con-

1712 2188 1946 2229 currere
1966 2170 2037 2228 ad
2059 2171 2357 2228 materiale
2391 2169 2617 2241 peccati,
2647 2173 2710 2224 ut
2743 2172 2877 2241 puta
2925 2181 3078 2238 prae-

1713 2254 1922 2326 cipere,
1953 2251 2269 2317 consiliari,
2320 2249 2579 2314 suadere,
2611 2249 2702 2305 vel
2730 2247 2979 2313 allicere,
3011 2250 3075 2301 ut

1715 2332 2093 2406 producamus
2112 2331 2409 2389 entitatem
2432 2329 2714 2387 mendacii
2748 2330 2787 2398 z)
2807 2332 2862 2385 et
2884 2327 2946 2382 in
2969 2327 3075 2383 hac

1715 2413 1948 2489 physica
1976 2413 2229 2470 motione
2257 2410 2327 2467 ad
2356 2410 2657 2467 materiale
2686 2409 2891 2481 peccati
2918 2407 3073 2464 emi-

1713 2500 1809 2552 net
1834 2496 1978 2550 Deus
2004 2509 2177 2566 supra
2204 2507 2436 2550 omnem
2465 2495 2785 2546 creaturam
2820 2503 3076 2545 moven-

1712 2581 1829 2631 tem
1882 2573 1954 2629 ad
1992 2580 2146 2631 actus
2193 2573 2284 2628 vel
2313 2571 2507 2636 bonoS,
2539 2571 2631 2628 vel
2660 2569 2842 2626 malos
2887 2589 2900 2625 z
2935 2583 3076 2642 ergo

1711 2655 1886 2712 etiam
1915 2654 2081 2711 debet
2106 2652 2317 2709 habere
2337 2650 2583 2708 eundem
2607 2649 2748 2706 intlu
2759 2664 2895 2705 xum
2920 2649 3074 2722 phy-

1711 2737 1892 2793 sicum
1917 2733 1985 2794 ad
2009 2740 2165 2791 actus
2186 2732 2381 2798 bonos,
2406 2737 2461 2789 et
2487 2730 2774 2802 explicare
2808 2729 2871 2784 in
2900 2728 3073 2787 modo

1714 2816 1945 2892 physice
1970 2813 2241 2872 movendi
2281 2829 2446 2870 suam
2486 2811 2865 2868 eminentiam
2894 2825 3075 2885 supra

1712 2915 1947 2957 omnem
1971 2896 2227 2964 modum,
2251 2912 2363 2969 quo
2388 2899 2661 2953 creaturze
2687 2893 2940 2950 excitant
2968 2907 3079 2949 vo-

1713 2981 1992 3036 luntatem
2015 2977 2085 3034 ad
2101 2975 2477 3050 operandum.
2503 2975 2651 3029 Tum
2667 2972 3078 3046 denique,quia

1714 3063 1781 3118 D.
1817 3061 2022 3117 Thom.
2057 3060 2177 3115 loco
2203 3057 2373 3114 citato
2402 3061 2596 3128 aperte
2634 3052 2937 3128 distinguit
2962 3052 3083 3109 du-

1713 3141 1920 3214 plicem
1948 3139 2263 3197 motionem
2295 3135 2626 3200 voluntatiS,
2672 3134 2847 3190 aliam
2895 3132 3082 3208 objec-

1713 3223 1913 3287 tivam,
1944 3226 2001 3278 et
2039 3220 2318 3277 moralem
2353 3242 2366 3284 ;
2399 3217 2574 3274 aliam
2623 3231 2759 3272 vero
2804 3214 3081 3288 subjecti-

1711 3317 1866 3366 vam,
1897 3307 1954 3358 et
1980 3299 2274 3373 physicam
2310 3321 2322 3365 ;
2348 3298 2498 3354 nihil
2519 3295 2679 3352 enim
2703 3293 3077 3351 aliudinten-

1712 3382 1797 3439 dit
1812 3382 1932 3437 illis
1955 3380 2180 3438 verbis:
2211 3377 2477 3437 Voluntas
2497 3382 2742 3431 mouetur
2754 3375 2823 3429 ab
2845 3374 3066 3445 objecta,

1712 3463 1856 3541 quod
1875 3468 1951 3516 est
1978 3461 2174 3516 bonum
2186 3467 2268 3527 ;et
2288 3459 2356 3514 ab
2377 3476 2454 3524 eo,
2474 3458 2570 3533 qui
2589 3463 2782 3513 causat
2812 3458 3072 3512 virtutem

1713 3545 1947 3600 volendi.
1991 3541 2158 3614 Atqui
2187 3542 2250 3597 in
2293 3539 2408 3596 fine
2446 3539 2703 3611 corporis
2735 3536 3024 3595 concludit
3055 3559 3069 3593 ε

1719 3624 1954 3700 Utroque
1980 3623 2135 3677 modo
2170 3623 2459 3695 proprium
2484 3627 2559 3675 est
2589 3618 2693 3675 Dei
2719 3635 2926 3673 movere
2971 3635 3068 3674 vo-
3115 3620 3253 3665 Idem-

1714 3704 2000 3770 luntatem,
2024 3704 2115 3757 sed
2129 3703 2374 3756 maxime
2391 3700 2621 3756 secundo
2640 3698 2816 3763 mode,
2842 3699 3077 3755 interius

1711 3805 1834 3842 eam
1872 3784 2211 3842 inclinando.
2257 3784 2405 3856 Ergo
2439 3783 2585 3837 Deus
2620 3785 2857 3852 utroque
2905 3779 3075 3837 modo

1712 3872 1903 3924 movet
1945 3865 2318 3931 voluntatem,
2352 3876 2559 3933 nempe
2600 3860 2918 3925 moraliter,
2950 3859 3076 3919 sive

1710 3964 1781 4006 ex
1809 3952 1970 4020 parte
1996 3946 2195 4021 obJ'ecti
2237 3943 2545 4001 allicientis
2577 3967 2591 4011 ;
2621 3947 2677 3999 et
2714 3941 2891 3998 etiam
2932 3941 3077 4016 phy-

1710 4031 1842 4097 sice,
1897 4029 2021 4086 sive
2063 4044 2134 4085 ex
2163 4033 2323 4100 parte
2349 4025 2603 4101 subjecti,
2649 4024 2798 4098 quod
2827 4024 3076 4082 interius

1713 4111 1957 4168 inclinat
1987 4132 2001 4167 ε
2029 4113 2086 4167 et
2124 4110 2228 4166 hoc
2250 4107 2528 4182 posterius
2555 4109 2640 4163 est
2665 4106 2921 4162 maxime
2943 4121 3076 4179 pro-

1713 4193 1907 4267 prium
1930 4191 2051 4255 Dei,
2080 4190 2300 4247 etnulli
2324 4193 2599 4246 creaturae
2623 4186 2991 4245 conveniens,

1785 4274 1914 4330 309.
1960 4276 2073 4329 Nec
2100 4270 2329 4328 tandem
2355 4271 2547 4337 refert,
2573 4270 2621 4326 si
2645 4285 2774 4325 cum
2792 4268 3075 4325 Adversa·
3109 4281 3267 4326 onim

1714 4355 1818 4411 riis
1846 4353 2018 4421 dicas,
2050 4355 2230 4410 Deum
2258 4353 2433 4409 etiam
2448 4365 2683 4408 movere
2705 4349 2936 4423 physice
2968 4365 3075 4406 vo·
3099 4341 3272 4426 Ἥ

1711 4436 1990 4491 luntatem
2013 4439 2280 4497 creatam,
2315 4447 2431 4489 non
2445 4430 2581 4503 quia
2609 4430 2897 4486 auxilium
2928 4429 3074 4503 phy-

1710 4515 1823 4572 sice
1851 4529 2211 4587 praemovens
2233 4513 2342 4585 ipsi
2360 4511 2605 4585 adjiciat,
2629 4510 2730 4567 sed
2750 4511 2885 4583 quia
2911 4508 3074 4567 dedit

1712 4596 1800 4652 illi
1827 4595 1888 4651 in
1913 4594 2101 4667 prima
2120 4594 2208 4650 sui
2234 4592 2602 4665 productione
2631 4591 3073 4649 inclinationem

1710 4676 1781 4732 ad
1822 4676 2081 4741 bonum;
2146 4673 2236 4729 cui
2285 4671 2424 4728 dum
2476 4670 2735 4745 adjungit
2779 4669 3070 4728 auxilium

1711 4754 2012 4813 moraliter
2051 4768 2310 4818 movens„
2353 4751 2566 4808 dicitur
2618 4758 2857 4823 utroque
2898 4749 3072 4809 modo

1711 4850 1964 4900 movere,
2013 4838 2070 4889 et
2121 4832 2441 4897 moraliter,
2491 4836 2547 4888 et
2592 4831 2821 4905 physice
2848 4851 2862 4885 ε
2903 4835 3072 4905 atque

1712 4914 1841 4972 ideo
1862 4913 2030 4984 habet
2051 4913 2113 4969 in
2135 4911 2419 4969 movendo
2439 4912 2793 4969 voluntatem
2823 4917 3073 4968 creatam

1711 4996 2017 5069 specialem
2048 4992 2301 5058 modum,
2332 4997 2387 5049 et
2408 4992 2807 5058 eminentiam,
2833 5008 2959 5065 quae
2976 5008 3073 5050 ne-
