3647 5753
292 2057 419 2101 Aliud

264 2204 267 2205 γ
293 2158 419 2210 gium.

267 2864 431 2916 Impug-

276 2918 409 2958 natur.
438 2935 445 2964 ;

275 4899 423 4956 Ocho-

298 4954 373 4992 lto.

487 414 553 467 ¹0
1482 408 1575 462 DE
1616 403 1894 460 GRAT1A.
1927 395 2268 454 semmei.

480 602 597 644 non
619 587 906 661 consurgit
928 586 1137 660 absque
1158 588 1350 660 aliqua
1379 582 1687 643 voluntatis
1708 595 1832 636 mo-

478 669 652 733 tione,
682 674 741 722 ut
769 668 831 723 in
859 668 1041 724 simili
1070 668 1423 725 ostendimus
1446 666 1588 737 disp.
1620 666 1675 728 5,
1705 660 1831 716 dub.

476 751 530 816 3,
556 750 661 819 32,
687 754 743 805 et
765 748 1030 822 praedicta
1054 749 1295 806 mutatio
1316 747 1511 819 nequit
1531 744 1839 801 consistere

475 834 539 889 in
567 832 689 888 sola
728 831 1248 887 communicatione
1293 829 1647 885 auxiliorum
1696 836 1837 895 pure

474 912 881 969 sufficientium
903 935 917 978 ;
966 908 1251 983 siquidem
1292 911 1407 965 haec
1448 924 1564 964 non
1593 902 1838 961 fundant

473 1007 545 1049 ex
590 1007 650 1048 se
696 991 1000 1064 specialem
1049 990 1214 1046 illam
1262 987 1723 1062 conjunctionem
1766 981 1836 1039 ad

475 1073 653 1128 Deum
698 1068 1032 1126 immediate
1060 1074 1183 1142 post
1212 1066 1605 1124 infallibiliter
1631 1077 1834 1136 opera—

475 1157 670 1206 turum
707 1172 719 1205 ε
750 1165 884 1223 ergo
910 1148 1179 1221 exposcit,
1204 1147 1353 1221 quod
1387 1144 1604 1220 aliquid
1630 1158 1837 1215 super-

476 1227 716 1285 addatur
776 1229 1012 1285 auxiliis
1046 1226 1496 1295 ·sufficientibuS,
1542 1241 1643 1297 per
1686 1220 1835 1295 quod

476 1308 719 1365 fundent
739 1309 1042 1382 specialem
1071 1309 1241 1364 illum
1271 1307 1533 1364 ordinem
1562 1327 1574 1361 :
1599 1306 1703 1362 hoc
1729 1319 1835 1359 au-

476 1395 591 1446 tem
619 1390 912 1462 supposito
939 1389 1147 1445 transit
1171 1388 1357 1461 gratia
1385 1403 1416 1443 a
1446 1386 1665 1443 ratione
1695 1398 1836 1457 pure

473 1469 804 1526 sufficientis
833 1469 902 1526 ad
934 1470 1215 1526 rationem
1242 1462 1496 1533 efficacis,
1522 1468 1645 1523 sive
1665 1464 1835 1521 infal-

474 1550 717 1607 libiliter
756 1567 885 1607 cum
928 1556 1122 1608 nostra
1162 1551 1492 1623 operatione
1516 1562 1785 1605 connexae
1817 1566 1831 1602 :

471 1647 610 1705 ergo
645 1630 937 1689 distinctio
979 1632 1133 1687 inter
1176 1632 1422 1706 gratiam
1470 1644 1629 1686 mere
1674 1627 1834 1683 suili-

472 1710 736 1778 cientem,
758 1717 813 1767 et
833 1710 1110 1767 efficacem
1136 1727 1252 1768 non
1273 1713 1524 1767 sumitur
1546 1709 1833 1781 adaequate

474 1806 505 1845 a
545 1791 961 1861 cooperatione,
990 1795 1046 1848 et
1070 1790 1269 1848 effectu
1308 1789 1688 1862 subsequutis.
1733 1785 1832 1844 sed

471 1870 731 1925 salvatur
759 1869 1175 1938 antecedenter,
1207 1877 1263 1927 et
1288 1869 1740 1943 independenter
1761 1866 1832 1923 ab

474 1948 613 2005 illiS.

555 2034 637 2088 16.
684 2033 795 2087 Nec
843 2032 1017 2089 refert
1062 2031 1268 2097 dicere,
1322 2034 1500 2088 Deum
1551 2030 1828 2103 indepen-

473 2111 674 2168 denter
703 2111 772 2168 ab
809 2114 1027 2169 auxilio
1053 2113 1258 2169 efficaci
1302 2111 1667 2169 antecedente
1694 2126 1834 2182 ope-

473 2194 756 2250 rationem
797 2199 1054 2249 nostram
1092 2209 1214 2250 esse
1260 2194 1521 2264 proxime
1568 2197 1832 2265 paratum

468 2273 743 2331 exhibere
792 2290 961 2329 suum
1013 2290 1353 2330 concursum
1416 2274 1830 2329 simultaneum

469 2354 680 2427 absque
725 2355 844 2410 ulla
892 2354 1251 2428 ignorantiae,
1295 2354 1388 2409 vel
1429 2353 1833 2427 contingentiae

468 2433 937 2506 imperfectione;
966 2434 1101 2505 quia
1136 2449 1252 2490 non
1300 2440 1580 2506 praeparat
1623 2434 1831 2489 volun-

466 2518 583 2570 tate
644 2513 1009 2584 consequenti
1072 2511 1403 2585 praedictum
1468 2528 1826 2578 concursum,

469 2592 583 2650 nisi
610 2594 769 2664 prius
792 2590 1120 2665 praeviderit
1141 2607 1242 2664 per
1261 2592 1557 2648 scientiam
1579 2592 1831 2649 mediam

469 2675 826 2731 voluntatem
856 2673 917 2728 in
944 2672 1047 2728 tali
1074 2672 1376 2745 hypothesi
1398 2688 1825 2739 consensuram,

468 2762 524 2814 et
547 2757 725 2813 simul
755 2761 1204 2829 cooperaturam.
1318 2802 1323 2807 .

544 2840 678 2906 Hoc,
710 2839 969 2911 inquam,
997 2837 1245 2894 minime
1270 2837 1561 2906 satisfacit,
1590 2853 1693 2895 nec
1712 2838 1833 2895 Μο-

469 2920 605 2977 linae
643 2920 979 2993 opinionem
1009 2923 1232 2986 tuetur;
1266 2935 1401 2975 nam
1429 2919 1477 2975 si
1507 2920 1653 2975 Deus
1682 2935 1830 2992 prae-

467 3001 613 3057 vidit
645 3002 892 3076 gratiam
919 3000 1292 3058 sufficientem
1321 3000 1384 3056 in
1412 3000 1516 3057 hac
1543 3001 1831 3057 occasione

464 3083 730 3140 collatam
775 3082 1110 3139 sortiturum
1158 3097 1279 3138 esse
1329 3081 1591 3138 effectum
1638 3101 1651 3136 ε
1695 3097 1831 3156 ergo

457 3166 579 3239 jam
601 3165 664 3219 in
689 3164 867 3236 priori
897 3162 965 3219 ad
998 3161 1328 3235 praedictum
1357 3175 1698 3218 consensum
1730 3163 1832 3219 ha-

462 3244 557 3302 bet
592 3245 777 3318 gratia
823 3242 1054 3315 aliquod
1103 3241 1490 3315 praedicatum,
1537 3258 1637 3315 pcr
1679 3241 1830 3315 quod

462 3326 737 3399 importet
782 3323 1155 3381 infallibilem
1221 3322 1638 3380 connexionem
1697 3339 1829 3380 cum

461 3404 680 3468 effectu,
707 3410 763 3461 et
783 3419 882 3476 per
903 3402 1049 3475 quod
1067 3418 1099 3458 a
1118 3403 1304 3477 gratia
1325 3401 1625 3458 sufficienti
1650 3403 1831 3460 ineffi-

463 3488 578 3544 caci
605 3485 865 3552 differat;
895 3484 1082 3559 gratia
1103 3483 1262 3541 enim
1290 3482 1556 3540 substans
1576 3485 1830 3541 scientiae

464 3569 563 3627 Dei
612 3565 935 3633 infallibili,
985 3565 1135 3639 quod
1175 3566 1443 3624 voluntas
1489 3567 1822 3634 consentiet,

464 3646 856 3706 infallibiliter
895 3644 1265 3720 conjungitur
1292 3659 1424 3702 cum
1451 3661 1748 3713 consensu,
1774 3653 1830 3704 et

464 3725 938 3802 inconjungibilis
963 3731 1048 3782 est
1073 3740 1204 3781 cum
1245 3723 1538 3792 dissensu;
1570 3726 1828 3798 alioquin

464 3812 565 3867 Dei
597 3809 834 3866 scientia
878 3814 1063 3880 posset
1103 3805 1395 3864 falsificari
1429 3827 1443 3863 ε
1475 3809 1629 3881 atqui
1664 3809 1831 3883 juxta

462 3891 698 3947 Molinae
731 3888 1087 3960 opinionem,
1120 3892 1176 3944 et
1203 3884 1398 3952 verba,
1426 3902 1550 3960 quaa
1578 3888 1640 3943 in
1666 3885 1827 3943 dubii

465 3970 674 4026 limine
707 3967 1105 4042 expendimuS,
1156 3965 1447 4023 distinctio
1496 3967 1648 4024 inter
1692 3982 1830 4041 gra-

463 4052 605 4108 tiam
651 4049 950 4116 essicacem,
993 4053 1050 4105 et
1095 4047 1438 4105 inefficacem
1478 4048 1729 4104 sumitur
1756 4047 1828 4105 ab

462 4133 680 4197 effectu,
712 4137 768 4189 et
797 4129 1194 4188 antecedenter
1233 4127 1304 4185 ad
1346 4129 1515 4184 illum
1564 4146 1680 4186 non
1721 4131 1830 4187 ha-

463 4214 602 4272 bent
631 4212 847 4286 aliquid
877 4228 977 4284 per
1004 4209 1152 4284 quod
1190 4208 1619 4283 distinguantur
1651 4233 1664 4267 ε
1693 4227 1829 4286 ergo

466 4294 735 4370 praedicta
783 4292 1077 4364 responsio
1116 4290 1244 4361 (etsi
1290 4290 1590 4347 veritatem
1640 4292 1829 4348 conti-

467 4379 649 4447 neret)
691 4388 808 4430 non
848 4370 1125 4427 satisfacit
1152 4375 1514 4444 argumento,
1549 4377 1605 4427 at
1630 4379 1829 4429 contra

463 4458 746 4515 Molinam
809 4451 1080 4526 procedit,
1132 4451 1343 4508 nec‘in
1389 4451 1511 4525 ejus
1553 4453 1828 4525 opinione

465 4534 815 4595 defensanda
858 4532 1131 4606 persistit.
1163 4531 1445 4599 Diximus„
1475 4536 1578 4589 etsi
1620 4537 1827 4592 verita-

465 4626 572 4674 tem
618 4619 942 4681 συναίτιον-εκ
986 4613 1122 4686 quia
1168 4612 1272 4670 illa
1321 4615 1615 4688 responsio
1660 4617 1828 4690 plura

464 4698 719 4756 continet
741 4696 902 4761 falsa,
929 4699 987 4751 et
1007 4693 1271 4764 absurda,
1295 4711 1420 4767 quae
1446 4696 1601 4754 infra
1620 4699 1746 4758 dub.
1766 4701 1820 4768 3,

465 4782 664 4836 contra
685 4777 953 4832 Suarium
968 4774 1374 4848 expendemus.

550 4860 633 4915 17.
678 4855 785 4913 Sed
813 4854 1084 4912 adversus
1113 4855 1396 4912 rationem
1424 4861 1680 4914 nostram
1720 4875 1826 4933 op-

470 4955 644 5015 pones
688 4962 702 4996 :
740 4936 1015 5010 quoniam
1048 4952 1275 4993 causam
1317 4951 1437 4994 esse
1474 4944 1819 5008 causantem,

466 5021 559 5080 vel
581 5025 935 5095 operantem,
966 5025 1048 5076 est
1087 5016 1332 5086 effectus,
1358 5023 1413 5076 et
1433 5017 1826 5081 denominatio

1970 573 2231 632 formalis
2252 571 2551 644 desumpta
2575 586 2608 627 a
2634 567 2982 635 causalitate,
3013 568 3106 623 vel
3127 581 3343 638 opera·

1971 657 2125 714 tione
2158 677 2171 712 :
2200 653 2299 712 sed
2325 653 2557 711 effectus
2590 652 2854 710 formalis
2894 665 3014 707 non
3053 647 3342 706 antecedit

1968 754 2132 794 suam
2172 752 2400 793 causam
2435 756 2447 791 ε
2477 751 2612 809 ergo
2637 748 2805 790 causa
2845 735 2905 786 ut
2940 746 3207 803 operans,
3238 729 3340 787 vel

1968 835 2226 887 causans,
2271 835 2390 875 non
2433 822 2517 874 est
2558 817 2717 889 prior
2754 831 2858 871 sua
2894 813 3246 887 operatione,
3280 817 3340 868 et

1968 901 2298 957 causalitate
2329 915 2506 974 :ergo
2552 913 2622 954 ex
2667 912 2754 962 eo,
2804 894 2953 968 quod
2998 910 3166 950 causa
3207 890 3337 949 actii

1967 998 2224 1047 causans»,
2255 986 2312 1038 et
2350 996 2595 1054 operans
2632 982 3000 1036 connectatur
3042 975 3339 1033 infallibi-

1933 1091 1939 1098 -
1970 1062 2101 1119 liter
2122 1077 2251 1118 cum
2274 1077 2376 1117 sua
2398 1059 2745 1125 causalitate,
2760 1064 2816 1116 et
2836 1057 3187 1130 operatione,
3210 1074 3342 1131 per·

1969 1159 2165 1216 peram
2195 1143 2502 1199 intulimus
2540 1159 2768 1200 causam
2811 1139 3021 1197 habere
3049 1140 3112 1196 in
3140 1142 3340 1214 aliquo

1969 1224 2150 1297 priori
2173 1223 2545 1280 infallibilem
2567 1220 2980 1280 connexionem
3021 1237 3150 1277 cum
3174 1222 3298 1277 illis
3321 1244 3335 1277 ε

1966 1308 2023 1361 et
2051 1304 2292 1361 ulterius
2332 1319 2448 1361 non
2479 1309 2627 1362 recte
2665 1302 3040 1375 processimus
3081 1300 3152 1357 ad
3194 1318 3338 1374 pro-

1967 1385 2222 1443 bandum
2263 1403 2335 1443 ex
2362 1387 2467 1442 hoc
2493 1385 2797 1459 principio,
2829 1382 2978 1456 quod
3005 1384 3193 1457 gratia
3218 1399 3338 1440 an-

1968 1468 2290 1526 tecedenter
2317 1468 2387 1526 ad
2415 1467 2808 1541 operationem
2837 1470 3094 1522 nostram
3123 1465 3336 1523 habeat

1966 1549 2338 1607 infallibilem
2364 1549 2783 1606 connexionem
2810 1562 2940 1603 cum
2964 1547 3093 1602 illa.

2040 1630 2453 1704 Respondetur,
2467 1628 2617 1703 quod
2634 1629 2737 1686 hoc
2757 1629 3141 1700 complexum,
3156 1598 3334 1683 causa
3348 1629 3544 1673 Diluitur.

1963 1723 2093 1770 actu
2113 1730 2368 1778 causans,
2396 1712 2702 1784 tripliciter
2720 1708 3072 1767 considerari
3102 1713 3284 1782 potest
3313 1730 3331 1764 ε

1957 1798 2159 1870 primo,
2188 1810 2327 1868 pure
2349 1794 2806 1860 materialiter,et
2825 1791 3199 1864 specificative
3222 1808 3333 1864 pro

1964 1878 2295 1945 virtute,aut
2312 1875 2615 1949 principio,
2632 1890 2756 1948 quae
2774 1879 3016 1932 causant·
3035 1896 3048 1930 :
3070 1874 3324 1939 secundo,

1965 1957 2206 2014 omnino
2258 1955 2598 2021 formaliter,
2650 1959 2706 2010 et
2758 1953 3169 2026 reduplicative
3222 1970 3331 2026 pro

1964 2040 2225 2093 concreto
2253 2035 2565 2093 resultante
2596 2049 2666 2090 ex
2689 2033 2790 2090 illo
2820 2033 3123 2106 principi0,
3146 2037 3205 2089 et
3221 2049 3332 2089 sua

1963 2117 2291 2174 causalitate
2323 2138 2336 2173 ε
2367 2118 2543 2181 tertia,
2569 2113 2759 2172 medio
2783 2114 2954 2172 modo
2980 2130 3084 2187 pro
3106 2114 3331 2187 princi-

1966 2197 2060 2269 pio
2100 2195 2398 2252 actualiter
2437 2194 2716 2268 applicato
2757 2192 2823 2249 ad
2866 2191 3240 2258 causandum,
3270 2200 3330 2250 et

1964 2275 2443 2333 indissolubiliter
2471 2291 2598 2331 cum
2627 2274 2957 2330 causalitate
2998 2273 3324 2346 conjuncto,

1964 2356 2045 2412 ita
2083 2354 2231 2429 quod
2265 2355 2615 2427 principium
2640 2358 2701 2408 ut
2722 2358 2846 2410 actu
2875 2352 3223 2425 applicatum
3253 2352 3330 2408 ad

1963 2436 2334 2502 causandum,
2368 2436 2711 2508 importetur
2739 2435 2801 2491 in
2843 2440 3013 2500 rectu,
3044 2439 3100 2490 et
3125 2449 3331 2490 causa-

1966 2517 2095 2574 litas
2125 2518 2185 2573 in
2207 2516 2455 2589 obliqu0.
2483 2516 2675 2573 Priori
2698 2514 2867 2572 modo
2889 2513 3169 2571 antecedit
3187 2513 3331 2569 sim-

1965 2597 2190 2670 pliciter
2235 2595 2627 2669 operationem
2671 2616 2684 2651 :
2724 2594 2823 2653 sed
2870 2600 3037 2668 prout
3079 2594 3159 2650 sic
3206 2609 3330 2650 non

1962 2677 2329 2751 conjungitur
2357 2674 2748 2732 infallibiliter
2775 2691 2902 2732 cum
2927 2675 3032 2731 illa
3063 2695 3076 2730 ε
3106 2688 3207 2730 nec
3228 2673 3328 2730 ha-

1964 2756 2056 2814 bet
2105 2759 2394 2815 rationem*
2430 2756 2701 2829 principii
2746 2756 3000 2825 efficacis,
3038 2754 3137 2811 sed
3185 2771 3328 2828 pure

1962 2838 2310 2897 sufficientis.
2340 2837 2598 2897 Secundo
2636 2836 2807 2895 modo
2830 2839 3186 2896 connectitur
3224 2837 3326 2895 in-

1963 2913 2290 2978 fallibiliter
2328 2937 2458 2977 cum
2499 2922 2861 2994 operatione;
2901 2920 3000 2978 sed
3034 2921 3138 2978 hoc
3165 2925 3328 2993 pacto

1965 3000 2083 3058 non'
2102 3018 2230 3058 eam
2259 3001 2553 3060 antecedit.
2576 3000 2674 3057 sed
2705 3001 2990 3072 perillam
3019 2999 3326 3058 constitui-

1961 3088 2056 3139 tur
2091 3105 2103 3140 :
2133 3099 2237 3140 nec
2263 3084 2366 3140 illa
2407 3080 2798 3139 infallibilitas
2835 3087 2918 3139 est
2958 3081 3317 3147 antecedens„

1960 3162 2059 3220 sed
2079 3179 2445 3236 consequens,
2470 3169 2528 3220 et
2541 3167 2665 3220 orta
2685 3177 2755 3218 ex
2773 3162 3164 3234 suppositione
3182 3176 3326 3234 ope-

1964 3241 2152 3300 randi.
2198 3243 2416 3300 Ultimo
2442 3241 2612 3299 modo
2640 3245 2696 3297 et
2727 3240 3007 3298 antecedit
3033 3241 3324 3314 operatio-

1964 3338 2117 3391 nem,
2185 3330 2242 3382 et
2299 3323 2408 3395 ipsi
2456 3320 2850 3378 infallibiliter
2907 3321 3277 3395 conjungitur
3305 3344 3321 3387 ;

1962 3411 2129 3478 atque
2163 3406 2269 3461 hac
2305 3404 2526 3461 ratione
2572 3402 2741 3460 habet
2775 3402 3150 3461 infallibilem
3182 3418 3324 3460 con-

1963 3486 2269 3542 nexionem
2317 3483 2744 3541 antecedentem
2785 3499 2915 3539 cum
2960 3485 3084 3541 illa.
3135 3485 3204 3538 Et
3249 3481 3320 3540 de

1960 3581 2129 3622 causa
2154 3570 2438 3632 causante,
2472 3566 2576 3621 hoc
2604 3563 2904 3636 posteriori
2933 3562 3103 3621 modo
3128 3564 3342 3620 consi-¹

1960 3645 2177 3715 derata,
2211 3647 2464 3721 procedit
2488 3662 2794 3703 commune
2834 3645 3316 3718 Philosophorum

1962 3729 2212 3796 axioma,
2239 3728 2389 3802 quod
2424 3744 2590 3785 causa
2618 3733 2740 3784 actu
2770 3743 3009 3784 causans
3045 3733 3129 3784 est
3156 3726 3319 3801 prior

1960 3825 2063 3866 suo
2082 3809 2302 3874 effectu,
2328 3815 2384 3866 et
2404 3807 2552 3881 quod
2580 3806 2650 3863 ab
2676 3807 2780 3864 illo
2798 3807 3057 3881 separari
3081 3823 3196 3864 non
3226 3824 3323 3880 po-

1961 3892 2083 3956 test,
2116 3894 2178 3945 ut
2202 3889 2492 3962 explicant
2519 3891 2587 3945 N.
2620 3888 2901 3960 Complut.
2934 3889 2993 3942 in
3024 3887 3120 3942 lib.
3161 3887 3322 3960 Phy-

1928 3960 1941 3970 ’
1960 3975 2120 4031 sicor.
2146 3972 2288 4045 disp.
2315 3973 2368 4037 8,
2400 3977 2582 4047 quaest.
2608 3972 2666 4026 4.
2692 3970 2836 4027 Huic
2857 3984 2990 4026 vero
3012 3968 3318 4041 posteriori

1960 4052 2422 4115 considerationi.
2448 4056 2505 4109 et
2527 4067 2643 4108 non
2666 4050 2815 4119 aliis,
2843 4049 3115 4106 innititur
3142 4065 3322 4126 argu-

1960 4141 2222 4192 mentum
2252 4151 2283 4191 a
2313 4131 2478 4190 nobis
2507 4134 2753 4198 factum;
2787 4147 2923 4187 nam
2964 4131 3149 4205 gratia
3194 4137 3321 4189 actu

1961 4214 2212 4273 influens
2232 4214 2294 4269 in
2317 4219 2574 4269 nostram
2596 4212 2990 4284 operationem
3005 4226 3133 4266 eam
3151 4217 3319 4269 ante—

1960 4296 2127 4365 cedit,
2170 4302 2225 4353 et
2254 4293 2324 4352 ab
2365 4294 2468 4350 illa
2499 4310 2613 4351 non
2659 4293 2956 4366 dependet,
3003 4308 3105 4350 nec
3131 4293 3317 4366 ipsam

1960 4379 2235 4451 importat
2256 4377 2317 4432 in
2343 4382 2491 4433 recto
2526 4397 2538 4431 :
2567 4380 2622 4431 et
2645 4374 3028 4431 nihilominus
3047 4375 3235 4448 gratia
3255 4375 3320 4431 in

1961 4460 2063 4518 illo
2111 4459 2293 4533 priori
2346 4458 2702 4516 connectitur
2749 4455 3139 4513 infallibiliter
3188 4472 3321 4513 cum

1961 4539 2226 4613 praedicta
2270 4540 2621 4612 operatione,
2670 4553 2800 4594 cum
2846 4538 2921 4593 sit
2968 4537 3319 4611 principium

1961 4623 2068 4695 ipsi
2112 4621 2479 4695 applicatum,
2504 4626 2562 4678 et
2586 4636 2715 4677 cum
2743 4634 2811 4676 ea
2838 4617 3321 4677 indissolubiliter

1959 4709 2323 4781 conjunctum
2359 4727 2374 4762 :
2402 4721 2538 4780 ergo
2580 4703 2766 4779 gratia
2800 4701 2972 4760 habet
3002 4702 3320 4759 connexio-

1959 4803 2092 4845 nem
2124 4788 2568 4853 antecedentem,
2612 4786 2735 4842 sive
2762 4800 2881 4842 non
2908 4782 3210 4839 fundatam
3253 4782 3317 4838 in

1959 4869 2081 4942 ipsa
2107 4870 2471 4942 operatione;
2503 4873 2669 4940 atque
2689 4864 2829 4924 adeo
2866 4868 2969 4930 est,
3012 4867 3070 4921 et
3106 4861 3320 4919 dicitur

1957 4947 2154 5006 efficax
2188 4948 2600 5014 antecedenter,
2645 4951 2702 5003 et
2746 4942 3203 5017 independenter
3245 4941 3316 4999 ab

1958 5028 2078 5087 illa.
2106 5029 2273 5090 Unde
2298 5034 2491 5088 autem
2518 5025 2819 5101 proveniat
2848 5024 3114 5099 praedicta
3134 5022 3316 5157 appli-

3142 5117 3206 5159 ca
3234 5117 3313 5170 io,
