3647 5753
1308 476 1485 532 DISP.
1529 475 1625 543 VI,
1663 473 1828 530 DUB.
1873 474 1969 529 111.

197 657 724 716 remunerationem
751 654 850 712 ubi
879 670 998 712 non
1018 658 1103 711 est
1122 650 1342 724 aliquid
1365 662 1555 705 remu-

196 739 455 799 nerabile
474 764 488 808 ;
511 740 657 797 sicut
677 739 935 811 implicat
955 736 1081 793 dari
1098 734 1548 799 calefactionem,

197 821 295 878 nbi
320 837 439 879 non
465 827 549 878 est
593 818 824 893 aliquod
872 816 1249 875 calefactibile
1274 837 1286 872 ι
1312 812 1410 871 sed
1459 828 1556 868 re-

197 903 417 979 paratio
464 907 597 976 post.
623 903 848 974 lapsum
877 917 996 958 non
1040 896 1312 972 supponit
1337 892 1555 966 aliquid

197 984 641 1050 remunerabile,
659 982 941 1059 siquidem
958 981 1165 1039 merita
1180 976 1557 1053 praeoedentia

197 1068 537 1128 mortificata
578 1084 680 1141 per
719 1072 1007 1140 peccatum
1035 1080 1151 1121 non
1193 1063 1449 1120 existunt
1496 1059 1558 1114 in

198 1149 716 1209 remunerabilium
761 1154 941 1213 statu,
975 1146 1189 1219 alioqui
1215 1140 1560 1200 mortificata

200 1251 317 1293 non
338 1238 528 1290 essent
559 1255 571 1289 ε
602 1248 739 1307 ergo
783 1230 1060 1305 implicat,
1092 1226 1241 1301 quod
1272 1223 1560 1298 reparatio

199 1319 324 1388 post
349 1315 574 1386 lapsum
604 1313 809 1370 habeat
831 1313 1115 1368 rationem
1146 1304 1562 1365 remuneratio-

200 1396 310 1462 niS,
338 1411 435 1451 seu
462 1395 684 1467 praemii
719 1414 732 1449 ε
764 1396 1043 1466 repugnat
1064 1397 1255 1447 autem
1283 1386 1561 1444 meritum

199 1476 268 1535 ad
296 1477 370 1546 id,
395 1477 544 1551 quod
567 1477 763 1549 nequit
779 1477 1061 1533 rationem
1087 1472 1313 1548 praemii
1336 1469 1559 1528 sortiri:

197 1573 333 1634 ergo
356 1564 634 1633 repugnat
652 1557 798 1630 quod
818 1559 1004 1631 justus
1032 1559 1322 1612 mereatur
1343 1551 1413 1608 de
1432 1567 1564 1608 con·

197 1639 373 1714 digno
401 1640 822 1713 reparationem
853 1643 976 1712 post
1004 1640 1247 1709 lapsum,
1281 1632 1564 1706 loquendo

198 1720 269 1779 de
293 1721 501 1779 merito
521 1737 771 1795 congruo
801 1719 1029 1794 proprie
1056 1717 1225 1774 dicto.

22 1803 186 1848 nimd·
269 1805 363 1859 72.
410 1803 671 1858 Diximus
690 1845 702 1867 ‚
737 1802 997 1879 loquendo
1023 1800 1086 1854 de
1111 1800 1306 1854 merito
1330 1812 1565 1867 conyruo

19 1854 159 1900 etsie.

196 1884 419 1955 proprie
437 1882 600 1947 dicto,
626 1881 794 1953 quale
819 1886 905 1937 est
931 1879 1079 1937 illud
1120 1878 1271 1951 quod
1298 1879 1361 1934 in
1391 1892 1567 1950 argu-

200 1968 396 2019 mento
424 1961 848 2034 descripsimus,
880 1961 1026 2025 Quia
1071 1961 1120 2015 si
1162 1961 1469 2033 loquamur
1495 1954 1567 2012 de

200 2042 410 2100 merito
428 2058 679 2116 congruo
702 2040 955 2108 abusive,
971 2045 1029 2098 et
1043 2040 1429 2113 metaphorice
1444 2036 1567 2092 dic-

198 2130 275 2191 t0,
317 2129 485 2197 prout
528 2127 614 2179 est
659 2122 834 2190 idem,
887 2139 950 2179 ac
995 2123 1364 2195 consequutio
1402 2118 1560 2184 doni,

202 2204 440 2261 fundata
486 2219 601 2261 non
633 2205 695 2260 in
724 2205 917 2277 aliquo
941 2206 1074 2281 jure
1112 2220 1183 2261 ex
1230 2208 1389 2276 parte
1418 2199 1567 2257 reci-

202 2287 432 2359 pientis,
464 2285 561 2342 sed
616 2286 679 2341 in
709 2301 853 2358 pura
898 2285 1092 2342 dantis
1145 2281 1561 2348 misericordia,

142 2382 151 2391 ·
198 2367 427 2424 concedi
469 2371 668 2440 potest,
701 2366 850 2440 quod
898 2368 1084 2441 justus
1130 2383 1232 2440 per
1282 2380 1457 2438 opera
1504 2363 1567 2418 in

27 3618 159 3664 istot.

198 2449 384 2524 gratia
425 2448 572 2505 facta
599 2454 890 2505 mereatur
934 2447 1006 2507 de
1030 2463 1283 2523 congruo
1330 2461 1567 2518 repara-

198 2529 418 2587 tionem
448 2535 571 2602 post
594 2530 838 2602 lapsum.
866 2530 934 2584 Et
962 2530 1066 2587 hoc
1104 2534 1329 2585 tantum
1372 2526 1569 2584 inten-

154 2609 285 2665 ,dit
336 2611 399 2666 D.
459 2610 662 2667 Thom.
711 2610 785 2665 ad
824 2608 989 2666 Hebr.
1050 2627 1171 2682 cap.
1220 2611 1287 2674 6,
1334 2608 1459 2664 lect.
1507 2609 1561 2672 3,

202 2689 304 2747 uhi
322 2691 402 2747 ait
423 2713 435 2746 :
465 2692 783 2758 Dicendum,
809 2692 952 2770 quod
970 2692 1175 2764 duplex
1192 2698 1267 2745 est
1282 2691 1565 2744 meritum:

203 2790 377 2828 unum
557 2775 818 2829 innititur
833 2775 1085 2844 justitias,
1118 2781 1167 2828 et
1186 2772 1336 2828 istud
1354 2778 1429 2826 est
1450 2788 1566 2825 me-

199 2856 374 2910 ritum
387 2853 660 2925 condiyni.
687 2852 882 2921 Aliud,
901 2854 1045 2933 quod
1063 2855 1165 2911 soli
1184 2850 1568 2909 misericordias

196 2936 479 3002 innititur,
510 2934 654 3013 quod
682 2935 890 2992 dicitur
924 2937 1182 2991 meritum
1208 2935 1455 3003 congrui.
1485 2930 1564 2988 Et

196 3018 259 3072 dc
301 3019 408 3073 isto
452 3017 618 3084 dicit,
657 3018 800 3096 quod
833 3020 1051 3091 justum
1096 3023 1191 3084 est,
1225 3017 1286 3071 id
1308 3022 1385 3071 cst
1431 3032 1565 3070 con-

194 3116 415 3171 yruum,
441 3100 583 3178 quod
602 3103 759 3158 homo
781 3106 876 3181 qui
896 3104 1075 3157 multa
1101 3101 1241 3155 bona
1268 3100 1426 3171 facit,
1458 3114 1566 3152 mc·

196 3190 408 3239 rentur.
434 3182 556 3240 Ista
576 3186 721 3240 enim
757 3183 1137 3240 misericordia
1176 3183 1469 3252 conjuncta
1489 3184 1565 3232 est

197 3264 599 3343 quodammodo
641 3267 892 3338 justitia,
938 3265 1241 3337 plusquam
1268 3262 1330 3316 in
1350 3259 1443 3315 illo
1468 3258 1566 3335 qui

195 3362 488 3423 nunquam
513 3346 674 3402 aliud
699 3348 847 3419 fecit.
885 3344 935 3403 Ε
937 3351 959 3397 t
979 3347 1083 3398 isto
1105 3342 1263 3397 modo
1291 3357 1401 3395 non
1422 3339 1566 3394 obli-

196 3429 433 3483 viscitur
452 3428 601 3484 Deus
640 3429 836 3500 operis,
866 3433 916 3480 et
942 3426 1270 3481 dilectionis.
1299 3422 1387 3478 Ad
1413 3419 1564 3494 quod

196 3507 373 3563 etiam
404 3508 653 3580 pertinet
693 3506 1059 3580 proloquium
1105 3504 1253 3562 illud
1292 3503 1566 3573 desump-

199 3594 326 3645 tum
347 3604 419 3645 ex
446 3590 682 3647 Aristot.
706 3591 761 3656 9,
794 3587 1044 3644 Ethicor.
1073 3603 1195 3660 cap.
1220 3589 1256 3642 5
1289 3607 1301 3642 :
1329 3583 1565 3662 Aliquid

203 3671 551 3728 tribuendum
602 3678 680 3727 est
714 3673 884 3727 veteri
908 3671 1199 3735 amicitis„
1237 3672 1385 3725 Nam
1434 3667 1565 3723 licet

202 3751 555 3827 subsequens
574 3751 789 3810 offensa
806 3753 937 3827 jura
966 3750 1234 3807 amicitiae
1273 3750 1477 3814 violet,
1509 3751 1565 3802 et

202 3833 327 3907 ejus
350 3834 653 3908 privilegia
691 3832 984 3898 excludat,
1010 3831 1140 3890 fieri
1163 3837 1359 3888 tamen
1396 3828 1559 3893 solet,

202 3920 269 3970 ut
295 3915 513 3972 amicus
538 3913 787 3972 offensus
814 3914 1026 3971 veteris
1054 3913 1322 3969 amicitiae
1369 3924 1564 3967 recor-

201 3997 389 4065 detur,
418 4003 475 4054 et
503 3997 741 4070 pronior
767 3995 868 4053 fiat
913 3995 984 4053 ad
1014 3993 1561 4052 reconciliationem.

202 4078 366 4145 Quod
386 4084 581 4136 tamen
611 4079 672 4134 in
700 4083 896 4134 nostro
917 4092 1045 4133 casu
1071 4091 1190 4131 non
1218 4073 1313 4131 fiet
1339 4072 1411 4130 ob
1452 4071 1565 4128 ali-

201 4159 355 4233 quod
372 4162 465 4235 jus
492 4158 795 4216 fundatum
831 4158 892 4214 in
936 4158 1161 4214 meritis
1191 4153 1565 4230 praecedenti-

200 4241 329 4308 bus,
360 4241 457 4297 sed
478 4257 547 4297 ex
572 4242 696 4297 sola
723 4237 1125 4297 misericordia
1152 4238 1271 4302 Dei,
1299 4237 1397 4309 qui
1419 4235 1564 4291 sicut

197 4322 349 4379 citra
387 4337 620 4379 omnem
668 4321 948 4395 injuriam
977 4325 1164 4393 posset
1185 4319 1254 4376 ad
1296 4319 1400 4375 illa
1447 4331 1566 4371 non

195 4402 523 4471 attendere,
572 4404 651 4460 ita
708 4404 884 4461 etiam
931 4407 1112 4476 potest
1169 4399 1567 4457 misericordi-

192 4492 287 4544 ter
333 4501 536 4543 eorum
592 4484 901 4550 recordari,
927 4490 982 4541 et
1003 4484 1300 4542 hominem
1340 4484 1565 4556 lapsum

194 4568 270 4627 ad
302 4585 467 4626 suam
506 4571 756 4644 gratiam
806 4569 1126 4626 restituere.
1178 4566 1281 4623 Sed
1339 4565 1410 4622 de
1462 4564 1568 4621 hoc

193 4651 367 4707 nulla
388 4656 541 4708 extat
569 4653 680 4721 lex,
710 4655 956 4725 pactum,
989 4651 1082 4706 vel
1106 4648 1413 4722 promissio
1440 4646 1562 4716 Dei,

191 4736 254 4789 et
284 4732 367 4788 ita
393 4733 717 4806 oppositum
746 4732 891 4789 solet
917 4731 1248 4804 {requenter
1288 4727 1564 4787 accidere.

351 5183 616 5245 Samant.
650 5184 815 5245 Curs.
845 5186 1069 5258 theolo9.
1100 5191 1232 5242 tom.
1262 5183 1331 5244 Χ.

2937 469 3040 524 841

2287 647 2319 714 g
2361 644 2453 701 IV.

1686 817 1909 893 Satisfit
1922 823 2259 891 aryumentis
2273 821 2688 878 adversantium
2703 823 3044 894 opinionum.

1762 1000 1856 1056 73.
1902 1001 2112 1056 Contra
2152 1000 2404 1073 primam
2452 999 2881 1058 conclusionem
2912 1001 3049 1054 nul·
3093 988 3244 1083 (ἓξὲξ

1691 1084 1810 1140 lam
1843 1083 2165 1156 reperimus
2208 1082 2553 1138 sententiam
2582 1125 2593 1148 ,
2624 1097 2748 1154 qnae
2777 1080 3051 1154 probetur
3097 1098 3244 1132 secun·

1690 1164 2045 1223 Authoribus
2063 1190 2078 1233 ;
2097 1181 2200 1223 nec
2221 1166 2468 1222 occurrit
2483 1164 2714 1237 aliquod
2737 1181 3053 1238 argumen-
3068 1137 3256 1232 ᾱῖιῗςῗῧῗ

1693 1251 1835 1312 tum,
1867 1247 1958 1303 cui
2012 1263 2154 1320 opus
2205 1247 2280 1302 sit
2322 1246 2666 1304 satisfacere.
2709 1247 2916 1302 Contra
2957 1263 3052 1302 se·
3106 1247 3200 1281 nem

1692 1326 1959 1393 cundam,
1991 1332 2049 1384 et
2074 1327 2242 1385 valde
2269 1342 2639 1384 communem
2669 1327 3046 1383 assertionem
3181 1332 3188 1341 ’

1693 1409 1869 1466 sentit
1893 1410 2145 1466 Joannes
2171 1408 2241 1466 de
2253 1408 2498 1483 Ripalda
2524 1408 2733 1480 disput.
2749 1409 2841 1473 95,
2861 1412 3047 1475 sect.‘2,
3065 1409 3260 1462 Ripalda.

1694 1491 1865 1547 concl.
1891 1493 1943 1558 3,
1974 1491 2283 1565 probatque
2311 1507 2475 1546 suam
2499 1490 2834 1562 opinionem
2849 1494 3050 1565 primo,

1694 1571 2075 1646 quia'infusio
2100 1573 2318 1647 gratiae,
2342 1577 2397 1628 et
2420 1571 2684 1629 remissio
2706 1573 2916 1645 peccati
2939 1590 3058 1630 non

1695 1661 1831 1712 sunt
1882 1670 2058 1726 supra
2108 1653 2558 1728 condignitatem
2599 1669 2840 1726 operum
2876 1655 3055 1728 iusti:

1696 1754 1832 1813 ergo
1855 1735 1980 1793 fieri
2009 1736 2292 1792 divinitus
2316 1740 2512 1809 potest,
2547 1741 2609 1790 ut
2631 1736 2926 1795 accedente
2956 1737 3055 1794 Dei

1699 1825 1857 1896 pacto
1900 1819 2086 1893 justus
2118 1825 2411 1876 mereatur
2441 1817 2510 1874 de
2555 1817 2843 1893 condigno
2886 1836 3059 1893 repa-

1699 1897 1984 1960 r‘ationem
2010 1905 2133 1972 post
2160 1900 2405 1973 lapsum.
2451 1899 2717 1966 Secundo,
2751 1901 2886 1973 quia
2933 1917 3059 1958 me·
3099 1903 3231 1955 Arsu-
3279 1905 3286 1910 “

1700 1984 1880 2040 ritum
1928 1997 2045 2038 non
2087 1980 2256 2037 habet
2302 1980 2585 2054 maJ‘orem
2635 1981 2941 2038 efficaciam
2990 1982 3061 2040 ad
3094 1957 3244 1997 '⁸⁰⁰⁸'

1701 2061 2042 2128 merendum
2073 2062 2223 2127 aliis,
2255 2078 2430 2134 quam
2459 2060 2527 2117 ad
2558 2060 2901 2118 merendum
2923 2078 3064 2135 sup-

1701 2145 1902 2218 posito,
1935 2144 2095 2218 cujus
2121 2149 2204 2199 est
2232 2165 2244 2198 :
2272 2142 2373 2199 sed
2414 2158 2534 2199 non
2582 2149 2879 2216 repugnat,
2912 2143 3064 2216 quod

1693 2229 1882 2303 justus
1906 2226 1977 2283 de
2005 2225 2286 2299 condigno
2309 2232 2598 2282 mereatur
2623 2227 2789 2282 alteri
2820 2241 3064 2297 repara-

1700 2309 1921 2366 tionem
1952 2312 2075 2381 post
2120 2308 2386 2379 lapsum:
2417 2323 2554 2381 ergo
2606 2322 2710 2363 nec
2760 2314 3060 2382 repugnat,

1699 2389 1849 2463 quod
1876 2389 2042 2445 illam
2065 2394 2355 2445 mereatur
2377 2387 2487 2444 sibi
2511 2387 2580 2444 de
2599 2387 2901 2462 condigno.
2932 2389 3066 2447 Ter-

1700 2472 1797 2537 tio,
1850 2470 1986 2542 quia
2031 2467 2310 2526 efficacior
2348 2474 2432 2525 est
2471 2468 2740 2524 contritio
2787 2468 2978 2525 elicita
3029 2486 3061 2525 a

1694 2553 1868 2627 just0,
1895 2567 2068 2626 quam
2108 2551 2300 2608 elicita
2354 2567 2385 2607 a
2414 2556 2700 2624 peccatore
2733 2570 2745 2605 :
2774 2550 2874 2607 sed
2936 2550 3065 2608 fieri

1699 2635 1984 2693 divinitus
2013 2638 2213 2710 potest,
2258 2637 2319 2689 ut
2350 2640 2603 2706 peccator
2626 2632 2911 2691 eliciendo
2938 2651 3069 2693 con-

1700 2717 2000 2775 tritionem
2030 2718 2323 2773 mereatur
2351 2713 2422 2771 de
2449 2713 2912 2787 condignosuam
2936 2716 3063 2789 Jus-

1700 2798 2075 2858 tificationem
2109 2823 2122 2856 t
2153 2814 2289 2871 ergo
2312 2795 2440 2853 fieri
2463 2793 2639 2852 etiam
2664 2798 2890 2869 poterit,
2919 2798 3068 2871 quod

1692 2882 1881 2956 justus
1907 2897 2037 2938 eam
2059 2880 2295 2937 eliciens
2343 2883 2639 2936 mereatur
2666 2878 2737 2934 de
2784 2880 3069 2955 condigno

1699 2962 2130 3036 reparationem
2153 2965 2277 3033 post
2307 2961 2555 3033 lapsum.

1770 3043 1858 3099 Ad
1891 3047 2141 3117 primum
2172 3040 2551 3113 respondetur
2581 3041 2775 3112 primo
2803 3041 3068 3115 negando
3083 3057 3270 3115 numan

1698 3123 2071 3189 antecedens;
2103 3136 2239 3176 nam
2271 3126 2332 3175 ut
2378 3124 2598 3178 constat
2623 3116 2694 3175 ex
2741 3120 2908 3176 dictis
2933 3121 3059 3178 dub.
3082 3117 3272 3159 primum.

1695 3203 1918 3277 praeoed.
1951 3203 2112 3259 nulla
2134 3217 2278 3273 pura
2305 3205 2568 3256 creatura
2589 3200 2740 3256 valet
2766 3199 2834 3257 de
2861 3201 3063 3258 condi-

1697 3301 1810 3359 gno
1838 3284 2052 3343 mereri
2093 3280 2495 3341 remissionem
2526 3282 2756 3353 peccati.
2803 3286 3064 3357 Respon-

1697 3364 1865 3422 detur
1878 3362 2145 3429 secundo,
2160 3360 2307 3436 quod
2317 3361 2422 3417 etsi
2438 3362 2624 3434 justus
2646 3367 2832 3434 posset
2847 3366 3061 3421 mereri

1697 3447 1768 3505 de
1792 3446 2078 3522 condigno
2101 3444 2501 3502 remissionem
2524 3445 2732 3515 peccati
2744 3445 3060 3504 secundum

1696 3544 1776 3599 se,
1809 3543 1926 3585 non
1973 3533 2166 3584 tamen
2219 3523 2620 3581 remissionem
2670 3526 2880 3598 peccati
2911 3544 3063 3584 com-

1696 3608 1967 3668 mittendi
2014 3613 2140 3681 post
2190 3607 2499 3673 meritum;
2546 3623 2682 3662 nam
2729 3609 3058 3685 hujusmodi

1699 3699 1985 3768 peccatum
2007 3691 2130 3747 vim
2152 3690 2345 3747 meriti
2373 3688 2718 3762 supprimit,
2747 3696 2802 3748 et
2825 3699 3059 3750 evacuat

1697 3781 1758 3831 ut
1786 3771 2232 3848 ponderavimus
2255 3789 2406 3828 num.
2438 3772 2530 3826 68.

1770 3855 1858 3911 Ad
1909 3854 2204 3911 secundum
2264 3851 2640 3925 respondetur
2708 3854 2898 3926 primo
2950 3869 3056 3911 ne-
3069 3886 3264 3931 occurri-

1696 3936 1882 4012 gando
1903 3936 2210 3998 minorem,
2225 3933 2391 4007 juxta
2417 3947 2483 3989 ea
2510 3947 2634 4004 quae
2655 3931 2909 3989 diximus
2923 3933 3052 3990 dub.
3095 3942 3158 3979 tur
3177 3948 3240 3981 se·

1690 4020 1915 4094 praeced.
1985 4015 2378 4090 Respondetur
2434 4013 2683 4071 secundo
2736 4015 3055 4073 omittendo
3093 3987 3245 4031 ⁰⁰⁰d0'

1699 4102 2038 4176 praemissas,
2059 4102 2114 4155 et
2134 4095 2875 4171 negandoconsequentiam
2890 4098 3054 4169 ;quia

1690 4186 1877 4259 justus
1935 4196 2163 4238 merens
2229 4176 2395 4232 alteri
2439 4177 2863 4250 reparationem
2931 4182 3055 4251 post

1699 4261 1941 4332 lapsum,
1961 4270 2302 4313 conservare
2325 4260 2504 4329 potest
2525 4257 2829 4330 justitiam,
2852 4264 2910 4316 et
2929 4276 3054 4317 me-

1698 4344 1877 4398 ritum
1899 4356 2002 4414 pro
2026 4344 2296 4409 tempore,
2313 4353 2424 4409 quo
2452 4338 2719 4410 praedicta
2744 4341 3051 4413 reparatio,

1697 4441 1794 4481 seu
1838 4420 2140 4496 praemium
2192 4420 2573 4476 conferretur.
2626 4422 2729 4478 Ille
2770 4439 2925 4489 vero,
2957 4425 3056 4497 qui

1696 4505 1806 4562 sibi
1861 4503 2192 4577 praedictam
2240 4501 2666 4573 reparationem
2712 4511 3053 4569 mereretur,

1698 4605 1817 4646 non
1864 4591 2050 4661 posset
2091 4600 2210 4640 non
2263 4583 2532 4640 amittere
2569 4584 2662 4657 jus
2715 4588 3060 4645 meritorum

1698 4677 1830 4729 ante
1860 4666 2086 4743 praemii
2114 4666 2509 4730 collationem,
2541 4664 2692 4738 quod
2721 4666 2908 4724 reddit
2936 4685 3062 4726 me-

1699 4754 1879 4810 ritum
1902 4748 2379 4824 implicatorium.

1770 4842 1858 4900 Ad
1886 4844 2109 4898 tertium
2137 4836 2514 4913 respondetur
2562 4838 2755 4912 primo
2801 4840 3064 4915 negando
3098 4871 3255 4915 nmmo

1697 4927 2024 4990 minorem3
2051 4924 2331 4995 repugnat
2355 4919 2536 4984 enim,
2569 4918 2723 4993 quod
2744 4920 2873 4992 quis
2896 4921 3066 4980 inde-
3095 4921 3261 4965 satisfit.

1701 5005 2016 5082 pendenter
2038 5017 2072 5058 a
2098 5002 2281 5076 gratia
2328 4998 2719 5058 sanctificante
2774 5007 3070 5060 mereatur

1701 5091 1772 5150 de
1801 5086 2086 5163 condigno
2113 5083 2422 5157 praemium
2452 5082 2702 5157 insignis
2743 5082 2882 5140 adeo
2906 5086 3070 5142 valo-

2857 5175 2931 5230 54
