3647 5753
489 403 602 458 658

296 579 461 638 Specta,-
571 575 664 630 54.
709 573 957 637 Quidam
979 573 1195 642 dicunt,
1220 572 1519 648 propriam
1568 572 1855 629 rationem

279 630 767 723 ssgffifi.miraculi
788 656 958 712 sitam
980 672 1102 713 esse
1118 656 1180 713 in
1202 671 1289 722 e0,
1310 653 1461 728 quod
1485 670 1617 711 raro
1636 652 1860 710 contin-

330 728 407 773 tio.
496 741 605 811 gat,
636 741 691 794 et
714 741 919 809 praeter
959 736 1328 794 ordinarium
1367 750 1563 791 rerum
1598 750 1856 791 cursum.

288 805 341 847 Β·
359 805 466 858 ⁸¹¹⁸·
499 818 673 892 quue
692 819 923 876 videtur
952 819 1301 895 significasse
1321 821 1386 874 D.
1413 821 1654 893 August.
1674 817 1766 875 lib.
1798 818 1854 885 3,

494 902 558 957 de
580 901 781 958 Trinit.
802 919 921 974 cap.
949 904 1003 967 5,
1034 908 1084 956 et
1103 908 1266 957 tract.
1286 901 1411 969 8,in
1430 899 1597 957 Joan.
1630 899 1714 954 sic
1740 898 1860 953 mi-

496 983 755 1040 raculum
784 981 1112 1039 describens
1138 1004 1151 1038 ε
1176 981 1517 1039 Miraculum
1536 989 1615 1037 est
1642 979 1862 1056 aliquid

496 1064 754 1131 arduum,
806 1072 856 1120 et
884 1065 1171 1121 insolitum
1196 1081 1367 1138 supra
1395 1064 1718 1138 facultatem
1745 1080 1857 1118 na-

497 1156 647 1213 ίειν-«τ,
678 1156 727 1203 et
768 1155 963 1221 praeter
990 1165 1137 1221 spem
1179 1146 1517 1203 admirantis
1561 1161 1855 1219 apparens.

497 1231 605 1288 Sed
632 1232 749 1288 haec
776 1230 1047 1298 conditio,
1099 1230 1214 1287 nisi
1242 1231 1494 1304 amplius
1518 1229 1854 1302 explicetur,

498 1312 683 1370 adhuc
703 1329 818 1370 non
853 1313 1099 1384 explicat
1126 1311 1437 1383 propriam,
1464 1315 1519 1368 et
1545 1309 1855 1382 specialem

499 1395 770 1453 miraculi
813 1395 1118 1451 rationem.
1168 1395 1316 1449 Tum
1345 1393 1481 1466 quia
1507 1393 1702 1465 aliqua
1723 1405 1861 1466 pro-

498 1478 668 1554 digia,
712 1485 768 1536 et
792 1482 1052 1535 monstra
1102 1480 1254 1542 sunt,
1287 1490 1411 1549 quae
1455 1490 1587 1531 raro
1631 1471 1861 1530 contin-

496 1566 653 1636 gunt,
684 1567 740 1617 et
759 1576 883 1633 quae
910 1557 1463 1633 praetergrediuntur
1489 1555 1859 1616 ordinarium

497 1657 729 1698 cursum
754 1656 949 1698 rerum
984 1665 998 1708 ;
1027 1657 1153 1713 quae
1173 1645 1369 1697 tamen
1393 1656 1510 1697 non
1537 1645 1673 1695 sunt
1701 1638 1861 1713 rigo-

501 1739 630 1781 rosa
674 1723 973 1790 miracula,
1004 1721 1102 1780 sed
1143 1727 1381 1796 possunt
1420 1739 1522 1796 per
1549 1722 1859 1787 daemones

501 1811 598 1862 aut
620 1805 762 1862 alias
783 1822 979 1862 causas
1000 1810 1218 1862 creatas
1238 1803 1388 1863 fieri.
1419 1807 1567 1861 Tum
1595 1805 1792 1871 etiam,
1810 1809 1868 1861 et

499 1887 798 1960 praecipue,
829 1889 965 1960 quia
991 1902 1108 1943 non
1136 1891 1221 1942 est
1246 1890 1446 1943 contra
1467 1902 1667 1943 veram
1694 1885 1867 1943 ratio·

501 1983 637 2023 nem
660 1967 922 2023 miraculi
978 1966 1106 2024 fieri
1136 1967 1485 2041 frequenter,
1533 1973 1595 2023 ut
1629 1969 1781 2040 patet
1803 1965 1867 2020 in

502 2047 970 2121 frequentissima
995 2049 1371 2106 conversione
1383 2049 1549 2122 panis
1569 2049 1633 2104 in
1660 2061 1869 2119 corpus

292 2147 345 2187 D.
366 2143 471 2188 Tho.
503 2130 714 2186 Christi
746 2154 760 2198 3
809 2147 981 2204 quam
1009 2138 1203 2189 tamen
1240 2132 1305 2187 D.
1331 2131 1537 2188 Thom.
1570 2130 1635 2186 in
1686 2127 1869 2186 officio

502 2213 573 2270 de
621 2229 858 2287 corpore
904 2214 1120 2271 Christi
1168 2213 1421 2288 appellat
1460 2212 1866 2269 miraculorum

502 2299 835 2353 maximum.
886 2298 1170 2354 Similiter
1196 2297 1347 2370 quod
1374 2296 1622 2371 singulis
1668 2293 1871 2351 diebus

504 2393 607 2451 per
626 2380 874 2452 spatium
902 2378 1280 2454 quadraginta
1313 2394 1604 2436 annorum
1631 2376 1871 2433 descen-

504 2459 664 2516 deret
689 2474 906 2515 manna
951 2460 1102 2515 circa
1141 2465 1324 2517 castra
1365 2458 1626 2516 filiorum
1668 2457 1866 2524 Israel,

502 2555 778 2613 magnum
807 2540 1155 2598 miraculum
1175 2547 1301 2598 erat
1341 2565 1356 2608 3
1384 2540 1495 2596 fuit
1523 2547 1720 2597 tamen
1749 2539 1873 2596 fre-

503 2620 966 2694 quentissimum.
1013 2622 1170 2680 Idem
1218 2620 1585 2695 contingebat
1626 2620 1697 2677 in
1726 2635 1874 2693 aqua

507 2701 820 2774 zelotypiae,
863 2718 987 2774 quae
1027 2709 1347 2776 putrescere
1399 2701 1642 2758 faciebat
1679 2700 1874 2757 femur

300 2799 483 2844 Numa.
511 2781 801 2849 adulterae,
853 2788 915 2838 ut
954 2783 1198 2841 habetur
1250 2784 1422 2841 Num.
1478 2787 1534 2854 5,
1561 2789 1616 2841 et
1645 2785 1708 2840 in
1734 2798 1877 2839 san-

511 2864 688 2939 guine
733 2862 1170 2933 sacrificiorum,
1226 2865 1324 2939 qui
1367 2882 1486 2922 non
1534 2863 1877 2938 inquinabat

513 2945 831 3019 templum:
882 2948 1027 3003 etin
1075 2948 1405 3020 aspersione
1425 2947 1728 3023 sanguinis
1756 2963 1877 3004 non

512 3027 854 3084 maculantis
883 3034 1065 3085 vestes
1096 3034 1189 3086 :et
1215 3030 1277 3085 in
1303 3030 1519 3103 templo
1547 3029 1876 3105 Hierosoly-

515 3108 738 3166 mitano
759 3109 1018 3183 capiente
1043 3124 1427 3182 quoscumque
1453 3109 1580 3166 sine
1603 3126 1869 3179 numer0,

514 3187 656 3244 etin
682 3190 812 3245 aliis
834 3191 1134 3247 miraculis
1162 3190 1325 3264 Legis
1353 3189 1768 3263 antiquae,‘quae
1790 3206 1880 3248 re·

330 3280 481 3371 ¹³me
518 3267 631 3326 fert
679 3273 880 3327 Petrus
926 3272 1225 3328 Galatinus
1279 3271 1373 3328 lib.
1424 3272 1479 3338 4,
1523 3290 1646 3328 cav.
1689 3274 1792 3328 Bet
1819 3273 1875 3328 9.

307 3332 367 3372 θ’
411 3331 487 3371 ω’·
520 3350 745 3407 Pariter
772 3352 1126 3424 temporibus
1151 3353 1556 3425 Apostolorum
1591 3353 1880 3411 miracula

520 3433 986 3505 frequentissime
1029 3434 1414 3505 eveniebant,
1458 3437 1602 3509 quin
1660 3451 1732 3493 ex
1776 3437 1883 3493 hac

414 3542 421 3549 ·
521 3515 845 3590 frequentia
866 3534 1066 3574 veram
1097 3518 1381 3575 rationem
1407 3519 1676 3575 miraculi
1706 3519 1884 3575 amit-

518 3602 723 3655 terent.
757 3601 909 3655 Vera
930 3615 1084 3674 erg0,
1110 3605 1166 3657 et
1184 3601 1419 3673 propria
1441 3602 1713 3659 miraculi
1738 3602 1885 3661 ratio

520 3680 732 3736 nonin
758 3695 824 3737 eo
865 3682 1097 3753 praecise
1143 3682 1420 3751 consistit,
1469 3682 1620 3756 quod
1665 3683 1885 3758 aliquid

523 3776 657 3817 raro
683 3762 994 3838 contingat.
1029 3767 1143 3821 Nec
1165 3765 1228 3820 D.
1256 3768 1489 3838 August.
1517 3780 1620 3838 per
1641 3766 1884 3824 verbum

522 3845 825 3913 insolitum,
854 3844 913 3902 id
939 3845 1307 3921 significavit,
1332 3846 1431 3905 sed
1453 3849 1637 3923 magis
1648 3865 1887 3922 expres-

520 3926 597 3983 sit
621 3942 916 3983 excessum
962 3944 1138 4000 supra
1162 3928 1397 3986 modum
1447 3935 1670 3987 naturae
1709 3930 1888 3988 inna-

521 4012 667 4076 tum,
700 4012 763 4064 ut
788 4025 861 4065 ex
884 4007 1145 4064 dicendis
1192 4009 1494 4079 constabit,
1547 4017 1603 4068 et
1628 4011 1789 4069 docet
1816 4014 1882 4071 D.

524 4089 730 4147 Thom.
782 4093 843 4146 in
863 4093 918 4156 2,
944 4090 1075 4146 dist.
1113 4091 1198 4158 18,
1238 4100 1422 4171 quaest.
1455 4095 1501 4160 l,
1531 4100 1641 4150 art.
1674 4094 1804 4149 Sad
1827 4097 1884 4164 2,

526 4171 628 4230 ubi
658 4173 780 4230 ait:
815 4195 841 4228 α
884 4174 1212 4244 Insolitum,
1243 4175 1392 4250 quod
1434 4177 1499 4233 in
1549 4174 1890 4237 definitione

533 4278 559 4311 α
600 4255 871 4312 miraculi
920 4256 1196 4329 ponitur,
1250 4273 1367 4314 non
1408 4256 1548 4314 dicit
1602 4258 1890 4318 rationem

531 4359 559 4391 α
604 4337 757 4406 facti,
813 4336 911 4395 sed
938 4338 1190 4396 excludit
1234 4339 1471 4397 solitum
1517 4354 1752 4397 cursum
1782 4358 1892 4401 na-

533 4445 559 4475 «
603 4427 769 4480 turae.
795 4422 961 4481 Unde
986 4422 1093 4480 etsi
1120 4423 1375 4496 quotidie
1402 4423 1532 4481 caeci
1581 4424 1892 4484 illumina-

534 4528 561 4560 «
607 4510 829 4573 rentur,
881 4506 1268 4564 nihilominus
1309 4506 1658 4566 miraculum
1697 4516 1890 4581 esset;

538 4610 564 4642 α
604 4588 739 4661 quia
762 4592 967 4661 praeter
993 4606 1229 4647 cursum
1277 4591 1626 4659 naturalem,
1650 4593 1751 4668 qui
1780 4609 1889 4652 no·

539 4694 564 4726 ιι
607 4670 696 4728 bis
717 4676 801 4730 est
826 4680 1145 4740 consuetus,
1177 4673 1553 4749 contingeret.
1579 4696 1606 4728 n

609 4757 852 4829 Propter
892 4756 1013 4814 haec
1040 4757 1142 4815 alii
1171 4757 1462 4832 explicant
1480 4774 1683 4817 veram
1712 4761 1892 4820 ratio·

535 4855 672 4897 nem
700 4836 971 4896 miraculi
1014 4856 1116 4914 per
1137 4841 1260 4908 hoc,
1291 4841 1440 4914 quod
1464 4841 1540 4899 sit
1566 4859 1708 4916 opus
1727 4859 1898 4902 exce-

536 4921 678 4978 dens
726 4924 902 4976 totam
958 4920 1284 4980 facultatem
1328 4927 1568 4981 naturae.
1620 4923 1729 4981 Sed
1780 4924 1900 4983 haec

538 5001 837 5075 expositio,
863 5001 913 5057 si
942 5018 1082 5059 vera
1108 5006 1210 5070 est,
1237 5002 1453 5061 evincit
1498 5004 1698 5063 omnia
1723 5020 1900 5078 opera

539 5085 1005 5158 supernaturalia
1066 5099 1190 5142 esse
1247 5086 1530 5143 miracula
1554 5110 1570 5153 ς
1620 5086 1902 5145 excedunt

1196 402 1293 458 DE
1332 398 1775 466 QUIDDITATE
1812 397 2414 457 JUSTIFICATIONIS
2453 404 2659 462 1MP11.

1989 571 2151 628 euim
2193 577 2376 630 totum
2398 575 2686 644 ordinem,
2716 583 2774 634 et
2818 577 3151 634 facultatem
3177 584 3353 634 natu-

1992 669 2092 710 rae.
2117 656 2187 709 Et
2214 655 2293 711 ita
2319 656 2569 725 credere,
2599 674 2852 731 sperare,
2884 664 2942 715 et
2966 658 3211 734 diligere
3251 675 3357 733 per

1991 741 2146 793 actus
2170 742 2639 811 supernaturales
2659 747 2832 799 erunt
2851 740 3137 798 miracula
3154 766 3168 808 ;
3193 747 3247 798 et
3267 740 3356 797 si—

1991 819 2212 878 militer
2239 820 2538 880 miraculis
2559 823 2909 881 accensenda
2930 824 3122 882 forent
3147 829 3351 881 cuncta

1991 903 2232 970 auxilia,
2261 910 2319 961 et
2356 904 2508 963 dona
2550 907 3040 980 supernaturalia,
3084 912 3142 964 et
3167 908 3357 965 multo

1991 984 2176 1059 magis
2197 985 2365 1059 impii
2386 986 2739 1060 justificatio,
2771 987 2842 1045 de
2861 1005 2977 1061 qua
2994 986 3359 1061 disputamus

1992 1066 2057 1128 in
2078 1068 2435 1139 praesentim
2451 1076 2644 1127 autem
2659 1075 2746 1127 est
2764 1075 2964 1127 contra
2981 1085 3359 1128 communem

1991 1148 2259 1205 omnium
2303 1150 2639 1223 opinionem
2662 1196 2676 1221 ,
2727 1168 2853 1227 quae
2894 1168 3014 1209 non
3058 1151 3363 1209 cousuevit

1993 1228 2260 1303 praedicta
2273 1247 2448 1304 opera
2457 1234 2738 1290 miracula
2749 1233 3148 1291 vocare.Unde
3169 1232 3360 1290 adhuc

1991 1317 2215 1384 oportet
2233 1313 2526 1386 assignare
2545 1314 2609 1371 in
2630 1331 2743 1390 quo
2762 1331 2901 1372 vera
2922 1315 3070 1372 ratio
3082 1314 3360 1371 miraculi

1991 1393 2101 1450 sita
2120 1394 2214 1451 sit.
2245 1394 2407 1452 Circa
2425 1394 2576 1468 quod
2604 1401 2810 1469 praeter
2838 1395 3041 1454 modos
3083 1397 3361 1453 hactenus

1995 1475 2364 1542 relatos,sunt
2384 1476 2486 1533 alii
2509 1476 2703 1550 plures
2723 1475 2949 1532 dicendi
2975 1476 3133 1533 modi
3156 1477 3358 1534 minus

1996 1556 2464 1632 principales,qui
2487 1563 2724 1631 possunt
2745 1556 2932 1615 videri
2949 1557 3099 1630 apud
3123 1559 3358 1616 Banuez
3374 1568 3548 1610 mm

2004 1641 2024 1697 1
2051 1647 2202 1713 part.
2227 1648 2409 1718 quaest.
2444 1643 2681 1709 105,art.
2703 1644 2760 1709 7,
2785 1644 3038 1708 ArauxO,
3064 1647 3122 1698 et
3147 1644 3358 1716 Grego-
3371 1618 3552 1725 ᾒᾞζ

1998 1722 2155 1778 rium
2187 1723 2468 1779 Martinez
2494 1722 2558 1779 in
2582 1721 2873 1795 praesenti.
2897 1722 2983 1778 Ex
3008 1739 3214 1780 eorum
3245 1739 3356 1780 au·
3387 1718 3551 1761 mm·

1997 1808 2113 1859 tem
2134 1803 2567 1878 impugnatione
2586 1804 2924 1878 investigari
2949 1804 3224 1878 potest,in
3245 1821 3361 1877 quo

1998 1884 2305 1942 debeamus
2331 1886 2640 1944 essentiam
2687 1887 2812 1943 veri
2836 1886 3107 1942 miraculi
3136 1887 3358 1944 consti-

2000 1973 2179 2025 tuere.
2205 1971 2334 2025 Non
2370 1970 2529 2025 enim
2555 1969 2815 2026 consistit
2837 1970 2902 2025 in
2922 1985 3009 2035 eo,
3042 1963 3192 2042 quod
3218 1984 3366 2042 opus

2000 2051 2211 2107 factum
2251 2053 2327 2106 sit
2368 2053 2826 2124 supernaturale,
2885 2053 2977 2110 vel
3018 2069 3178 2119 non;
3222 2066 3364 2108 nam

2000 2134 2281 2209 contingit
2318 2151 2459 2207 opus
2483 2150 2606 2192 esse
2649 2136 3112 2209 supernaturale,
3156 2141 3212 2192 et
3243 2150 3367 2192 non

2000 2233 2124 2274 esse
2163 2217 2596 2283 miraculosum,
2642 2223 2703 2273 ut
2755 2225 2974 2275 constat
3018 2235 3090 2275 ex
3118 2233 3367 2274 numero

2004 2298 2348 2373 praecedenti
2380 2323 2394 2367 ;
2443 2305 2499 2356 et
2544 2315 2577 2364 e
2601 2315 2879 2358 converso
2918 2299 3202 2374 contingit
3238 2315 3366 2356 rem

2004 2380 2213 2438 factam
2235 2395 2356 2436 esse
2385 2380 2728 2449 naturalem,
2758 2386 2816 2438 et
2834 2396 2957 2437 esse
2991 2381 3362 2447 miraculum,

2003 2467 2068 2518 ut
2109 2476 2240 2517 cum
2301 2460 2625 2517 restituitur
2671 2478 2814 2519 caeco
2857 2461 3111 2535 potentia
3157 2460 3364 2517 visiva.

2003 2544 2187 2617 Magis
2223 2558 2359 2617 ergo
2386 2542 2452 2599 ad
2497 2544 2734 2601 modum
2761 2544 3060 2616 operandi,
3091 2560 3266 2616 quam
3294 2542 3370 2600 ad

2008 2640 2132 2681 rem
2169 2624 2374 2681 factam
2397 2641 2501 2697 pro
2524 2625 2790 2683 venanda
2837 2627 3109 2682 miraculi
3140 2626 3367 2682 ratione

2007 2704 2421 2763 attendendum
2467 2713 2572 2763 est.
2617 2704 2928 2763 praedictus
2984 2722 3124 2764 vero
3164 2705 3374 2763 modus

2009 2789 2206 2860 nequit
2244 2790 2554 2846 consistere
2569 2789 2631 2845 in
2650 2805 2737 2855 eo,
2768 2787 2919 2862 quod
2959 2805 3092 2848 raro
3113 2806 3206 2846 res
3244 2788 3369 2856 fiat,

2009 2869 2267 2943 velquod
2283 2872 2455 2929 lateat
2479 2871 2602 2947 ejus
2622 2889 2810 2940 causa,
2840 2873 2934 2930 vel
2964 2872 3086 2930 haec
3110 2873 3186 2929 sit
3210 2873 3373 2930 solus

2011 2954 2301 3021 Deus3haec
2324 2953 2624 3027 quippe,ut
2641 2958 2859 3010 constat
2881 2970 2953 3010 ex
2975 2970 3155 3027 supra
3174 2952 3366 3018 dictis,

2011 3036 2105 3092 vel
2132 3051 2251 3092 non
2283 3050 2512 3107 semper
2539 3035 2602 3090 in
2643 3035 2925 3092 miraculo
2947 3034 3369 3101 interveniunt,

2010 3120 2104 3176 vel
2124 3116 2270 3175 illud
2293 3118 2642 3176 sufficienter
2670 3134 2787 3175 non
2809 3120 3191 3176 constituunt.

2086 3199 2178 3255 55.
2228 3197 2403 3257 Nobis
2429 3203 2618 3256 autem
2645 3214 2763 3256 non
2796 3198 2912 3255 alia
2952 3199 3137 3273 aptior
3181 3199 3279 3256 via
3299 3197 3584 3269 adaperitur

2013 3281 2412 3355 exponendam
2459 3282 2742 3338 rationem
2787 3282 3057 3340 miraculi
3097 3281 3367 3349 occurrit,
3384 3262 3588 3364 wi,

2014 3380 2188 3438 quam
2216 3379 2391 3437 penes
2433 3362 2956 3430 innaturalitatem,
2987 3370 3045 3421 et
3070 3365 3375 3423 extranei·
3440 3360 3553 3405 ‘²¹1⁰

2015 3453 2190 3506 tatem
2231 3445 2409 3512 modi,
2465 3462 2575 3519 quo
2605 3446 2811 3514 forma,
2862 3448 2958 3503 vel
3009 3454 3167 3505 actus
3193 3448 3371 3505 alicui
3411 3420 3586 3506 11⁶3?ss
3631 3460 3636 3471 ·

2018 3531 2284 3606 potentiae
2304 3527 2774 3602 correspondens,
2795 3528 2866 3586 ad
2885 3532 3249 3597 exercitium,
3276 3537 3379 3587 aut
3442 3511 3572 3606 3¹1?

2016 3612 2178 3686 quasi
2207 3610 2546 3669 exercitium
2588 3610 2902 3668 reducitur.
2931 3614 3044 3670 Pro
3090 3613 3251 3686 cujus
3277 3615 3381 3670 in—
3615 3630 3636 3681 ε

2017 3693 2338 3770 telligentia
2357 3692 2782 3751 observandum
2810 3699 2913 3761 est,
2931 3693 3078 3767 quod
3102 3694 3380 3767 quaelibet
3631 3694 3636 3705 '

2019 3792 2129 3839 res,
2159 3780 2216 3833 et
2244 3774 2434 3832 forma
2478 3792 2597 3832 suae
2633 3777 2900 3849 potentias
2935 3775 3378 3850 correspondet3

2017 3865 2074 3915 et
2095 3858 2227 3915 ideo
2244 3857 2294 3913 si
2322 3857 2511 3915 forma
2531 3862 2616 3914 est
2644 3859 2948 3926 naturalis,
2970 3858 3385 3933 correspondet

2020 3938 2287 4013 potentiae
2326 3938 2579 3996 naturali
2611 3963 2626 4007 ;
2656 3939 2781 3997 etsi
2809 3940 2986 3997 fuerit
3028 3947 3383 4015 supernatu-

2023 4019 2183 4087 ralis,
2227 4019 2632 4092 correspondet
2670 4019 3046 4078 obedientiali
3089 4023 3378 4095 potentiae.

2024 4103 2089 4157 In
2112 4116 2224 4174 quo
2242 4116 2412 4158 sensu
2442 4100 2635 4158 omnis
2679 4100 2954 4159 habitudo
2995 4103 3265 4176 potentiae
3308 4102 3384 4161 ad

2025 4182 2278 4240 formam
2317 4182 2429 4240 sibi
2451 4182 2664 4241 directe
2705 4186 3251 4257 correspondentem
3288 4186 3387 4244 di-

2024 4263 2204 4322 cenda
2229 4270 2314 4322 est
2333 4265 2634 4331 naturalis,
2661 4265 2766 4322 hoc
2791 4270 2877 4322 est
2897 4265 3120 4332 inuata,
3152 4283 3251 4325 seu
3280 4284 3388 4342 po-

2027 4346 2220 4404 tentiae
2247 4345 2318 4403 ab
2339 4345 2653 4404 intrinseco
2678 4346 3050 4414 conveniens,
3074 4348 3199 4405 sive
3214 4349 3293 4405 sit
3316 4348 3392 4406 ad

2029 4426 2280 4488 formam
2308 4429 2606 4487 entitative
2634 4430 2980 4499 naturalem,
3005 4431 3131 4488 sive
3165 4429 3237 4488 ad
3266 4431 3395 4490 for-

2028 4525 2188 4567 mam
2208 4508 2509 4567 entitative
2527 4511 3031 4582 supernaturalem
3049 4536 3065 4579 ;
3090 4512 3208 4569 haec
3226 4511 3396 4569 euim

2028 4589 2334 4649 diversitas
2360 4589 2430 4647 de
2451 4590 2741 4648 materiali
2776 4608 2838 4649 se
2866 4590 3038 4649 habet
3064 4591 3394 4667 adrespec-

2030 4679 2174 4742 tum,
2198 4673 2323 4730 sive
2348 4673 2763 4746 coaptationem
2792 4674 2946 4731 iuter
2966 4673 3306 4747 potentiam,
3337 4680 3403 4734 et

2031 4762 2219 4813 actum
2259 4755 2370 4813 sibi
2397 4754 2611 4812 directe
2637 4756 3198 4829 correspondentem.
3226 4757 3403 4820 Unde

2031 4837 2285 4914 potentia
2330 4837 2734 4896 obedientialis
2778 4840 3144 4908 naturaliter,
3183 4840 3291 4900 boc
3308 4848 3404 4901 est

2032 4921 2103 4980 ab
2147 4921 2464 4980 intrinseco
2488 4966 2502 4988 ,
2545 4927 2603 4979 et
2652 4936 2725 4979 ex
2771 4923 3025 4996 propriis
3069 4923 3404 4998 praedicatis

2030 5008 2400 5076 comparatur
2428 5002 2498 5059 ad
2519 5004 3023 5077 supernaturalem
3051 5010 3263 5074 actum,
3293 5022 3402 5065 seu

2033 5085 2288 5145 formam
2320 5110 2336 5153 ;
2364 5101 2466 5143 nec
2505 5085 2664 5144 enim
2692 5085 2799 5143 sub
2824 5101 3094 5161 expresso
3120 5095 3404 5163 conceptu

3125 5164 3412 5236 potentiae
