3647 5753
320 1017 507 1062 Solvitur

348 1069 499 1126 contir-

345 1123 487 1161 mallo.

530 431 605 486 82

533 616 740 675 essent,
791 612 1038 669 minime
1082 611 1401 670 excluditur
1448 614 1737 672 decretum
1763 616 1885 681 Dei,

534 691 625 746 cui
654 692 927 749 innititur
954 695 1055 750 illa
1085 697 1457 767 praescientia3
1480 697 1746 769 quamvis
1772 713 1891 754 non

534 786 780 843 semper,
806 775 940 845 quia
963 790 1079 831 non
1098 792 1325 849 semper
1344 784 1582 850 oportet,
1604 778 1893 850 exprima-

538 856 650 909 tur.
697 852 970 910 Videatur
1011 858 1075 911 D.
1112 857 1316 914 Thom.
1361 859 1396 913 3
1428 865 1581 931 part.
1623 866 1804 936 quast,
1846 860 1887 926 l,

536 939 646 987 arta
671 932 728 988 5.

620 1012 739 1067 121.
790 1011 874 1068 Ad
925 1013 1424 1073 confirmationem
1480 1015 1887 1089 respondetur,

539 1089 1099 1162 praedestinationem
1145 1112 1306 1167 posse
1343 1097 1493 1153 sumi
1539 1096 1844 1168 dupliciter
1877 1117 1890 1153 ε

538 1186 653 1227 uno
679 1170 849 1228 modo
875 1173 1245 1248 inadaequate,
1283 1181 1338 1232 et
1367 1177 1807 1245 formalissime;
1838 1183 1895 1233 et

536 1251 641 1308 hoo
661 1260 820 1325 pacto
839 1257 1095 1313 consistit
1121 1259 1183 1314 in
1205 1264 1329 1315 actu
1352 1260 1584 1332 imperii
1607 1260 1893 1316 intiman-

539 1332 611 1387 tis
634 1331 931 1391 efficaciter
954 1353 1135 1405 usum,
1160 1339 1282 1394 sive
1309 1340 1748 1412 applicationem
1777 1355 1895 1396 me·

535 1411 767 1470 diorum
799 1435 813 1469 ε
855 1416 1034 1472 altero
1060 1416 1229 1475 modo
1268 1418 1574 1492 adaequate,
1606 1426 1663 1476 et
1688 1435 1894 1476 secun-

536 1491 675 1548 dum
701 1509 768 1550 ea
810 1509 935 1566 quae
964 1499 1348 1571 praesupponit
1373 1523 1386 1566 ;
1416 1504 1472 1556 et
1518 1500 1621 1556 hac
1671 1500 1895 1557 ratione

538 1575 779 1632 includit
822 1577 1203 1637 intentionem
1244 1580 1411 1647 finis,
1460 1588 1514 1638 et
1554 1583 1891 1639 electionem

534 1656 815 1714 efficacem
843 1659 1187 1720 mediorum.
1221 1663 1496 1726 Quamvis
1522 1679 1656 1737 ergo
1681 1665 1895 1720 futuri-

537 1738 619 1794 tio
645 1737 969 1796 mediorum
995 1740 1309 1815 dependeat
1335 1758 1369 1798 a
1397 1742 1896 1814 praedestinatione

541 1820 778 1889 utroque
800 1819 968 1876 modo
989 1828 1243 1894 accepta;
1273 1821 1443 1878 aliter
1470 1828 1682 1889 tamen,
1714 1821 1896 1879 etali-

541 1903 628 1954 ter
661 1919 674 1953 :
707 1909 840 1954 nam
864 1900 1127 1966 intenti0,
1151 1907 1208 1959 et
1232 1902 1431 1958 electio
1457 1902 1649 1959 efficax
1675 1903 1897 1960 confert

538 1978 744 2036 mediis
771 1982 1171 2038 futuritionem
1201 1983 1546 2049 inchoativa,
1590 1991 1648 2041 et
1676 1984 1896 2042 inadae-

535 2065 736 2133 quate;
767 2062 1078 2134 imperium
1108 2081 1245 2121 vero
1286 2065 1689 2124 futuritionem
1735 2083 1894 2124 com-

536 2141 668 2213 plet.
703 2143 771 2196 Et
799 2140 924 2199 ideo
952 2145 1215 2215 quamvis
1243 2151 1374 2201 ante
1416 2146 1816 2214 intentionem,
1842 2154 1897 2203 et

535 2221 872 2279 electionem
921 2233 1038 2281 non
1078 2224 1243 2281 detur
1293 2227 1409 2282 ulla
1458 2226 1740 2293 futuritio,
1795 2244 1898 2284 nec

536 2299 811 2366 absoluta,
863 2318 966 2358 nec
1009 2303 1416 2371 conditionata,
1468 2312 1634 2378 atque
1680 2306 1807 2363 ideo
1843 2312 1898 2363 et

533 2382 730 2437 electio
779 2383 1001 2438 nullam
1047 2390 1329 2457 supponat
1373 2384 1699 2443 futurorum
1749 2402 1897 2459 prae-

533 2461 830 2517 scientiam
853 2486 866 2529 ;
893 2462 1277 2521 nihilominus
1304 2470 1436 2522 ante
1462 2466 1772 2539 imperium
1800 2465 1898 2523 da·

536 2548 629 2598 tur
657 2542 941 2610 futuritio,
973 2547 1174 2602 saltem
1206 2546 1565 2618 incompleta,
1597 2553 1653 2604 et
1678 2547 1896 2604 inadae-

535 2629 744 2696 quata3
790 2624 1120 2681 infallibilis
1149 2632 1341 2682 tamen
1368 2625 1439 2682 ob
1488 2629 1891 2695 intentionem,

534 2709 589 2760 et
614 2705 950 2761 electionem
976 2705 1274 2769 efficacem,
1308 2722 1340 2761 a
1364 2707 1571 2778 quibus
1596 2709 1847 2763 sumitur
1879 2730 1892 2764 ε

535 2791 592 2843 et
616 2793 1026 2857 consequenter
1054 2786 1497 2858 praedestinatio,
1532 2795 1700 2861 prout
1741 2789 1895 2845 idem

538 2866 947 2924 formalissime
967 2873 1049 2923 est
1076 2883 1139 2923 ac
1159 2867 1472 2939 imperium
1500 2868 1686 2926 divini
1719 2870 1896 2928 intel-

538 2947 731 3010 lectus,
779 2946 1194 3018 praescientiam
1234 2950 1505 3020 supponit
1543 2950 1890 3018 futurorum,

538 3025 751 3082 nedum
780 3027 842 3082 in
882 3032 1032 3082 statu
1060 3027 1465 3095 conditionate,
1497 3028 1595 3087 sed
1623 3031 1797 3087 etiam
1830 3034 1892 3089 in

532 3111 678 3161 statu
702 3105 977 3162 absoluto,
1012 3109 1080 3162 Et
1101 3108 1161 3163 in
1185 3108 1287 3164 hoc
1307 3125 1476 3165 sensu
1491 3126 1750 3167 concessa
1778 3129 1896 3169 ma-

527 3186 663 3259 jori,
683 3201 957 3260 negamus
973 3188 1258 3245 minorem
1276 3213 1289 3255 ;
1313 3190 1448 3261 quia
1471 3192 1746 3248 transitus
1769 3192 1890 3259 ille,

532 3284 644 3340 quo
684 3268 874 3326 media
917 3286 986 3326 ex
1032 3286 1092 3328 se
1136 3271 1510 3329 conducentia
1547 3274 1896 3345 possibiliter

534 3332 608 3402 ad
650 3348 910 3414 salutem,
946 3350 1377 3407 transferuntur
1423 3352 1492 3408 ad
1536 3369 1658 3410 esse
1701 3355 1894 3411 futura

533 3428 806 3497 absolute,
834 3429 897 3486 fit
918 3433 1107 3504 primo
1133 3449 1232 3504 per
1253 3434 1656 3500 intentionem,
1678 3442 1735 3492 et
1753 3439 1895 3494 elec-

534 3510 749 3568 tionem
777 3510 1054 3569 efficacem
1083 3514 1202 3580 Dei,
1234 3520 1289 3571 et
1328 3514 1794 3590 praeintetligitur
1822 3517 1893 3573 ad

534 3595 723 3646 actum
749 3590 936 3648 divini
960 3593 1213 3665 imperii,
1248 3595 1309 3650 in
1329 3610 1440 3666 quo
1470 3594 1895 3667 praedestinatio

534 3673 858 3730 formaliter
902 3675 1176 3732 consistit.
1221 3678 1290 3731 Et
1333 3677 1437 3732 hoc
1476 3682 1698 3733 tantum
1734 3679 1893 3746 docet

535 3756 599 3811 D.
632 3754 835 3813 Thom.
868 3755 930 3810 in
961 3756 1081 3812 loco
1119 3757 1289 3813 citato
1314 3772 1385 3813 ex
1418 3758 1453 3813 3
1497 3764 1656 3830 parte
1701 3780 1713 3814 :
1743 3758 1894 3831 quod

532 3841 587 3891 et
631 3835 963 3893 Adversarii
1012 3853 1222 3912 negare
1274 3855 1389 3895 non
1436 3845 1710 3912 possunt,
1761 3857 1892 3896 cum

531 3920 586 3973 S.
626 3921 827 3974 Doctor
856 3919 1120 3991 loquatur
1144 3919 1222 3975 ibi
1258 3919 1328 3977 de
1355 3922 1706 3993 praescientia
1735 3923 1894 3978 futu-

536 4015 732 4056 rorum
775 3998 1049 4067 absolute,
1080 4007 1137 4058 et
1176 4002 1326 4057 nihil
1352 4003 1426 4058 sit
1454 4002 1708 4060 absolute
1735 4004 1894 4060 futu·

535 4095 668 4135 rum
689 4085 823 4137 ante
843 4095 1017 4136 omne
1040 4079 1332 4138 decretum
1362 4081 1612 4138 liberum
1643 4084 1760 4140 Dei.
1788 4084 1894 4140 Vi-

535 4158 781 4217 deantur
819 4176 943 4232 quae
969 4158 1223 4216 diximus
1263 4168 1506 4217 tractatu
1532 4163 1586 4227 5,
1611 4163 1753 4235 disp.
1783 4164 1888 4221 ult.

536 4258 691 4297 ittam.
731 4242 783 4296 8.
832 4242 896 4297 ln
942 4240 1056 4297 alio
1095 4257 1233 4298 vero
1277 4242 1605 4299 testimonio
1641 4243 1894 4316 loquitur

536 4322 590 4377 S.
642 4322 845 4377 Doctor
890 4319 960 4377 de
1003 4321 1299 4378 voluntate
1343 4324 1730 4394 consequenti,
1781 4341 1893 4397 qua

536 4404 685 4458 Deus
713 4401 977 4474 reprobat
1000 4403 1258 4475 positive,
1290 4409 1346 4460 et
1367 4405 1491 4460 vult
1515 4403 1772 4478 reprobis
1795 4408 1893 4462 in-

536 4482 733 4556 ssigere
748 4498 972 4555 poenam
997 4498 1148 4554 :quae
1164 4485 1428 4541 voluntas
1440 4486 1710 4559 supponit
1726 4501 1894 4558 praes·

535 4561 806 4619 cientiam
854 4560 1210 4634 peccatorum
1259 4563 1517 4622 absolute
1556 4565 1890 4622 futurorum

538 4642 883 4699 innitentem
905 4642 1127 4701 decreto
1142 4645 1411 4701 causandi
1437 4646 1739 4703 materiale
1762 4662 1893 4719 pec-

535 4722 664 4789 cati,
695 4727 752 4779 et
777 4724 1147 4796 permittendi
1178 4726 1483 4789 malitiam,
1528 4732 1591 4781 ut
1634 4726 1892 4783 diximus

535 4812 697 4860 tract.
741 4822 914 4878 nuper
951 4810 1141 4874 citata,
1171 4808 1311 4881 disp.
1362 4809 1417 4873 8,
1447 4808 1574 4864 dub.
1637 4811 1682 4865 l.
1729 4807 1894 4865 Unde

539 4883 689 4939 nihil
715 4900 786 4942 ex
813 4885 1067 4958 praeditis
1093 4888 1440 4945 testimoniis
1464 4888 1657 4962 colligi
1688 4893 1886 4961 potest,

538 4963 687 5035 quod
734 4962 805 5020 ad
849 4964 1241 5025 defensionem
1279 4968 1478 5042 gratiae
1525 4967 1763 5024 efficacis
1788 4966 1919 5041 de-,

545 5042 859 5115 pendenter
886 5062 917 5101 a
944 5045 1179 5103 scientia
1206 5046 1396 5104 media
1421 5045 1718 5104 conducat.
1764 5049 1891 5104 Me-

1561 437 1654 491 DE
1688 436 1960 492 GRATIA
1999 435 2338 491 EFFICACI.

2020 606 2141 664 rito
2159 612 2351 665 autem
2376 610 2620 665 asseruit
2640 606 2993 682 Augustinus
3012 605 3136 662 loco
3163 603 3227 659 in
3252 617 3383 659 con-

2022 686 2352 745 firmatione
2394 689 2582 755 citato,
2642 685 3205 761 praedestinationem
3256 681 3384 738 sine

2024 769 2382 841 praescientia
2425 786 2547 827 esse
2595 785 2712 826 non
2744 785 2921 841 posse,
2954 767 3098 823 bene
3126 770 3317 821 autem
3350 778 3384 818 e

2022 865 2296 907 converso
2319 872 2331 907 :
2355 851 2631 924 quoniam
2648 849 3005 923 praescientia
3024 846 3193 904 latius
3210 848 3381 918 patet,

2023 945 2193 1002 quam
2219 928 2662 1002 praedestinatio,
2687 945 2786 986 seu
2811 926 3218 1001 praedefinitio:
3245 938 3382 980 nam

2026 1016 2265 1082 peccata,
2309 1017 2588 1083 quatenus
2618 1011 2773 1076 talia,
2824 1010 3220 1082 praesciuntur,
3266 1019 3382 1060 non

2025 1095 2220 1146 tamen
2258 1089 2665 1155 decernuntur,
2703 1105 2804 1147 seu
2852 1088 3334 1164 praedestinantur
3369 1105 3382 1140 :

2024 1174 2080 1225 et
2098 1170 2180 1226 sic
2199 1170 2512 1227 secundum
2543 1170 2828 1227 malitiam
2858 1174 3080 1241 accepta
3103 1183 3220 1223 non
3237 1180 3385 1238 prae-

2025 1249 2294 1307 videntur
2321 1252 2384 1307 in
2410 1250 2635 1308 decreto
2677 1249 3127 1323 praediffinitivo‚
3162 1246 3262 1304 sed
3288 1262 3385 1303 so-

2025 1330 2148 1384 lum
2178 1329 2241 1384 in
2282 1331 2645 1402 permissivo.
2678 1328 2840 1386 Unde
2878 1327 3233 1402 Augustinus
3262 1330 3384 1398 post
3415 1344 3575 1394 naua.

2027 1410 2201 1467 verba
2221 1412 2407 1478 citata,
2437 1413 2634 1469 statim
2659 1428 2846 1476 suam,
2876 1415 2933 1467 et
2961 1417 3221 1466 nostram
3248 1424 3385 1465 sen-

2026 1492 2268 1548 tentiam
2307 1492 2675 1559 confirmans,
2708 1491 3006 1565 subjunxit
3038 1511 3051 1545 :
3099 1490 3388 1547 Praedesti-

2026 1574 2248 1627 natione
2268 1575 2461 1649 quippe
2488 1572 2634 1630 Deus
2652 1590 2716 1628 aa
2742 1567 3031 1644 prescivit,
3064 1588 3177 1647 qum
3201 1570 3386 1641 fuerat

2027 1654 2139 1724 ipse
2159 1654 2410 1725 facturus
2430 1673 2448 1706 .·
2471 1653 2610 1710 unde
2636 1653 2842 1708 dictum
2862 1652 2954 1716 est,
2988 1650 3134 1707 Fecit
3156 1669 3269 1728 qua!
3289 1651 3389 1722 fu-

2027 1740 2156 1789 tura
2200 1741 2328 1789 sunt
2354 1737 2446 1804 (en
2476 1734 2895 1806 praescientiam
2923 1739 3057 1789 ante
3097 1732 3388 1789 decretum
3456 1787 3463 1804 ,

2026 1813 2314 1884 excludit),
2341 1817 2586 1887 proescire
2612 1821 2795 1870 autem
2836 1821 3009 1886 polest
3053 1829 3390 1891 quemcumque

2028 1910 2137 1947 non
2162 1896 2321 1965 lacit,
2351 1896 2492 1949 sictut
2532 1910 2873 1972 quaecumque
2908 1900 3132 1966 peccata
3159 1910 3176 1945 :
3204 1905 3270 1946 ea
3298 1895 3387 1946 ta-

2028 1990 2162 2031 men
2185 1974 2436 2033 decrevit
2465 1976 2816 2047 permittere,
2842 1981 2898 2031 et
2923 1976 3004 2031 sic
3028 1971 3387 2031 decernendo

2030 2057 2348 2129 praenoscit.
2374 2057 2691 2115 videantur
2712 2074 2836 2130 quae
2861 2057 3118 2114 diximus
3139 2063 3297 2112 tract.
3326 2055 3380 2119 3,

2028 2139 2170 2210 disp.
2205 2140 2286 2204 10,
2317 2139 2446 2196 dub.
2476 2141 2531 2204 2,
2557 2157 2678 2194 cum
2706 2130 2881 2194 tr'ibus
2900 2138 3259 2216 sequentibtw,
3288 2135 3386 2191 ubi

2031 2217 2163 2274 aliis
2190 2220 2535 2276 testimoniis
2554 2235 2677 2292 quae
2700 2224 2926 2290 possent
2949 2217 3211 2290 praesenti
3236 2215 3388 2272 diffi-

2029 2298 2225 2353 cultati
2271 2298 2566 2371 applicari,
2599 2296 2829 2354 obviam
2877 2298 3091 2353 ivimus
3135 2313 3205 2354 ex
3254 2312 3387 2369 pro-

2031 2378 2196 2443 fesso,
2220 2385 2276 2434 et
2298 2379 2461 2435 facile
2478 2380 2641 2452 juxta
2659 2378 2979 2434 doctrinam
3003 2379 3094 2434 hic
3114 2375 3385 2433 traditam

2029 2465 2418 2530 exponuntur.

2112 2540 2231 2595 122.
2281 2539 2557 2613 Arguitur
2596 2539 2785 2607 tertio,
2833 2544 2887 2594 et
2928 2538 3325 2611 principaliter
3370 2505 3589 2647 :Tar-gin

3401 2649 3597 2688 mentum.

2027 2618 2300 2690 quoniam
2341 2617 2589 2676 admissa
2615 2620 2855 2675 scientia
2901 2618 3111 2682 media,
3143 2625 3197 2675 et
3236 2617 3385 2690 quod

2029 2702 2175 2755 Deus
2200 2699 2321 2771 ejus
2361 2697 2675 2756 directione
2726 2705 2890 2755 utens
2935 2699 3155 2754 auxilia
3199 2698 3386 2771 gratia

2029 2778 2335 2852 dispenset,
2366 2780 2660 2844 facillime,
2704 2785 2759 2836 et
2786 2780 3043 2852 legitime
3081 2778 3387 2834 declaran-

2030 2863 2123 2916 tur
2150 2867 2351 2918 cuncta
2376 2861 2513 2928 fere,
2538 2876 2663 2932 quas
2688 2858 3089 2917 obscuritatem
3119 2858 3387 2931 praesefe-

2032 2950 2169 2998 runt
2195 2944 2256 2999 in
2286 2944 2391 3000 hac
2415 2942 2673 3000 obstrusa
2709 2942 2969 3007 materia,
2994 2946 3050 2997 et
3070 2958 3193 3014 quae
3222 2941 3389 3013 juxta

2030 3024 2175 3079 alias
2218 3024 2518 3097 opiniones
2564 3024 2698 3091 vix,
2751 3029 2847 3080 aut
2890 3037 3038 3097 aegre
3084 3022 3386 3078 conciliari

2028 3110 2245 3177 queunt
2276 3126 2288 3159 ε
2317 3120 2453 3178 ergo
2490 3103 2797 3161 dicendum
2826 3109 2929 3169 est,
2963 3103 3209 3177 gratiam
3238 3117 3381 3168 esse,

2027 3191 2082 3243 et
2109 3185 2219 3242 dici
2243 3186 2520 3243 efficacem
2541 3185 2931 3259 dependenter
2955 3202 2988 3242 a
3006 3186 3245 3241 scientia
3273 3200 3389 3242 me-

2026 3267 2143 3323 dia.
2189 3268 2604 3340 Consequentia
2652 3272 2904 3331 constat,
2962 3272 3019 3323 et
3066 3266 3385 3338 praesertim

2030 3348 2178 3422 apud
2205 3351 2536 3423 Theologos,
2562 3365 2809 3421 quorum
2832 3354 2918 3406 est
2943 3347 3199 3404 difficilia
3226 3346 3387 3403 Fidei

2028 3434 2304 3506 mysteria
2349 3431 2685 3506 (cujusmodi
2727 3438 2812 3488 est
2849 3430 3151 3489 concordia
3188 3430 3388 3504 gratiae

2026 3512 2263 3569 efficacis
2278 3529 2406 3569 cum
2430 3513 2713 3584 libertate)
2733 3518 3011 3587 quantum
3035 3511 3162 3569 fieri
3186 3517 3385 3584 potest,

2028 3592 2295 3660 dilucide,
2323 3610 2385 3650 ac
2409 3595 2665 3651 suaviter
2690 3593 3003 3650 declarare.
3035 3590 3386 3648 Antecedens

2029 3678 2220 3730 autem
2244 3673 2551 3746 probatur;
2583 3690 2719 3730 nam
2749 3677 2806 3728 in
2833 3676 3030 3746 primis
3053 3674 3214 3745 J'uxta
3237 3688 3385 3744 prae-

2026 3754 2238 3812 dictam
2267 3756 2598 3828 opinionem
2627 3756 2793 3814 facile
2818 3757 3160 3822 declaratur,
3193 3755 3385 3827 quali-

2027 3841 2113 3893 ter
2157 3838 2341 3912 gratia
2387 3837 2784 3895 antecedenter
2815 3881 2827 3903 ,
2883 3842 2938 3893 et
2996 3835 3387 3894 infallibiliter

2025 3934 2285 3975 connexa
2324 3936 2454 3975 cum
2480 3934 2758 3975 consensu
2803 3933 2919 3974 non
2960 3917 3284 3991 praejudicet
3310 3916 3387 3972 li-

2028 3997 2237 4055 bertati
2284 3998 2595 4056 voluntatis
2640 3996 2711 4053 ad
2757 3997 3101 4061 dissensum,
3131 3994 3229 4053 sed
3255 4010 3385 4051 eam

2030 4079 2319 4151 relinquat
2339 4095 2572 4151 prorsus
2591 4076 2915 4151 expeditam
2932 4076 3001 4133 ad
3024 4078 3215 4133 illum.
3242 4078 3388 4141 Quo·

2028 4161 2188 4216 niam
2217 4161 2320 4217 illa
2342 4160 2730 4217 infallibilitas
2752 4175 2867 4217 non
2890 4159 2946 4214 fu
2957 4158 3165 4221 udatur
3193 4153 3256 4214 in
3278 4174 3386 4215 en-

2026 4243 2187 4300 titate
2213 4244 2416 4300 auxilii
2443 4243 2755 4300 secundum
2802 4260 2863 4299 se
2902 4251 3143 4316 accepta,
3193 4242 3386 4299 sedin

2027 4331 2281 4397 respectu
2309 4324 2380 4381 ad
2403 4325 2819 4398 praescientiam
2845 4324 2963 4391 Dei,
2989 4324 3087 4396 qui
3119 4322 3388 4397 praevidit

2028 4408 2382 4463 voluntatem
2428 4411 2562 4464 tunc
2587 4422 2997 4464 consensuram
3032 4427 3045 4462 z
3091 4405 3245 4463 unde
3270 4411 3388 4464 tota

2028 4486 2131 4543 illa
2152 4485 2539 4544 infallibilitas
2562 4501 2676 4543 non
2695 4487 2968 4559 importat
2991 4486 3386 4544 necessitatem

2026 4565 2475 4632 antecedentem,
2505 4565 2603 4623 sed
2631 4567 2999 4639 consequitur
3037 4566 3386 4638 suppositio-

2026 4660 2160 4702 nem
2185 4644 2426 4702 liberam
2443 4661 2752 4703 consensus
2769 4644 3157 4703 conditionate
3178 4644 3385 4703 futuri.

2025 4725 2278 4784 Secundo
2301 4731 2448 4783 recte
2473 4726 2801 4799 exponitur,
2832 4724 3116 4800 quomodo
3140 4723 3389 4783 efficacia

2024 4808 2225 4883 gratiae
2290 4823 2407 4865 non
2471 4808 2546 4863 sit
2606 4806 3003 4865 denominatio
3065 4807 3391 4865 extrinseca

2024 4893 2252 4960 sumpta
2290 4887 2363 4945 ab
2387 4886 2608 4954 effectu,
2638 4887 2736 4945 sed
2782 4886 3002 4961 aliquid
3028 4886 3386 4956 antecedens,

2023 4974 2080 5025 et
2108 4968 2521 5034 intrinsecum;
2550 4967 2835 5041 siquidem
2888 4966 3289 5025 antecedenter
3315 4968 3388 5024 ad

2026 5050 2216 5123 ipsum
2286 5053 2555 5106 oonnotat
2621 5049 2886 5106 divinam
2958 5048 3388 5122 praescientiam

3149 5135 3392 5187 eventus
