3647 5753
100 610 235 653 Prima

77 660 270 712 objectio.
294 683 304 693 ·

82 2641 279 2689 Respon-

114 2684 257 2730 moad

84 2745 280 2785 primam.

1413 432 1590 488 DISP.
1632 433 1703 498 11,
1749 433 1914 489 DUB.
1963 436 2058 491 VI.
3043 447 3145 501 471

368 603 499 659 246.
531 601 635 658 Sed
672 600 856 658 adhuc
881 600 1115 676 objicies
1140 606 1355 676 primo:
1384 603 1658 677 quoniam

289 681 654 755 impossibile
687 686 786 750 est,
811 682 961 754 quod
987 682 1174 755 gratia
1200 683 1407 740 existat
1438 700 1472 739 a
1500 690 1660 757 parte

290 763 383 820 rei
424 762 635 836 absque
663 764 856 837 aliquo
898 760 1069 820 modo
1104 763 1450 821 intensionis
1482 785 1496 822 ε
1524 781 1660 840 ergo

288 849 597 916 repugnat,
628 842 778 914 quod
806 845 955 900 Deus
984 842 1256 915 producat
1279 845 1524 918 gratiam
1566 860 1661 902 se-

284 923 546 980 cundum
568 922 968 989 substantiam,
988 929 1044 979 et
1063 924 1212 995 quod
1233 942 1304 981 ex
1326 925 1382 980 vi
1405 925 1659 998 ejusdem

282 1005 531 1062 actionis
559 1020 674 1061 non
716 1005 1103 1061 communicet
1131 1005 1241 1077 ipsi
1271 1006 1522 1078 aliquem
1564 1007 1661 1062 in-

283 1087 574 1144 tensionis
603 1085 841 1143 modum
870 1106 881 1134 =
912 1087 1084 1143 aliter
1123 1087 1284 1143 enim
1331 1103 1446 1143 non
1476 1093 1663 1160 posset

280 1184 361 1225 ex
399 1168 458 1223 vi
505 1168 638 1223 talis
687 1167 931 1223 actionis
981 1166 1251 1224 reducere
1296 1167 1547 1242 gratiam
1588 1168 1660 1225 ad

280 1246 677 1304 existentiam.
707 1248 850 1302 Cum
877 1263 1012 1320 ergo
1036 1248 1102 1302 in
1127 1248 1233 1304 illo
1275 1248 1515 1305 instanti
1545 1265 1660 1306 non

285 1329 461 1384 detur
483 1328 595 1383 nisi
622 1328 823 1385 unicus
846 1329 1049 1385 modus
1072 1330 1442 1396 intensioniS,
1463 1336 1517 1387 et
1545 1329 1657 1397 hic,

289 1415 359 1464 ut
384 1409 745 1482 supponitur,
774 1408 1119 1482 producatur
1142 1429 1175 1465 a
1195 1412 1560 1475 contritione,
1580 1427 1663 1468 se-

291 1489 494 1563 quitur
509 1487 657 1562 quod
681 1490 951 1546 contritio
973 1506 1088 1547 non
1110 1496 1396 1562 supponat
1414 1491 1662 1567 gratiam

297 1571 635 1645 productam
654 1594 668 1637 ;
692 1571 787 1626 sed
809 1571 1014 1643 potiuS,
1034 1571 1183 1642 quod
1207 1572 1392 1644 ipsam
1407 1573 1664 1630 effective

83 1656 561 1759 ffiggtiigattingat,
606 1653 747 1709 sicut
793 1659 849 1709 et
885 1653 1121 1710 modum
1164 1653 1528 1712 intensionis.
1559 1654 1664 1714 Se—

299 1737 495 1801 cunde,
528 1735 661 1809 quia
690 1735 878 1808 prima
899 1737 1085 1810 gratia
1108 1741 1231 1809 post
1254 1743 1541 1809 peccatum
1569 1755 1664 1796 ac-

299 1819 456 1874 tuale
493 1824 576 1873 est
620 1816 847 1872 effectus
887 1816 1243 1873 Sacramenti
1291 1819 1658 1890 poenitentiae,

300 1915 447 1971 quae,
481 1901 540 1951 ut
565 1897 951 1953 communiter
993 1896 1230 1953 tradunt
1258 1898 1549 1973 Theologi‚
1580 1904 1666 1957 est

304 1978 493 2050 prima
532 1976 728 2033 tabula
768 1983 890 2049 post
934 1977 1306 2052 naufragium
1342 2000 1354 2035 ε
1396 1995 1534 2054 ergo
1564 1997 1666 2054 per

300 2064 736 2114 Sacramentum
778 2057 1131 2130 poenitentiae
1170 2058 1506 2132 producitur
1547 2078 1665 2119 non

301 2139 488 2194 solum
511 2137 715 2194 modus
742 2137 1089 2195 intensionis
1113 2139 1329 2212 gratiae,
1360 2140 1458 2197 sed
1476 2143 1666 2216 gratia

306 2219 429 2290 ipsa
458 2240 470 2274 z
503 2223 669 2290 atque
711 2217 837 2275 ideo
861 2218 1137 2276 contritio
1163 2222 1455 2277 concurrit
1484 2223 1666 2280 active

308 2314 426 2356 non
445 2298 717 2356 solumad
735 2299 970 2356 modum
987 2300 1353 2371 intensioniS,
1369 2302 1466 2359 sed
1488 2303 1664 2360 etiam

305 2378 376 2435 ad
403 2380 605 2454 gratias
644 2379 1043 2446 substantiam,
1078 2397 1111 2437 a
1137 2398 1249 2455 qua
1275 2381 1520 2442 subinde
1545 2400 1664 2441 non

307 2462 515 2534 poterit
542 2461 863 2535 dependere
888 2469 1161 2536 tanquam
1191 2480 1225 2520 a
1251 2465 1538 2539 principio
1576 2467 1666 2524 ef-

309 2540 538 2599 sectivo,

386 2623 473 2680 Ad
516 2624 767 2697 primam
796 2623 1164 2699 objectionem
1208 2632 1395 2701 posset
1424 2646 1666 2702 respon-

308 2705 457 2771 deri,
480 2705 818 2763 antecedens
833 2722 948 2764 non
970 2724 1089 2765 esse
1108 2715 1326 2766 certum
1344 2726 1357 2770 ;
1375 2724 1513 2765 nam
1534 2728 1664 2768 cum

305 2787 513 2844 modus
534 2788 880 2846 intensionis
907 2806 1024 2847 non
1050 2790 1124 2847 sit
1139 2791 1365 2857 entitaS,
1387 2793 1478 2848 vel
1503 2794 1660 2861 unio,

306 2869 399 2926 vel
451 2867 759 2926 existentia
807 2871 1025 2945 gratiae,
1084 2871 1182 2929 sed
1233 2870 1494 2944 quaedam
1544 2875 1668 2950 ejus

303 2950 673 3008 accidentalis
701 2951 941 3018 affectio,
974 2969 1090 3010 non
1134 2953 1363 3013 videtur
1392 2955 1666 3026 impossi-

303 3030 441 3098 bile,
466 3031 618 3105 quod
637 3035 783 3088 Deus
799 3034 975 3106 possit
994 3034 1233 3101 efficere,
1250 3040 1305 3091 et
1325 3051 1668 3093 conservare

301 3116 551 3189 gratiam
575 3115 791 3171 nudam
820 3115 889 3171 ab
917 3116 1078 3172 omni
1103 3117 1451 3175 intensionis
1474 3117 1661 3175 modo,

302 3195 413 3253 Sed
434 3212 500 3253 eo
522 3196 791 3260 admisso,
809 3202 1050 3269 negatur
1071 3199 1476 3271 consequentia
1495 3223 1509 3266 ς
1533 3198 1669 3271 quia

301 3277 445 3334 satis
470 3283 572 3345 est,
599 3276 748 3351 quod
779 3277 926 3333 actio
953 3278 1052 3335 Dei
1084 3278 1445 3351 producentis
1465 3280 1669 3336 entita-

305 3364 421 3414 tem
449 3358 668 3432 gratiae‚
715 3361 984 3413 connotet
1023 3360 1199 3415 aliam
1229 3357 1330 3414 Dei
1358 3359 1664 3425 actionem,

300 3454 430 3513 quae
470 3440 662 3497 medio
702 3441 1072 3496 Sacramento
1121 3439 1393 3514 producat
1431 3443 1667 3499 modum

304 3521 670 3578 intensionis
692 3521 846 3576 Sicut
872 3521 1045 3578 etiam
1071 3521 1131 3577 in
1153 3520 1524 3595 generatione
1545 3539 1671 3581 ver-

302 3602 495 3658 mium
530 3618 601 3658 ex
642 3599 934 3673 speciebus
975 3602 1489 3658 sacramentalibus
1530 3620 1670 3660 con·-

307 3683 483 3758 tingit
507 3687 523 3739 ':
557 3698 693 3738 nam
722 3683 870 3738 Deus
894 3697 994 3754 per
1023 3682 1304 3740 actionem
1332 3683 1663 3751 creativam‚

309 3765 405 3820 vel
433 3762 832 3820 conversivam
875 3761 1134 3833 producit
1160 3762 1456 3819 entitatem
1484 3769 1671 3821 mate-

311 3848 418 3903 riae
473 3845 693 3918 primae,
751 3844 974 3899 nullam
1028 3842 1136 3916 ipsi
1190 3845 1670 3903 communicando

308 3927 709 3990 existentiam3
748 3929 803 3980 et
830 3922 1039 3980 deinde
1080 3924 1271 3981 media
1290 3928 1671 3999 *generatione

310 4008 608 4084 agentium
636 4006 995 4063 naturalium
1022 4008 1408 4064 communicat
1427 4010 1673 4067 existen-

310 4091 476 4155 tiam,
496 4093 552 4145 et
572 4088 840 4154 formam,
855 4088 982 4143 sine
1002 4087 1206 4160 quibus
1223 4090 1465 4145 materia
1483 4091 1672 4161 prima

310 4168 516 4243 nequit
540 4169 802 4225 existere.
835 4170 1029 4225 Posset
1049 4168 1225 4225 etiam
1251 4168 1389 4225 satis
1411 4169 1673 4242 probabi·

308 4251 449 4307 liter
475 4247 607 4316 dici,
639 4248 870 4304 unicam
912 4253 1137 4304 tantum
1168 4248 1266 4305 Dei
1297 4248 1579 4306 actionem
1607 4249 1672 4306 in

311 4328 582 4405 praedicto
620 4343 750 4383 casu
793 4327 1005 4393 adesse,
1044 4344 1175 4383 cum
1220 4327 1435 4401 duplici
1477 4333 1672 4386 tamen

308 4408 727 4470 terminatione
761 4430 774 4464 ε
819 4425 958 4465 nam
1002 4409 1191 4481 primo
1231 4410 1462 4483 attingit
1486 4411 1675 4484 seipsa

310 4493 614 4551 entitatem
639 4490 857 4564 gratiae,
890 4488 1098 4546 deinde
1118 4490 1295 4546 simul
1322 4508 1452 4547 cum
1480 4493 1674 4548 Sacra-

311 4575 511 4630 mento
553 4569 783 4643 attingit
821 4569 1078 4634 modum,
1111 4576 1165 4626 et
1205 4570 1392 4627 reddit
1425 4571 1672 4646 gratiam

278 4675 283 4682 ·
311 4653 642 4728 perfectam,
674 4665 799 4721 quae
819 4649 924 4705 sub
947 4648 1050 4705 hac
1080 4649 1307 4706 ratione
1334 4657 1418 4707 est
1443 4650 1675 4707 effectus

311 4731 599 4808 praecipue
625 4730 901 4795 intentus,
927 4730 1093 4803 juxta
1119 4745 1288 4801 quem
1320 4729 1563 4802 proinde
1586 4736 1674 4786 to-

308 4820 406 4871 tus
426 4811 527 4869 Dei
556 4808 812 4866 influxus
833 4808 914 4865 ibi
942 4809 1340 4866 interveniens
1362 4814 1543 4883 potest
1563 4807 1675 4866 dici

313 4896 540 4953 unicus.
557 4891 643 4947 Ad
664 4892 970 4948 veritatem
994 4896 1183 4948 autem
1210 4893 1493 4964 praecipue
1516 4908 1547 4947 a
1570 4908 1677 4948 no-

312 4977 401 5035 bis
448 4975 734 5031 intentam
783 4987 989 5044 parum
1037 4973 1231 5039 refert,
1269 4970 1420 5045 quod
1466 4970 1676 5028 dentur

309 5057 441 5115 duae
490 5053 758 5119 actione3‚
815 5052 908 5109 vel
954 5052 1083 5109 duae
1133 5050 1388 5127 ejusdem
1438 5051 1678 5109 actionis

1765 606 2252 678 ,terminationes
2283 614 2345 666 ut
2379 611 2543 669 facile
2582 613 2967 670 consideranti
2996 631 3155 673 cons-

1792 686 1955 745 tabit.

1865 762 1953 818 Ad
1998 765 2306 823 secundam
2354 767 2658 824 dicendum
2687 773 2791 832 est,
2832 769 2981 843 quod
3024 770 3368 873 licetffipgg&

3161 876 3352 922 condam.

1793 845 1986 917 prima
2005 848 2190 921 gratia
2217 854 2342 921 post
2369 856 2656 922 peccatum
2688 853 2906 911 actuale
2932 851 3144 925 depen-

1791 926 1924 983 deat
1966 943 1999 984 a
2037 929 2406 987 Sacramento
2433 931 2783 1003 poenitentias
2811 938 3032 1003 accepto
3058 935 3151 991 vel

1792 1006 1855 1062 in
1875 1021 1953 1072 re,
1981 1008 2074 1062 vel
2100 1007 2161 1062 in
2183 1012 2345 1075 voto;
2373 1025 2512 1081 opus
2535 1015 2726 1066 tamen
2744 1026 2861 1066 non
2876 1017 2979 1078 est,
3003 1012 3152 1084 quod

1791 1087 2176 1144 determinate
2199 1089 2541 1160 producatur
2563 1108 2663 1163 per
2693 1092 2838 1148 illud
2863 1093 2923 1149 in
2955 1111 3016 1151 re
3034 1112 3155 1150 sus-

1793 1175 2041 1242 ceptum.
2073 1170 2234 1234 Quod
2254 1172 2392 1228 satis
2420 1173 2597 1246 liquet
2626 1173 2686 1229 in
2714 1188 3001 1247 casu,·quo
3027 1177 3153 1248 quis

1793 1256 1927 1305 ante
1975 1250 2251 1307 ultimum
2304 1251 2545 1318 instanS,
2587 1254 2649 1310 in
2696 1271 2809 1326 quo
2857 1255 3153 1327 perficitur

1793 1332 2248 1396 Sacramentum,
2281 1333 2473 1390 eliciat
2520 1340 2707 1390 actum
2753 1337 3150 1405 contritionis;

1795 1427 1932 1467 nam
1959 1412 2170 1467 -statim
2199 1413 2383 1484 posita
2419 1414 2765 1472 contritione
2786 1415 3148 1489 justificatur,

1793 1500 2102 1566 antequam
2128 1496 2564 1551 Sacramentum
2588 1496 2937 1568 perficiatur,
2956 1504 3011 1555 et
3033 1517 3154 1572 pos·

1793 1573 1869 1629 sit
1909 1573 2187 1639 influere;
2236 1580 2293 1630 et
2340 1573 2549 1631 deinde
2596 1576 2720 1649 ipsa
2762 1578 3050 1645 contritio,
3093 1586 3155 1635 ut

1794 1656 2096 1727 conjuncta
2122 1655 2255 1711 aliis
2275 1657 2629 1713 Sacramenti
2656 1659 2913 1730 partibus
2938 1660 3154 1733 produ—

1795 1737 1872 1794 cit
1896 1736 2174 1810 majorem
2195 1737 2460 1809 gratiam,
2483 1754 2582 1794 seu
2606 1738 2841 1796 modum
2873 1742 3156 1800 intensio-

1797 1818 1908 1873 nis,
1940 1819 2010 1872 Et
2044 1816 2199 1873 idem
2242 1818 2812 1890 proportionabiliter
2850 1823 3148 1897 contingit,

1794 1897 2022 1971 quando
2042 1898 2308 1954 contritio
2330 1897 2560 1955 elicitur
2583 1900 2646 1955 in
2671 1900 2772 1957 illo
2796 1903 3000 1960 ultimo
3027 1905 3153 1961 ins-

1796 1978 1942 2035 tanti
1961 2002 1975 2046 ;
2008 1994 2141 2034 nam
2168 1994 2268 2051 per
2295 1978 2530 2035 modum
2572 1979 2963 2053 dispositionis
3005 1985 3154 2060 phy—

1795 2059 1943 2125 sicae,
1998 2066 2053 2116 et
2105 2065 2164 2115 ut
2219 2059 2504 2116 imbibens
2551 2065 2748 2117 votum
2799 2065 3155 2123 Sacramenti

1798 2140 2146 2213 poenitentia}
2172 2142 2462 2197 concurrit
2489 2140 2552 2196 in
2578 2157 2788 2216 genere
2815 2161 2994 2201 causae
3029 2163 3157 2203 ma-

1798 2221 2019 2278 terialis
2039 2220 2390 2293 dispositivae
2419 2220 2488 2278 ad
2514 2224 2761 2296 gratiam
2790 2225 3156 2284 sanctifican-

1797 2307 1932 2370 tem,
1975 2318 2006 2357 a
2033 2318 2142 2374 qua
2182 2302 2247 2357 in
2275 2318 2484 2375 genere
2524 2319 2706 2360 causae
2733 2304 3027 2362 efficientis
3053 2307 3156 2364 de-

1797 2382 2041 2456 pendet:
2070 2389 2125 2439 et
2152 2381 2360 2439 deinde
2400 2383 2461 2438 in
2491 2383 2606 2440 alio
2632 2384 2798 2457 signo
2828 2391 3067 2454 naturae,
3101 2395 3156 2446 et

1796 2470 1860 2521 ut
1881 2481 2011 2537 pars
2031 2464 2383 2520 Sacramenti
2411 2470 2603 2521 causat
2629 2466 2885 2524 effective
2914 2469 3152 2527 modum

1796 2547 2162 2613 intensioniS,
2182 2553 2235 2603 et
2254 2546 2440 2604 reddit
2464 2547 2712 2620 gratiam
2738 2551 2921 2625 magis
2944 2552 3158 2624 perfec·

1798 2634 1935 2686 tam.
1967 2631 2133 2687 Ratio
2179 2639 2388 2696 autem,
2421 2646 2598 2703 quare
2646 2630 2789 2686 illud
2828 2649 3044 2690 munus
3083 2636 3155 2692 sit

1798 2711 1978 2783 priuS,
2011 2714 2067 2766 et
2094 2710 2197 2766 hoc
2227 2710 2527 2783 posterius,
2559 2715 2776 2767 constat
2818 2718 2938 2770 tum
2967 2731 3038 2770 ex
3065 2731 3149 2783 ec,

1797 2790 1945 2864 quod
1973 2791 2241 2847 contritio
2262 2789 2540 2862 dependet
2561 2792 2945 2849 essentialiter
2967 2811 2998 2850 a
3020 2812 3156 2869 gra—

1798 2870 1878 2926 tia
1898 2868 2284 2928 sanctificante
2311 2875 2582 2944 tanquam
2613 2888 2646 2928 a
2675 2872 2961 2945 principio
2987 2874 3156 2932 effec-

1799 2951 1936 3014 tivo,
1971 2956 2030 3006 ut
2059 2955 2211 3023 patet
2236 2967 2308 3007 ex
2336 2951 2606 3007 omnibus
2635 2952 2954 3009 rationibus
2981 2972 3156 3028 supra

1798 3033 1961 3089 factis
2005 3057 2018 3091 ε
2068 3032 2221 3089 unde
2250 3034 2448 3106 nequit
2476 3033 2728 3106 primam
2754 3036 3002 3108 gratiam
3032 3038 3156 3093 effi—

1798 3132 1943 3181 cere,
1973 3114 2072 3171 sed
2099 3114 2264 3171 debet
2284 3130 2413 3171 eam
2441 3132 2796 3187 supponere;
2831 3116 2959 3173 licet
2990 3123 3050 3172 ut
3075 3123 3156 3175 est

1799 3213 1932 3270 pars
1964 3196 2316 3253 Sacramenti
2357 3198 2543 3253 valeat
2569 3197 2817 3270 gratiam
2863 3198 3152 3255 intensio-

1801 3294 1925 3334 rem
1945 3277 2181 3334 efficere.
2205 3278 2353 3331 Tum
2368 3276 2562 3343 etiam,
2581 3277 2716 3348 quia
2734 3277 2795 3331 in
2817 3293 3156 3351 unaquaque

1800 3375 1864 3416 re
1892 3358 2050 3431 prius
2090 3362 2175 3415 est
2202 3355 2368 3424 illud,
2399 3356 2548 3428 quod
2576 3358 2843 3414 convenit
2869 3358 2921 3413 ei
2950 3367 3156 3415 secun-

1799 3439 1939 3495 dum
1980 3455 2143 3495 suam
2190 3436 2518 3502 essentiam,
2564 3442 2619 3492 et
2661 3443 2950 3506 naturam,
2983 3456 3154 3512 quam

1798 3520 1949 3595 quod
1976 3520 2245 3576 convenit
2272 3519 2380 3591 ipsi
2423 3535 2494 3575 ex
2522 3518 2922 3589 accidentaria,
2974 3528 3029 3578 et
3055 3539 3160 3578 ex-

1799 3603 2046 3658 trinseca
2069 3600 2168 3656 Dei
2191 3599 2566 3672 dispositione
2593 3620 2605 3654 :
2635 3600 2783 3672 quod
2810 3607 2998 3658 autem
3033 3619 3162 3660 con-

1802 3682 1961 3739 tritio
1988 3679 2303 3753 dependeat
2325 3696 2357 3735 a
2382 3679 2570 3753 gratia
2590 3684 2862 3752 tanquam
2887 3698 2917 3738 a
2942 3683 3162 3754 princi-

1802 3764 1897 3836 pio
1923 3761 2202 3827 effectivo,
2248 3765 2305 3817 et
2347 3758 2497 3832 quod
2540 3758 2609 3815 ad
2638 3759 2882 3817 eandem
2932 3763 3162 3837 physice

1800 3845 2087 3917 disponat,
2144 3845 2410 3897 convenit
2463 3840 2554 3895 illi
2617 3840 2931 3897 secundum
2996 3859 3159 3899 suam

1799 3923 2129 3990 essentiam,
2160 3926 2217 3977 et
2244 3925 2533 3986 naturam,
2569 3924 2630 3975 ut
2658 3921 2926 3977 hactenus
2967 3929 3163 3980 osten-

1801 4006 2013 4071 dimus,
2065 4009 2124 4060 et
2169 4002 2420 4075 amplius
2465 4001 2741 4058 constabit
2790 4019 2860 4059 ex
2904 4004 3164 4060 dicendis

1800 4079 1966 4161 ἀίειν(
1989 4104 2099 4164 seq.
2129 4086 2258 4141 ἀπὸ.
2300 4086 2335 4140 4
2363 4091 2414 4140 et
2453 4087 2505 4150 5,
2556 4084 2703 4156 quod
2733 4101 2869 4142 vero
2895 4086 3164 4144 contritio

1801 4170 1878 4225 sit
1899 4184 2031 4241 pars
2057 4164 2433 4232 Sacramenti,
2452 4170 2509 4221 et
2524 4165 2782 4222 effective
2803 4165 3164 4223 instrumen-

1803 4250 1998 4306 taliter
2044 4247 2277 4321 physice
2315 4246 2563 4320 gratiam
2606 4247 2865 4319 attingat,
2896 4246 3164 4303 convenit

1803 4328 1915 4402 ipsi
1943 4344 2012 4384 ex
2042 4326 2442 4390 accidentaria,
2475 4330 2530 4380 et
2549 4325 2872 4381 extrinseca
2899 4326 2998 4382 Dei
3041 4326 3162 4382 dis—

1805 4409 2106 4483 positione,
2152 4410 2214 4461 ut
2253 4404 2323 4462 de
2363 4421 2423 4461 se
2452 4405 2649 4478 liquet.
2683 4402 2847 4460 Unde
2874 4404 3005 4461 licet
3045 4407 3163 4464 haec

1804 4490 2002 4546 omnia
2026 4488 2088 4542 in
2115 4487 2280 4542 unico
2297 4483 2646 4541 indivisibili
2665 4485 2904 4540 instanti
2921 4502 3162 4544 concur-

1806 4572 1956 4634 rant,
1990 4566 2153 4638 prius
2175 4565 2563 4621 nihilominus
2583 4569 2686 4629 est,
2719 4563 2866 4635 quod
2893 4568 3164 4624 contritio

1805 4647 2070 4705 eliciatur
2092 4662 2124 4701 a
2151 4644 2357 4719 gratia,
2381 4649 2439 4700 et
2465 4643 2534 4699 ad
2562 4659 2688 4700 eam
2719 4644 2949 4718 physice
2969 4644 3163 4718 dispo-

1804 4731 1923 4792 nat,
1975 4740 2147 4798 quam
2197 4722 2345 4796 quod
2390 4723 2465 4778 sit
2506 4739 2637 4795 pars
2688 4724 3064 4790 Sacramenti,
3108 4731 3165 4783 et

1805 4809 2053 4886 gratiam
2082 4806 2461 4863 intensiorem
2490 4803 2711 4861 efficiat.
2739 4803 2905 4861 Unde
2932 4805 3163 4864 tandem

1805 4890 1890 4958 fit,
1945 4887 2094 4962 quod
2147 4888 2278 4943 licet
2327 4887 2760 4942 Sacramentum
2817 4885 3165 4957 poenitentiae

1807 4987 1936 5028 cum
1961 4969 2082 5025 sola
2104 4966 2397 5023 attritione
2418 4968 2612 5040 (quam
2635 4965 2866 5039 praecise
2887 4969 3165 5025 essentia-

1807 5054 1943 5111 liter
1978 5050 2250 5123 exposcit)
2271 5054 2461 5107 causet
2489 5048 2738 5124 primam
2765 5050 3014 5124 grat-iam
3043 5060 3169 5124 post
