3647 5753
533 288 633 343 122
1555 299 1648 353 DE
1684 298 1953 354 GRATIA
1993 298 2332 353 EFFICACI.

329 467 492 509 caram.
524 477 681 534 aeque
726 465 933 537 quippe
953 483 1011 523 se
1048 469 1364 526 extendunt
1404 470 1503 527 Dei
1544 468 1799 544 libertas,
1825 473 1881 526 et

524 545 723 599 virtus.
755 545 908 601 Hanc
956 546 1288 604 instantiam
1319 550 1608 622 proposuit
1628 552 1881 606 Joannes

521 626 818 681 caramuel
848 627 908 682 in
939 627 1244 704 Theologia
1268 629 1644 688 Fundament.
1670 648 1791 703 cap.
1827 630 1872 695 l,

518 723 667 760 num.
695 707 784 762 2¹3.
819 707 907 762 liis
935 707 1125 765 verbis
1150 731 1163 766 ε
1195 734 1218 761 α
1240 712 1371 767 Duae
1389 710 1878 768 circumferuntur

521 808 544 837 α
586 787 913 853 sementim,
944 788 1123 845 altera
1148 806 1272 862 quae
1305 790 1463 848 docet
1509 807 1736 847 causam
1783 805 1877 846 sc-

521 889 544 918 «
587 867 830 925 cundum
859 868 1234 928 determinari
1258 890 1289 928 a
1312 874 1528 945 prima3
1553 874 1732 929 altera
1752 887 1877 945 quae

521 969 545 999 α
590 950 840 1020 primam
868 966 900 1005 a
922 951 1168 1008 secunda
1195 972 1210 1008 ε
1238 961 1293 1009 et
1315 952 1383 1009 ad
1429 954 1577 1011 hanc
1605 951 1876 1008 videntur

523 1049 544 1078 a
584 1035 837 1100 spectare
864 1038 1310 1105 propugnatores
1355 1034 1606 1090 scientiae
1646 1031 1869 1090 mediae.

520 1132 544 1161 <‹
591 1111 737 1184 Ergo
763 1112 989 1183 quando
1033 1129 1198 1170 causa
1236 1114 1484 1173 secunda
1526 1114 1875 1173 determinat

520 1213 545 1243 <t
588 1192 858 1262 primam.
889 1196 975 1250 iel
1006 1195 1153 1251 tollit
1182 1196 1383 1267 primae
1406 1196 1748 1261 libertatem,
1785 1194 1874 1250 vel

519 1293 543 1324 ι(
588 1288 704 1328 ηοιι
737 1275 932 1331 tollit?
954 1279 1022 1331 At
1051 1275 1192 1333 illud
1219 1278 1378 1349 prius
1393 1278 1506 1335 dici
1528 1294 1643 1335 non
1656 1282 1872 1351 potest:

516 1373 539 1404 α
581 1368 716 1426 ergo
751 1352 914 1411 debet
951 1354 1062 1413 dici
1090 1358 1192 1415 hoc
1229 1359 1523 1431 posterius.
1579 1361 1726 1414 Tum
1766 1356 1868 1413 sic.

515 1455 539 1485 c<
586 1435 691 1490 Per
715 1449 814 1491 vos
833 1451 998 1494 causa
1025 1437 1270 1494 secunda
1287 1438 1873 1511 potestdeterminare

515 1536 540 1566 «
583 1515 851 1587 primam,
903 1517 1082 1576 illaesa
1128 1519 1392 1577 libertate
1446 1520 1648 1593 primae
1694 1533 1873 1592 :ergo

515 1617 539 1647 (ι
585 1596 772 1666 prima
826 1599 1030 1669 poterit
1091 1599 1481 1657 determinare
1534 1599 1865 1667 secundam,

515 1697 539 1727 α
583 1675 764 1731 illaesa
788 1676 1047 1735 libertate
1064 1679 1348 1737 secundae.
1383 1682 1579 1736 Patres
1611 1696 1747 1752 ergo
1772 1680 1870 1736 Je-

513 1779 538 1810 «
580 1758 758 1823 sunm,
788 1775 916 1815 curn
947 1762 1332 1818 voluntsuam
1372 1762 1705 1835 opinionem
1735 1777 1870 1817 sua-

512 1864 536 1893 «
577 1840 730 1899 dere.
779 1842 1123 1898 sententiam
1164 1844 1590 1901 Thomistarum
1646 1860 1872 1917 persua·

511 1943 535 1973 α
572 1920 726 1984 dent,
775 1927 829 1978 et
868 1922 1081 1994 seipsos
1104 1923 1492 1996 impugnant:
1542 1923 1668 1981 ideo
1707 1924 1867 1981 enim

511 2025 535 2055 a
579 2010 789 2077 negant
815 2005 990 2067 Deum
1017 2020 1210 2061 causas
1265 2004 1540 2063 secundas
1589 2005 1870 2063 determi-

510 2105 533 2136 α
579 2099 718 2139 nare
739 2126 751 2149 ,
771 2085 903 2157 qnia
929 2084 1332 2144 determinatio
1358 2086 1603 2145 libertati
1622 2088 1870 2162 opponi-

509 2187 534 2219 α
577 2170 691 2222 tur.
726 2189 749 2217 ν)

291 2246 494 2340 ΔΥᾱίἔξῃι-ῗῧ-
591 2242 709 2297 182.
753 2242 910 2299 Dices
936 2259 1056 2301 esse
1076 2242 1363 2316 disparem
1394 2245 1674 2301 rationem
1697 2269 1709 2311 ;
1734 2260 1869 2317 quo·

307 2353 474 2402 respon-
509 2320 667 2377 niam
698 2322 824 2378 licet
848 2339 919 2379 ex
967 2323 1376 2397 suppositione,
1400 2324 1550 2397 quod
1601 2330 1868 2381 creatura

344 2404 422 2437 ⁵¹⁰·
509 2403 646 2457 velit
669 2419 1027 2474 concurrere,
1059 2409 1206 2461 Deus
1235 2411 1476 2478 nequeat
1518 2405 1867 2478 suspendere

503 2498 670 2539 suum
692 2500 1058 2545 concursum:
1090 2487 1473 2542 nihilominus
1497 2488 1868 2560 potestimpe-

504 2560 647 2629 dire,
707 2580 778 2620 ne
829 2566 970 2621 velit
993 2584 1005 2617 :
1028 2572 1194 2639 atque
1240 2565 1368 2622 ideo
1407 2567 1509 2624 illa
1552 2567 1868 2640 suppositio

505 2657 620 2698 non
642 2646 726 2698 est
775 2645 1113 2717 simpliciter
1141 2645 1494 2713 antecedenS,
1519 2646 1616 2704 sed
1665 2662 1866 2703 conse-

501 2723 695 2794 quitur
723 2725 1075 2781 voluntatem
1117 2725 1214 2783 Dei
1242 2742 1363 2783 sese
1388 2727 1866 2784 accommodantis

502 2802 968 2862 determinationi
981 2813 1269 2864 creaturzn.
1284 2810 1562 2865 Caeterum
1578 2809 1794 2865 auxiliu
1807 2825 1864 2864 m

500 2902 571 2942 ex
596 2880 656 2942 s'e
675 2885 868 2942 efficax
892 2902 992 2943 nec
1020 2888 1289 2960 impediri
1313 2895 1491 2963 potest
1517 2906 1549 2946 a
1570 2892 1866 2950 voluntate

502 2971 706 3031 creata,
742 2982 843 3023 nec
882 2966 1118 3032 auferri,
1152 2984 1255 3025 nec
1277 2970 1545 3044 conjungi
1586 2987 1713 3027 cum
1742 2972 1864 3029 dis-

499 3062 699 3113 sensu;
724 3063 785 3103 ac
810 3047 1048 3119 proinde
1076 3049 1223 3105 tollit
1249 3050 1589 3124 simpliciter
1617 3058 1864 3125 potesta-

502 3133 616 3185 tem
644 3126 714 3184 ad
735 3128 1074 3201 oppositum.

575 3208 680 3265 Sed
708 3216 905 3265 contra
919 3216 1025 3277 est,
1048 3210 1321 3284 quoniam
1351 3214 1495 3268 Deus
1524 3215 1718 3287 nequit
1745 3216 1864 3272 mi-

501 3288 700 3362 pediri,
728 3306 799 3347 ne
843 3296 1103 3350 creatura
1148 3292 1287 3350 velit
1323 3308 1690 3361 concurrere,
1746 3297 1861 3354 nisi

499 3369 893 3442 suspendendo
907 3387 1074 3428 suum
1088 3387 1422 3429 concursum
1449 3374 1861 3433 simultaneum

498 3450 767 3522 (praevius
805 3450 962 3506 enim
1012 3467 1127 3507 non
1173 3451 1496 3509 admittitur
1541 3453 1612 3510 ab
1637 3455 1862 3514 Adver-

496 3528 704 3599 sariis),
730 3528 827 3585 sed
853 3531 997 3586 Deus
1020 3545 1136 3587 non
1160 3530 1373 3602 praebet
1411 3547 1749 3591 concursum
1776 3537 1860 3592 si-

496 3610 873 3674 multaneum,
907 3614 967 3664 ut
1005 3615 1266 3667 creatura
1292 3613 1431 3669 velit
1477 3628 1817 3674 concurrere
1846 3638 1858 3673 :

495 3704 628 3763 ergo
650 3689 845 3761 nequit
868 3705 967 3762 per
991 3691 1424 3762 suspensionem
1438 3692 1528 3748 sui
1554 3709 1862 3752 concursus

498 3768 795 3842 impedire,
828 3785 900 3826 ne
925 3775 1184 3826 creatura
1212 3772 1349 3828 velit
1369 3788 1728 3832 concurrere.
1757 3778 1862 3832 Pa·

495 3857 570 3904 tet
588 3850 1006 3922 consequentia,
1037 3850 1168 3923 quia
1197 3852 1341 3909 actio
1370 3853 1565 3925 nequit
1587 3854 1858 3927 impediri

498 3946 593 4002 per
618 3929 1071 4003 suspensionem
1092 3931 1213 4005 ejus
1264 3947 1587 4001 concursus,
1636 3935 1734 4006 qui
1788 3935 1858 3992 ad

493 4027 620 4068 eam
645 4029 759 4069 non
790 4012 1103 4084 requiritur
1137 4034 1150 4068 ε
1181 4029 1314 4087 ergo
1336 4015 1385 4069 si
1419 4015 1563 4070 Deus
1587 4031 1702 4072 non
1729 4031 1859 4072 con-

492 4094 672 4149 currit
710 4094 1070 4159 simultanee,
1132 4100 1191 4148 ut
1239 4100 1498 4151 creatura
1543 4088 1704 4163 velit,
1757 4112 1858 4170 per

492 4175 922 4249 suspensionem
976 4190 1282 4230 concursus
1343 4175 1674 4234 simultanei
1740 4194 1856 4236 non

313 3223 489 3269 iterem·

340 3278 417 3316 tur.

495 4256 805 4329 impeditur
831 4262 1110 4320 creatura,
1144 4261 1205 4311 ut
1239 4257 1398 4314 velit.
1429 4258 1620 4315 Minor
1665 4265 1855 4318 autem

493 4337 764 4409 probatur
798 4359 812 4393 ε
842 4344 964 4392 tum
1003 4337 1137 4410 quia
1180 4353 1486 4394 concursus
1528 4340 1850 4413 requisitus,

493 4426 553 4473 ut
591 4426 851 4476 creatura
880 4418 1018 4476 velit
1044 4434 1401 4487 concurrere,
1449 4421 1728 4478 antecedit
1752 4422 1856 4480 de-

491 4502 958 4558 terminationem
993 4511 1268 4558 creaturae
1292 4518 1403 4575 qua
1441 4503 1568 4558 vult
1610 4519 1853 4562 concur-

491 4581 764 4638 rerezsed
814 4598 1119 4639 concursus
1169 4582 1553 4639 simultaneus
1604 4583 1704 4640 Dei
1734 4600 1851 4643 non

487 4663 766 4720 antecedit
792 4663 1332 4722 determinationem
1380 4669 1671 4732 creaturae,
1707 4667 1853 4724 alias

488 4760 603 4802 non
630 4750 775 4802 esset
814 4744 1210 4810 simultaneus,
1260 4743 1356 4801 sed
1404 4745 1650 4817 praevius
1679 4762 1853 4821 :ergo

488 4841 603 4882 non
650 4825 966 4898 requiritur
1010 4840 1320 4882 concursus
1363 4824 1763 4892 simultaneus,
1796 4844 1835 4884 u

483 4913 745 4964 creatura
769 4907 907 4963 velit
927 4922 1286 4964 concurrere.
1317 4907 1466 4964 Tum
1490 4908 1686 4975 etiam,
1716 4909 1852 4982 quia

2012 466 2070 523 id
2093 467 2241 539 quod
2271 470 2627 541 promittitur
2651 468 2757 525 sub
2778 468 3123 534 conditione,
3157 482 3269 522 non
3291 481 3373 520 re-

2009 550 2265 622 quiritur
2317 550 2387 607 ad
2432 552 2616 624 ipsam
2643 550 3053 614 conditionem,
3082 564 3185 604 nec
3224 549 3286 603 in
3306 563 3371 602 ea

2010 631 2387 704 implicatur;
2444 625 2751 688 ridiculum
2792 632 3003 705 quippe
3053 636 3199 688 esset
3239 646 3370 702 pro-

2010 709 2238 767 mittere
2256 728 2398 769 caeco
2439 712 2647 777 visum,
2679 713 2727 768 si
2757 710 2986 775 viderit,
3018 727 3148 767 cum
3178 708 3373 767 videre

2011 805 2125 846 non
2156 794 2330 863 possit
2362 794 2489 849 sine
2510 793 2637 848 visu
2675 791 2809 848 :sed
2838 796 2983 848 Deus
3024 791 3191 848 offert
3213 807 3371 848 crea-

2009 876 2151 929 turae
2177 888 2515 929 concursum
2563 874 2978 928 simultaneum
3009 871 3079 928 ad
3115 877 3269 928 actus
3297 873 3373 928 li-

2010 950 2173 1009 beros
2193 952 2299 1008 sub
2320 953 2663 1018 conditione,
2695 954 2743 1010 si
2774 954 2895 1025 ipsa
2922 953 3167 1010 voluerit
3190 952 3259 1009 ad
3280 969 3375 1009 eos

2008 1046 2346 1088 concurrere
2377 1056 2390 1098 ;
2422 1039 2478 1088 et
2518 1032 2645 1090 ideo
2671 1031 3003 1090 Adversarii
3044 1032 3373 1089 communi-

2008 1115 2093 1167 ter
2119 1110 2341 1178 docent,
2362 1113 2539 1168 Deum
2569 1128 2686 1169 non
2714 1111 3022 1170 decernere
3044 1112 3300 1170 absolute
3312 1129 3377 1169 se

2005 1208 2346 1271 concurrere
2376 1192 2446 1249 ad
2493 1199 2648 1250 actus
2691 1194 2901 1252 liberos
2939 1199 3245 1266 creaturae;
3274 1193 3373 1250 sed

2008 1276 2229 1329 tantum
2253 1273 2464 1330 habere
2484 1272 2707 1331 decreta
2731 1274 3138 1337 indifferentia,
3169 1278 3226 1330 et
3244 1289 3375 1331 con-

2005 1351 2284 1410 ditionata
2301 1370 2426 1427 quae
2445 1352 2551 1409 sub
2566 1354 2670 1411 hac
2683 1353 2873 1412 forma
2892 1355 3076 1411 solent
3096 1353 3366 1425 exprimi:

2007 1433 2352 1492 Concurram
2379 1454 2503 1491 cum
2532 1435 2693 1493 Petro
2718 1437 2792 1491 ad
2817 1453 3156 1502 concursum,
3188 1439 3240 1490 si
3263 1437 3375 1508 ipse

2005 1535 2325 1573 concurrere
2358 1520 2590 1575 voluerit
2617 1533 2791 1591 :ergo
2837 1533 3145 1574 concursus
3173 1518 3376 1573 simul-

2006 1601 2210 1653 taneus
2233 1613 2349 1654 non
2367 1597 2697 1670 requiritur,
2720 1602 2780 1652 ut
2801 1602 3064 1655 creatura
3080 1597 3218 1653 velit
3232 1613 3375 1654 con-

2004 1692 2253 1734 currere.
2284 1678 2429 1733 Tum
2460 1678 2723 1750 denique,
2756 1676 2893 1748 quia
2935 1692 3243 1734 concursus
3272 1678 3372 1734 Dei

2007 1772 2123 1813 non
2147 1757 2461 1828 requiritur
2490 1758 2602 1812 nisi
2627 1756 2696 1813 ad
2718 1756 2980 1813 effectum
3002 1772 3172 1831 quem
3202 1773 3370 1829 praes-

2002 1840 2081 1891 tat
2107 1855 2119 1891 :
2142 1835 2239 1892 sed
2263 1838 2406 1893 Deus
2449 1853 2549 1909 per
2573 1852 2910 1894 concursum
2957 1836 3370 1893 simultaneum

2004 1931 2121 1972 non
2138 1921 2382 1988 praestat,
2405 1924 2463 1972 ut
2483 1923 2744 1974 creatura
2769 1917 2907 1973 velit
2924 1940 2937 1983 ;
2962 1915 3059 1973 sed
3078 1916 3268 1973 solum
3289 1922 3369 1972 at·

2003 1998 2171 2072 tingit
2192 1998 2522 2056 immediate
2549 1999 2904 2064 volitionem,
2929 2013 3056 2070 quae
3104 1998 3249 2054 alias
3284 2005 3369 2055 est

2002 2094 2035 2134 a
2054 2085 2332 2144 creatura.
2359 2095 2427 2136 eo
2451 2079 2600 2153 quod
2628 2095 2936 2137 concursus
2985 2080 3370 2137 simultaneus

2003 2174 2119 2214 non
2165 2159 2394 2231 respicit
2443 2176 2694 2224 causam,
2736 2157 2842 2218 sed
2883 2158 3146 2215 effectum
3190 2174 3372 2234 :ergo

1998 2255 2303 2296 concursus
2330 2240 2428 2296 Dei
2455 2241 2835 2296 simultaneus
2874 2254 2992 2295 non
3022 2239 3362 2312 requiritur,

2002 2325 2062 2375 ut
2088 2325 2346 2377 creatura
2364 2320 2502 2377 velit
2524 2335 2885 2376 concurrere.

2074 2402 2157 2457 Ex
2178 2400 2381 2473 quibus
2406 2402 2587 2457 elucet
2609 2399 2767 2457 aliud
2796 2399 3079 2456 motivum
3110 2398 3180 2455 ad
3209 2415 3368 2456 asse-

2001 2479 2245 2536 rendum
2273 2480 2556 2536 auxilium
2575 2491 2646 2536 ex
2685 2495 2746 2536 se
2796 2478 2991 2537 efficax
3040 2479 3320 2551 praevium
3353 2502 3366 2535 :

2000 2576 2135 2616 nam
2160 2561 2210 2616 si
2231 2559 2537 2633 suppositis
2564 2560 2800 2617 auxiliis
2825 2558 3240 2615 sufficientibus
3265 2575 3370 2631 po-

1999 2645 2102 2696 test
2123 2646 2379 2696 creatura
2399 2656 2459 2696 se
2485 2639 2894 2706 determinare,
2915 2644 2976 2694 ut
3000 2640 3158 2706 velit,
3185 2646 3240 2696 et
3263 2639 3368 2696 hoc

2000 2725 2156 2791 pacto
2182 2718 2528 2776 determinat
2555 2717 3007 2775 indifferentiam
3054 2710 3367 2775 concursus

1996 2802 2327 2859 simultanei
2356 2801 2466 2858 sibi
2494 2802 2690 2868 oblati,
2738 2803 2998 2875 sequitur
3024 2802 3172 2875 qnod
3219 2802 3367 2860 facta

1998 2881 2101 2938 illa
2126 2884 2533 2957 suppositione,
2564 2882 2712 2956 quod
2752 2884 3017 2940 voluntas
3057 2883 3121 2939 in
3170 2899 3368 2940 rerum

1999 2969 2204 3021 natura
2225 2966 2447 3031 existat,
2495 2971 2551 3022 et
2579 2964 2786 3022 habeat
2836 2966 3034 3022 omnia
3083 2965 3371 3038 principia

1998 3047 2269 3121 requisita
2289 3047 2359 3103 ad
2382 3053 2567 3104 actum
2597 3049 2849 3122 primum
2889 3047 3239 3120 proximum,
3261 3063 3372 3105 ne-

1995 3135 2162 3202 queat
2194 3131 2337 3186 Deus
2388 3129 2688 3202 impedire,
2741 3145 2814 3185 ne
2864 3128 3022 3185 velit.
3078 3126 3237 3194 Quod
3281 3134 3371 3185 est

1994 3216 2193 3267 contra
2241 3227 2608 3269 communem
2663 3211 3082 3284 Theologorum
3128 3214 3368 3267 senten-

1996 3290 2135 3347 tiam
2158 3292 2555 3357 asserentium,
2584 3308 2744 3364 posse
2769 3294 2947 3348 Deum
2972 3288 3255 3363 impedire
3275 3307 3365 3349 ac·

1996 3369 2179 3428 tiones
2203 3370 2503 3444 cujuslibet
2523 3386 2704 3427 causae
2722 3369 3038 3427 existentis.
3620 3432 3621 3435 Ἴ

2077 3452 2199 3509 183.
2249 3451 2427 3508 Tertio
2449 3452 2643 3507 minor
2670 3467 2843 3525 supra
2883 3449 3065 3523 posita
3105 3450 3366 3507 ostendi·
3403 3472 3539 3515 Tertia
3620 3474 3621 3493 1

1995 3536 2087 3586 tur
2121 3552 2134 3587 ε
2163 3531 2435 3604 quoniam
2477 3531 2759 3606 judicium
2810 3529 3049 3597 dictans,
3075 3536 3131 3586 et
3175 3520 3561 3605 impe-⁰³¹¹Sdeffl

3380 3571 3565 3615 veritatis
3620 3616 3621 3625 ἵ

1996 3628 2129 3668 rans
2157 3612 2407 3684 primam
2428 3612 2767 3669 volitionem
2797 3610 3063 3674 liberam,
3094 3615 3179 3666 est
3203 3627 3363 3683 quae-
3376 3620 3561 3673 probatio

1992 3691 2124 3749 dam
2147 3692 2459 3765 suppositio
2509 3691 2863 3757 antecedens,
2888 3706 3059 3764 quam
3094 3670 3573 3778 voluntasssffiffll

1993 3772 2188 3846 nequit
2204 3771 2501 3845 impedire,
2520 3787 2621 3828 nec
2636 3772 2881 3837 auferre,
2898 3786 2999 3826 nec
3011 3771 3362 3846 conjungere
3374 3780 3430 3813 ⁰¹¹
3453 3779 3578 3820 ΜΝ·
3620 3806 3621 3821 1

3372 3818 3563 3861 raniisti-
3620 3862 3621 3867 ,

1990 3870 2120 3910 cum
2140 3853 2395 3926 opposito
2419 3854 2560 3927 ejus,
2583 3852 2729 3925 quod
2753 3852 2898 3908 illud
2920 3849 3201 3924 judicium
3230 3851 3359 3908 dic·
3400 3868 3539 3926 heram

1990 3939 2088 3999 tat,
2118 3939 2174 3990 et
2225 3934 2471 4006 imperat
2506 3954 2519 3988 ε
2553 3939 2610 3990 et
2654 3933 3038 3989 nihilominus
3084 3932 3359 3989 voluntas
3388 3917 3553 4010 *2239*

1992 4021 2172 4087 potest
2206 4020 2338 4071 tunc
2358 4014 2611 4071 absolute
2650 4014 2857 4070 elicere
2883 4012 3221 4069 exercitium
3249 4029 3360 4085 op-

1991 4098 2237 4171 positum
2271 4113 2440 4171 :ergo
2467 4095 2779 4169 suppositio
2800 4093 3155 4162 antecedens,
3181 4111 3360 4167 quam

1990 4178 2255 4234 voluntas
2307 4171 2500 4249 nequit
2542 4176 2795 4241 auferre,
2849 4191 2952 4232 nec
2985 4192 3116 4231 cum
3166 4175 3365 4249 aliquo

1987 4259 2246 4314 extremo
2289 4272 2647 4329 componere,
2698 4271 2816 4311 non
2869 4254 3058 4311 aufert
3105 4253 3366 4315 absolute

1989 4343 2320 4411 potestatem
2345 4336 2412 4393 ad
2436 4336 2780 4409 oppositum.
2806 4336 2991 4408 Major
3018 4333 3203 4407 quoad
3228 4336 3365 4393 sin-

1985 4420 2147 4494 gulas
2192 4425 2378 4492 partes
2424 4417 2695 4491 probatur
2733 4433 2803 4473 ex
2851 4415 3158 4488 principiis
3216 4417 3364 4475 satis

1985 4500 2386 4557 communibus
2438 4497 2586 4571 apud
2641 4497 3052 4569 l’hilosophos;
3104 4511 3241 4553 nam
3292 4499 3361 4555 in

1988 4584 2193 4655 primis
2221 4586 2486 4651 uoluntas
2507 4586 2591 4637 est
2643 4581 2897 4652 potentia
2923 4594 3061 4636 caeca
3113 4594 3363 4652 sequens

1984 4662 2217 4720 ductum
2258 4661 2598 4726 intellectus,
2639 4662 2800 4734 juxta
2854 4658 2999 4716 illud
3050 4675 3364 4719 commune

1985 4745 2215 4802 axioma
2240 4766 2253 4801 ε
2279 4743 2445 4801 Nihil
2490 4743 2741 4810 volitum,
2772 4745 2908 4821 quin
2930 4745 3362 4817 praemittam,-

1982 4842 2117 4900 ergo
2157 4823 2556 4883 antecedenter
2602 4822 2671 4881 ad
2716 4825 2968 4897 primam
3014 4823 3361 4882 volitionem

1983 4904 2230 4963 liberam
2251 4902 2417 4962 debet
2436 4903 2684 4976 supponi
2702 4903 2931 4978 aliquod
2964 4899 3244 4977 judicium
3273 4902 3359 4958 il-

3227 4985 3352 5043 lam
